3932 6304
118 397 225 456 641

1329 396 1395 455 C.
1441 397 1497 458 J.
1547 396 1867 458 ilEFEI."
1912 395 2364 458 PREFATIO.

3417 403 3536 462 643

115 535 316 590 Tat'elii
351 533 430 590 de
455 535 548 589 via
578 534 824 606 Egnatia
853 532 1304 589 dissertationes
1325 549 1533 589 novam
1555 533 1639 587 rei
1663 549 1775 587 no-
1807 542 1856 601 Α
1890 535 2092 590 Exstat
2121 539 2318 590 autem
2352 537 2648 606 posterior
2665 536 2771 592 illa
2793 536 3066 592 Aciorum
3093 553 3249 608 pars,
3272 553 3305 590 a
3329 538 3540 593 Grabio

119 632 250 680 διε-ω
282 625 485 680 lucem
518 623 887 689 attulerunt;
921 640 1069 695 quas
1107 623 1206 695 qui
1257 623 1592 695 perlegerit,
1649 627 1778 677 tan-

119 720 238 769 tum
270 715 465 780 abest,
485 719 554 769 ut
573 714 749 781 viam,
783 729 899 784 qua
915 714 971 768 S.
996 717 1223 784 martyr
1242 712 1456 768 ductus
1481 727 1610 768 esse
1641 729 1778 767 nar-

120 809 299 870 ratur,
333 807 740 858 monstrosam
775 807 985 874 putare
1016 804 1224 874 possit,
1256 807 1322 858 ut
1351 801 1509 857 clare
1540 801 1780 874 perspi-

120 893 252 960 ciat,
284 910 410 948 non
450 891 566 947 nisi
623 892 847 964 vulgari
890 895 1292 948 Romanorum
1346 891 1438 945 via
1486 891 1780 962 Ignatium

120 999 239 1037 esse
267 1000 452 1038 usum
483 983 627 1055 (91).

182 1070 239 1141 b)
275 1073 564 1126 Actorum
590 1075 900 1126 auctorem
932 1070 1033 1126 diu
1065 1075 1201 1142 post
1252 1069 1462 1142 Ignatii
1513 1073 1782 1140 tempora

121 1160 352 1226 vixisse,
388 1159 647 1215 Dallaaus
678 1177 708 1215 e
739 1159 1114 1214 sermonibus
1146 1159 1425 1230 conjecit,
1463 1175 1612 1228 quos
1644 1173 1780 1212 cum

129 1248 379 1321 Trajano
414 1265 450 1303 a
507 1255 770 1321 martyre
827 1249 1060 1304 habitos
1116 1250 1259 1303 Acta
1315 1252 1518 1303 nostra
1565 1251 1782 1318 prmter

127 1355 359 1394 omnem
395 1340 519 1393 veri
551 1355 619 1394 ac
651 1339 849 1394 decori
884 1338 1144 1410 speciem
1186 1338 1428 1393 finxisse
1472 1341 1641 1410 putat
1693 1335 1781 1390 vir

131 1426 227 1483 ille
256 1428 528 1483 criticus.
571 1428 635 1482 Ei
682 1428 814 1499 jam
868 1428 1226 1483 Pearsonius
1285 1427 1394 1497 (92)
1447 1424 1777 1497 respondit,

129 1533 395 1572 sermones
425 1517 574 1574 istos
597 1522 754 1572 certe
779 1533 972 1588 neque
1001 1516 1142 1585 veri,
1168 1532 1362 1587 neque
1393 1516 1578 1571 decori
1599 1514 1781 1569 ratio-

127 1622 226 1660 nes
256 1605 501 1662 turbare
530 1606 920 1662 contendens.
955 1605 1084 1661 Una
1116 1609 1344 1660 tantum
1378 1621 1484 1659 vox
1522 1598 1779 1657 κακοδαί-

132 1715 240 1765 μων
271 1696 346 1767 (c.
381 1695 460 1767 2),
494 1711 530 1750 a
558 1696 808 1768 Trajano
839 1700 1144 1766 usurpata,
1179 1693 1500 1766 objectioni
1543 1692 1630 1746 illi
1680 1707 1777 1747 oc-

128 1784 424 1840 casionem
451 1783 778 1857 praebuisse
791 1783 1226 1856 videtur,quam
1246 1801 1422 1838 nemo
1438 1783 1655 1837 dixerit
1675 1783 1780 1836 im-

132 1874 388 1946 pevatori
420 1874 674 1930 minime
702 1874 1040 1942 convenire,
1074 1874 1174 1944 qui
1209 1889 1339 1928 eam
1358 1878 1518 1927 recte
1549 1871 1780 1925 intelle-

132 1963 293 2018 xerit.
327 1964 440 2029 Qui
474 1963 638 2019 enim
671 1964 851 2033 novit,
886 1962 1030 2034 quid
1063 1958 1526 2032 εἱῐκακοδαίμων,
1560 1966 1618 2015 et
1637 1977 1778 2032 quo-

133 2051 300 2108 modo
330 2053 709 2109 Christianos
739 2053 799 2108 in
823 2051 1051 2124 judicio
1084 2051 1442 2124 compellare
1468 2049 1624 2106 soliti
1646 2051 1774 2105 fue-

126 2141 240 2196 rint
267 2142 520 2210 ethnici,
547 2141 719 2198 facile
753 2143 990 2210 sentiet,
1024 2146 1082 2196 et
1111 2157 1312 2196 verum
1344 2141 1455 2195 hoc
1486 2144 1540 2195 et
1600 2139 1795 2203 deco-,

132 2246 252 2285 rum
283 2248 434 2287 esse.
483 2233 586 2286 Est
643 2236 843 2286 autem
899 2226 1270 2301 κακοδαίμων,
1331 2236 1398 2286 ut
1446 2247 1518 2285 ex
1573 2228 1776 2284 multis

138 2321 415 2392 exemplis
445 2320 808 2377 Pearsonius
838 2320 1059 2388 docuit,
1083 2320 1170 2375 nil
1191 2319 1352 2375 aliud
1375 2335 1553 2390 quam
1576 2317 1778 2388 infelix

136 2408 300 2465 homo
331 2413 466 2484 (93).

203 2503 499 2557 Prmterea
528 2499 919 2569 monendum,
950 2514 1258 2555 sermones
1288 2499 1497 2570 Ignatii
1529 2504 1589 2554 et
1634 2499 1772 2553 Tra-

135 2588 255 2661 jani
285 2606 319 2645 a
346 2591 640 2663 scriptore
678 2591 960 2646 Actorum
988 2606 1102 2645 non
1133 2590 1207 2645 ad
1257 2589 1484 2645 verbum
1533 2588 1775 2656 relatos,

136 2684 553 2754 auctoremque
586 2687 856 2737 nostrum
889 2680 1096 2737 eadem
1127 2680 1370 2736 licentia
1399 2695 1572 2736 usum
1621 2696 1775 2747 esse,

140 2783 303 2838 quam
328 2771 580 2827 omnino
603 2770 873 2826 historici
901 2770 964 2825 in
994 2769 1344 2826 enarrandis
1365 2769 1620 2826 aliorum
1645 2786 1776 2824 ser-

143 2861 405 2918 monibus
436 2861 555 2918 sibi
582 2861 984 2918 vindicabant.
1014 2861 1181 2927 Quod
1219 2861 1269 2916 si
1319 2877 1368 2915 e.
1418 2878 1473 2930 g.
1523 2860 1714 2932 capite
1744 2862 1778 2913 2

139 2948 408 3022 Trajanus
436 2951 585 3008 deos
614 2951 927 3025 gentilium
979 2951 1244 3007 daemones
1287 2949 1568 3022 appellat,
1619 2954 1776 3004 certe

141 3040 480 3113 scriptorem
503 3042 904 3100 Christianum
923 3042 1118 3098 verbis
1138 3042 1487 3098 Christianis
1514 3046 1778 3098 mentem

140 3128 359 3203 Trajani
392 3133 742 3205 exposuisse
774 3131 947 3188 facile
979 3131 1323 3205 perspicies.

205 3221 621 3289 c)Authentiee
684 3226 1100 3296 argumentum
1139 3221 1279 3278 inde
1330 3237 1568 3293 quoque
1599 3220 1771 3276 nobis

1890 623 1951 677 in
1983 623 2231 678 dubium
2258 631 2481 690 vocata,
2508 627 2568 679 in
2602 625 2870 680 versione
2901 626 3124 680 codisis
3163 625 3448 691 Caiensis,
3483 629 3542 682 et

1891 711 2089 767 Grzeco
2121 713 2445 785 exemplari
2478 714 2820 769 Parisiensi.

1961 801 2018 869 b)
2051 802 2104 856 Si
2137 803 2416 858 Grabium
2451 804 2678 870 audias,
2722 809 2924 875 aperte
2973 803 3084 858 sibi
3138 804 3393 859 invicem
3446 821 3546 859 re-

1891 906 2154 962 pugnare
2187 891 2464 946 videntur
2493 893 2605 947 ista
2637 894 2813 948 verba
2845 910 2895 947 c.
2929 897 2981 960 7,
3015 909 3146 963 quae
3179 893 3238 948 in
3272 894 3539 948 versione

1889 985 2092 1034 nostra
2121 980 2202 1035 ita
2234 987 2479 1035 sonant:
2516 984 2723 1036 Horum
2752 997 2851 1036 nos
2880 983 2989 1052 ipsi
3017 988 3344 1051 spectatores
3372 986 3538 1052 facti,

1890 1084 2010 1122 cum
2065 1071 2128 1123 in
2177 1069 2432 1139 lacrymis
2491 1075 2663 1125 totam
2748 1075 2958 1126 noctem
3031 1074 3414 1141 eat-egissemus,
3487 1078 3539 1127 et

1888 1159 2115 1226 genibus
2142 1161 2302 1227 ﬂexis
2348 1159 2634 1230 multaque
2682 1161 2936 1214 oratione
2985 1162 3298 1229 Dominum,
3344 1168 3406 1215 ut
3444 1176 3542 1217 nos

1885 1249 2132 1316 inﬁrmos
2161 1248 2225 1302 de
2265 1248 2335 1302 iis
2390 1264 2508 1318 qaze
2565 1252 2722 1317 facta
2775 1252 3017 1317 fuerant,
3078 1256 3251 1304 certos
3307 1253 3540 1318 faceret,

1890 1353 2119 1392 essemus
2141 1340 2379 1407 precati,
2413 1343 2525 1392 etc.
2587 1339 2643 1390 Si
2687 1338 2845 1393 enim
2896 1338 3022 1392 tunc
3071 1338 3244 1406 facta,
3295 1339 3540 1394 Grabius

1887 1426 2102 1496 inquit,
2167 1427 2408 1499 ipsimet
2452 1433 2814 1499 spectatores
2862 1427 3046 1482 oculis
3093 1434 3540 1500 usurpaverant,

1891 1516 2033 1586 quid
2064 1533 2212 1588 opus
2271 1523 2418 1586 erat,
2480 1517 2822 1572 ulteriorem
2881 1517 2951 1571 de
3013 1518 3084 1572 iis
3124 1517 3540 1573 certitudinem

1891 1620 1926 1659 a
1954 1605 2071 1660 Deo
2098 1606 2446 1677 postulare?
2477 1639 2543 1647 —
2575 1606 2687 1663 Sed
2719 1607 2968 1662 Grabius
3001 1608 3266 1663 ercum
3313 1613 3541 1663 textum

1886 1694 2037 1749 male
2081 1695 2504 1766 interpretatus
2559 1697 2684 1752 huic
2743 1697 3000 1766 objecit;
3057 1694 3318 1750 αὐτόπται
3380 1697 3541 1752 enim

1887 1783 1971 1838 illi
2003 1802 2122 1840 non
2155 1785 2226 1840 de
2249 1793 2438 1841 morte
2472 1787 2696 1858 lgnatii,
2733 1786 2835 1841 sed
2867 1786 2938 1840 de
2979 1803 3047 1841 eo
3097 1788 3379 1842 certiores
3410 1787 3539 1840 fieri

1890 1873 2184 1943 volebant,
2209 1892 2353 1930 num
2375 1875 2726 1947 martyrium
2745 1876 2874 1947 ejus
2896 1875 3014 1930 Deo
3039 1880 3540 1946 esselacceptum,

1891 1970 1956 2021 ut
1977 1967 2104 2038 jam
2133 1967 2398 2023 Clericus
2425 1968 2659 2022 monuit
2687 1969 2824 2038 (96).

1957 2057 2009 2128 ο)
2040 2055 2276 2111 Falsum
2334 2073 2463 2112 esse
2513 2057 2821 2112 contendit
2873 2056 3142 2121 Grabius,
3205 2056 3363 2127 quod
3420 2074 3470 2112 c.
3507 2060 3539 2112 7

1884 2144 2144 2216 Ignatius
2175 2149 2447 2201 mortuus
2505 2145 2688 2201 fuisse
2739 2145 2970 2201 dicatur
3018 2145 3331 2200 consulibus
3386 2147 3538 2220 apud

1885 2238 2156 2291 Romanos
2184 2237 2383 2290 iterum
2412 2237 2555 2292 Sura
2585 2243 2636 2291 et
2665 2237 2979 2306 Senecione,
3028 2235 3067 2290 i.
3121 2252 3173 2289 e.
3220 2251 3376 2290 anno
3412 2239 3534 2290 107.

1886 2325 2131 2380 Grabius
2154 2324 2338 2394 enim,
2398 2330 2463 2380 ut
2517 2343 2695 2398 supra
2748 2325 3020 2389 vidimus,
3068 2341 3248 2380 unam
3307 2330 3537 2379 tantum

1884 2415 2011 2486 Traj
2021 2415 2118 2470 ani
2135 2415 2572 2487 expeditionem
2595 2415 2929 2471 Parthicam
2946 2415 3540 2482 admittens,mortem

1885 2504 1940 2560 S.
1969 2504 2247 2574 martyris
2273 2521 2430 2559 anno
2465 2507 2564 2558 116
2595 2505 2891 2578 ascripsit.
2931 2507 3046 2560 Nos
3096 2509 3302 2559 contra
3351 2505 3536 2558 tutius

1883 2594 2240 2663 putavimus,
2265 2594 2432 2648 alteri
2449 2593 2729 2649 accedere
2758 2595 3226 2665 sententizc,qua3
3241 2594 3532 2664 Ignatium

1885 2697 2044 2736 anno
2080 2685 2179 2737 107
2214 2700 2244 2737 θ
2277 2683 2420 2738 vivis
2443 2683 2772 2739 decessisse
2809 2689 3034 2739 censet.

1955 2770 2014 2841 d)
2046 2771 2310 2842 Objectio
2372 2771 2610 2840 Usserii,
2667 2772 2898 2828 detecto
2959 2771 3277 2844 exemplari
3332 2773 3532 2826 Grazco

1893 2859 2100 2932 diluta,
2126 2861 2255 2933 jam
2277 2877 2312 2917 a
2336 2861 2548 2917 Grabio
2570 2868 2655 2917 est
2681 2861 2921 2918 omissa.
2956 2862 3227 2917 Usserius
3250 2860 3309 2916 in
3333 2861 3533 2916 codice

1885 2950 2118 3007 Caiensi
2150 2950 2383 3024 legebat
2435 2951 2511 3023 (c.
2571 2952 2667 3024 4):
2715 2969 2820 3023 per
2875 2968 3266 3007 rnacsnanrss
3326 2951 3537 3006 litteras

1885 3041 2100 3110 gratias
2138 3058 2326 3112 agens,
2362 3043 2645 3112 appositas
2677 3042 2750 3098 ad
2774 3045 2941 3114 ipsas,
2975 3048 3086 3100 etc.
3120 3043 3269 3098 Hinc
3315 3043 3399 3096 vir
3433 3041 3541 3096 do-

1888 3129 2188 3186 ctissimus
2219 3131 2530 3201 conclusit,
2562 3135 2928 3204 postremam
2975 3133 3258 3188 Actorum
3308 3137 3537 3202 partem

1893 3219 1966 3274 ab
1997 3219 2102 3275 illo
2134 3220 2420 3292 scriptore
2451 3220 2654 3277 seaculi
2685 3221 2877 3293 quinti
2909 3236 3036 3278 esse
3059 3221 3412 3288 confectam,
3433 3220 3540 3291 qui

138 3281 443 3378 petendum
474 3309 732 3379 videtur,
752 3281 924 3383 quod
947 3312 1091 3366 Acta
1111 3311 1238 3366 hinc
1264 3281 1777 3384 pressa.simplici-
1807 3281 1849 3348 (ἶ
1887 3309 2087 3366 Graeca
2107 3281 2334 3366 Acta.in
2359 3310 2625 3367 Latinam
2647 3281 2988 3368 sermonem
3007 3281 3536 3378 transtulit,exvein-

141 3413 240 3466 que
269 3402 542 3457 oratione
577 3401 700 3456 sint
727 3401 1088 3472 conscripta,
1115 3405 1316 3473 atque.

204 3487 257 3556 d)
287 3491 434 3546 mire
476 3490 602 3546 illis
632 3490 1056 3563 respondeant,
1089 3507 1220 3562 qum
1254 3490 1326 3545 ab
1354 3490 1605 3546 Eusebio
1633 3495 1691 3545 et
1723 3490 1778 3545 S.

146 3574 356 3634 Joanne
386 3581 814 3651 Chrysostomo
857 3579 930 3634 de
994 3580 1274 3650 martyrio
1334 3581 1542 3651 lgnatii
1601 3579 1776 3639 doce-

149 3679 268 3721 mur
296 3670 424 3742 (94).

211 3755 258 3827 e)
275 3757 429 3814 Nihil
451 3757 713 3830 denique
741 3758 824 3813 ibi
843 3757 1081 3830 legitur,
1105 3774 1242 3813 cum
1270 3757 1506 3829 Trajani
1530 3757 1781 3813 historia

149 3857 398 3916 pugnans
429 3847 571 3919 (95).

209 3933 562 3992 Testimonia
581 3952 716 3992 vero
743 3939 1015 3992 Veterum
1041 3954 1145 4008 pro
1177 3937 1336 3992 Actis
1365 3937 1584 3992 nostris
1615 3953 1645 3992 e
1676 3954 1779 3992 sex

149 4021 335 4089 primis
347 4042 476 4082 term
490 4026 842 4083 Christianas
863 4027 1095 4082 sasculis
1109 4027 1359 4106 ipveniri
1375 4044 1494 4082 non
1507 4033 1776 4099 possunt.

210 4111 294 4166 ιν,
312 4114 680 4171 Postremam
702 4117 980 4170 Actorum
1003 4116 1212 4187 Ignatii
1235 4122 1463 4186 partem
1491 4118 1776 4188 spuriam,

151 4203 200 4251 et
224 4200 292 4255 ab
321 4203 747 4277 interpolatore
771 4203 1029 4275 quodam
1051 4209 1337 4273 assutam,
1357 4205 1624 4261 arbitrati
1644 4211 1783 4261 sunt

156 4286 423 4363 Usserius,
458 4293 712 4350 Grabius
743 4297 802 4348 et
826 4292 928 4348 alii
956 4307 972 4362 ;
1004 4293 1219 4366 causis,
1259 4299 1326 4350 ut
1354 4293 1499 4350 mihi
1529 4294 1779 4367 videtur,

155 4389 261 4431 non
294 4380 750 4439 sufficientibus.

215 4467 266 4539 a)
291 4470 659 4528 Postremam
688 4473 973 4528 Actorum
1003 4477 1236 4544 partem
1275 4473 1337 4528 in
1369 4474 1558 4530 altera
1579 4474 1781 4530 Latina

157 4557 403 4616 versione
423 4561 648 4618 codicis
678 4561 1018 4617 Cottoniani
1047 4561 1277 4632 deesse,
1319 4563 1566 4619 minime
1599 4579 1780 4636 nega-

1891 3398 2159 3470 plarique
2192 3417 2297 3455 suo
2329 3400 2597 3472 syllogen
2627 3401 3013 3473 epistolarum
3044 3400 3252 3473 Ignatii
3303 3416 3537 3472 praepo-

1893 3489 2010 3543 suit
2039 3507 2053 3555 ;
2089 3505 2267 3560 quam
2291 3491 2691 3560 praecedentem
2713 3489 3101 3562 epistolarum
3120 3488 3380 3562 syllogen
3407 3506 3539 3544 ver—

1890 3577 1982 3632 bis
2014 3578 2136 3633 illis
2158 3580 2526 3649 prwcedentes
2556 3581 2767 3635 litteras
2807 3580 3057 3636 indicari
3111 3580 3380 3635 Usserius
3433 3595 3540 3634 su-

1893 3668 2151 3737 spicatus
2183 3673 2292 3723 est.
2329 3669 2439 3724 Sed
2469 3670 2704 3726 Graeca:
2884 3665 2974 3723 διὰ
3027 3672 3135 3724 τῶν
3189 3666 3542 3746 ἡγουμένων,

1890 3757 2233 3832 γραμμάτων
2293 3755 2630 3831 εὖχαρίστων
2675 3755 3090 3834 ἐκπεμφθέντων
3140 3779 3192 3815 κ.
3245 3779 3296 3814 τ.
3352 3755 3408 3813 λ.
3460 3760 3542 3814 ila

1889 3847 2218 3902 reddantur
2247 3852 2517 3918 oportet:
2552 3854 2720 3918 utque
2749 3848 3020 3916 Ecclesiis,
3056 3864 3176 3918 qua:
3206 3849 3319 3918 ipsi
3339 3865 3444 3919 per
3464 3866 3544 3904 re-

1887 3941 2064 3992 ctores
2128 3933 2497 4010 (ἡγουμένων)
2580 3953 2704 3992 suos
2774 3945 3150 4005 occurrerant,
3237 3938 3541 3992 mercedem

1887 4027 2161 4092 redderet,
2193 4028 2405 4095 gratias
2434 4043 2598 4096 agens
2640 4026 2841 4081 litteris
2891 4023 3281 4099 (γραμμάτων)
3339 4025 3409 4080 ad
3451 4042 3540 4080 eas

1887 4118 2064 4171 missis
2092 4115 2254 4184 (Cod.
2289 4115 2548 4170 Caiensis
2580 4115 2732 4170 male
2767 4132 2780 4168 :
2817 4116 3095 4185 appositas
3125 4114 3199 4167 ad
3240 4114 3428 4183 ipsas).

1959 4206 2106 4260 Cum
2135 4221 2231 4259 res
2255 4205 2336 4259 ita
2359 4221 2421 4259 se
2445 4203 2678 4275 habeat,
2703 4202 3050 4275 objectioni,
3074 4203 3292 4257 Usserii
3312 4202 3538 4257 nullam

1889 4294 2006 4349 vim
2035 4294 2226 4351 inesse
2257 4293 2430 4349 facile
2463 4293 2810 4366 perspicies,
2843 4308 3037 4363 neque
3077 4291 3149 4347 de
3201 4291 3538 4365 integritate

1890 4387 2167 4439 Actorum
2200 4382 2520 4452 dubitabis,
2552 4383 2692 4438 licet
2723 4383 2970 4439 fortasse
2998 4381 3359 4454 paucissima
3380 4399 3542 4454 quas-

1890 4473 2050 4541 dam,
2080 4479 2182 4529 aut
2209 4473 2351 4528 vitio
2383 4472 2765 4529 librariorum
2803 4477 3102 4544 corrupta,
3132 4477 3235 4529 aut
3261 4473 3540 4528 manibus

1889 4562 2285 4635 posteriorum
2315 4563 2517 4620 addita
2544 4564 2680 4618 sint.

155 4656 292 4714 Inus,
321 4649 420 4704 sed
444 4651 608 4707 hunc
638 4649 904 4706 codicem
938 4650 1159 4706 nullius
1208 4652 1576 4708 auctoritatis
1625 4669 1776 4722 esse,
1803 4657 1851 4722 ι)
1962 4654 2026 4706 V.
2059 4653 2203 4708 Acta
2235 4654 2492 4726 Martyrii
2522 4653 2578 4708 S.
2612 4652 2824 4724 lgnatii
2853 4652 3215 4724 interpolata
3247 4670 3276 4708 e
3321 4653 3538 4708 smculo

158 4745 218 4786 ex
241 4734 329 4806 iis,
358 4755 486 4809 quin
521 4755 703 4812 supra
732 4740 759 4806 §
788 4739 813 4792 ῐ
843 4737 1126 4805 diximus,
1169 4739 1310 4795 satis
1356 4745 1637 4813 apparet;
1687 4743 1782 4798 lu-

157 4834 322 4892 ceque
351 4833 437 4882 est
464 4828 686 4885 clarius
716 4827 1106 4900 interpretem
1157 4828 1359 4894 istum,
1414 4831 1627 4902 lgnatii
1672 4830 1780 4886 ad-

157 4916 316 4968 ventu
340 4914 400 4971 in
428 4916 586 4973 Urbe
613 4922 874 4985 narrato,
907 4933 942 4972 a
969 4916 1227 4989 genuino
1257 4919 1536 4974 Actorum
1571 4935 1779 4976 exem-

163 4995 293 5065 plari
321 5005 391 5060 ad
426 5006 660 5063 fabulas
718 5006 1162 5078 interpolatoris
1217 5023 1346 5063 sese
1395 5010 1778 5067 convertisse.

349 5168 671 5246 Y_i_ce_in_fra_
693 5173 817 5226 not.
849 5170 884 5222 4
912 5169 987 5246 ad
1019 5186 1069 5225 c.
1103 5173 1134 5224 5
1166 5171 1423 5246 Martyrii
1458 5172 1511 5226 S.
1547 5173 1670 5246 Ign.

349 5238 616 5316 Ῡίηᾰίοίκ
645 5242 790 5316 lg_n.,
816 5245 984 5313 parte
1015 5259 1075 5312 ιι,
1110 5258 1161 5297 c.
1195 5244 1283 5311 l2,
1315 5233 1516 5316 supra.

225 5304 328 5378 (93)
356 5310 630 5370 Pearson.
646 5304 733 5383 ,'I.
767 5304 818 5367 ὁ.

1889 4741 2125 4797 circiter
2163 4748 2352 4812 sexto,
2406 4745 2602 4799 Graace
2651 4743 2830 4798 habet
2878 4743 3302 4814 Metaphrastes
3349 4744 3424 4798 ad
3471 4746 3540 4797 20

1889 4833 2049 4900 Dec.,
2082 4837 2140 4887 et
2161 4832 2372 4888 exinde
2406 4833 2608 4889 Latine
2648 4833 2856 4889 Surius
2889 4836 2946 4888 et
2975 4832 3320 4901 Bollandus,
3343 4832 3538 4887 calen-

1890 4919 1981 4976 dis
2013 4921 2180 4978 Febr.
2209 4937 2222 4986 ;
2256 4923 2452 4977 erce
2508 4927 2566 4977 et
2618 4923 2822 4977 Latine
2872 4922 2934 4976 in
2995 4921 3253 4976 editione
3313 4923 3542 4976 Patrum

1889 5009 2314 5080 apostolicon
2343 5010 2694 5068 Cotelerius.

1985 5180 2078 5252 94)
2108 5179 2408 5252 Lumper.,
2441 5181 2586 5236 Hist.
2621 5179 2786 5234 theol.
2819 5179 2969 5246 crit.,
3003 5183 3044 5234 t-
3072 5179 3115 5247 Ι,
3151 5195 3208 5250 p.
3240 5179 3364 5234 433.

1985 5251 2075 5325 95>
2107 5251 2405 5325 Lumen;
2437 5252 2478 5307 ι.
2498 5269 2562 5325 ,οο

1963 5321 2077 5394 (96)
2107 5321 2405 5380 Vide—not.
2441 5323 2516 5380 ad
2546 5341 2596 5378 c.
2631 5325 2663 5376 7
2696 5323 2930 5393 Martyr.
2964 5323 3149 5394 Ignat.
