3932 6304
421 337 536 398 647
1383 337 1468 397 SA
1482 338 1653 398 NCT]
1706 337 1974 398 [GNATIT

2264 338 2449 399 ‘OlnE
2492 339 2886 400 GENUlN/E.
3713 342 3817 402 648

421 471 586 527 enim
615 469 843 526 vinctus
873 487 1004 526 sum
1032 473 1272 542 propter
1293 486 1513 526 nomen
1535 471 1772 538 Christi,
1799 471 1974 526 nondl

2266 473 2408 544 ἱεμαι
2439 471 2548 544 (23)
2581 471 2633 526 ἐν
2661 475 2740 544 τῷ
2770 471 3018 544 ὀνόματι,
3053 467 3208 526 οὔπω
3258 471 3604 548 ἆπήρτισμαι
3634 471 3683 526 ἐν
3719 474 3819 542 Ἰη-

423 568 624 618 tamen
654 561 950 634 perfectus
983 578 1114 616 sum
1157 563 1218 615 in
1262 562 1398 616 Jesu
1429 561 1681 616 Christo.
1712 563 1878 617 Nunc
1911 578 1976 616 en

2266 562 2549 635 ΞΧριστῷ.
2585 566 2698 617 Νῦν
2759 563 2862 638 γὰρ
2922 561 3104 637 ἀρχὴν
3142 558 3260 637 ἔχω
3289 567 3388 617 τοῦ
3422 563 3819 635 μαθητιῦεσθαι,

421 652 644 723 incipio
675 651 1004 722 discipulus
1035 668 1184 716 esse,
1221 656 1278 706 et
1326 651 1600 722 alloquor
1631 669 1729 706 vos
1757 657 1822 706 ut
1851 669 1974 707 com

2264 661 2270 704 ἱ
2321 648 2625 724 προσλαλῶ
2677 652 2802 723 ὑμῖν
2855 651 2930 713 ὡς
2980 656 3090 722 (24)
3139 648 3647 714 συνδιδασκαλίταις
3705 674 3817 725 μου,

420 746 614 796 ctores
641 757 826 795 meos.
854 741 999 794 Nam
1031 739 1339 811 oportebat
1363 757 1456 795 me
1477 757 1511 794 a
1535 741 1696 796 vobis
1729 742 1973 796 continu

2262 741 2312 795 1‘s
2355 741 2458 814 γὰρ
2511 736 2617 795 ἔδει
2681 741 2767 818 ὑφ’
2826 741 2978 813 ὑμῶν
3034 744 3146 813 (25)
3207 739 3606 818 ὓπαλειφθῆναι
3637 743 3815 816 πίστει,

419 829 558 898 ﬂde,
583 830 1010 898 admonitione,
1035 831 1339 901 patientia,
1366 831 1912 900 aequanimitatem
1938 847 1967 884 c

2258 829 2451 901 δΟεσίᾳ,
2487 830 2762 904 ὑπομονῇ,
2813 831 3186 904 μακροθυμίᾳ.
3240 830 3401 888 Ἀλλ’
3440 831 3553 886 ἐπεὶ
3585 834 3618 900 ἡ
3651 833 3811 906 ἀγάπη

417 919 676 975 Charitas
707 936 827 975 non
871 920 1030 974 sinat
1083 936 1177 974 me
1211 924 1405 974 tacere
1437 919 1508 974 de
1539 919 1725 986 vobis,
1758 926 1966 992 propte

2257 941 2280 974 κ
2310 917 2368 990 ἒᾷ
2401 940 2467 992 με
2499 923 2706 991 σιωπᾷν
2755 919 2880 994 περὶ
2931 919 3106 992 ὑμῶν,
3141 922 3252 993 (26)
3279 916 3370 974 διὰ
3396 920 3557 976 τοῦτο
3589 919 3810 994 προέλα-

414 1010 702 1065 anteverti
723 1026 824 1065 vos
848 1009 1280 1077 admonere,ut
1323 1009 1617 1065 uniamini
1667 1010 1728 1063 in
1776 1016 1967 1064 senter

2256 1031 2277 1063 ν
2323 1008 2654 1084 παρακαλεῖν
2727 1009 2890 1082 ὑμᾶς,
2950 1009 3102 1072 ὅπως
3161 1011 3490 1084 συντρέχητε
3517 1013 3588 1083 τῇ
3629 1010 3809 1086 γνώμῃ

415 1099 539 1153 Dei.
591 1099 824 1154 Etenim
865 1101 1033 1154 Jesus
1081 1099 1366 1164 Christus,
1418 1098 1836 1170 inseparabilis
1868 1115 1968 1153 nos

2262 1104 2275 1153 i
2329 1103 2482 1154 Θεοῦ.
2542 1099 2646 1155 Καὶ
2703 1099 2805 1173 γὰρ
2867 1100 3079 1169 Ἰησοῦς
3133 1099 3390 1174 Χριστὸς,
3437 1099 3500 1154 τὸ
3532 1102 3643 1173 (27)
3675 1095 3815 1153 ἄιδιᾶ-

413 1189 551 1255 vita,
583 1188 880 1243 sententia
910 1188 1098 1242 Patris
1121 1194 1229 1253 est,
1250 1193 1314 1242 ut
1336 1193 1392 1241 et
1414 1188 1697 1259 episcopi,
1721 1205 1827 1259 per
1848 1193 1966 1243 trac

2258 1209 2362 1243 ιτον
2395 1191 2557 1262 ἡμῶν
2590 1193 2707 1262 ζῇν,
2760 1191 2874 1262 (28)
2921 1193 3018 1244 τοῦ
3077 1189 3286 1264 Πατρὸς
3319 1191 3354 1258 ἡ
3387 1189 3606 1265 γνώμη,
3635 1189 3705 1248 ὡς
3731 1187 3811 1242 καὶ

415 1283 587 1334 εει-ιω
621 1278 944 1349 constituti,
973 1277 1035 1333 in
1065 1277 1362 1334 sententia
1389 1279 1525 1333 Jesu
1555 1277 1769 1333 Christi
1802 1283 1961 1337 sunt.

2282 1277 2594 1348 ἒπίσκοποι,
2644 1279 2695 1332 οἱ
2768 1279 2881 1350 (29)
2939 1279 3076 1333 κατὰ
3129 1278 3196 1334 τὰ
3247 1279 3454 1354 πέρατα
3508 1277 3812 1352 ὁρισθέντες,

2179 1370 2293 1444 (30)
2325 1368 2376 1424 ἐν
2410 1369 2590 1439 Ἰησοῦ
2623 1373 2859 1444 Χριστοῦ
2889 1367 3084 1443 γνώμῃ
3113 1367 3269 1425 εἰσίν.

1335 1488 1426 1541 IV.
1456 1486 1787 1558 Presbyterii
1824 1488 2092 1542 unitatem
2142 1502 2263 1541 cum
2293 1487 2546 1557 episcopo
2574 1487 2890 1540 imitemini.

485 1595 649 1650 Unde
681 1593 853 1650 decet
881 1611 981 1650 vos
1022 1595 1084 1650 in
1137 1594 1398 1667 episcopi
1429 1596 1787 1650 sententiam
1818 1611 2038 1651 concur

2258 1597 2365 1664 [31)
2393 1593 2554 1656 ’Όθεν
2585 1593 2781 1666 πρέπει
2841 1591 2971 1664 ὑμῖν
3005 1592 3313 1669 συντρέχειν
3367 1593 3437 1664 τῇ
3483 1594 3583 1646 τοῦ
3613 1589 3811 1646 ἐπισκό-

410 1701 563 1753 rere,
593 1685 751 1757 quod
794 1690 854 1740 et
893 1685 1107 1740 facitis.
1169 1687 1312 1740 Nam
1373 1685 1760 1741 memorabile
1806 1691 1963 1740 vestr

2259 1705 2282 1736 υ
2312 1683 2531 1758 γνώμῃ,
2566 1681 2702 1756 ὅπερ
2753 1682 2844 1737 καὶ
2882 1687 3108 1739 ποιεῖτε,
3169 1682 3240 1735 Τὸ
3297 1682 3399 1757 γὰρ
3438 1681 3812 1755 ἆξιονόμαστον

410 1775 868 1845 presbyterium,
903 1773 1146 1846 dignum
1175 1776 1310 1842 Deo,
1336 1775 1417 1830 ita
1446 1780 1786 1848 coaptatum
1817 1781 1909 1830 est
1939 1791 1963 1830 e

2259 1776 2331 1827 ὧν
2390 1767 2800 1847 πρεσϐυτέριον,
2853 1775 2951 1826 τοῦ
3011 1775 3146 1827 Θεοῦ
3197 1769 3364 1840 ἄξιον,
3407 1769 3586 1832 οὕτως
3628 1771 3811 1843 συνήρ-

409 1881 606 1935 scopo,
629 1870 696 1919 ut
724 1864 960 1920 chorda;
992 1866 1251 1920 citharae.
1279 1867 1526 1936 Propter
1548 1867 1654 1920 hoc
1677 1866 1738 1920 in
1761 1882 1962 1920 consez

2258 1885 2372 1919 σται
2433 1868 2514 1935 τῷ
2563 1863 2866 1934 ἐπισκὸπῳ,
2927 1865 3040 1935 (32)
3097 1862 3174 1926 ὡς
3231 1859 3430 1936 χορδαὶ
3482 1860 3694 1935 κιθάρᾳ.
3727 1860 3811 1915 Διὶ

405 1961 596 2009 vestro
625 1960 683 2010 et
703 1955 982 2011 concordi
1004 1955 1290 2010 charitate
1319 1956 1487 2010 Iesus
1509 1955 1774 2010 Christus
1807 1955 1958 2010 canit

2258 1958 2334 2008 ἱτο
2362 1953 2416 2008 ἐν
2439 1955 2508 2026 τῇ
2541 1953 2774 2025 ὁμονοίᾳ
2809 1952 2960 2024 ὑμῶν
3022 1952 3111 2007 καὶ
3171 1951 3451 2025 συμφώνῳ
3498 1950 3683 2027 ἀγάπῃ
3709 1952 3811 2017 Ἰη-

406 2045 520 2098 Sed
553 2050 611 2098 et
641 2061 741 2100 vos
778 2044 994 2115 singuli
1044 2045 1262 2099 chorus
1311 2050 1519 2110 estote,
1580 2050 1646 2099 ut
1675 2045 1922 2100 consoni
1956 2063 1959 2115 ᾔ

2256 2049 2299 2106 ὃς
2355 2044 2586 2118 Χριστὸς
2644 2041 2849 2113 ᾄδεται.
2919 2041 3021 2099 Καὶ
3079 2043 3130 2096 οἱ
3187 2044 3304 2096 κατ’
3360 2039 3526 2114 ἄνδρα
3557 2038 3615 2094 δὲ
3654 2039 3809 2118 χορὸς

401 2133 803 2198 concordiam,
827 2132 1015 2187 melos
1034 2133 1134 2187 Dei
1167 2133 1525 2203 recipientes
1557 2133 1618 2186 in
1646 2134 1894 2200 unitate,
1914 2151 1954 2188 ce

2265 2134 2403 2202 εσθε,
2433 2133 2524 2186 ἳνα
2557 2130 2844 2206 σύμφωνοι
2875 2131 3022 2193 ὄντες
3059 2129 3112 2186 ἐν
3164 2128 3416 2204 ὁμονοίᾳ,
3450 2135 3660 2208 χρῶμα
3689 2131 3811 2183 Θεοῦ

403 2223 540 2276 tetis
570 2239 710 2276 voce
739 2239 860 2276 una
915 2238 1022 2290 per
1059 2222 1258 2275 Jesum
1288 2222 1588 2276 Christum
1619 2223 1778 2276 Patri
1804 2239 1816 2288 ;
1851 2238 1956 2292 quc

2259 2217 2431 2282 εόντες
2480 2219 2531 2275 ἕν
2584 2221 2822 2291 ἕνότητι,
2866 2217 3032 2291 ᾃδητε
3082 2219 3134 2274 ἐν
3186 2223 3341 2297 φωνῇ
3377 2223 3476 2292 μιᾷ
3507 2217 3598 2272 διὰ
3646 2219 3812 2287 Ἰησοῦ

402 2327 502 2364 vos
533 2310 755 2374 audiat,
777 2315 836 2365 et
858 2316 1140 2380 agnoscat
1157 2328 1227 2364 ex
1249 2311 1340 2374 iis,
1362 2327 1493 2380 quas
1525 2311 1675 2364 bene
1706 2314 1955 2381 operami

2264 2315 2403 2364 ιστοῦ
2432 2307 2512 2382 τῷ
2545 2309 2737 2384 Ηατρὶ,
2766 2307 2858 2363 ’ἱνα
2890 2309 3041 2380 ὑμῶν
3073 2308 3160 2362 καὶ
3194 2307 3424 2380 ἀκούσῃ,
3451 2308 3541 2361 καὶ
3575 2309 3689 2379 (33)
3719 2305 3817 2359 ἐπι-

402 2400 671 2454 membra
701 2415 829 2454 esse
861 2416 960 2452 vos
1014 2399 1143 2452 Filii
1199 2400 1404 2470 ipsius.
1440 2399 1591 2453 Utile
1624 2400 1823 2469 itaque
1855 2406 1955 2466 est,

2262 2400 2471 2468 ώσκων,
2517 2395 2584 2452 δι’
2637 2398 2709 2452 ὧν
2764 2396 2820 2452 εὖ
2879 2397 3162 2472 πράσσετε,
3201 2395 3342 2470 μέλη
3383 2392 3539 2457 ὄντας
3569 2399 3670 2449 τοῦ
3701 2395 3814 2447 Ποῦ

401 2489 784 2544 immaculata
815 2489 1041 2543 unitate
1072 2505 1168 2542 vos
1195 2505 1345 2558 esse,
1374 2495 1439 2542 ut
1469 2494 1528 2544 et
1559 2505 1796 2559 semper
1826 2495 1954 2560 part

2260 2493 2358 2544 :06.
2393 2489 2682 2564 Χρήσιμον
2716 2485 2806 2541 οὗν
2841 2485 3002 2558 ἐστιν,
3045 2486 3186 2560 ὑμᾶς
3240 2484 3294 2540 ἐν
3347 2483 3571 2558 ἀμώμῳ
3610 2485 3813 2552 tvm-qn

401 2579 554 2648 petis
585 2579 728 2634 Deo.

2172 2578 2324 2645 εἶναι,
2346 2576 2439 2632 ’ἱνα
2463 2577 2553 2632 καὶ
2585 2580 2720 2632 Θεοῦ
2750 2578 2978 2632 πάντοτε
3011 2575 3295 2651 μετέχητε.

1543 2689 1606 2743 ν.
1648 2688 1798 2743 Laus
1843 2694 1898 2742 et
1940 2688 2154 2744 utilitas
2199 2690 2366 2759 hujus
2423 2691 2674 2744 unitatis.

472 2799 527 2852 Si
559 2799 720 2854 enim
748 2814 852 2870 ego
880 2797 1038 2852 brevi
1065 2796 1348 2867 temporis
1371 2797 1561 2869 spatio
1594 2797 1772 2852 talem
1803 2815 2022 2852 consue

2267 2798 2357 2867 34)
2390 2796 2449 2852 Εἰ
2503 2795 2607 2872 τιάρ
2658 2795 2763 2872 ἐγὼ
2813 2795 2865 2850 ἒν
2923 2800 3102 2870 μικρῷ
3152 2795 3339 2872 χρόνῳ
3367 2793 3631 2864 τοιαύτην
3667 2792 3816 2860 συνή-

401 2887 666 2943 tudinem
709 2888 971 2942 contraxi
1007 2905 1141 2942 cum
1186 2888 1466 2958 episcopo
1525 2893 1739 2954 vestro,
1773 2905 1904 2957 qua)
1936 2905 1954 2941 1

2260 2907 2312 2939 αν
2344 2883 2507 2960 ἔσχον
2539 2887 2676 2959 πρὸς
2718 2888 2812 2940 τὸν
2872 2884 3166 2939 ἐπίσκοπον
3221 2883 3396 2956 ὑμῶν,
3448 2882 3548 2936 οὐκ
3732 2881 3813 2934 ἆν-

406 2978 686 3044 humana,
747 2977 849 3032 sed
909 2977 1275 3048 spiritualis;
1335 2982 1557 3046 quanto
1619 2993 1716 3030 vos
1762 2976 1954 3031 beatio

2258 2975 2451 3045 υπίνψ
2485 2975 2667 3043 οὖσαν,
2733 2973 2880 3029 ἀλλὰ
2940 2975 3337 3046 πνευματικὴν,
3396 2993 3552 3044 ποσῳ
3609 2969 3811 3043 μᾶλλον

398 3066 627 3137 judico,
661 3065 1014 3135 conjunctos
1045 3065 1097 3118 ei
1131 3064 1299 3118 sicuti
1333 3064 1597 3118 Ecclesia
1624 3065 1762 3118 Jesu
1793 3065 1951 3119 Chris

2261 3070 2307 3126 ἱς
2373 3065 2680 3136 μακαρίζω,
2736 3061 2864 3124 τοὺς
2951 3063 3381 3138 ἐγκεκραμένου(
3449 3065 3558 3131 (36)
3631 3059 3814 3123 οὕτως,

402 3128 461 3209 et
488 3128 655 3210 Jesus
687 3128 954 3209 Christus
1012 3153 1203 3219 Patri;
1263 3159 1326 3206 ut
1357 3153 1560 3208 omnia
1591 3154 1879 3207 unitatem
1912 3173 1955 3208 Ct

2261 3161 2281 3222 )
2325 3154 2398 3214 ὡς
2431 3155 2466 3222 ἡ
2504 3151 2798 3222 Ἐκκλησία
2855 3153 3036 3222 Ἰησοῦ
3092 3155 3338 3225 Χριστῷ,
3397 3149 3488 3204 καὶ
3542 3150 3622 3210 ὡς
3654 3151 3683 3203 ὁ
3712 3151 3814 3216 Ὶη·

1861 3263 2026 3316 Vctus
2067 3265 2357 3332 interpres.

400 3372 459 3425 in
489 3373 626 3426 Jesu
656 3370 906 3442 Christo.
940 3371 1106 3442 Nunc
1137 3374 1336 3442 autem
1368 3368 1728 3442 principium
1756 3369 1944 3424 habeo
1972 3369 2316 3425 addiscendi
2346 3386 2359 3436 ;
2412 3377 2469 3426 et
2511 3371 2784 3442 alloquor
2814 3387 2935 3442 vos,
2972 3375 3036 3423 ut
3068 3369 3339 3442 doctores
3374 3368 3510 3422 mei.
3545 3369 3638 3442 Me
3660 3368 3814 3442 enim

397 3443 658 3513 oportuit
682 3459 716 3496 a
745 3441 909 3514 vobis
940 3441 1158 3510 suscipi
1192 3440 1328 3514 ﬁde,
1362 3440 1785 3514 admonitione,
1843 3442 2218 3505 sustinentia,
2271 3440 2745 3514 longanimitate.
2797 3441 2909 3496 Sed
2939 3443 3080 3514 quia
3114 3441 3370 3514 Charitas
3398 3456 3516 3514 non
3550 3440 3709 3514 sinit
3729 3454 3813 3514 me

398 3510 572 3568 silere
595 3530 701 3583 pro
731 3512 894 3566 vobis
921 3529 938 3584 ;_
969 3517 1210 3584 propter
1239 3512 1350 3565 hoc
1383 3513 1787 3584 p'rzeoccupavi
1823 3529 2030 3584 rogare
2063 3530 2185 3582 vos,
2211 3519 2276 3568 ut
2299 3510 2665 3570 concurratis
2697 3510 3008 3569 sententiis
3043 3513 3166 3584 Dei.
3194 3511 3424 3584 Etenim
3452 3510 3812 3584 JesusChri-

396 3590 546 3657 stus,
579 3582 1042 3657 incomparabile
1075 3589 1348 3638 nostrum
1379 3583 1590 3652 vivere,
1622 3582 1813 3639 Patris
1847 3582 2144 3640 sententia
2165 3601 2178 3652 ;
2202 3591 2268 3640 ut
2289 3592 2345 3639 et
2375 3586 2488 3657 ipsi
2522 3585 2851 3642 secundum
2883 3591 3055 3640 terrae
3087 3583 3236 3639 ﬁnes
3266 3582 3654 3638 determinati
3686 3583 3810 3637 Jesu

397 3656 615 3710 Christi
649 3655 942 3710 sententia
972 3659 1129 3709 sunt.

1917 3744 2149 3801 CAPUT
2189 3747 2278 3801 IV.

466 3833 626 3889 Unde
657 3832 828 3888 decet
857 3851 961 3906 vos
987 3848 1338 3906 concurrere
1372 3832 1629 3906 episcopi
1663 3833 2011 3906 sententia):
2048 3835 2206 3905 quod
2239 3840 2295 3888 et
2326 3835 2540 3890 facitis.
2579 3835 2759 3906 Digne
2794 3836 2952 3891 enim
2980 3833 3346 3890 nominabile
3378 3838 3644 3888 vestrum
3679 3848 3804 3904 pre-

394 3905 740 3978 sbyterium,
769 3907 884 3960 Deo
908 3905 1174 3978 dignum,
1199 3905 1282 3959 sic
1306 3903 1730 3978 concordatum
1753 3910 1842 3958 est
1865 3903 2161 3978 episcopo,
2182 3912 2248 3961 ut
2265 3907 2501 3962 chordae
2519 3903 2784 3963 citharae.
2807 3910 3054 3978 Propter
3077 3907 3187 3961 hoc
3216 3906 3277 3960 in
3300 3921 3603 3978 consensu
3627 3903 3807 3978 vestro

403 3976 756 4033 et'consona
786 3977 1071 4050 charitate
1101 3977 1281 4050 Jesus
1297 3977 1563 4050 Christus
1594 3976 1846 4050 canitur.
1876 3976 1989 4030 Sed
2022 3976 2079 4050 et
2103 3978 2320 4050 singuli
2352 3980 2567 4035 chorus
2597 3979 2736 4034 facti
2771 3976 2949 4045 estis';
2995 3984 3062 4033 ut
3090 3978 3334 4050 consoni
3369 3976 3726 4050 exsistentes
3755 3976 3806 4028 in

400 4066 717 4116 consensu,
749 4048 939 4104 melos
965 4048 1065 4102 Dei
1099 4047 1458 4122 accipientes
1492 4047 1551 4101 in
1582 4047 1832 4113 unitate,
1864 4049 2115 4122 cantetis
2156 4047 2238 4122 iri_
2265 4067 2408 4107 voce
2457 4067 2575 4106 una
2604 4068 2709 4122 per
2737 4053 2936 4106 Jesum
2968 4047 3454 4122 ChristumPatri
3482 4063 3496 4113 ;
3529 4055 3600 4102 ut
3633 4053 3693 4102 et
3721 4062 3808 4099 vos

391 4122 610 4186 audiat,
645 4126 703 4175 et
734 4125 1046 4192 cognoscat
1076 4135 1180 4190 per
1209 4135 1386 4190 quem
1418 4119 1641 4173 bonum
1676 4119 2029 4190 operamini,
2062 4120 2332 4176 membra
2364 4119 2721 4177 exsisteﬁtes
2753 4122 2883 4176 Filii
2932 4123 3138 4192 ipsius.
3176 4120 3326 4176 Utile
3360 4120 3541 4191 igitur
3575 4125 3688 4188 est,
3719 4132 3808 4170 vos

390 4192 452 4246 in
484 4192 866 4247 immaculata
893 4191 1120 4245 unitate
1153 4207 1280 4246 esse
1311 4207 1324 4256 ;
1358 4196 1423 4245 ut
1455 4196 1512 4244 et
1544 4192 1660 4245 Deo
1694 4207 1929 4262 semper
1960 4193 2343 4263 participetis.

1925 4300 2153 4355 CAPUT
2200 4302 2264 4356 V.

462 4405 518 4460 Si
551 4405 710 4459 enim
744 4419 848 4479 ego
880 4405 947 4479 inp
971 4419 1147 4479 parvo
1179 4408 1445 4476 tempore
1478 4404 1657 4460 talem
1690 4403 2185 4479 consuetudinem
2216 4406 2383 4479 tenui
2418 4406 2491 4462 ad
2523 4407 2869 4479 episcopum
2899 4412 3180 4471 vestrum,
3205 4422 3326 4460 non
3351 4405 3682 4479 humanam
3714 4419 3808 4458 ex-

393 4477 704 4530 sistentem
731 4475 834 4530 sed
863 4475 1233 4546 spiritualem
1261 4493 1274 4541 ;
1307 4482 1530 4546 quanto
1563 4477 1748 4546 magis
1776 4493 1872 4530 vos
1904 4477 2203 4546 beatiﬂco,
2252 4475 2608 4550 conjunctos
2661 4475 2746 4534 sic
2791 4485 2856 4535 ut
2903 4479 3171 4534 Ecclesia
3211 4480 3346 4532 Jesu
3378 4477 3639 4546 Christo,
3673 4481 3730 4530 et
3751 4478 3805 4528 ut

463 4645 573 4721 (23)
606 4647 806 4700 Nomen
837 4645 1104 4721 absolute
1131 4663 1242 4721 pro
1280 4649 1500 4721 nomine
1530 4645 1733 4699 Christi
1769 4646 1950 4702 habes
1980 4653 2046 4703 ut
2075 4651 2122 4716 D
2157 4650 2337 4704 etiam
2369 4650 2574 4704 unitus
2599 4656 2688 4704 est
2709 4651 2939 4706 Christo
2965 4669 2978 4715 ;
3010 4656 3068 4704 et
3090 4651 3189 4721 qui
3220 4652 3424 4705 unitus
3447 4656 3539 4705 est
3559 4650 3802 4709 Christo,

392 4716 629 4794 inirac.
660 4720 715 4775 7.
749 4723 805 4772 et
837 4717 910 4771 ad
939 4716 1197 4794 Philad.,
1224 4735 1274 4794 οἷ
1315 4721 1398 4794 tO.
1430 4717 1731 4770 JACOBSON.

2249 4738 2337 4775 am
2369 4722 2570 4777 unitus
2601 4727 2690 4776 est
2719 4723 2899 4777 Patri.
2935 4722 3049 4777 Cfr.
3085 4716 3293 4789 Hothe,
3328 4725 3486 4791 Anf.,
3521 4738 3660 4794 pag.
3684 4721 3802 4772 471·

464 4789 578 4860 (24)
612 4787 653 4843 Ι.
710 4805 761 4843 e.
824 4794 1088 4858 «praeter
1142 4788 1438 4843 Christum
1492 4803 1594 4841 vos
1645 4794 2017 4859 praeceptore;

726 4805 761 4843 ξ.
824 4794 1088 4858 «praeter
1142 4788 1438 4843 Christum
1492 4803 1594 4841 vos
1645 4794 2043 4859 praeceptores
2154 4794 2279 4848 478.

390 4860 703 4941 meiuestis,
737 4882 765 4910 »
822 4868 889 4914 ut
917 4877 987 4941 e_x
1019 4878 1106 4931 sq.
1142 4864 1351 4941 patet.
1439 4933 1449 4941 ⁸
1537 4927 1548 4939 σ
1668 4929 1684 4941 _
1845 4935 1855 4941 Δ
2190 4865 2339 4941 .(31)
2368 4866 2575 4919 Totum
2607 4871 2783 4936 caput
2811 4871 3088 4937 quartum
3111 4864 3277 4921 deest
3307 4864 3368 4919 in
3399 4863 3680 4920 versione
3709 4862 3802 4932 Sy-

459 4931 572 5001 (25)
600 4933 644 4984 Ι.
678 4947 730 4986 e.
765 4953 792 4980 «
825 4933 987 5001 ungi,
1035 4929 1301 4996 excitari,
1338 4929 1572 4996 instrui,
1614 4929 1688 4985 ad
1738 4935 2042 4992 certamen
2153 4929 2337 4992 riaca.

391 5003 733 5078 praepanari.
769 5024 796 5051 »
829 5005 1148 5078 Paaason,
1271 5071 1305 5078 _
1381 5071 1417 5078 ὲ
1474 5076 1480 5078 _
1596 5071 1624 5078 _
1681 5074 1714 5078 _
1811 5075 1821 5078 _

2251 5007 2340 5078 32)
2372 5006 2590 5062 Eadem
2637 5008 3030 5065 similitudine
3059 5009 3248 5065 utitur
3277 5012 3481 5063 noster
3520 5008 3703 5063 etiam
3749 5004 3800 5058 in

459 5071 572 5149 (26)
604 5073 952 5149 Respexisse
1000 5072 1232 5127 videtur
1271 5071 1332 5127 Β.
1381 5071 1556 5127 Pater
1593 5071 1650 5128 S.
1681 5074 1930 5132 Paulum
1964 5077 2040 5133 ad
2149 5071 2250 5149 Ep.
2287 5071 2361 5133 ad
2391 5079 2643 5149 Philad.,
2677 5097 2728 5136 e.
2761 5097 2798 5138 ι.
2835 5083 3030 5137 υεεειι.

392 5144 1077 5225 Ριιὶιεηξλειθιδλαοη
1149 5213 1189 5225 ..
1360 5218 1372 5225 .
1464 5216 1536 5225 .-
1831 5221 1857 5225 __

2250 5150 2333 5225 3_3)
2361 5151 2487 5225 vet.
2521 5144 2814 5223 interpres
2837 5152 3125 5225 legebat:
3177 5151 3266 5205 καὶ
3325 5149 3692 5225 ἐπιγινώσκῃ,
3717 5144 3803 5225 ’δι’

455 5217 569 5288 (27)
601 5217 716 5294 Cfr.
751 5216 905 5294 intra
933 5215 1006 5270 ad
1036 5213 1238 5294 Trall,
1274 5218 1482 5294 e._i,et
1509 5216 1675 5294 Joan.
1704 5234 1795 5284 xv,
1830 5221 1860 5271 5
1885 5221 2008 5294 ;‘Co

2245 5217 2293 5274 εὖ
2315 5213 2609 5294 πράσσετε,
2638 5213 2700 5278 κῖ
2733 5243 2785 5280 τ.
2837 5221 2891 5280 λ.
2914 5213 2995 5279 “et
3043 5231 3351 5294 cognoscat,
3376 5213 3484 5294 per
3513 5213 3688 5294 quem.
3714 5221 3798 5274 b0-

384 5287 526 5364 loss.
553 5285 638 5364 "ni,
669 5290 722 5342 4.
758 5288 1012 5355 Sensus;
1048 5307 1078 5336 «
1110 5285 1290 5342 Plane
1323 5286 1386 5342 in
1419 5303 1486 5343 eo
1515 5287 1786 5358 vivimus,
1819 5295 1879 5344 et
1908 5291 2034 5363 ipse
2144 5309 2276 5348 num
2305 5285 2635 5364 operamini,
2670 5300 2780 5350 etc.

386 5358 671 5440 inlnpbihs;
710 5377 768 5440 ι.
1146 5432 1171 5440 Α
1243 5429 1293 5440 η
1585 5433 1651 5440 __
1930 5358 1948 5363 “
2215 5358 2539 5440 (3Q'Syrus
2571 5358 2748 5440 caput
2777 5367 3053 5440 quintum
3084 5365 3303 5440 omisit.

599 5429 716 5513 Cfr;
742 5429 954 5513 Joann.
1000 5432 1210 5513 {xv,.9;
1243 5429 1551 5513 Matthugt,
1583 5433 1670 5513 27.
1802 5502 1819 5513 _
1862 5506 1899 5513 _

2244 5429 2419 5513 _I’»_5)_II
2476 5452 2529 5493 e.
2587 5429 2724 5492 κατὰ
2778 5429 2968 5513 σάρκα,
3001 5435 3236 5509 qualem
3279 5437 3558 5494 homines
3591 5433 3797 5494 smculo

479 5497 669 5574 2_9)~—
689 5497 751 5574 ⁸ἐν
795 5497 940 5572 πάσῃ
970 5499 1041 5570 τῇ
1087 5497 1396 5574 οἰκουμένῃ.
1423 5497 1558 5574 Cfr.
1589 5503 1715 5574 Ign.
1748 5502 1822 5559 ad
1862 5506 2028 5562 Rom.

1136 5497 1396 5573 ηκουμὲνῃ.
1423 5497 1558 5574 Cfr.
1589 5503 1715 5574 Ign.
1748 5502 1822 5559 ad
1862 5506 2028 5562 Rom.
2141 5497 2360 5562 addicti
2390 5515 2689 5565 exercent.

382 5569 786 5652 e.j"'".'§othe,
815 5569 976 5652 Αηῖη
1095 5569 1535 5652 472,_not._160.
1569 5646 1578 5652 _
1619 5569 1644 5574 ⁷
1778 5645 1815 5652 μ

1778 5645 1815 5652 _,
1967 5649 1978 5652 _
2215 5577 2327 5652 (36)
2356 5578 2461 5652 _S_e._
2485 5578 2634 5652 αὖτῷ
2660 5583 2867 5652 Bothe,
2902 5582 3062 5650 Anf.,
3093 5597 3152 5652 p.
3184 5583 3307 5636 450.

472 5597 545 5626 ν’.
576 5597 786 5640 nuuw,
815 5597 976 5640 an,”
1005 5597 1064 5652 με
1095 5597 1220 5643 ιιι,
1253 5597 1376 5629 nuo.
1412 5597 1535 5628 10v.
2239 5597 2306 5631 σο
2359 5597 2455 5633 δε.
2485 5597 2634 5652 αυτῳ
2660 5597 2867 5652 nome,
2902 5597 3062 5650 ΛηῙη
3139 5621 3152 5636 ο

451 5641 540 5714 30)
572 5641 680 5706 Qui
711 5643 772 5697 in
802 5647 1104 5698 sententia
1144 5644 1408 5718 episcopi
1443 5649 1534 5700 est
1564 5646 1656 5716 (ε
1688 5645 1896 5704 unitus
1927 5649 2027 5720 ei),
2213 5597 2327 5720 (37)
2356 5648 2499 5705 Vide
2530 5653 2739 5721 Bothe,
2771 5655 2926 5725 Anf.,
2957 5670 3014 5724 p.
3050 5597 3176 5710 4:7.
