3932 6304
148 358 270 422 649

1390 334 1776 419 EPISTOLA.
1821 356 1923 420 AD
1969 330 2375 424 EPHESIOS.

3455 320 3579 424 650

147 495 285 555 σοῦς
314 490 560 566 Χριστὸς
609 493 689 563 τῷ
736 490 939 564 [11192,
987 486 1082 543 τίνοι
1139 489 1312 543 πάντα
1344 487 1397 542 ἐν
1429 487 1642 559 ἐνότητι
1676 509 1817 560 cup.-

2000 494 2238 550 ntiant'?
2294 497 2475 552 Nemo
2526 500 2684 552 erret
2727 511 2740 549 :
2795 494 2908 550 nisi
2934 495 3067 566 quis
3087 494 3246 550 intra
3271 494 3457 550 altare
3481 497 3578 564 sit,

152 602 311 662 φωνα
340 580 417 656 ᾖς
459 577 661 651 Μηδεὶς
704 577 1016 643 πλανχσοω·
1078 578 1165 633 ἐὰν
1227 580 1302 650 μή
1362 598 1445 639 τις
1542 576 1692 640 ἐντὸς
1722 581 1819 632 τοῦ

153 673 574 749 θυσιαστηρίου,
612 673 911 748 ὑστερεῖται
960 675 1056 727 τοῦ
1106 669 1273 745 ἄρτου
1303 668 1398 724 τοῖ’)
1431 675 1586 725 Θεοῦ.
1622 670 1682 727 Εἰ
1714 669 1819 744 γὰρ

153 764 276 825 ἐνὸς
335 764 427 818 καὶ
487 759 740 835 δευτέρου
798 762 1081 835 προσευχή
1138 758 1406 830 τοσαότην
1469 759 1625 832 ’σχὺν
1678 757 1818 833 ἔχει,

157 852 321 925 πόσῳ
350 850 565 923 μᾶλλον
595 849 631 919 ἢ
662 871 721 905 τε
762 853 860 906 τοί)
899 849 1203 904 ἐπισκόπου
1231 848 1321 902 καὶ
1352 848 1531 915 πάσης
1560 853 1660 917 τῆς
1694 848 1823 904 Ἐκ-

153 942 440 1012 κλησίαςς
480 941 542 997 Ὀ
598 938 690 994 οὖν
756 939 833 1013 μὴ
889 937 1193 1013 ἐρχόμενος
1251 937 1340 992 ἐπὶ
1381 938 1443 993 τὸ
1476 936 1627 1003 αὐτὸ,
1662 937 1823 998 οὗτος

155 1028 274 1101 ἤδη
337 1031 689 1107 ὑπερηφανεῖ,
744 1033 834 1082 καί
895 1027 1082 1083 ἑαυτὸν
1168 1024 1452 1101 διέκρινεν.
1516 1025 1822 1103 Γέγραπται

154 1119 286 1195 γάρ·
369 1117 765 1196 ’Υπερηφάνοις
821 1117 850 1172 ὁ
909 1118 1041 1178 Θεὸς
1122 1115 1491 1172 ἀντιτάσσεται
1537 1118 1576 1173 ¹.
1639 1122 1828 1170 Σπου-

158 1207 417 1282 δάσωμεν
479 1208 593 1275 οὗν,
657 1208 734 1279 μὴ
792 1206 1198 1263 ἀντιτάσσεσθαι
1249 1210 1330 1278 τῷ
1388 1203 1691 1277 ἐπισκόπει),
1737 1202 1828 1261 ἵνα

158 1300 313 1373 ὦμεν
351 1298 458 1371 (38)
490 1300 609 1369 Θεῷ
641 1293 1094 1369 ὑποτασσόμενοι.

1854 644 1858 653 δ
1932 583 2194 653 privatur
2224 600 2374 655 pane
2408 585 2528 640 Dei.
2579 585 2635 638 Si
2689 584 2847 639 enim
2899 585 3077 639 unius
3131 589 3307 652 atque
3336 585 3583 639 alterius

1932 674 2192 742 precatio
2228 680 2418 729 tantas
2442 675 2593 729 vires
2615 674 2831 739 habet;
2857 680 3080 745 quanto
3102 674 3290 739 magis
3322 674 3584 745 illa,quas

1934 762 2193 833 episcopi
2228 769 2316 817 est
2347 769 2404 817 et
2437 763 2616 817 totius
2648 763 2924 819 Ecclesia)
2945 763 2972 818 ?
3002 764 3109 828 Qui
3142 764 3321 836 igitur
3356 764 3416 818 in
3447 778 3586 818 con-

1933 859 2171 907 ventum
2206 870 2326 908 non
2357 854 2536 920 venit,
2570 854 2813 923 hicjam
2862 854 3138 925 superbia
3170 854 3359 909 elatus
3391 860 3498 920 est,
3532 857 3593 908 et

1935 944 2196 1012 seipsum
2254 944 2547 1014 separavit
2596 948 2773 1013 atque
2825 942 3131 1014 judicavit.
3178 943 3473 1014 Scriptum
3502 947 3594 998 est

1935 1029 2141 1085 enim:
2200 1032 2459 1101 Superbis
2519 1033 2656 1087 Deus
2711 1033 2938 1087 resistit.
3001 1030 3355 1089 Studeamus
3413 1031 3595 1104 igitur

1936 1119 2215 1192 episcopo
2246 1121 2688 1191 noniresistere,
2708 1126 2776 1177 ut
2806 1120 2992 1176 simus
3023 1120 3276 1194 subjecti
3307 1120 3444 1177 Deo.

668 1396 757 1451 VI.
789 1397 1113 1466 Respiciatis
1145 1397 1459 1466 episcopum
1482 1400 1542 1450 ut
1573 1394 1853 1450 Christum
1882 1397 2081 1468 ipsum.
2116 1399 2398 1456 Onesimus
2436 1400 2542 1455 hac
2569 1400 2631 1456 in
2660 1418 2721 1457 re
2750 1416 2839 1457 vos
2872 1401 3081 1458 laudat.

234 1489 349 1562 (39)
404 1485 507 1542 Καὶ
560 1486 673 1561 (40)
724 1483 852 1538 ὅσον
905 1481 1100 1557 βλέπει
1146 1503 1231 1545 τις
1285 1486 1397 1557 (41)
1441 1486 1678 1558 σιγῶντα
1710 1481 1827 1537 tui-

163 1597 399 1646 σκοπον,
454 1573 726 1636 πλειόνως
785 1573 946 1627 αὐτὸν
1008 1569 1304 1649 φοϐείσθω⁸
1339 1576 1455 1645 (42)
1486 1571 1657 1627 πάντα
1698 1572 1828 1647 γὰρ,

168 1668 231 1721 ὅν
266 1665 477 1738 πέμπει
508 1665 537 1718 ὁ
586 1660 979 1733 οἰκοδεσπότης
1035 1661 1111 1726 εἷς
1169 1661 1311 1717 ἰδίαν
1370 1661 1709 1731 οἰκονομίαν,
1739 1656 1834 1714 οὕ-

168 1777 285 1817 τως
314 1751 401 1808 δεῖ
431 1756 579 1827 ἡμᾶς
609 1752 769 1807 αὐτὸν
830 1748 1103 1826 δέχεσθαι,
1134 1751 1210 1813 ὠς
1267 1751 1426 1806 αὐτὸν
1453 1751 1547 1806 τὸν
1575 1751 1834 1824 πέμψαν-

174 1865 265 1900 τα.
300 1845 410 1897 Τὸν
465 1843 555 1896 οὖν
616 1841 913 1896 ἐπίσκοπον
955 1839 1126 1911 δῆλον
1184 1842 1269 1895 δτι
1310 1841 1385 1903 ὡς
1414 1837 1575 1894 αὐτὸν
1605 1841 1696 1894 τὸν
1729 1839 1839 1896 Κύ-

2013 1489 2082 1543 Et
2112 1490 2380 1561 quandiu
2402 1492 2535 1563 quis
2559 1493 2903 1564 episcopum
2924 1498 3221 1550 tacentem
3255 1495 3598 1566 videt,tanto

1944 1579 2132 1650 magis
2159 1596 2295 1635 eum
2327 1586 2661 1637 revereatur
2687 1601 2700 1647 ;
2750 1598 3166 1655 quemcunque
3213 1586 3374 1641 enim
3403 1592 3605 1658 pater-

1943 1666 2203 1722 familias
2244 1669 2429 1723 mittit
2478 1669 2550 1725 ad
2599 1670 3045 1737 gubernandum
3097 1673 3380 1729 familiam
3412 1692 3603 1742 suam,

1950 1756 2106 1811 hunc
2138 1757 2220 1811 ita
2249 1758 2516 1829 accipere
2569 1758 2854 1815 debemus
2904 1767 2969 1814 ut
3015 1761 3185 1816 illum
3245 1764 3462 1834 ipsum,
3495 1764 3606 1835 qui

1950 1846 2154 1900 mittit.
2193 1848 2568 1902 Manifestum
2600 1848 2777 1920 igitur
2807 1856 2915 1917 est,
2949 1851 3108 1920 quod
3134 1851 3480 1923 episcopum
3512 1870 3603 1910 re-

181 1954 301 2007 ριον
338 1929 423 1986 δεῖ
450 1934 564 2003 (43)
596 1925 984 2005 προσϐλέπειν.
1041 1929 1222 1993 Αὐτὸς
1279 1929 1375 2002 μὲν
1422 1929 1513 1984 οὖν
1551 1931 1840 1999 Ὀνήσιμος

1993 1950 2183 2005 picere
2215 1941 2487 2006 oporteat
2516 1941 2580 1991 ut
2609 1936 2804 2007 ipsum
2841 1938 3177 1992 Dominum.
3212 1942 3282 1994 Et
3320 1941 3444 2011 ipse
3478 1942 3613 2013 qui-

175 2024 534 2098 ὑπερεπαινεὶ
593 2020 744 2095 ὑμῶν
800 2022 900 2090 τὴν
959 2018 1009 2075 ἐν
1070 2017 1186 2092 Θεῷ
1230 2018 1496 2091 εὐταξίαν,
1529 2015 1842 2081 ὅτιπάντες

180 2112 331 2168 κατὰ
360 2109 622 2182 ἀλήθειαν
658 2116 804 2181 ζῆτε,
863 2110 954 2164 καὶ
1006 2108 1089 2165 ὅτι
1116 2110 1173 2163 ἓν
1209 2108 1337 2183 ὑμῖν
1381 2106 1610 2181 οὐδεμία
1641 2107 1841 2184 αἵρεσις

1047 2197 1064 2230 Ξ

176 2207 451 2262 κατοικεῖ·
500 2199 632 2257 ἀλλ’
681 2197 805 2255 οὐδὲ
846 2197 1067 2255 ἀκούετέ
1113 2220 1262 2263 τινος
1307 2197 1496 2268 πλέον,
1547 2202 1653 2271 (44)
1700 2199 1840 2275 ἢπερ

183 2296 358 2366 Ιησοῦ
387 2294 624 2367 Ῡριστοῦ
655 2289 960 2352 λαλοῦντος
991 2286 1043 2343 ἒν
1073 2286 1324 2361 ἀληθείᾳ.

1958 2023 2091 2078 dem
2124 2024 2437 2079 Onesimus
2470 2042 2652 2097 supra
2698 2026 2938 2082 modum
2988 2027 3190 2083 laudat
3218 2035 3473 2085 vestrum
3505 2031 3610 2085 de-

1953 2120 2186 2167 centem
2218 2112 2602 2186 divinumque
2640 2115 2935 2181 ordinem,
2969 2117 3127 2187 quod
3158 2134 3363 2173 omnes
3395 2136 3613 2174 secun-

1952 2199 2094 2256 dum
2128 2202 2432 2257 veritatem
2464 2203 2690 2271 vivatis,
2715 2210 2772 2258 et
2799 2204 2957 2274 quod
2986 2205 3142 2260 inter
3170 2223 3269 2262 vos
3299 2206 3496 2262 nullus
3529 2209 3607 2263 sit

1948 2289 2162 2345 hasresi
2194 2290 2391 2360 locus;
2420 2291 2524 2347 sed
2554 2309 2748 2363 neque
2779 2293 2996 2349 auditis
3023 2294 3285 2365 aliquem
3317 2297 3598 2368 amplius,

1948 2395 2125 2448 quam
2154 2381 2355 2436 Jesum
2385 2381 2707 2451 Christum,
2738 2383 2839 2453 qui
2878 2381 3141 2454 loquitur
3169 2384 3233 2439 in
3263 2386 3527 2442 veritate.

795 2480 906 2534 VII.
941 2480 1133 2535 Cavete
1162 2480 1231 2534 ab
1260 2478 1534 2533 haereticis
1558 2494 1577 2539 ,ο
1616 2477 1840 2535 σὴνὶειιι

1993 2475 2330 2550 θεάνθρωπος
2357 2509 2426 2520 -—
2453 2495 2596 2534 unus
2626 2479 2861 2536 medicus
2890 2486 2985 2536 est.

246 2586 362 2656 (45)
393 2579 631 2637 Εἰώοασι
684 2579 787 2656 γάρ
837 2598 978 2641 τινες
1028 2575 1179 2652 δόλῳ
1221 2582 1448 2652 πονηρῷ
1480 2580 1592 2647 (46)
1617 2576 1681 2632 τὸ
1711 2574 1839 2630 ὄνο-

182 2693 262 2746 μα
292 2669 620 2747 περιφέρειν,
676 2665 821 2723 ἄλλα
875 2668 996 2723 τινὰ
1054 2667 1378 2742 πράσσοντες
1436 2666 1625 2736 ἀνάξια
1678 2668 1832 2721 Θεοῖν

175 2760 273 2821 οὕς
336 2756 418 2812 δεῖ
477 2757 615 2830 ὑμᾶς
674 2756 748 2817 ὡς
804 2757 919 2829 (47)
979 2754 1142 2829 Θηρία
1197 2752 1485 2811 ἐκκλίνειν.
1548 2754 1700 2811 Εἷσῖν
1733 2754 1836 2829 γὰρ

174 2849 340 2909 κῦνες
372 2845 700 2910 λυσσῶντες,
733 2841 1128 2919 λοιθροδῆιιτοιι⁸
1181 2843 1272 2905 οὕς
1325 2840 1406 2898 δεῖ
1454 2844 1593 2915 ὑμᾶς
1629 2842 1839 2922 φυλάσ-

174 2938 388 3004 σεσθαι,
422 2930 579 2996 ὄντας
639 2934 751 3008 (48)
811 2930 1291 3007 δυσθεραπεᾶτους,
1325 2932 1421 2994 Εἷς
1451 2932 1635 3007 ἱατρός
1667 2930 1834 2999 ἐστιν,

2017 2576 2214 2632 Solent
2245 2578 2404 2633 enim
2436 2579 2712 2634 nonnulli
2745 2580 2902 2636 malo
2935 2579 3068 2637 dolo
3108 2599 3325 2639 nomen
3358 2584 3600 2654 quidem

1945 2666 2349 2729 circumferre,
2373 2667 2491 2722 alia
2512 2668 2786 2737 quadam
2816 2674 3141 2739 patrantes,
3176 2671 3421 2744 indigna
3452 2675 3594 2742 Deo;

1947 2773 2096 2827 quos
2127 2761 2358 2827 oportet
2388 2773 2487 2811 vos
2518 2764 2586 2811 ut
2614 2757 2769 2812 feras
2792 2758 3030 2814 evitare.
3059 2759 3206 2815 Sunt
3230 2762 3392 2817 enim
3424 2779 3603 2819 canes

1947 2844 2323 2912 rabidi,clam
2346 2844 2688 2900 mordentes
2710 2888 2723 2910 ,
2748 2863 2896 2916 quos
2916 2864 2951 2902 a
2972 2847 3133 2901 vobis
3152 2849 3322 2904 vitari
3346 2856 3599 2922 oportet,

1947 2941 2014 2990 ut
2048 2933 2251 2990 morbo
2282 2933 2607 2989 difficulter
2649 2935 2900 2990 curabili
2948 2936 3306 2994 laborantes.
3341 2940 3600 2996 Medicus

181 3020 443 3101 σαρκικός
474 3044 532 3078 τε
587 3022 677 3077 καὶ
733 3023 1123 3096 πνευματικὸς,
1181 3024 1294 3096 (49)
1347 3021 1570 3098 γενητὸς
1595 3020 1835 3097 καίἀγέ-

1993 3029 2142 3079 atem
2167 3039 2320 3078 unus
2345 3028 2454 3088 est,
2479 3029 2537 3077 et
2557 3023 2818 3079 carnalis
2844 3029 2902 3079 et
2933 3024 3283 3096 spiritualis,
3314 3025 3505 3084 factus
3534 3034 3594 3084 et

1653 3123 1818 3177 Vetus
1846 3124 2137 3193 interpres.

169 3225 199 3279 J
209 3240 352 3278 esus
381 3222 649 3278 Christus
678 3221 860 3292 Patri,
890 3225 957 3276 ut
985 3220 1189 3276 omnia
1218 3220 1279 3275 in
1307 3219 1535 3276 unitate
1563 3236 1827 3276 consona
1858 3220 2019 3276 sint?
2042 3219 2249 3276 Nullus
2281 3224 2460 3275 erret.
2485 3219 2542 3274 Si
2575 3220 2709 3291 quis
2739 3237 2859 3276 non
2891 3221 2967 3276 sit
2995 3220 3153 3278 intra
3176 3223 3382 3291 altare,
3405 3223 3603 3296 priva-

180 3320 283 3369 tur
311 3330 468 3385 pane
500 3314 623 3369 Dei.
657 3314 715 3368 Si
746 3312 909 3368 enim
931 3313 1110 3368 unius
1132 3318 1189 3367 ct
1212 3312 1457 3367 alterius
1481 3313 1668 3368 oratio
1688 3317 1913 3367 tantam
1934 3312 2046 3366 vim
2074 3310 2251 3365 habet
2273 3326 2286 3376 ;
2308 3315 2527 3381 quanto
2553 3310 2736 3381 magis
2759 3311 2862 3366 illa
2883 3329 3014 3383 qua)
3042 3313 3301 3386 episcopi
3325 3320 3382 3371 et
3402 3317 3601 3372 omnis

179 3403 469 3460 Ecclesiae
489 3404 518 3457 Ἰ
546 3402 653 3468 Qui
679 3402 859 3475 igitur
887 3418 1007 3458 non
1034 3402 1192 3457 venit
1222 3402 1283 3456 in
1314 3400 1494 3467 idem,
1528 3401 1626 3457 hic
1648 3402 1777 3473 jam
1804 3400 2092 3472 superbit,
2127 3406 2185 3455 et
2214 3400 2478 3471 seipsum
2510 3399 2946 3458 condemnavit.
2982 3401 3273 3475 Scriptum
3302 3410 3393 3460 est
3417 3406 3599 3462 enim:

175 3492 449 3563 Superbis
479 3493 618 3548 Deus
648 3493 876 3550 resistit.
910 3491 1281 3547 Festinemus
1306 3490 1487 3563 igitur
1516 3506 1639 3546 non
1672 3490 1950 3546 resistere
1983 3490 2284 3561 episcopo,
2318 3493 2384 3543 ut
2415 3489 2601 3544 simus
2633 3490 2751 3545 Deo
2784 3490 3056 3562 subjecti.

1726 3588 1956 3643 CAPUT
1991 3587 2077 3643 VI.

263 3690 336 3744 Et
366 3693 657 3760 quantum
686 3687 848 3743 videt
871 3688 1004 3758 quis
1036 3692 1329 3743 tacentem
1362 3686 1727 3758 episcopum,
1761 3686 1896 3756 plus
1951 3684 2144 3757 ipsum
2179 3684 2420 3750 timeat;
2455 3700 2694 3739 onmem
2728 3685 2884 3739 enim
2909 3701 3083 3756 quem
3113 3689 3293 3744 mTitit
3320 3688 3603 3747 dominus

186 3779 407 3834 domus
430 3779 491 3832 in
517 3778 818 3850 propriam
843 3777 1373 3849 dispensationem,
1400 3776 1484 3831 sic
1506 3780 1740 3845 oportet
1760 3791 1869 3829 nos
1891 3775 2085 3845 ipsum
2118 3772 2405 3843 recipere,
2429 3778 2493 3826 ut
2519 3772 2710 3842 ipsum
2739 3774 3095 3831 mittentem.
3119 3777 3472 3849 Episcopum
3495 3781 3608 3851 igi-

186 3876 287 3923 tur
305 3868 712 3937 manifestum,
731 3869 1013 3940 quoniam
1037 3872 1100 3923 ut
1120 3868 1316 3939 ipsum
1341 3867 1656 3920 Dominum
1681 3868 1913 3935 oportet
1935 3863 2251 3934 respicere.
2271 3863 2401 3932 Ipse
2426 3861 2604 3933 igitur
2625 3861 2865 3931 quidem
2888 3864 3201 3920 Onesimus
3221 3869 3607 3939 superlaudat

184 3964 448 4016 vestram
466 3957 731 4013 divinam
755 3957 1226 4023 ordinationem;
1256 3955 1536 4026 quoniam
1559 3969 1767 4009 omnes
1798 3952 2128 4009 secundum
2162 3951 2464 4005 veritatem
2498 3950 2708 4016 vivitis,
2734 3957 2794 4004 et
2816 3953 3097 4021 quoniam
3126 3954 3187 4009 in
3216 3956 3378 4011 vobis
3406 3974 3601 4027 neque

181 4063 307 4103 una
335 4047 579 4102 heresis
603 4046 858 4115 habitat;
892 4046 995 4102 sed
1020 4062 1214 4116 neque
1245 4044 1464 4100 auditis
1495 4043 1755 4113 aliquem
1787 4043 2044 4112 amplius
2076 4056 2253 4111 quam
2281 4039 2481 4094 Jesum
2513 4039 2832 4107 Christum,
2865 4040 3211 4112 loquentem
3242 4044 3303 4098 in
3333 4046 3597 4103 veritate.

1688 4140 1922 4196 CAPUT
1976 4139 2089 4194 νη.

254 4246 702 4301 Consueverunt
730 4244 891 4300 enim
925 4243 1166 4315 quidam
1197 4242 1332 4298 dolo
1364 4240 1520 4297 malo
1552 4256 1770 4295 nomen
1801 4238 2204 4302 circumferre,
2225 4236 2328 4291 sed
2351 4236 2621 4307 quaedam
2646 4243 2958 4308 Operantes
2990 4238 3235 4313 indigna
3263 4242 3414 4298 Deo:
3451 4260 3603 4314 quos

181 4339 424 4406 oportet
453 4349 553 4388 vos
584 4338 650 4387 ut
676 4332 898 4389 bestias
931 4332 1251 4388 declinare.
1290 4332 1440 4386 Sunt
1463 4330 1623 4385 enim
1655 4345 1834 4384 canes
1864 4326 2054 4383 rabidi
2080 4344 2093 4393 ;
2143 4325 2399 4380 latenter
2428 4331 2793 4393 mortentes;
2823 4344 2972 4398 quos
3003 4336 3236 4400 oportet
3264 4348 3367 4387 vos
3398 4331 3600 4389 obser-

181 4443 350 4494 vare,
386 4424 743 4480 exsistentes
774 4424 1016 4480 difﬁcile
1047 4422 1362 4479 curabiles.
1398 4423 1558 4477 Unus
1589 4421 1856 4475 medicus
1904 4424 2012 4483 est,
2063 4416 2318 4471 carnalis
2352 4420 2410 4471 et
2448 4417 2794 4488 spiritualis,
2828 4420 3062 4492 genitus
3099 4426 3158 4477 et
3188 4422 3507 4496 ingenitus,
3540 4425 3603 4481 in

178 4530 366 4571 carne
398 4512 592 4569 factus
624 4515 799 4580 Deus,
823 4514 885 4568 in
918 4512 1241 4569 immortali
1269 4512 1385 4566 vita
1414 4528 1571 4578 vera,
1607 4516 1665 4565 et
1696 4526 1767 4564 ex
1796 4507 1977 4563 Maria
2007 4512 2065 4562 et
2095 4521 2165 4560 ex
2196 4506 2338 4571 Deo,
2371 4505 2563 4576 primo
2595 4506 2893 4578 passibilis
2923 4514 2981 4565 et
3025 4516 3163 4566 tunc
3193 4511 3603 4584 impassibilis,

184 4602 481 4659 Dominus
507 4602 774 4659 Christus
803 4609 1026 4659 noster.

257 4722 274 4755 ι
310 4718 479 4772 Prov.
513 4733 599 4772 ιιι.
633 4717 739 4787 34;
771 4718 890 4774 Jac.
927 4734 998 4788 iv,
1028 4718 1102 4784 6;
1136 4721 1157 4771 Ι
1189 4717 1344 4772 Petr.
1376 4731 1429 4784 v,
1463 4716 1515 4769 5.

254 4841 373 4915 [38)
406 4842 508 4915 ns.
545 4843 703 4897 Οεοῐ).

254 4842 352 4915 [38
406 4842 508 4897 Ms.
545 4843 703 4897 Οεοῖ).

251 4842 373 4986 (39)
413 4913 600 4985 Caput
626 4918 859 4969 sextum
902 4914 964 4968 in
1002 4913 1272 4968 versione
1321 4911 1561 4984 Syriaca
1583 4925 1703 4964 non
1735 4923 1837 4963 ex-

409 5055 494 5110 lta
517 5073 628 5112 ms.
663 5057 818 5113 Editi
848 5056 981 5128 ὅσῳ.
1011 5057 1131 5112 Jac.

256 5128 342 5197 (41
404 5126 448 5182 ι.
486 5144 533 5182 c.
568 5145 689 5183 non
746 5129 1093 5198 punientem
1152 5124 1486 5198 auctoritati

256 5126 371 5198 (41)
404 5126 448 5182 ι.
486 5144 533 5182 c.
568 5145 689 5183 non
746 5126 1093 5200 punientem
1152 5126 1671 5200 auctoritatissuaa
1704 5139 1843 5200 con-

182 5195 538 5325 tigrim—tores.
598 5200 712 5255 Cfr.
746 5195 923 5255 'infra
954 5216 1003 5256 c.
1067 5202 1131 5253 15
1190 5204 1248 5253 et
1296 5198 1370 5253 ad
1417 5196 1671 5261 Philad.,
1705 5195 1842 5249 0.1.

240 5286 404 5325 orna.

240 5286 404 5326 ΟΤΗΕ.

256 5344 374 5410 (42)
410 5342 597 5397 Verbi
656 5342 887 5398 Domini
946 5340 1101 5413 apud
1161 5340 1496 5395 Matthmum
1551 5336 1846 5413 (xxiv,_45)

180 5408 451 5485 lgnatius
482 5424 688 5470 noster
729 5416 803 5470 ad
846 5408 1003 5470 solos
1061 5414 1373 5484 episcopos
1403 5413 1584 5466 refert
1640 5408 1846 5474 ltothe,

181 5501 245 5556 p.
280 5486 408 5539 475.

258 5557 509 5647 ἓῗθηίὲ·
542 5549 915 5647 “Velim?
1225 5625 1499 5647 ..L_-_.___
1554 5622 1643 5647 ,ηε

257 5625 371 5696 (44)
405 5634 512 5682 .‘ns.
548 5625 699 5700 εἴπερ
732 5659 796 5668 -
837 5630 922 5683 sin
966 5625 1171 5700 aliter;
1210 5625 1503 5700 librarius
1550 5625 1710 5678 enim
1744 5636 1849 5676 no-

182 5702 375 5780 ster};
402 5706 464 5780 et
492 5719 539 5780 ει
570 5698 913 5780 permutare
942 5698 1177 5780 gaudet-
1200 5698 1322 5752 ιω.
1343 5767 1355 5780 .

258 5771 372 5843 (45)
404 5769 618 5829 Totum
648 5772 763 5828 hoc
791 5769 971 5843 caput
998 5785 1034 5828 a
1064 5770 1206 5841 Syro
1237 5769 1530 5825 omissum
1561 5769 1672 5822 est.

510 5893 782 5953 ΡΑτειυι.
830 5890 942 5952 GR.
988 5889 1063 5952 V.

2013 4834 2127 4902 (46)
2157 4832 2273 4887 Cfr.
2307 4848 2505 4902 supra,
2541 4849 2590 4887 c.
2624 4836 2678 4900 3,
2714 4841 2820 4890 not
2871 4838 2960 4891 23.

2016 4908 2128 4974 (47;
2159 4906 2275 4959 (fr.
2308 4902 2383 4957 ad
2416 4905 2670 4974 Smyrn.,
2704 4924 2754 4960 c-
2791 4910 2840 4961 4.

2019 4978 2132 5054 (48)
2185 4974 2445 5054 Sensus:
2474 4977 2565 5054 ⁸Ινι
2616 4993 2822 5032 summo
2852 4981 3114 5054 periculo
3168 4988 3333 5054 atque
3381 4992 3601 5041 aeterne

1954 5048 2151 5104 salutis
2178 5061 2287 5101 suae
2318 5046 2633 5120 discrimine
2659 5054 2807 5102 sunt.
2841 5046 2945 5104 Sed
2973 5052 3098 5120 quis
3127 5068 3213 5107 eos
3232 5046 3403 5110 sanet
3422 5060 3451 5110 ?
3478 5059 3599 5112 Non

1956 5120 2224 5195 homines,
2276 5117 2369 5195 sed
2420 5116 2707 5195 Christus;
2753 5121 2862 5189 ipsi
2914 5116 3040 5175 sunt
3084 5125 3450 5195 relinquendi.
3482 5128 3599 5183 Cfr.

1957 5192 2165 5254 Bothe,
2199 5191 2356 5255 Anf.,
2387 5205 2438 5257 p.
2478 5190 2600 5243 767.

2029 5264 2137 5338 (49)
2173 5260 2364 5338 (Ιοόρξ
2399 5259 2777 5338 Florentinus
2836 5262 3015 5318 habet
3061 5270 3118 5318 et
3164 5271 3275 5321 vet.
3311 5269 3604 5338 interpres

1956 5332 2095 5395 ιρμὶι
2147 5330 2401 5407 γεννητὸς
2449 5329 2538 5383 κοιῖ
2600 5331 2906 5407 ἀγέννητος.
2965 5338 3179 5407 genitus
3223 5345 3275 5391 et
3306 5329 3602 5407 ingenitus,

1958 5407 2114 5481 male
2170 5402 2376 5481 Plures
2401 5418 2535 5481 vero
2567 5402 2799 5481 rodires
2836 5402 3514 5481 AtalinasiiqDesyn'odist
3548 5402 3610 5466 in

1959 5476 2239 5554 citatione
2303 5472 2427 5554 loci
2476 5473 2673 5554 hujus.
2704 5477 3196 5554 habent_7tv‘qt'oc
3241 5472 3609 5554 βῑνάγένῃτος,

1959 5549 2140 5613 factus
2172 5549 2230 5629 et
2252 5558 2362 5595 non
2394 5546 2593 5629 factus.
2643 5547 2764 5600 1Αο.
2817 5546 3151 5629 Saepissime
3182 5546 3611 5629 etiam'aiyégyn;

1960 5636 2050 5675 τος
2084 5615 2344 5695 positum
2377 5615 2672 5685 reperitur
2726 5634 2833 5688 pro
2883 5615 3158 5695 ἀῖίένητος.
3197 5615 3611 5682 Suicer.'Thes.

1963 5705 2011 5743 s.
2046 5705 2097 5743 ν.
2130 5686 2469 5760 Ἀγέννητοςο

3287 5884 3361 5944 21
