3932 6304
151 388 262 448 653‘

1333 390 1724 452 EPI~TOLA
1764 390 1871 453 AD
1918 390 2072 455 EPH
2084 386 2321 458 ESlOS.

3408 393 3528 463 654

145 518 216 574 ὅτι
243 520 489 589 ἠξιώθην,
524 517 594 573 δι’
644 520 717 575 ὧν
762 520 974 599 γράφω,
1031 520 1445 594 προσομιλῆσαι
1504 523 1633 594 ὑμῖν
1676 523 1753 578 καῖ

1936 527 2086 582 :ribo
2116 529 2373 599 colloqui
2406 529 2727 587 vobiscum.
2749 536 2807 585 et
2836 531 3011 587 simul
3044 532 3340 604 gaudere;
3373 534 3535 603 quia,

149 613 479 683 συγχαρῆναι,
512 607 597 664 ὅτι
627 610 742 663 κατ’
775 614 883 683 (63)
923 607 1094 666 ἄλλον
1155 610 1279 685 βίον
1312 607 1466 665 οὐδὲν
1497 609 1765 687 ἀγαπᾶτε,

147 697 185 773 εξ
214 699 282 770 μὴ
315 697 471 771 μόνον
504 699 600 753 τὸν
630 699 780 755 Θεόν.

1878 617 2105 673 ratione
2147 619 2394 674 alterius
2444 620 2574 674 vitae
2607 620 2827 688 habita,
2860 620 3012 676 nihil
3043 620 3289 683 diligitis
3316 627 3535 693 praeter

1880 705 2071 761 solum
2103 707 2309 764 Deum.

1141 801 1207 857 X.
1237 803 1403 859 Orate
1424 818 1534 873 pro
1564 803 1712 871 aliis,
1735 804 1856 860 sitis
1885 808 2064 873 mites,
2097 806 2347 877 humiles,
2380 812 2490 864 etc.

163 894 294 952 -Καὶ
351 896 477 971 ὑπὶρ
529 901 636 952 τῶν
696 895 883 954 ἄλλων
939 895 997 954 δὲ
1046 898 1349 974 ἀνθρώπων
1400 897 1765 962 ἀδιαλείπτως

146 984 504 1061 προσεύχεσθε.
538 988 721 1044 Ἔστιν
778 988 885 1063 γὰρ
940 988 992 1043 ἦν
1046 989 1232 1051 αὐτοῖς
1261 986 1420 1050 ἐλπὶς
1454 989 1756 1061 μετανοίας,

143 1070 223 1128 ἵνα
272 1072 398 1130 Θεοῦ
433 1075 693 1151 τύχωσιν.
756 1076 1113 1153 Ἐπ.τρὲψατε
1171 1079 1260 1133 οὗν
1320 1078 1506 1140 αὐτοῖς
1562 1077 1659 1133 κᾶν
1704 1076 1766 1134 ἐκ

144 1166 237 1217 τῶν
277 1157 438 1241 ἔργων
495 1166 621 1240 ὑμῖν
681 1167 1107 1237 μαθητευθῆναι.
1157 1171 1270 1242 (θὶ)
1302 1171 1445 1243 Πρὸς
1475 1169 1570 1232 τὰς
1600 1167 1763 1245 ὀργὰς

145 1253 297 1308 αὐτῶν
354 1255 505 1328 ὑμεῖς
581 1261 794 1331 πραεῖς,
848 1256 984 1332 πρὸς
1042 1258 1135 1320 τάς
1198 1256 1762 1333 μεγαλοῤῥημοσύνας

146 1342 300 1396 αὐτῶν
358 1344 507 1416 ὑμεῖς
562 1345 1000 1421 ταπεινόφρονες,
1052 1347 1187 1421 πρὸς
1245 1346 1339 1408 τάς
1408 1345 1763 1422 βλασφημίας

143 1431 296 1487 αὐτῶν
326 1433 475 1507 ὑμεῖς
531 1435 627 1498 τάς
685 1434 996 1510 προσευχὰς
1052 1438 1182 1508 (65),
1242 1436 1378 1511 πρὸς
1423 1437 1520 1505 τὴν
1552 1435 1761 1506 πλάνην

139 1520 293 1576 αὐτῶν
354 1523 506 1595 ὑμεῖς
540 1526 647 1597 (66)
680 1523 885 1599 ἑδραῖοι
943 1527 1013 1598 τῇ
1072 1525 1268 1595 πίστει,
1318 1526 1457 1600 πρὸς
1484 1525 1548 1580 τὸ
1578 1523 1764 1599 ἄγριον

140 1611 294 1669 αὐτῶν
329 1615 481 1689 ὑμεῖς
508 1612 732 1688 ἥμεροι.
790 1617 882 1685 Mi}
943 1614 1334 1686 σπουδάζοντες
1389 1615 1762 1685 ἀντιμιμήσα·

139 1706 242 1758 σθαι
269 1702 475 1773 αὐτοὺς,
508 1703 739 1782 ἀδελφοὶ
793 1705 970 1760 αὐτῶν
1032 1705 1350 1781 εὑρηθῶμεν
1376 1709 1448 1778 τῇ
1479 1704 1760 1777 ἐπιεικείᾳ·

141 1795 353 1863 μιμηταὶ
384 1789 441 1848 δὲ
467 1798 567 1849 τοῦ
597 1793 800 1870 Κυρίου
848 1791 1240 1868 σπουδάζωμεν
1271 1796 1424 1850 εἶναι.
1458 1793 1563 1868 (τίς
1592 1794 1760 1850 πλέον

135 1884 228 1951 (67)
282 1879 576 1954 ἀδικηθεὶς,
631 1883 714 1946 τίς
771 1882 1183 1955 ἀποστερηθεὶς,
1238 1884 1324 1947 τίς
1381 1883 1760 1956 ἀθετηθείς;)

1947 905 2059 960 Sed
2083 911 2142 961 et
2163 922 2266 977 pro
2285 907 2420 962 aliis
2440 907 2783 964 hominibus
2804 908 3216 965 indesinenter
3238 910 3537 965 orate.Est

1874 993 2030 1049 enim
2050 994 2105 1049 in
2121 995 2267 1066 ipsis
2279 1012 2413 1067 spes
2430 997 3063 1068 pmnitentimmtDeum
3078 999 3528 1055 nanciscantur.

1872 1084 2204 1139 Permittite
2228 1085 2428 1155 itaque
2449 1086 2630 1157 ipsos,
2656 1092 2844 1142 satem
2868 1103 2939 1144 ex
2970 1087 3271 1159 operibus,
3304 1105 3339 1143 a
3362 1087 3529 1143 vobis

1873 1172 2115 1227 erudiri.
2144 1173 2284 1227 Sitis
2302 1190 2404 1229 vos
2424 1174 2704 1230 adversus
2726 1175 2843 1231 iras
2875 1193 3078 1231 eorum
3100 1178 3296 1244 mites,
3320 1175 3527 1232 adver-

1875 1278 1975 1316 sus
2001 1262 2544 1335 magniloquentias
2570 1281 2776 1320 eorum
2797 1266 3055 1321 humiles
3081 1283 3094 1333 ;
3120 1282 3325 1322 eorum
3346 1267 3528 1322 male-

1874 1350 2046 1406 dictis
2067 1352 2346 1423 opponite
2369 1369 2469 1409 vos
2492 1370 2717 1424 preces,
2733 1354 3014 1410 adversus
3034 1371 3297 1411 errorem
3318 1370 3527 1411 eorum

1873 1456 1973 1494 vos
1997 1440 2152 1494 ﬁrmi
2184 1448 2528 1512 permanete
2560 1443 2621 1498 in
2653 1443 3076 1505 ﬁde,adversus
3098 1444 3310 1499 efferos
3330 1460 3526 1500 mores

1873 1528 2112 1584 illorum
2136 1546 2239 1584 vos
2261 1532 2556 1586 mansueti
2588 1533 2870 1587 sitis.Non
2892 1533 3053 1603 ipsos
3075 1539 3283 1589 contra
3307 1531 3529 1587 imitari

1872 1617 2310 1685 conati,fratres
2329 1635 2533 1674 eorum
2558 1620 2933 1675 inveniamur
2952 1638 3060 1692 per
3076 1621 3524 1691 benignitatem;

1874 1706 2202 1762 imitatores
2226 1715 2422 1763 autem
2448 1709 2677 1762 Domini
2700 1709 3047 1764 studeamus
3071 1710 3380 1780 esse,(quis
3404 1726 3527 1765 ma-

1866 1793 2057 1865 jorem
2091 1796 2370 1866 injuriam
2393 1812 2603 1867 passus
2627 1801 2716 1852 est
2742 1813 3031 1868 unquam,
3055 1798 3188 1868 quis
3212 1799 3398 1870 magis
3420 1797 3525 1853 de-

1872 1884 2134 1952 stitutus,
2168 1884 2300 1955 quis
2333 1885 2518 1957 magis
2537 1891 2918 1957 contemptus
2937 1885 2986 1956 ‘2)
3013 1902 3087 1941 ne
3110 1885 3295 1941 herba
3319 1886 3528 1958 aliqua

136 1973 231 2044 (68)
251 1969 338 2027 ’ίνα
371 1975 445 2047 μὴ
479 1978 578 2029 τοῦ
611 1968 873 2029 διαϐόλου
933 1975 1045 2049 (69)
1109 1975 1312 2049 βοτάνη
1366 1994 1452 2035 τις
1483 1972 1676 2049 εὑρεθῇ
1710 1972 1753 2027 ἐν

1936 1973 2088 2029 aboli
2133 1974 2193 2028 in
2223 1973 2388 2029 vobis
2420 1973 2788 2042 inveniatur;
2821 1974 2926 2030 sed
2968 1975 3029 2029 in
3069 1975 3231 2030 omni
3262 1975 3524 2047 puritate

134 2059 263 2133 ὑμῖν·
294 2059 419 2117 ἀλλ’
447 2061 501 2117 ἐν
533 2062 680 2138 πάσῃ
733 2062 921 2140 ἁγνείᾳ
964 2063 1054 2118 καὶ
1096 2063 1415 2143 σωφροσύνῃ
1452 2061 1670 2138 μένητε,
1702 2060 1754 2119 ἐν

127 2148 289 2220 Ἰησοῦ
314 2156 556 2226 Χριστῷ,
590 2155 861 2227 σαρκικῶς
890 2151 981 2207 καὶ
1009 2157 1409 2227 πνευματικῶς.

1865 2067 1926 2118 et
1956 2063 2349 2135 temperantia
2379 2064 2696 2133 maneatis,
2730 2064 2791 2119 in
2836 2065 2975 2119 Jesu
3026 2064 3279 2135 Christo,
3312 2081 3525 2121 carna-

1863 2152 2001 2208 liter
2029 2158 2088 2208 et
2117 2153 2526 2224 spiritualiter.

700 2251 792 2306 XI.
827 2253 1133 2307 Novissima
1152 2251 1278 2322 jam
1301 2258 1428 2307 sunt
1454 2257 1741 2322 tempora;
1789 2250 2076 2305 timeamus
2110 2250 2395 2304 Cominum
2418 2267 2440 2314 ;
2470 2255 2624 2304 orate
2645 2265 2755 2319 pro
2791 2266 2895 2305 me.

181 2346 281 2419 (70)
328 2350 596 2421 Ἐσγατοι
651 2347 834 2421 καιροὶ
892 2354 1005 2420 (71]
1064 2347 1281 2404 λοιπὸν.
1328 2348 1744 2422 Αίσχυνθῶμεν,

121 2428 426 2510 οοὸηθῶμεν
452 2439 555 2507 τὴν
588 2435 960 2512 μακρὸθυμίαν
983 2441 1080 2492 τοῦ
1102 2442 1256 2499 Θεοῦ,
1278 2434 1369 2491 ’ἱνα
1403 2439 1480 2510 μή
1514 2440 1647 2511 ἡμῖν
1674 2436 1748 2498 εἷς

121 2527 274 2594 κρῖμα
300 2526 544 2599 γενηται.
579 2525 651 2582 Ἠ
677 2526 777 2601 γὰρ
811 2527 908 2595 τήν
944 2523 1255 2598 μέλλουσαν
1287 2526 1457 2603 ὀργὶ,ν
1492 2521 1743 2602 φοϐηθῶ-

124 2631 225 2684 μεν,
277 2615 311 2684 ἢ
365 2617 463 2686 τὴν
526 2614 820 2671 ἐνεστῶσαν
870 2616 1030 2692 χάριν
1095 2618 1480 2692 ἀγαπήσωμεν⁸
1540 2620 1650 2687 (72)
1696 2612 1750 2675 ’έν

116 2704 208 2755 τῶν
240 2698 349 2760 δύο.
382 2703 568 2760 Μόνον
609 2702 662 2758 ἐν
710 2705 930 2779 Χριστῷ
986 2707 1168 2776 Ἰησοῦ
1225 2706 1537 2779 εὑρεηῆναι,
1573 2705 1649 2766 εἷς
1682 2706 1744 2758 τὸ

118 2788 351 2860 ἀληθινὸν
384 2797 502 2866 ζῇν.
540 2793 723 2868 Χωρῖς
771 2794 968 2849 τούτου
1026 2791 1194 2867 μηδὲν
1229 2794 1359 2866 ὑμῖν
1391 2794 1663 2869 πρεπὲτω,
1697 2792 1749 2848 ἐν

116 2880 156 2949 ᾧ
181 2882 242 2936 τὰ
269 2881 436 2956 δεσμὰ
465 2882 767 2962 περιφέρω,
798 2884 927 2946 τοὺς
956 2884 1358 2957 πνευματικοὺς
1395 2887 1509 2956 (73)
1545 2903 1750 2958 μαργα-

117 2970 273 3041 ρίτας,
330 2970 381 3027 ἐν
443 2975 529 3034 οἷς
590 2971 803 3049 γένοιτό
865 2995 961 3045 μοι
1017 2972 1308 3043 ἀναστῆναι
1367 2977 1437 3048 τῇ
1468 2976 1751 3047 προσευχῇ

118 3058 270 3129 ὑμῶν,
299 3062 365 3130 ἦς
416 3057 632 3138 γένοιτό
696 3082 789 3136 μοι
833 3062 917 3117 ἀεὶ
952 3060 1187 3140 μέτοχον
1220 3063 1373 3135 εἶναι,
1399 3062 1492 3118 ’ἱνα
1521 3062 1574 3118 ἐν
1608 3060 1747 3132 κλή-

112 3165 181 3219 ρῳ
234 3150 490 3227 Ἐρεσίων
550 3151 757 3226 εὑρεθῶ
815 3155 920 3207 τῶν
974 3152 1339 3227 Χριστιανῶν,
1394 3152 1448 3208 οἳ
1501 3152 1746 3214 καὶτοῖς

1933 2349 2259 2403 Novissima
2277 2351 2403 2418 jam
2438 2353 2577 2402 sunt
2606 2354 2891 2419 tempora.
2927 2349 3320 2404 Revereamur
3350 2354 3409 2403 et
3439 2347 3514 2403 ti-

1862 2452 2130 2492 meamus
2164 2438 2261 2494 Dei
2290 2437 2826 2509 longanimitatem,
2848 2454 2921 2497 ne
2944 2438 3002 2492 in
3022 2438 3317 2510 judicium
3341 2438 3516 2494 nobis

1863 2527 2049 2582 cedat.
2082 2529 2199 2581 Aut
2226 2527 2383 2582 enim
2412 2525 2674 2582 futuram
2709 2527 3024 2584 timeamus
3051 2528 3220 2589 iram,
3243 2535 3346 2583 aut
3365 2545 3512 2598 pra)-

1864 2622 2091 2670 sentem
2124 2616 2371 2687 gratiam
2396 2614 2749 2686 diligamus;
2778 2631 2962 2671 unum
2989 2633 3059 2671 ex
3090 2616 3517 2672 duobusModo

1864 2705 1925 2758 in
1951 2704 2181 2758 Christo
2211 2705 2349 2758 Jesu
2381 2703 2851 2772 inveniamur,ad
2882 2720 3087 2760 veram
3119 2704 3297 2759 vitam
3330 2706 3520 2759 viven-

1865 2794 2023 2850 dam.
2061 2795 2197 2849 Sine
2228 2794 2357 2866 ipso
2422 2794 2575 2849 nihil
2632 2812 2734 2849 vos
2791 2795 3018 2862 deceat,
3050 2795 3112 2849 in
3146 2811 3261 2865 quo
3289 2794 3522 2851 vincula

1867 2884 2222 2940 circumfero
2253 2884 2593 2955 spirituales
2611 2884 2975 2956 margaritas,
2999 2884 3062 2939 in
3089 2885 3309 2954 quibus
3331 2900 3521 2939 resur-

1866 2990 2001 3046 gere
2025 2974 2172 3029 mihi
2195 2973 2500 3045 contingat
2520 2973 2788 3051 oratione
2813 2979 3026 3040 vestra,
3054 2974 3224 3044 cujus
3251 2989 3346 3029 me
3378 2980 3517 3044 opto

1866 3080 2104 3135 semper
2127 3063 2253 3117 fieri
2278 3063 2650 3134 participem,
2672 3069 2740 3117 ut
2763 3062 3031 3119 inveniar
3050 3062 3111 3117 in
3143 3068 3299 3119 sorte
3319 3062 3517 3134 Ephe-

1867 3153 2092 3208 siorum
2151 3152 2642 3217 Christianorum,
2677 3151 2778 3223 qui
2836 3157 2896 3207 et
2951 3151 3239 3223 apostolis
3279 3167 3518 3223 semper

116 3235 425 3302 ἀποστόλοις
482 3239 719 3295 πάντοτε
800 3239 1089 3315 συνῄνεσαν
1145 3240 1199 3297 ἐν
1260 3239 1516 3316 δυννάμει
1571 3243 1752 3312 Ἰησοῦ

1938 3248 2304 3297 nsenserunt
2334 3242 2395 3297 in
2426 3241 2640 3297 virtute
2671 3242 2808 3297 Iesu
2829 3241 3063 3297 Christi.

114 3323 354 3402 Χριστοῦ.

1550 3432 1718 3487 Vetus
1752 3435 2047 3503 interpres.

154 3526 317 3603 uibus
336 3535 407 3603 et
437 3529 753 3587 exsultans
783 3529 1161 3603 digniﬁcatus
1184 3547 1344 3603 sum.
1368 3547 1485 3603 per
1513 3548 1644 3602 quae
1695 3532 1910 3601 scribo,
1961 3529 2185 3602 alloqui
2231 3528 2419 3598 vobis,
2453 3534 2514 3586 et
2542 3528 2915 3602 congaudere
2940 3544 2956 3597 ;
2989 3529 3272 3602 quoniam
3302 3546 3517 3588 secun-

117 3542 317 3653 guinus
348 3542 407 3586 et
437 3542 753 3587 exsultans
783 3542 1161 3603 digniucatus
1182 3547 1344 3607 sum.
1378 3547 1485 3602 per
1513 3548 1644 3602 quae
1695 3549 1722 3587 s

154 3616 244 3654 um
270 3601 447 3658 aliam
480 3603 666 3658 vitam
693 3602 844 3658 nihil
871 3602 1119 3675 diligitis
1149 3602 1263 3658 nisi
1297 3602 1486 3658 solum
1519 3605 1723 3659 Deum.

1644 3722 1871 3777 CAPUT
1916 3720 1982 3775 X.

180 3818 285 3873 Sed
315 3824 373 3875 et
402 3836 513 3891 pro
547 3818 680 3874 aliis
727 3818 1074 3874 hominibus
1122 3817 1536 3874 indesinenter
1579 3819 1764 3875 Deum
1816 3817 2017 3891 oratis.
2071 3816 2377 3891 Est__enim
2419 3815 2499 3891 _in_
2540 3814 2682 3891 ipsis
2713 3831 2847 3886 spes
2878 3816 3261 3886 poenitentiae,
3295 3819 3515 3891 utADeo

113 3886 421 3956 potiantur:
453 3893 689 3947 Monete
722 3892 900 3961 igitur
928 3892 1090 3962 ipsos
1123 3892 1332 3945 saltem
1367 3906 1433 3944 ex
1468 3892 1746 3962 operibus
1777 3889 2004 3962 aivobis
2055 3886 2298 3962 erudiri.
2353 3886 2437 3940 Ad
2488 3887 2605 3941 iras
2640 3886 2925 3962 _ipsorum_
2961 3902 3060 3941 vos
3093 3888 3404 3962 mansueti.
3438 3891 3513 3944 ad

114 3962 509 4033 magniloquia
533 3956 874 4018 eorum‘vos
906 3956 1159 4017 humilia
1189 3956 1522 4033 sapientes;
1542 3962 1613 4016 ad
1647 3961 2046 4033 blasphemias
2080 3961 2478 4033 ipsorumvos
2505 3957 2821 4033 orationes.
2855 3956 2929 4011 ad
2960 3974 3218 4033 errorem
3249 3959 3515 4033 ipsorum

113 4028 556 4110 vos'firmi—ﬁde,
588 4033 660 4089 ad
691 4039 922 4110 agreste
954 4034 1219 4110 ipsorum
1252 4028 1363 4088 vos.
1384 4028 1700 4110 mansueti.
1728 4028 1853 4110 l-Von
1881 4028 2230 4110 festinantes
2262 4029 2480 4110 imitari
2516 4029 2694 4109 ipsos,
2724 4028 2934 4110 fratres
2960 4029 3224 4110 ipsorum
3257 4028 3517 4110 invenia-

110 4116 232 4157 mur
261 4105 318 4159 in
344 4099 851 4161 mansuetudine:
882 4099 1210 4159 imitatores
1241 4110 1438 4160 autem
1474 4105 1575 4159 Dei
1623 4103 1967 4159 studeamus
2000 4118 2127 4156 esse
2155 4118 2167 4167 ;
2207 4100 2365 4171 (quis
2396 4099 2527 4171 plus
2560 4099 2847 4169 injustum
2881 4102 3158 4170 patiatur,
3188 4100 3319 4170 quis
3348 4101 3513 4155 frau-

108 4173 285 4239 detur,
320 4178 455 4247 quis
488 4179 978 4243 contemnatur?)
1008 4182 1075 4231 ut
1104 4193 1226 4230 non
1259 4176 1483 4247 diaboli
1508 4176 1693 4230 herba
1723 4175 1864 4247 quis,
1888 4173 2224 4247 inveniatur
2254 4173 2316 4225 in
2347 4171 2535 4239 vobis,
2560 4171 2663 4224 sed
2694 4171 2754 4224 in
2789 4171 2952 4226 omni
2975 4171 3244 4226 castitate
3274 4176 3333 4227 et
3362 4178 3511 4227 tem-

106 4245 361 4314 perantia
391 4247 711 4316 maneatis,
745 4249 806 4302 in
835 4249 975 4303 Jesu
1003 4247 1255 4314 Christo,
1290 4246 1608 4302 carnaliter
1637 4253 1696 4302 et
1726 4245 2133 4317 spiritualiter.

1621 4361 1850 4416 CAPUT
1897 4361 1986 4415 ΧΙ.

166 4459 436 4520 Extrema
468 4467 740 4536 tempora
765 4479 792 4536 :_
811 4460 882 4516 de
909 4466 1120 4536 caetero
1148 4460 1616 4536 verecundemur
1647 4464 1704 4536 et
1735 4459 2047 4514 timeamus
2078 4454 2589 4536 longanimitatem
2623 4455 2726 4511 Dei
2753 4474 2765 4522 ;
2800 4459 2866 4509 ut
2894 4469 3013 4536 non
3045 4453 3219 4509 nobis
3262 4454 3323 4536 in
3347 4453 3512 4536 judi-

104 4530 246 4588 cium
279 4535 397 4590 fiat.
439 4535 542 4590 Vel
577 4526 738 4589 enim
772 4534 1029 4588 futuram
1062 4533 1211 4587 iram
1242 4533 1581 4598 timeamus,
1605 4531 1695 4585 vel
1715 4536 2067 4602 praesentem
2092 4526 2339 4602 gratiam
2361 4527 2717 4602 diligamus;
2746 4542 2929 4602 unum
2953 4526 3206 4602 duorum
3237 4526 3425 4602 solum
3449 4526 3510 4602 in

103 4602 315 4661 Christo
342 4608 485 4662 Jesu
517 4605 840 4671 invenitur,
874 4606 935 4659 in
967 4621 1168 4659 verum
1200 4605 1411 4659 vivere.
1452 4604 1587 4658 Sine
1620 4598 1747 4674 ipso
1779 4601 1929 4657 nihil
1974 4616 2071 4654 vos
2121 4599 2364 4665 deceat;
2416 4599 2477 4653 in
2518 4615 2634 4669 quo
2660 4598 2896 4653 vincula
2924 4598 3300 4666 circumfero,
3334 4598 3511 4671 spiri-

163 4750 342 4817 {63).1.
396 4767 448 4804 e.
515 4749 843 4823 secundum
898 4748 1050 4823 hanc
1107 4750 1286 4803 vitam
1327 4747 1742 4811 Christianam,
1783 4752 1824 4815 ι)
1857 4763 2039 4823 σονται
2072 4745 2222 4823 (cap.
2260 4745 2326 4796 14
2355 4742 2515 4823 circa
2546 4741 2673 4810 fin.)
2706 4741 2922 4823 desunt
2950 4741 3108 4812 apud
3139 4742 3371 4823 Syrum.

100 4834 219 4888 quas
248 4822 363 4876 alia
394 4828 489 4877 est
521 4838 559 4875 a
589 4821 867 4876 naturali.
905 4821 1090 4874 Sami.

162 4893 268 4962 (64)
302 4893 513 4949 Lineas
550 4900 869 4962 sequentes
920 4892 1097 4961 Syrus
1146 4891 1331 4963 magis
1371 4890 1446 4946 ad
1478 4907 1743 4955 sensum,

98 4978 263 5031 quam
296 4965 370 5020 ad
401 4966 669 5020 litteram
702 4965 1125 5034 interpretatus
1157 4969 1264 5017 est.

162 5037 266 5105 (63)
296 5037 479 5091 Deest
508 5036 816 5107 quidpiam
988 5032 1405 5107 absolvendum
1434 5032 1743 5107 ‘syntaxin.

96 5103 486 5177 Interpolator
519 5103 703 5163 habet
732 5105 1054 5174 ἆντιτάξατε,
1090 5105 1249 5176 quod
1280 5122 1399 5159 non
1429 5103 1745 5159 inconcin—

96 5191 232 5231 num
264 5179 517 5236 videtur.
556 5180 749 5235 Sarra.

157 5250 267 5321 (66)
301 5251 418 5306 Cfr.
455 5251 686 5305 Coloss.
722 5267 757 5315 ι,
786 5252 872 5303 23.

158 5319 268 5389 (67)
302 5323 387 5377 [ta
417 5322 675 5378 minima
705 5321 1034 5376 mutatione
1066 5319 1380 5385 legendum
1405 5322 1545 5389 puto
1572 5333 1584 5383 ;
1611 5334 1744 5372 nam

98 5388 447 5464 ms._habet:
507 5388 781 5464 damma?!
829 5392 1211 5464 ἀποστερηθεῖ,
1254 5388 1522 5464 ἀθετηθεζ.
1560 5389 1745 5464 Mark-

94 5458 301 5536 landus
359 5458 979 5536 conjicit,'i;39xj/,0g,
1024 5458 1424 5536 _’&aearep'/,0ng
1479 5460 1748 5536 ἧοξῖιῖθῃ.

95 5532 227 5609 llaec
248 5532 805 5609 verbaparenthesi
838 5533 1201 5591 includenda
1232 5532 1382 5601 esse,
1402 5533 1531 5606 jam
1565 5532 1753 5588 Mark-

95 5601 303 5662 landus
331 5601 506 5664 vidit.

158 5678 272 5752 (68)
299 5678 424 5736 Ἵνα
458 5676 542 5751 μὴ
570 5681 669 5732 τοῦ
700 5670 965 5733 διαϐόλου
995 5697 1049 5736 κ.
1081 5696 1131 5739 1,.
1168 5673 1223 5732 λ.
1260 5692 1451 5748 usque
1481 5673 1556 5732 ad
1588 5672 1756 5749 ὀφθή-

1930 4818 2038 4897 ι69(
2082 4812 2232 4868 llaec
2287 4813 2637 4885 metaphora
2695 4814 2911 4884 saepius
2959 4812 3219 4868 occurrit
3256 4812 3415 4884 apud
3444 4814 3505 4869 S.

1855 4889 2269 5028 Ιμῗέὲίυϐῐὲρὶιε
2302 4956 2457 5009 11-13
2492 4954 2630 5009 incl.
2678 4954 2740 5008 in
2787 4953 3053 5009 versione
3105 4954 3342 5027 Syriaca
3384 4972 3507 5012 non

1856 5031 2359 5173 leiglltg‘mithius
2419 5102 2476 5151 et
2528 5094 2892 5152 Jacobsonus
2948 5101 3084 5150 ante
3126 5092 3319 5149 λοιπόν
3351 5113 3506 5167 pun.

1862 5170 2031 5229 ctum'
2054 5170 2227 5225 colon
2260 5175 2503 5239 ponunt.

1932 5246 2043 5305 (72l
2079 5245 2142 5296 In
2198 5238 2502 5296 l’a'rallelis~
2572 5238 2971 5293 Damasreiiicis

1863 5320 2050 5369 exstat
2083 5315 2496 5384 fragmentum.
2533 5309 2687 5382 quod
2723 5312 2877 5384 hunc
2923 5308 3118 5384 locum
3151 5309 3196 5384 si
3228 5309 3505 5384 exhibet;

1862 5377 2260 5458 Ἀγαπήσουῇεν
2316 5379 2367 5434 ἓν
2422 5386 2501 5452 τῷ
2552 5377 2660 5434 ’νῦν
2743 5380 2866 5458 βίῳ,
2904 5380 3098 5458 ,μόνον
3158 5377 3209 5430 ἐν
3262 5382 3508 5458 ,Χριστῷ

1863 5449 2424 5527 Ἰησοῦλεὺρεθᾼῶμεν⁸
2463 5449 2629 5508 GALL.
2693 5449 2779 5507 Ad
2818 5449 3180 5507 inﬁnitivum
3226 5449 3511 5527 εὑρεθῆναι

1862 5520 2214 5585 subauditur
2243 5520 2346 5589 δεῖ,
2379 5528 2446 5578 ut
2479 5541 2657 5594 saepe.

1932 5602 2043 5672 (73)
2074 5597 2189 5653 Cfr.
2222 5596 2421 5666 Polyc.
2455 5594 2531 5650 ad
2559 5593 2736 5666 Phil.,
2768 5611 2820 5650 c.
2856 5600 2906 5651 1.

3052 5238 3509 5308 Rupefucaldinis
