3932 6304
143 452 271 518 969

1374 450 1756 512 EPISTULA
1805 452 1911 511 AD
1958 451 2009 511 Μ
2022 452 2442 517 AGNESIOS.

3460 430 3585 515 670‘

1155 586 1297 645 VIII.
1324 587 1523 646 Cavete
1560 603 1597 643 α
1639 586 1808 657 falsis
1843 586 2113 646 doctrinis
2139 592 2579 648 Judaizantium.

214 690 329 765 (47)
365 689 455 756 Μὴ
487 689 763 743 πλανᾶσθε
791 691 910 749 ταῖς
959 681 1321 761 ἱτεροδοξίαις
1383 681 1527 757 μηδὲ
1557 688 1671 758 (4-8)
1707 706 1807 758 μοι

1998 690 2078 744 Ne
2109 690 2704 747 seducaminialienis
2735 687 3253 759 doctrinis.neque
3275 687 3576 744 veteribus

147 778 414 852 θύμασιν
444 782 565 837 τοῖς
624 775 903 844 παλαιοῖς,
962 774 1294 855 ἆνωφελὲσιν
1352 774 1521 828 οὖσιν.
1585 773 1648 831 Εἰ
1708 774 1810 848 γὰρ

148 880 321 943 μεχρι
346 869 436 920 νῦν
467 865 605 920 κατᾶ
632 867 746 938 (49)
777 865 997 940 [νόμον]
1031 859 1372 935 Ἰουδαὶσμὸν
1428 867 1628 937 ζῶμεν,
1665 862 1809 935 ὁμο-

147 959 431 1030 Λογοῦμει
460 955 622 1029 χάριν
660 955 738 1028 μὴ
771 951 1076 1030 εἰληφέναι.
1121 954 1184 1006 Οἱ
1239 953 1343 1028 γὰρ
1372 952 1638 1007 θειότατοι
1670 971 1812 1027 προ-

148 1053 324 1124 (θῆται
354 1045 493 1099 κατά
522 1043 758 1114 Χριστὸν
811 1043 1020 1112 Ἰησοῦν
1071 1038 1286 1111 ἔζησαν.
1348 1041 1444 1096 Διὰ
1502 1044 1665 1096 τοῦτο
1720 1041 1811 1097 καὶ

150 1131 525 1210 ἐδιώχθησαν,
558 1131 923 1207 ἐμπνεόμενοι
968 1131 1073 1187 ὑπὸ
1102 1138 1202 1201 τῆς
1240 1131 1471 1205 χάριτος
1512 1131 1701 1192 αὐτοῦ.
1733 1129 1810 1194 εἷς

142 1225 210 1280 τὸ
240 1221 747 1300 πληροφορηθῆναι
804 1221 933 1283 τοὺς
991 1221 1370 1289 ἀπειθοῦντας,
1429 1218 1512 1276 ὅτι
1571 1222 1650 1284 εἷς
1681 1220 1813 1283 Θεός

142 1312 317 1382 ἐστιν,
361 1313 389 1367 ὁ
421 1310 736 1393 φανερώσας
794 1311 982 1366 ἑαυτὸν
1043 1307 1132 1365 διὰ
1191 1311 1370 1380 Ἰησοῦ
1425 1311 1660 1379 Χριστοῦ
1715 1313 1814 1365 τοῦ

146 1404 286 1458 Υἳοῦ
318 1399 507 1473 αὐτοῦ,
564 1400 625 1463 ὃς
677 1399 821 1455 ἐστιν
873 1399 1040 1455 αὐτοῦ
1098 1399 1272 1475 Λόγος
1314 1396 1511 1467 ἀΐδιος,
1553 1400 1652 1454 οὐκ
1707 1399 1814 1454 ἀπὸ

142 1493 261 1565 (50)
293 1496 454 1565 σιγῆς
486 1487 793 1565 προελθὼν,
824 1486 882 1550 ὅς
914 1487 1050 1544 κατὰ
1104 1489 1281 1543 πάντα
1321 1486 1677 1563 εὖηρέστησεν
1735 1490 1816 1561 τῷ

142 1578 430 1655 πέμψαντι
460 1577 646 1634 αὐτόν.

1921 776 2306 850 fabulis,quze
2337 779 2819 836 suntinutiles.Si
2853 778 3012 833 enim
3048 778 3437 849 adhucjuxta
3467 777 3578 849 [le-

1920 870 2078 938 gem]
2101 868 2471 925 Judaismum
2502 869 2768 934 vivimus,
2803 868 3295 929 contitemurmos
3325 867 3574 939 gratiam

1920 972 2040 1011 non
2074 958 2777 1029 accepisse.Divinissimi
2798 974 3055 1029 namque
3089 957 3578 1029 propheteujuxta

1916 1046 2119 1101 Jesum
2156 1046 2453 1103 Christum
2477 1047 2857 1102 vixerunt.0b
2875 1046 2988 1101 hoc
3020 1051 3078 1101 et
3096 1047 3575 1119 persecutionem

1920 1135 2079 1208 passi
2113 1140 2272 1202 sunt,
2304 1136 2494 1209 gratia
2522 1136 2711 1208 ipsius
2741 1135 3127 1208 inspiratiut,
3160 1136 3258 1208 qui
3290 1135 3575 1192 erantin-

1922 1224 2171 1293 creduli,
2202 1227 2346 1281 certi
2378 1224 2788 1293 redderentur,
2812 1224 2970 1296 quod
2998 1241 3153 1280 unus
3183 1225 3260 1279 sit
3290 1225 3573 1296 Deus.qui

1924 1314 2186 1385 seipsum
2218 1314 2678 1371 manifestaverit
2709 1330 2813 1387 per
2830 1314 3029 1369 Jcsum
3042 1313 3335 1369 Christum
3358 1314 3573 1370 Filium

1926 1420 2121 1470 suum,
2145 1404 2244 1475 qui
2277 1410 2365 1459 est
2398 1404 2647 1463 Verbum
2682 1404 2811 1474 ejus
2841 1408 3149 1467 internum,
3185 1420 3306 1458 non
3337 1410 3469 1475 post
3503 1404 3576 1458 si-

1924 1491 2177 1548 lentium
2209 1492 2615 1566 progrediens,
2671 1493 2893 1565 quique
2924 1492 2986 1548 in
3035 1492 3312 1548 omnibus
3343 1493 3417 1560 ei,
3473 1491 3574 1563 qui

1924 1579 2121 1654 ipsum
2151 1581 2415 1654 miserat,
2446 1581 2826 1655 complacuit.

1410 1678 1504 1734 IX.
1535 1678 1797 1734 Vivamus
1835 1696 1956 1735 cum
1986 1680 2223 1739 Christo.

219 1776 411 1833 Εἱοῦν
474 1776 525 1829 οἱ
579 1772 633 1829 ἐν
693 1775 810 1849 (51)
867 1772 1129 1836 παλαιοῖς
1187 1774 1499 1850 πράγμασιν
1556 1773 1819 1850 ἀναστρα-

147 1865 343 1946 φέντες
375 1863 454 1925 εἷς
477 1863 771 1933 καινότητα
834 1858 1060 1925 ἐλπίδος
1119 1861 1315 1932 ἦλθον,
1376 1861 1574 1935 μηκέτι
1604 1858 1812 1918 σαϐϐα-

1991 1777 2047 1832 Si
2080 1777 2278 1850 igitur,
2308 1779 2408 1849 qui
2440 1779 2502 1834 in
2533 1778 2712 1834 veteri
2765 1796 2968 1836 rerum
3002 1778 3211 1835 ordine
3261 1780 3571 1853 degerunt,

1923 1866 1998 1922 ad
2026 1884 2239 1922 novam
2280 1883 2444 1938 spem
2476 1874 2894 1940 pervenerunt,
2924 1886 3045 1924 non
3074 1868 3328 1940 amplius
3361 1870 3576 1925 Subba-

145 1926 606 2023 τίζοντες,ἆλλὲι
660 1953 798 2007 κατὰ
855 1953 967 2026 (52)
1028 1953 1269 2025 Χυριακὴ
1305 1953 1451 2023 ζωὴν
1487 1957 1702 2021 ζῶντες,
1757 1951 1810 2007 ἐν

1998 1971 2050 2009 m
2075 1954 2653 2028 colentes,sedjuxta
2678 1957 3043 2012 Dominicam
3074 1957 3354 2025 viventes,
3380 1959 3442 2012 in
3460 1975 3577 2028 qua

139 2044 182 2115 ᾖ
212 2043 307 2097 καὶ
339 2045 373 2111 ἡ
408 2042 524 2112 ζωὴ
558 2042 722 2113 ἡμῶν
750 2039 1025 2096 ἀνέτειλεν
1061 2038 1130 2095 δι’
1164 2041 1334 2096 αὐτοῦ
1385 2042 1474 2096 καὶ
1525 2045 1622 2096 τοῦ
1655 2041 1820 2097 θανά-

148 2152 254 2188 του
305 2129 472 2185 αὐτοῦ
528 2160 593 2173 -
652 2126 711 2184 ὅν
764 2150 908 2192 τινες
961 2131 1273 2204 ἀρνοῦνται,
1310 2126 1379 2184 δι’
1421 2130 1483 2184 οὗ
1514 2129 1818 2205 μυστηρίου

144 2214 431 2292 ἐλάϐομεν
480 2217 544 2274 τὸ
582 2216 876 2285 πιστεύειν,
934 2219 1026 2273 καὶ
1085 2215 1174 2274 διὰ
1228 2222 1392 2275 τοῦτο
1450 2219 1817 2293 ὑπομένομεν,

141 2311 239 2365 ἳνα
293 2310 607 2383 εὗρεθῶμεν
671 2307 911 2381 μαθηταὶ
962 2310 1143 2380 Ἰησοῦ
1197 2309 1436 2384 Χριστοῦ
1492 2311 1590 2363 τοῦ
1649 2309 1818 2382 μόνου

146 2395 493 2454 διδασκάλου
532 2398 717 2471 ἡμῶν,
751 2429 817 2440 -
850 2400 969 2459 πῶς
1025 2398 1191 2469 ἡμεῖς
1251 2393 1594 2468 δυνησόμεθα
1658 2402 1820 2467 ζῆσαι

150 2487 341 2563 χωρὶς
370 2476 559 2554 αὐτοῦ,
591 2486 655 2540 οὗ
697 2486 787 2541 καὶ
845 2486 903 2540 οἱ
934 2493 1211 2563 προφῆται
1271 2487 1503 2559 μαθηταὶ
1534 2484 1683 2548 ὄντες
1739 2492 1819 2558 τῷ

151 2579 435 2651 πνεύματι
463 2576 538 2637 ὡς
572 2573 900 2632 διδάσκαλον
927 2575 1094 2632 αὐτὸν
1151 2573 1519 2653 προσεδόκουν
1551 2597 1566 2645 ;
1592 2572 1697 2634 ’Καὶ
1731 2575 1820 2632 διὰ

148 2671 348 2736 τοῦτο,
374 2667 435 2721 ’ὸν
468 2662 695 2728 δικαίως
727 2667 1010 2739 ἀνέμενον,
1040 2667 1229 2743 παρὼν
1260 2667 1480 2743 ἤγειρεν
1537 2665 1732 2731 αὐτοὺς
1760 2665 1821 2722 ἐκ

151 2756 370 2831 νεκρῶν
402 2755 442 2811 ³.

1924 2050 1983 2099 et
2002 2044 2121 2100 vita
2151 2049 2356 2100 nostra
2377 2051 2579 2101 exorta
2601 2051 2690 2101 est
2704 2046 3015 2118 peripsum
3037 2050 3097 2102 et
3115 2052 3365 2101 mortem
3387 2047 3574 2118 ipsius

1927 2135 2126 2205 (quam
2160 2133 2400 2205 quidam
2433 2140 2671 2205 negant,
2701 2151 2808 2207 per
2837 2136 2994 2207 quod
3018 2137 3363 2208 mysterium
3396 2136 3576 2192 ﬁdem

1927 2223 2292 2297 accepimus,
2324 2229 2384 2278 et
2410 2230 2654 2296 propter
2685 2224 2796 2279 hoc
2825 2225 3208 2287 sustinemus,
3230 2226 3582 2282 utinvenia-

1928 2329 2062 2369 mur
2093 2312 2369 2384 discipuli
2398 2314 2538 2369 Jesu
2568 2312 2808 2373 Christi.
2845 2314 3027 2370 solius
3058 2314 3317 2370 doctoris
3346 2315 3579 2385 nostri),

1927 2402 2226 2475 quomodo
2267 2418 2378 2458 nos
2420 2402 2750 2475 poterimus
2801 2402 2993 2459 vivere
3038 2404 3167 2459 sine
3217 2405 3369 2475 ipso,
3402 2421 3580 2475 quem

1927 2493 2106 2548 etiam
2131 2492 2455 2564 prophetas,
2482 2507 2617 2548 cum
2647 2498 2847 2548 essent
2875 2492 3088 2565 spiritu
3121 2493 3396 2565 discipuli
3428 2493 3581 2565 ejus,

1927 2588 1995 2638 ut
2022 2582 2327 2637 doctorem
2359 2580 2825 2653 exspectabant?
2846 2583 2916 2636 Et
2944 2588 3185 2653 propter
3205 2583 3313 2638 hoc
3334 2583 3383 2637 is
3403 2598 3581 2654 quem

1929 2670 2777 2744 praestolabantur,adveniens
2798 2671 3102 2726 suscitavit
3132 2671 3295 2742 ipsos
3319 2687 3392 2727 ex
3424 2688 3583 2727 mor-

1929 2759 2067 2814 tuis.

1517 2856 1583 2913 X.
1608 2857 1787 2913 Nolite
1804 2858 2121 2929 judaizare.

234 2963 327 3028 Μή
359 2960 451 3016 οῦν
480 2960 891 3032 ὼαισθητῶμεν
920 2960 1025 3030 (53)
1055 2964 1157 3029 τῆς
1211 2956 1596 3034 χρηστότητος
1627 2956 1815 3016 αὐτοῦ.

1998 2959 2169 3016 Absit
2199 2976 2334 3033 ergo
2359 2977 2394 3016 a
2421 2960 2614 3027 nobis,
2634 2977 2757 3017 non
2788 2960 3009 3017 moveri
3029 2959 3393 3035 benignitate
3425 2959 3583 3030 ejus.

147 3053 260 3110 ’Ἂν
295 3049 396 3126 γὰρ
427 3052 578 3125 ἡμᾶς
620 3053 726 3121 (54)
789 3048 1111 3122 μιμήσεται,
1167 3047 1303 3102 καθὰ
1346 3048 1684 3121 πράσσομεν,
1725 3046 1819 3103 οὐκ

2026 3050 2188 3106 enim
2218 3066 2327 3106 nos
2373 3050 2642 3106 imitetur
2671 3050 2998 3108 secundum
3029 3066 3116 3118 ea,
3152 3066 3284 3122 quae
3316 3048 3577 3107 facimus

1584 3148 1751 3202 Vetus
1778 3150 2064 3219 interpres.
3568 3150 3571 3151 ⁷

1598 3246 1830 3303 CAPUT
1898 3246 2039 3304 VIII.

226 3346 356 3401 Non
389 3346 601 3402 erretis
628 3345 924 3401 extraneis
954 3343 1356 3416 opinionibus,
1408 3358 1603 3416 neque
1656 3343 1877 3399 fabulis
1923 3343 2244 3411 veteribus,
2293 3343 2604 3398 inutilibus
2627 3344 3069 3400 exsistentibus.
3099 3344 3155 3398 Si
3188 3344 3348 3400 enim
3379 3360 3569 3414 usque

147 3433 316 3474 nunc
346 3418 673 3474 secundum
701 3415 1072 3473 Judaismum
1102 3416 1368 3476 vivimus.
1403 3415 1762 3488 confitemur
1788 3416 2040 3488 gratiam
2075 3431 2196 3488 non
2229 3416 2543 3486 recepisse.
2578 3416 2940 3471 Divinissimi
2976 3417 3134 3471 enim
3165 3416 3467 3487 prophetae
3481 3431 3577 3488 se:

150 3488 422 3544 cundum
444 3489 745 3545 Christum
773 3489 972 3543 Jesum
1002 3488 1293 3560 vixerunt.
1327 3488 1575 3560 Propter
1602 3487 1715 3542 hoc
1747 3486 1812 3540 et
1832 3487 2307 3560 persecutionem
2325 3488 2483 3560 passi
2517 3487 2958 3557 sunt,inspirati
2989 3504 3025 3543 a
3052 3486 3241 3555 gratia
3264 3487 3471 3560 ipsius,
3502 3486 3576 3542 ad

160 3560 495 3616 certificare
528 3561 946 3630 impersuasos,
979 3558 1261 3630 quoniam
1289 3573 1445 3612 unus
1475 3558 1628 3614 Deus
1649 3563 1767 3631 est,
1784 3558 1889 3631 qui
1912 3558 2322 3631 rmauifestavit
2353 3559 2615 3631 seipsum
2647 3575 2753 3631 per
2779 3560 2983 3631 Iesum
3015 3560 3314 3631 Christum
3363 3558 3578 3631 Filium

162 3631 357 3714 ipsius
380 3649 394 3699 ;
416 3632 529 3714 qui
553 3629 644 3687 est
672 3631 859 3704 ipsius
886 3629 1141 3687 Verbum
1167 3635 1480 3695 internum,
1511 3646 1632 3684 non
1661 3646 1697 3685 a
1725 3629 1962 3686 silentio
1996 3630 2379 3703 progrediens
2412 3646 2424 3695 ;
2460 3630 2559 3700 qui
2584 3629 2914 3686 secundum
2946 3632 3149 3687 omnia
3200 3630 3581 3702 beneplacuit

162 3702 430 3759 mittenti
447 3702 682 3777 ipsum.

1696 3800 1927 3858 CAPUT
1966 3800 2060 3858 IX.

235 3900 295 3955 Si
324 3900 504 3972 igitur
530 3900 594 3957 in
627 3900 924 3957 veteribus
951 3899 1131 3957 rebus
1162 3899 1513 3963 conversati,
1546 3899 1609 3954 in
1650 3900 1971 3955 novitatem
2016 3899 2143 3971 spei
2199 3903 2509 3972 venerunt,
2540 3914 2662 3955 non
2701 3898 2958 3972 amplius
2986 3898 3438 3972 sabbatizantes,
3473 3901 3582 3956 sed

159 3970 492 4028 secundum
520 3972 890 4027 Dominicam
923 3972 1209 4037 viventes,
1241 3971 1303 4027 in
1330 3988 1448 4042 qua
1472 3977 1530 4026 et
1549 3972 1668 4026 vita
1692 3976 1898 4026 nostra
1925 3970 2169 4026 ortaest
2194 3986 2298 4041 per
2327 3971 2521 4041 ipsum
2547 3976 2605 4025 et
2636 3970 2885 4025 mortem
2918 3970 3106 4042 ipsius
3135 3972 3317 4041 (quod
3339 3972 3582 4041 quidam

155 4052 402 4115 negant,
432 4060 537 4115 per
568 4045 721 4114 quod
760 4043 1110 4115 mysterium
1134 4041 1442 4115 accepimu
1465 4060 1491 4097 s
1523 4043 1788 4115 credere,
1838 4047 1897 4097 et
1951 4047 2193 4115 propter
2232 4042 2360 4115 hoc
2389 4042 2773 4115 sustinemus,
2805 4048 2871 4096 ut
2911 4041 3282 4115 inveniamur
3309 4041 3583 4115 discipuli

152 4111 300 4171 Jesn
327 4111 560 4181 Christi,
586 4111 773 4170 solius
804 4111 1064 4170 doctoris
1094 4111 1302 4173 nostri)
1336 4130 1350 4181 ;
1383 4113 1679 4184 quomodo
1710 4130 1820 4169 nos
1852 4111 2173 4185 poterimus
2191 4113 2382 4168 vivere
2413 4112 2540 4168 sine
2565 4114 2690 4185 ipso
2725 4115 2931 4185 {cujus
2962 4118 3021 4167 et
3051 4111 3564 4185 prophetm,disci-

157 4187 288 4260 puli
321 4186 925 4260 exsistentesspiritu,
957 4187 1251 4260 ipsum_ut
1277 4185 1580 4242 doctorem
1611 4184 2077 4258 exspectabant?
2108 4190 2166 4239 et
2194 4190 2435 4256 propter
2467 4184 2766 4256 hoc’quod
2790 4186 2950 4257 juste
2978 4184 3397 4256 exspectabant
3416 4201 3566 4257 prae-

163 4258 308 4315 sens
338 4258 642 4314 suscitavit
674 4258 836 4330 ipsos
861 4274 932 4314 ex
954 4258 1223 4313 mortuis.

1695 4354 1925 4412 CAPUT
1979 4354 2046 4409 X.

234 4458 362 4513 Non
390 4454 571 4529 igitur
598 4470 720 4511 non
750 4455 1077 4512 sentiamus
1097 4454 1523 4527 benignitatem
1554 4453 1760 4526 ipsius.
1790 4453 1849 4508 Si
1880 4452 2041 4508 enim
2072 4468 2181 4508 nos
2207 4457 2600 4524 persequatur
2624 4452 2954 4509 secundum
3004 4452 3162 4525 quod
3216 4468 3554 4525 operamur,

243 4584 265 4619 ³
287 4581 488 4637 Matth.
517 4598 696 4651 xxvn,
728 4584 816 4638 52.

246 4707 366 4776 (4⁸1)
392 4705 657 4777 Ignatius
687 4721 808 4761 non
829 4705 946 4762 duo
995 4705 1227 4762 diversa
1274 4704 1691 4760 haereticorum
1711 4717 1827 4777 _ge-
1858 4705 1904 4769 Ι]
1938 4702 2178 4777 telerius
2206 4704 2284 4772 (a.
2318 4700 2379 4756 h.
2412 4700 2479 4771 1.)
2512 4706 2570 4756 et
2590 4703 2777 4777 [tothe
2805 4702 2979 4771 (Anf.,
3008 4719 3067 4777 p_.
3108 4703 3254 4777 726),
3286 4704 3578 4777 [gnatium

172 4773 343 4845 uera,
373 4773 482 4833 sed
509 4793 697 4834 unum
729 4784 960 4834 tantum
992 4793 1200 4847 genus,
1223 4777 1645 4847 judaizantium
1694 4773 1825 4847 dico

168 4852 500 4921 Docetarum
521 4849 847 4921 impugnat.
863 4850 945 4905 Cf.
979 4845 1208 4921 Proleg.
1227 4845 1431 4921 nostra
1449 4847 1526 4921 ad_
1547 4845 1827 4921 epistolas

169 4922 233 4977 S.
263 4920 477 4994 lgnatii
508 4917 784 4994 ΝικὙξϐ,
815 4926 875 4977 et
930 4917 1340 4987 Dusterdieck,
1372 4920 1446 4975 De
1495 4917 1827 4987 Igriatiana-

166 4991 483 5063 rum'spist.
517 4991 828 5053 authentia.
862 4994 1013 5063 p.55
1045 5008 1177 5063 sqq.

237 5063 359 5200 (48)
387 5062 520 5117 Cf.I
551 5062 699 5118 Tim.
732 5079 769 5131 ι,
796 5065 830 5118 4
854 5062 967 5129 ξίν,
1001 5066 1032 5118 7
1065 5079 1080 5129 ;
1112 5062 1220 5119 Tit.
1254 5079 1296 5131 ι,
1339 5064 1426 5118 14.

261 5136 353 5200 49)
384 5137 501 5189 Aut
523 5132 692 5200 νόμον
724 5139 826 5189 aut
854 5130 1193 5200 Ἰουδαῖσμόν
1226 5135 1422 5200 interp

261 5136 353 5204 49)
384 5137 501 5189 Aut
523 5132 692 5203 νόμον
724 5130 826 5189 aut
854 5130 1193 5204 Ἰουδαῖσμόν
1226 5135 1823 5204 interpretamentum

166 5202 599 5273 esse,‘summo'
613 5221 909 5262 consensu
934 5202 1309 5262 contendunt
1329 5202 1601 5260 editores.
1621 5202 1823 5257 Jacob-

167 5292 383 5334 souum
416 5283 654 5333 secutus
681 5275 847 5348 νόμον
874 5278 1045 5333 uncis
1076 5277 1313 5340 inclusi,
1346 5276 1487 5348 quia
1518 5282 1695 5348 vetus
1724 5274 1820 5328 iu-

165 5356 398 5431 terpres
424 5346 769 5431 Judaisnlum
793 5353 1028 5431 tantum‘
1046 5346 1381 5431 exhibeLet'
1387 5363 1496 5404 nos
1513 5346 1667 5402 infra
1687 5361 1735 5400 c.
1756 5347 1821 5399 10

165 5419 440 5494 legimus,
471 5422 609 5494 κατὰ
641 5419 1067 5494 Χριστιανισμὸν
1098 5421 1218 5489 ζῇν.

234 5488 346 5558 (50)
377 5488 987 5565 lgnatiano-mastiges
1004 5488 1387 5565 contendunt.
1400 5488 1525 5565 ﬁeri
1547 5488 1819 5543 hiemen-

162 5561 606 5634 tionem'Xiﬁc
642 5561 929 5618 Valentini
963 5562 1247 5634 Gnostici.
1270 5568 1328 5616 et
1356 5561 1493 5616 inde
1511 5574 1818 5630 apparere,

164 5635 479 5705 epistolam
509 5633 780 5707 nostram
810 5650 930 5690 non
962 5634 1035 5707 ab
1067 5633 1289 5707 lgnatio
1322 5648 1451 5707 esse
1496 5639 1814 5707 esaratam.

165 5702 1135 5779 RespondetVossius,re_spexisse
1164 5704 1456 5779 lgnatium
1487 5703 1559 5758 ad
1575 5702 1817 5779 Gnosti-

164 5795 264 5835 cos
284 5773 614 5835 Valentino
644 5773 1013 5849 antiquiores
1031 5795 1046 5847 ;
1062 5773 1277 5832 melius
1306 5782 1503 5832 autem
1526 5773 1818 5847 aguntCo-

1937 4772 2179 4836 dixisse,
2212 4778 2525 4830 monentes
2560 4789 2572 4826 :
2602 4772 2868 4829 Christus
2900 4778 2988 4828 est
3022 4772 3272 4828 Verbum
3290 4775 3391 4829 Dei
3415 4783 3578 4831 aeter-

1937 4861 2103 4909 num,
2137 4844 2294 4915 quod
2323 4844 2664 4915 noninstar
2688 4844 2929 4900 humani
2954 4845 3247 4899 sermonis
3263 4852 3388 4913 post
3416 4847 3577 4902 silen~

1936 4916 2077 4971 tium
2102 4914 2195 4971 seu
2224 4933 2251 4970 e
2278 4914 2500 4970 silentio
2534 4915 3050 4984 progreditur,non
3070 4917 3268 4982 junius
3290 4916 3574 4973 estsilen-

1932 4988 2037 5053 tio,
2062 4987 2167 5042 sed
2192 4984 2674 5042 :rternum.Simili
2698 4987 2870 5041 modo
2883 4984 3578 5057 jaminterpolatorhunc

1933 5058 2128 5114 locum
2158 5057 2460 5128 explicuit.

2004 5130 2110 5197 (5|)
2135 5129 2177 5185 Ι.
2205 5145 2256 5183 e.
2292 5129 2354 5183 in
2393 5129 2576 5182 Veteri
2612 5131 2971 5185 Testamento.

2003 5203 2116 5271 (52)
2144 5203 2282 5256 Post
2312 5198 2576 5271 κυριακήν
2608 5201 2945 5256 necessario
3000 5196 3208 5271 ἡμέραν
3242 5198 3583 5271 subintelli-

1930 5270 2189 5345 gendum
2215 5270 2488 5345 est,quod
2520 5287 2590 5325 ex
2622 5272 3009 5345 sequentibus
3041 5270 3575 5345 patet.Smru.Z_wr§v

1928 5340 2050 5399 non
2081 5358 2215 5399 cum
2245 5340 2528 5414 κυριακήν,
2563 5340 2667 5396 sed
2696 5358 2830 5397 cum
2865 5340 3060 5410 ζῶντεξ
3099 5343 3577 5415 conjungendum

1929 5422 2036 5471 est.
2068 5417 2177 5471 Pus
2189 5430 2349 5470 RSON.

2001 5487 2113 5559 (53A)
2142 5484 2327 5559 Verba
2352 5485 2407 5539 S.
2443 5481 2605 5539 Pauli
2635 5483 2710 5539 ad
2730 5484 2897 5539 Rom.
2925 5500 2986 5553 ιι,
3018 5486 3051 5539 4
3071 5485 3132 5540 in
3172 5490 3370 5541 mente
3412 5486 3577 5559 Igna-

1928 5557 1993 5611 tii
2010 5556 2203 5612 'fuisse
2233 5556 2527 5610 videntur.

1929 5629 2096 5701 βῶξ
2146 5628 2187 5684 I.
2231 5644 2282 5684 e.
2332 5628 2396 5701 si
2439 5633 2580 5701 Deus
2623 5625 2823 5701 eodem
2850 5627 3012 5681 modo
3065 5626 3345 5683 nobiscum
3391 5636 3581 5701 ageret

1932 5699 2171 5755 Vossius
2202 5705 2261 5755 et
2298 5698 2400 5753 alii
2431 5697 2664 5755 malunt
2689 5697 3000 5769 τιμήσεται.
