  <div class='ocr_page' id='page_1' title='image "/cluster/home/n/w/nwhite01/storage/ocr_20150623/5/pst.000005711819/346.png"; bbox 0 0 3932 6304; ppageno 0'>
   <div class='ocr_carea' id='block_1_1' title="bbox 165 362 268 421">
    <p class='ocr_par' dir='ltr' id='par_1_1' title="bbox 165 362 268 421">
     <span class='ocr_line' id='line_1_1' title="bbox 165 362 268 421; baseline -0.01 0"><span class='ocrx_word' id='word_1_1' title='bbox 165 362 268 421; x_wconf 85' lang='lat'><strong>677</strong></span> 
     </span>
    </p>
   </div>
   <div class='ocr_carea' id='block_1_2' title="bbox 1298 353 2417 423">
    <p class='ocr_par' dir='ltr' id='par_1_2' title="bbox 1298 353 2417 423">
     <span class='ocr_line' id='line_1_2' title="bbox 1298 353 2417 423; baseline -0.004 0"><span class='ocrx_word' id='word_1_2' title='bbox 1298 358 1688 423; x_wconf 81' lang='lat' dir='ltr'>EPISTOLA</span> <span class='ocrx_word' id='word_1_3' title='bbox 1730 359 1837 421; x_wconf 82' lang='lat' dir='ltr'>AD</span> <span class='ocrx_word' id='word_1_4' title='bbox 1879 353 2390 420; x_wconf 82' lang='lat' dir='ltr'>TRALLIANOS</span> <span class='ocrx_word' id='word_1_5' title='bbox 2402 405 2417 418; x_wconf 90' lang='lat'>.</span> 
     </span>
    </p>
   </div>
   <div class='ocr_carea' id='block_1_3' title="bbox 3431 368 3549 430">
    <p class='ocr_par' dir='ltr' id='par_1_3' title="bbox 3431 368 3549 430">
     <span class='ocr_line' id='line_1_3' title="bbox 3431 368 3549 430; baseline 0.008 -1"><span class='ocrx_word' id='word_1_6' title='bbox 3431 368 3549 430; x_wconf 83' lang='lat'>678</span> 
     </span>
    </p>
   </div>
   <div class='ocr_carea' id='block_1_4' title="bbox 161 492 1843 572">
    <p class='ocr_par' dir='ltr' id='par_1_4' title="bbox 161 492 1843 569">
     <span class='ocr_line' id='line_1_4' title="bbox 161 492 1843 569; baseline 0.001 -22"><span class='ocrx_word' id='word_1_7' title='bbox 161 493 450 569; x_wconf 60' lang='grc' dir='ltr'>βρωμάτων</span> <span class='ocrx_word' id='word_1_8' title='bbox 480 493 567 549; x_wconf 78' lang='grc' dir='ltr'>καὶ</span> <span class='ocrx_word' id='word_1_9' title='bbox 610 497 792 551; x_wconf 80' lang='grc' dir='ltr'>ποτῶν</span> <span class='ocrx_word' id='word_1_10' title='bbox 821 493 952 551; x_wconf 85' lang='grc' dir='ltr'>εἰσιν</span> <span class='ocrx_word' id='word_1_11' title='bbox 986 492 1253 565; x_wconf 77' lang='grc' dir='ltr'>διάκονοι,</span> <span class='ocrx_word' id='word_1_12' title='bbox 1282 495 1410 552; x_wconf 85' lang='grc' dir='ltr'>ἀλλ’</span> <span class='ocrx_word' id='word_1_13' title='bbox 1460 492 1783 564; x_wconf 72' lang='grc' dir='ltr'>Ἐκκλησίας</span> <span class='ocrx_word' id='word_1_14' title='bbox 1815 498 1843 564; x_wconf 63' lang='grc' dir='ltr'><em>Α</em></span> 
     </span>
    </p>
   </div>
   <div class='ocr_carea' id='block_1_5' title="bbox 1980 492 3550 572">
    <p class='ocr_par' dir='ltr' id='par_1_5' title="bbox 1980 495 3550 572">
     <span class='ocr_line' id='line_1_5' title="bbox 1980 495 3550 572; baseline 0.008 -23"><span class='ocrx_word' id='word_1_15' title='bbox 1980 514 1999 549; x_wconf 74' lang='lat'>3</span> <span class='ocrx_word' id='word_1_16' title='bbox 2030 495 2134 550; x_wconf 85' lang='lat' dir='ltr'>Dei</span> <span class='ocrx_word' id='word_1_17' title='bbox 2167 495 2424 551; x_wconf 86' lang='lat' dir='ltr'>ministri</span> <span class='ocrx_word' id='word_1_18' title='bbox 2491 496 2731 569; x_wconf 77' lang='lat' dir='ltr'>Oportet</span> <span class='ocrx_word' id='word_1_19' title='bbox 2760 498 2957 572; x_wconf 81' lang='lat' dir='ltr'>igitur,</span> <span class='ocrx_word' id='word_1_20' title='bbox 2982 505 3047 557; x_wconf 87' lang='lat' dir='ltr'>ut</span> <span class='ocrx_word' id='word_1_21' title='bbox 3096 500 3207 558; x_wconf 88' lang='lat' dir='ltr'>sibi</span> <span class='ocrx_word' id='word_1_22' title='bbox 3241 510 3485 562; x_wconf 82' lang='lat' dir='ltr'>caveant</span> <span class='ocrx_word' id='word_1_23' title='bbox 3515 523 3550 562; x_wconf 90' lang='lat' dir='ltr'>a</span> 
     </span>
    </p>
   </div>
   <div class='ocr_carea' id='block_1_6' title="bbox 158 581 1797 665">
    <p class='ocr_par' dir='ltr' id='par_1_6' title="bbox 158 581 1797 665">
     <span class='ocr_line' id='line_1_6' title="bbox 158 581 1797 665; baseline 0 -27"><span class='ocrx_word' id='word_1_24' title='bbox 158 587 278 638; x_wconf 76' lang='grc' dir='ltr'>Θεοῦ</span> <span class='ocrx_word' id='word_1_25' title='bbox 311 581 588 658; x_wconf 66' lang='grc' dir='ltr'>ὑπηρέται.</span> <span class='ocrx_word' id='word_1_26' title='bbox 643 585 771 639; x_wconf 68' lang='grc' dir='ltr'>Δέον</span> <span class='ocrx_word' id='word_1_27' title='bbox 832 585 926 640; x_wconf 81' lang='grc' dir='ltr'>οὗν</span> <span class='ocrx_word' id='word_1_28' title='bbox 984 583 1183 649; x_wconf 74' lang='grc' dir='ltr'>αὐτοὺς</span> <span class='ocrx_word' id='word_1_29' title='bbox 1215 584 1583 665; x_wconf 72' lang='grc' dir='ltr'>φυλάσσεσθαι</span> <span class='ocrx_word' id='word_1_30' title='bbox 1612 585 1679 640; x_wconf 77' lang='grc' dir='ltr'>τὰ</span> <span class='ocrx_word' id='word_1_31' title='bbox 1708 582 1797 659; x_wconf 77' lang='grc' dir='ltr'>ἐγ-</span> 
     </span>
    </p>
   </div>
   <div class='ocr_carea' id='block_1_7' title="bbox 155 669 665 749">
    <p class='ocr_par' dir='ltr' id='par_1_7' title="bbox 155 669 665 749">
     <span class='ocr_line' id='line_1_7' title="bbox 155 669 665 749; baseline 0.006 -23"><span class='ocrx_word' id='word_1_32' title='bbox 155 669 398 744; x_wconf 78' lang='grc' dir='ltr'>κλήματα</span> <span class='ocrx_word' id='word_1_33' title='bbox 433 673 508 735; x_wconf 82' lang='grc' dir='ltr'>ὡς</span> <span class='ocrx_word' id='word_1_34' title='bbox 536 675 665 749; x_wconf 77' lang='grc' dir='ltr'>πῦρ.</span> 
     </span>
    </p>
   </div>
   <div class='ocr_carea' id='block_1_8' title="bbox 1909 583 2870 660">
    <p class='ocr_par' dir='ltr' id='par_1_8' title="bbox 1909 583 2870 660">
     <span class='ocr_line' id='line_1_8' title="bbox 1909 583 2870 660; baseline 0.006 -21"><span class='ocrx_word' id='word_1_35' title='bbox 1909 583 2260 642; x_wconf 80' lang='lat' dir='ltr'>criminibus</span> <span class='ocrx_word' id='word_1_36' title='bbox 2296 592 2577 658; x_wconf 87' lang='lat' dir='ltr'>tanquam</span> <span class='ocrx_word' id='word_1_37' title='bbox 2608 586 2682 643; x_wconf 89' lang='lat' dir='ltr'>ab</span> <span class='ocrx_word' id='word_1_38' title='bbox 2714 587 2870 660; x_wconf 83' lang='lat' dir='ltr'>igne.</span> 
     </span>
    </p>
   </div>
   <div class='ocr_carea' id='block_1_9' title="bbox 1059 765 2622 838">
    <p class='ocr_par' dir='ltr' id='par_1_9' title="bbox 1059 765 2622 838">
     <span class='ocr_line' id='line_1_9' title="bbox 1059 765 2622 838; baseline 0.002 -17"><span class='ocrx_word' id='word_1_39' title='bbox 1059 765 1157 821; x_wconf 85' lang='lat' dir='ltr'>Ill.</span> <span class='ocrx_word' id='word_1_40' title='bbox 1192 768 1473 823; x_wconf 83' lang='lat' dir='ltr'>Honorate</span> <span class='ocrx_word' id='word_1_41' title='bbox 1510 765 1790 833; x_wconf 83' lang='lat' dir='ltr'>diaconos,</span> <span class='ocrx_word' id='word_1_42' title='bbox 1843 767 2153 838; x_wconf 77' lang='lat' dir='ltr'>episcopum</span> <span class='ocrx_word' id='word_1_43' title='bbox 2182 772 2237 821; x_wconf 88' lang='lat' dir='ltr'>et</span> <span class='ocrx_word' id='word_1_44' title='bbox 2262 767 2622 837; x_wconf 79' lang='lat' dir='ltr'>presbyteros.</span> 
     </span>
    </p>
   </div>
   <div class='ocr_carea' id='block_1_10' title="bbox 222 866 1785 945">
    <p class='ocr_par' dir='ltr' id='par_1_10' title="bbox 222 866 1785 945">
     <span class='ocr_line' id='line_1_10' title="bbox 222 866 1785 945; baseline 0.001 -21"><span class='ocrx_word' id='word_1_45' title='bbox 222 866 454 942; x_wconf 80' lang='grc' dir='ltr'>Ὁμοίως</span> <span class='ocrx_word' id='word_1_46' title='bbox 508 867 700 930; x_wconf 69' lang='grc' dir='ltr'>πάντες</span> <span class='ocrx_word' id='word_1_47' title='bbox 795 866 1227 945; x_wconf 68' lang='grc' dir='ltr'>ἐντρεπέσθιυσαν</span> <span class='ocrx_word' id='word_1_48' title='bbox 1304 870 1432 933; x_wconf 78' lang='grc' dir='ltr'>τοὺς</span> <span class='ocrx_word' id='word_1_49' title='bbox 1502 868 1785 932; x_wconf 80' lang='grc' dir='ltr'>διακόνους</span> 
     </span>
    </p>
   </div>
   <div class='ocr_carea' id='block_1_11' title="bbox 164 955 1786 1036">
    <p class='ocr_par' dir='ltr' id='par_1_11' title="bbox 164 955 1786 1036">
     <span class='ocr_line' id='line_1_11' title="bbox 164 955 1786 1036; baseline 0.003 -25"><span class='ocrx_word' id='word_1_50' title='bbox 164 956 230 1018; x_wconf 85' lang='grc' dir='ltr'>ὠς</span> <span class='ocrx_word' id='word_1_51' title='bbox 256 960 361 1030; x_wconf 82' lang='grc'>(82)</span> <span class='ocrx_word' id='word_1_52' title='bbox 392 955 620 1028; x_wconf 70' lang='grc' dir='ltr'>ἐντολὴν</span> <span class='ocrx_word' id='word_1_53' title='bbox 651 958 836 1030; x_wconf 77' lang='grc' dir='ltr'>Ἰησοῦ</span> <span class='ocrx_word' id='word_1_54' title='bbox 860 963 1117 1036; x_wconf 76' lang='grc' dir='ltr'>Χριστοῦ,</span> <span class='ocrx_word' id='word_1_55' title='bbox 1144 962 1233 1019; x_wconf 75' lang='grc' dir='ltr'>καὶ</span> <span class='ocrx_word' id='word_1_56' title='bbox 1262 963 1353 1018; x_wconf 81' lang='grc' dir='ltr'>τὸν</span> <span class='ocrx_word' id='word_1_57' title='bbox 1384 960 1677 1018; x_wconf 70' lang='grc' dir='ltr'>ἐπίσκοπον</span> <span class='ocrx_word' id='word_1_58' title='bbox 1712 961 1786 1024; x_wconf 86' lang='grc' dir='ltr'>ὡς</span> 
     </span>
    </p>
   </div>
   <div class='ocr_carea' id='block_1_12' title="bbox 162 1045 1789 1127">
    <p class='ocr_par' dir='ltr' id='par_1_12' title="bbox 162 1045 1789 1127">
     <span class='ocr_line' id='line_1_12' title="bbox 162 1045 1789 1127; baseline 0.002 -27"><span class='ocrx_word' id='word_1_59' title='bbox 162 1045 359 1116; x_wconf 79' lang='grc' dir='ltr'>Ἰησοῦν</span> <span class='ocrx_word' id='word_1_60' title='bbox 410 1047 691 1122; x_wconf 75' lang='grc' dir='ltr'>Χριστὸν,</span> <span class='ocrx_word' id='word_1_61' title='bbox 749 1047 877 1104; x_wconf 78' lang='grc' dir='ltr'>ὅντα</span> <span class='ocrx_word' id='word_1_62' title='bbox 923 1049 1047 1104; x_wconf 70' lang='grc' dir='ltr'>Υἱὸν</span> <span class='ocrx_word' id='word_1_63' title='bbox 1100 1054 1197 1106; x_wconf 73' lang='grc' dir='ltr'>τοῦ</span> <span class='ocrx_word' id='word_1_64' title='bbox 1258 1051 1486 1127; x_wconf 82' lang='grc' dir='ltr'>Πατρὸς,</span> <span class='ocrx_word' id='word_1_65' title='bbox 1544 1050 1672 1113; x_wconf 76' lang='grc' dir='ltr'>τοὺς</span> <span class='ocrx_word' id='word_1_66' title='bbox 1731 1046 1789 1104; x_wconf 75' lang='grc' dir='ltr'>δὶ</span> 
     </span>
    </p>
   </div>
   <div class='ocr_carea' id='block_1_13' title="bbox 164 1129 1790 1213">
    <p class='ocr_par' dir='ltr' id='par_1_13' title="bbox 164 1129 1790 1213">
     <span class='ocr_line' id='line_1_13' title="bbox 164 1129 1790 1213; baseline 0.002 -24"><span class='ocrx_word' id='word_1_67' title='bbox 164 1129 539 1210; x_wconf 72' lang='grc' dir='ltr'>πρεσϐυτέρους</span> <span class='ocrx_word' id='word_1_68' title='bbox 595 1135 672 1198; x_wconf 81' lang='grc' dir='ltr'>ὡς</span> <span class='ocrx_word' id='word_1_69' title='bbox 749 1134 1022 1213; x_wconf 73' lang='grc' dir='ltr'>συνέδριον</span> <span class='ocrx_word' id='word_1_70' title='bbox 1079 1137 1213 1195; x_wconf 76' lang='grc' dir='ltr'>Θεοῦ</span> <span class='ocrx_word' id='word_1_71' title='bbox 1248 1182 1263 1207; x_wconf 92' lang='grc'><strong><em>,</em></strong></span> <span class='ocrx_word' id='word_1_72' title='bbox 1320 1139 1412 1195; x_wconf 84' lang='grc' dir='ltr'>καὶ</span> <span class='ocrx_word' id='word_1_73' title='bbox 1469 1139 1544 1201; x_wconf 80' lang='grc' dir='ltr'>ὡς</span> <span class='ocrx_word' id='word_1_74' title='bbox 1602 1135 1790 1194; x_wconf 79' lang='grc' dir='ltr'>σύνδε-</span> 
     </span>
    </p>
   </div>
   <div class='ocr_carea' id='block_1_14' title="bbox 166 1226 1789 1304">
    <p class='ocr_par' dir='ltr' id='par_1_14' title="bbox 166 1226 1789 1304">
     <span class='ocr_line' id='line_1_14' title="bbox 166 1226 1789 1304; baseline 0.002 -24"><span class='ocrx_word' id='word_1_75' title='bbox 166 1246 291 1299; x_wconf 83' lang='grc' dir='ltr'>σμον</span> <span class='ocrx_word' id='word_1_76' title='bbox 330 1226 671 1283; x_wconf 81' lang='grc' dir='ltr'>ἀποστόλων.</span> <span class='ocrx_word' id='word_1_77' title='bbox 732 1231 843 1299; x_wconf 83' lang='grc'>(83)</span> <span class='ocrx_word' id='word_1_78' title='bbox 895 1229 1074 1304; x_wconf 82' lang='grc' dir='ltr'>Χωρῖς</span> <span class='ocrx_word' id='word_1_79' title='bbox 1130 1230 1341 1287; x_wconf 72' lang='grc' dir='ltr'>τούτων</span> <span class='ocrx_word' id='word_1_80' title='bbox 1399 1229 1697 1301; x_wconf 74' lang='grc' dir='ltr'>Ἐκκλησία</span> <span class='ocrx_word' id='word_1_81' title='bbox 1728 1228 1789 1284; x_wconf 74' lang='grc' dir='ltr'>οὐ</span> 
     </span>
    </p>
   </div>
   <div class='ocr_carea' id='block_1_15' title="bbox 164 1315 1791 1396">
    <p class='ocr_par' dir='ltr' id='par_1_15' title="bbox 164 1315 1791 1396">
     <span class='ocr_line' id='line_1_15' title="bbox 164 1315 1791 1396; baseline 0.002 -25"><span class='ocrx_word' id='word_1_82' title='bbox 164 1315 413 1375; x_wconf 72' lang='grc' dir='ltr'>καλεῖται.</span> <span class='ocrx_word' id='word_1_83' title='bbox 455 1319 582 1392; x_wconf 78' lang='grc' dir='ltr'>Περὶ</span> <span class='ocrx_word' id='word_1_84' title='bbox 632 1319 705 1373; x_wconf 84' lang='grc' dir='ltr'>ὧν</span> <span class='ocrx_word' id='word_1_85' title='bbox 736 1320 1031 1393; x_wconf 72' lang='grc' dir='ltr'>πέπεισμαι</span> <span class='ocrx_word' id='word_1_86' title='bbox 1092 1321 1235 1394; x_wconf 76' lang='grc' dir='ltr'>ὑμᾶς</span> <span class='ocrx_word' id='word_1_87' title='bbox 1284 1321 1457 1383; x_wconf 70' lang='grc' dir='ltr'>οὕτως</span> <span class='ocrx_word' id='word_1_88' title='bbox 1515 1315 1682 1396; x_wconf 76' lang='grc' dir='ltr'>ἔχειν.</span> <span class='ocrx_word' id='word_1_89' title='bbox 1712 1322 1791 1377; x_wconf 87' lang='grc' dir='ltr'>Τὸ</span> 
     </span>
    </p>
   </div>
   <div class='ocr_carea' id='block_1_16' title="bbox 162 1404 1793 1485">
    <p class='ocr_par' dir='ltr' id='par_1_16' title="bbox 162 1404 1793 1485">
     <span class='ocr_line' id='line_1_16' title="bbox 162 1404 1793 1485; baseline 0.002 -24"><span class='ocrx_word' id='word_1_90' title='bbox 162 1408 256 1482; x_wconf 67' lang='grc' dir='ltr'>γὰρ</span> <span class='ocrx_word' id='word_1_91' title='bbox 285 1405 646 1481; x_wconf 75' lang='grc' dir='ltr'>ἑξεμπλάρεον</span> <span class='ocrx_word' id='word_1_92' title='bbox 680 1415 782 1478; x_wconf 80' lang='grc' dir='ltr'>τῆς</span> <span class='ocrx_word' id='word_1_93' title='bbox 839 1409 1056 1483; x_wconf 67' lang='grc' dir='ltr'>ἀγάπης</span> <span class='ocrx_word' id='word_1_94' title='bbox 1116 1412 1269 1485; x_wconf 83' lang='grc' dir='ltr'>ὑμῶν</span> <span class='ocrx_word' id='word_1_95' title='bbox 1300 1404 1522 1479; x_wconf 74' lang='grc' dir='ltr'>ἔλαϐον,</span> <span class='ocrx_word' id='word_1_96' title='bbox 1552 1410 1644 1465; x_wconf 84' lang='grc' dir='ltr'>καὶ</span> <span class='ocrx_word' id='word_1_97' title='bbox 1676 1404 1793 1485; x_wconf 83' lang='grc' dir='ltr'>ἔχω</span> 
     </span>
    </p>
   </div>
   <div class='ocr_carea' id='block_1_17' title="bbox 164 1496 1794 1572">
    <p class='ocr_par' dir='ltr' id='par_1_17' title="bbox 164 1496 1794 1572">
     <span class='ocr_line' id='line_1_17' title="bbox 164 1496 1794 1572; baseline 0.002 -21"><span class='ocrx_word' id='word_1_98' title='bbox 164 1503 263 1569; x_wconf 69' lang='lat' dir='ltr'>pst)‘</span> <span class='ocrx_word' id='word_1_99' title='bbox 292 1498 398 1572; x_wconf 63' lang='grc'>(84)</span> <span class='ocrx_word' id='word_1_100' title='bbox 438 1498 633 1553; x_wconf 72' lang='grc' dir='ltr'>ἑαυτοῦ</span> <span class='ocrx_word' id='word_1_101' title='bbox 680 1497 734 1552; x_wconf 84' lang='grc' dir='ltr'>ἐν</span> <span class='ocrx_word' id='word_1_102' title='bbox 764 1503 844 1572; x_wconf 81' lang='grc' dir='ltr'>τῷ</span> <span class='ocrx_word' id='word_1_103' title='bbox 875 1496 1160 1572; x_wconf 78' lang='grc' dir='ltr'>ἔπισκόπῳ</span> <span class='ocrx_word' id='word_1_104' title='bbox 1213 1500 1393 1572; x_wconf 79' lang='grc' dir='ltr'>ὑμῶν,</span> <span class='ocrx_word' id='word_1_105' title='bbox 1452 1498 1515 1554; x_wconf 78' lang='grc' dir='ltr'>οὗ</span> <span class='ocrx_word' id='word_1_106' title='bbox 1575 1498 1704 1554; x_wconf 80' lang='grc' dir='ltr'>αὐτὸ</span> <span class='ocrx_word' id='word_1_107' title='bbox 1730 1499 1794 1554; x_wconf 86' lang='grc' dir='ltr'>τὸ</span> 
     </span>
    </p>
   </div>
   <div class='ocr_carea' id='block_1_18' title="bbox 160 1585 1792 1664">
    <p class='ocr_par' dir='ltr' id='par_1_18' title="bbox 160 1585 1792 1664">
     <span class='ocr_line' id='line_1_18' title="bbox 160 1585 1792 1664; baseline 0.001 -24"><span class='ocrx_word' id='word_1_108' title='bbox 160 1590 462 1660; x_wconf 69' lang='grc' dir='ltr'>κατάστημα</span> <span class='ocrx_word' id='word_1_109' title='bbox 522 1585 734 1663; x_wconf 82' lang='grc' dir='ltr'>μεγάλη</span> <span class='ocrx_word' id='word_1_110' title='bbox 795 1589 1084 1660; x_wconf 71' lang='grc' dir='ltr'>μαθητιία,</span> <span class='ocrx_word' id='word_1_111' title='bbox 1129 1590 1164 1658; x_wconf 79' lang='grc' dir='ltr'><strong>ἡ</strong></span> <span class='ocrx_word' id='word_1_112' title='bbox 1221 1586 1279 1644; x_wconf 72' lang='grc' dir='ltr'>δὲ</span> <span class='ocrx_word' id='word_1_113' title='bbox 1323 1589 1569 1664; x_wconf 80' lang='grc' dir='ltr'>πραότης</span> <span class='ocrx_word' id='word_1_114' title='bbox 1625 1587 1792 1643; x_wconf 65' lang='grc' dir='ltr'>αὐτοῦ</span> 
     </span>
    </p>
   </div>
   <div class='ocr_carea' id='block_1_19' title="bbox 1966 872 3552 938">
    <p class='ocr_par' dir='ltr' id='par_1_19' title="bbox 1966 872 3552 938">
     <span class='ocr_line' id='line_1_19' title="bbox 1966 872 3552 938; baseline 0.006 -10"><span class='ocrx_word' id='word_1_115' title='bbox 1966 872 2174 929; x_wconf 85' lang='lat' dir='ltr'>Cuncti</span> <span class='ocrx_word' id='word_1_116' title='bbox 2201 873 2480 931; x_wconf 79' lang='lat' dir='ltr'>similiter</span> <span class='ocrx_word' id='word_1_117' title='bbox 2507 881 2890 933; x_wconf 87' lang='lat' dir='ltr'>revereantur</span> <span class='ocrx_word' id='word_1_118' title='bbox 2909 878 3190 935; x_wconf 84' lang='lat' dir='ltr'>diaconos</span> <span class='ocrx_word' id='word_1_119' title='bbox 3212 885 3277 935; x_wconf 91' lang='lat' dir='ltr'>ut</span> <span class='ocrx_word' id='word_1_120' title='bbox 3308 880 3552 938; x_wconf 88' lang='lat' dir='ltr'>manda-</span> 
     </span>
    </p>
   </div>
   <div class='ocr_carea' id='block_1_20' title="bbox 1897 964 3550 1039">
    <p class='ocr_par' dir='ltr' id='par_1_20' title="bbox 1897 964 3550 1039">
     <span class='ocr_line' id='line_1_20' title="bbox 1897 964 3550 1039; baseline 0.006 -21"><span class='ocrx_word' id='word_1_121' title='bbox 1897 967 2021 1018; x_wconf 91' lang='lat' dir='ltr'>tum</span> <span class='ocrx_word' id='word_1_122' title='bbox 2050 964 2185 1019; x_wconf 83' lang='lat' dir='ltr'>Jesu</span> <span class='ocrx_word' id='word_1_123' title='bbox 2217 965 2455 1030; x_wconf 80' lang='lat' dir='ltr'>Christi,</span> <span class='ocrx_word' id='word_1_124' title='bbox 2478 971 2537 1022; x_wconf 91' lang='lat' dir='ltr'>et</span> <span class='ocrx_word' id='word_1_125' title='bbox 2556 966 2899 1039; x_wconf 80' lang='lat' dir='ltr'>episcopum</span> <span class='ocrx_word' id='word_1_126' title='bbox 2932 974 2996 1023; x_wconf 89' lang='lat' dir='ltr'>ut</span> <span class='ocrx_word' id='word_1_127' title='bbox 3022 970 3220 1026; x_wconf 82' lang='lat' dir='ltr'>Jesum</span> <span class='ocrx_word' id='word_1_128' title='bbox 3252 971 3550 1028; x_wconf 84' lang='lat' dir='ltr'>Christum</span> 
     </span>
    </p>
   </div>
   <div class='ocr_carea' id='block_1_21' title="bbox 1899 1053 3554 1127">
    <p class='ocr_par' dir='ltr' id='par_1_21' title="bbox 1899 1053 3554 1127">
     <span class='ocr_line' id='line_1_21' title="bbox 1899 1053 3554 1127; baseline 0.004 -18"><span class='ocrx_word' id='word_1_129' title='bbox 1899 1053 2111 1109; x_wconf 88' lang='lat' dir='ltr'>Filium</span> <span class='ocrx_word' id='word_1_130' title='bbox 2155 1055 2368 1119; x_wconf 90' lang='lat' dir='ltr'>Patris,</span> <span class='ocrx_word' id='word_1_131' title='bbox 2406 1061 2465 1109; x_wconf 89' lang='lat' dir='ltr'>et</span> <span class='ocrx_word' id='word_1_132' title='bbox 2494 1055 2868 1127; x_wconf 82' lang='lat' dir='ltr'>presbyteros</span> <span class='ocrx_word' id='word_1_133' title='bbox 2920 1063 2989 1113; x_wconf 91' lang='lat' dir='ltr'>ut</span> <span class='ocrx_word' id='word_1_134' title='bbox 3035 1065 3307 1115; x_wconf 88' lang='lat' dir='ltr'>senatum</span> <span class='ocrx_word' id='word_1_135' title='bbox 3358 1060 3460 1115; x_wconf 90' lang='lat' dir='ltr'>Dei</span> <span class='ocrx_word' id='word_1_136' title='bbox 3492 1065 3554 1116; x_wconf 90' lang='lat' dir='ltr'>et</span> 
     </span>
    </p>
   </div>
   <div class='ocr_carea' id='block_1_22' title="bbox 1899 1143 3554 1215">
    <p class='ocr_par' dir='ltr' id='par_1_22' title="bbox 1899 1143 3554 1215">
     <span class='ocr_line' id='line_1_22' title="bbox 1899 1143 3554 1215; baseline 0.004 -17"><span class='ocrx_word' id='word_1_137' title='bbox 1899 1143 2221 1199; x_wconf 88' lang='lat' dir='ltr'>concilium</span> <span class='ocrx_word' id='word_1_138' title='bbox 2255 1144 2677 1215; x_wconf 84' lang='lat' dir='ltr'>apostolorum.</span> <span class='ocrx_word' id='word_1_139' title='bbox 2708 1146 2846 1202; x_wconf 91' lang='lat' dir='ltr'>Sine</span> <span class='ocrx_word' id='word_1_140' title='bbox 2875 1147 2968 1202; x_wconf 89' lang='lat' dir='ltr'>his</span> <span class='ocrx_word' id='word_1_141' title='bbox 2999 1148 3261 1204; x_wconf 88' lang='lat' dir='ltr'>Ecclesia</span> <span class='ocrx_word' id='word_1_142' title='bbox 3297 1166 3418 1205; x_wconf 91' lang='lat' dir='ltr'>non</span> <span class='ocrx_word' id='word_1_143' title='bbox 3449 1166 3515 1205; x_wconf 91' lang='lat' dir='ltr'>vo</span> <span class='ocrx_word' id='word_1_144' title='bbox 3536 1179 3554 1191; x_wconf 67' lang='grc' dir='ltr'><strong>ο</strong></span> 
     </span>
    </p>
   </div>
   <div class='ocr_carea' id='block_1_23' title="bbox 1900 1234 3551 1309">
    <p class='ocr_par' dir='ltr' id='par_1_23' title="bbox 1900 1234 3551 1309">
     <span class='ocr_line' id='line_1_23' title="bbox 1900 1234 3551 1309; baseline 0.004 -20"><span class='ocrx_word' id='word_1_145' title='bbox 1900 1239 2085 1289; x_wconf 91' lang='lat' dir='ltr'>catur.</span> <span class='ocrx_word' id='word_1_146' title='bbox 2119 1234 2199 1288; x_wconf 89' lang='lat' dir='ltr'>De</span> <span class='ocrx_word' id='word_1_147' title='bbox 2257 1234 2352 1289; x_wconf 92' lang='lat' dir='ltr'>his</span> <span class='ocrx_word' id='word_1_148' title='bbox 2407 1251 2507 1288; x_wconf 88' lang='lat' dir='ltr'>vos</span> <span class='ocrx_word' id='word_1_149' title='bbox 2561 1234 2644 1290; x_wconf 87' lang='lat' dir='ltr'>ita</span> <span class='ocrx_word' id='word_1_150' title='bbox 2700 1235 2919 1291; x_wconf 90' lang='lat' dir='ltr'>sentire</span> <span class='ocrx_word' id='word_1_151' title='bbox 2951 1254 3302 1309; x_wconf 84' lang='lat' dir='ltr'>persuasum</span> <span class='ocrx_word' id='word_1_152' title='bbox 3335 1238 3551 1295; x_wconf 82' lang='lat' dir='ltr'>habeo.</span> 
     </span>
    </p>
   </div>
   <div class='ocr_carea' id='block_1_24' title="bbox 1902 1323 3551 1398">
    <p class='ocr_par' dir='ltr' id='par_1_24' title="bbox 1902 1323 3551 1398">
     <span class='ocr_line' id='line_1_24' title="bbox 1902 1323 3551 1398; baseline 0.005 -22"><span class='ocrx_word' id='word_1_153' title='bbox 1902 1323 2219 1394; x_wconf 84' lang='lat' dir='ltr'>Exemplar</span> <span class='ocrx_word' id='word_1_154' title='bbox 2240 1324 2399 1378; x_wconf 87' lang='lat' dir='ltr'>enim</span> <span class='ocrx_word' id='word_1_155' title='bbox 2432 1324 2737 1380; x_wconf 88' lang='lat' dir='ltr'>charitatis</span> <span class='ocrx_word' id='word_1_156' title='bbox 2758 1332 2965 1382; x_wconf 67' lang='lat' dir='ltr'>vestra)</span> <span class='ocrx_word' id='word_1_157' title='bbox 2994 1328 3195 1398; x_wconf 89' lang='lat' dir='ltr'>accepi</span> <span class='ocrx_word' id='word_1_158' title='bbox 3226 1333 3286 1383; x_wconf 88' lang='lat' dir='ltr'>et</span> <span class='ocrx_word' id='word_1_159' title='bbox 3315 1345 3551 1384; x_wconf 89' lang='lat' dir='ltr'>mecum</span> 
     </span>
    </p>
   </div>
   <div class='ocr_carea' id='block_1_25' title="bbox 1903 1410 3553 1486">
    <p class='ocr_par' dir='ltr' id='par_1_25' title="bbox 1903 1410 3553 1486">
     <span class='ocr_line' id='line_1_25' title="bbox 1903 1410 3553 1486; baseline 0.003 -19"><span class='ocrx_word' id='word_1_160' title='bbox 1903 1410 2092 1467; x_wconf 86' lang='lat' dir='ltr'>habeo</span> <span class='ocrx_word' id='word_1_161' title='bbox 2125 1413 2185 1467; x_wconf 89' lang='lat' dir='ltr'>in</span> <span class='ocrx_word' id='word_1_162' title='bbox 2211 1412 2488 1484; x_wconf 90' lang='lat' dir='ltr'>episcopo</span> <span class='ocrx_word' id='word_1_163' title='bbox 2529 1418 2757 1469; x_wconf 89' lang='lat' dir='ltr'>vestro:</span> <span class='ocrx_word' id='word_1_164' title='bbox 2795 1414 2964 1485; x_wconf 85' lang='lat' dir='ltr'>cujus</span> <span class='ocrx_word' id='word_1_165' title='bbox 2996 1416 3122 1486; x_wconf 91' lang='lat' dir='ltr'>ipse</span> <span class='ocrx_word' id='word_1_166' title='bbox 3154 1417 3389 1472; x_wconf 89' lang='lat' dir='ltr'>habitus</span> <span class='ocrx_word' id='word_1_167' title='bbox 3422 1433 3553 1472; x_wconf 83' lang='lat' dir='ltr'>ma-</span> 
     </span>
    </p>
   </div>
   <div class='ocr_carea' id='block_1_26' title="bbox 1902 1500 3552 1576">
    <p class='ocr_par' dir='ltr' id='par_1_26' title="bbox 1902 1500 3552 1576">
     <span class='ocr_line' id='line_1_26' title="bbox 1902 1500 3552 1576; baseline 0.004 -21"><span class='ocrx_word' id='word_1_168' title='bbox 1902 1516 2018 1573; x_wconf 91' lang='lat' dir='ltr'>gna</span> <span class='ocrx_word' id='word_1_169' title='bbox 2042 1500 2364 1571; x_wconf 86' lang='lat' dir='ltr'>disciplina</span> <span class='ocrx_word' id='word_1_170' title='bbox 2384 1507 2495 1567; x_wconf 89' lang='lat' dir='ltr'>est,</span> <span class='ocrx_word' id='word_1_171' title='bbox 2521 1503 2914 1558; x_wconf 81' lang='lat' dir='ltr'>mansuetudo</span> <span class='ocrx_word' id='word_1_172' title='bbox 2937 1520 3072 1559; x_wconf 91' lang='lat' dir='ltr'>vero</span> <span class='ocrx_word' id='word_1_173' title='bbox 3098 1505 3228 1575; x_wconf 89' lang='lat' dir='ltr'>ejus</span> <span class='ocrx_word' id='word_1_174' title='bbox 3252 1506 3552 1576; x_wconf 87' lang='lat' dir='ltr'>potentia;</span> 
     </span>
    </p>
   </div>
   <div class='ocr_carea' id='block_1_27' title="bbox 1903 1590 3553 1667">
    <p class='ocr_par' dir='ltr' id='par_1_27' title="bbox 1903 1590 3553 1667">
     <span class='ocr_line' id='line_1_27' title="bbox 1903 1590 3553 1667; baseline 0.004 -23"><span class='ocrx_word' id='word_1_175' title='bbox 1903 1606 2103 1660; x_wconf 89' lang='lat' dir='ltr'>quem,</span> <span class='ocrx_word' id='word_1_176' title='bbox 2128 1596 2191 1645; x_wconf 88' lang='lat' dir='ltr'>ut</span> <span class='ocrx_word' id='word_1_177' title='bbox 2212 1590 2507 1660; x_wconf 78' lang='lat' dir='ltr'>existimo,</span> <span class='ocrx_word' id='word_1_178' title='bbox 2540 1596 2599 1646; x_wconf 91' lang='lat' dir='ltr'>et</span> <span class='ocrx_word' id='word_1_179' title='bbox 2627 1592 2796 1662; x_wconf 87' lang='lat' dir='ltr'>impii</span> <span class='ocrx_word' id='word_1_180' title='bbox 2823 1592 2931 1664; x_wconf 87' lang='lat' dir='ltr'>ipsi</span> <span class='ocrx_word' id='word_1_181' title='bbox 2964 1596 3553 1667; x_wconf 88' lang='lat' dir='ltr'>reverentur,quibus</span> 
     </span>
    </p>
   </div>
   <div class='ocr_carea' id='block_1_28' title="bbox 161 1671 1843 1756">
    <p class='ocr_par' dir='ltr' id='par_1_28' title="bbox 161 1671 1843 1752">
     <span class='ocr_line' id='line_1_28' title="bbox 161 1671 1843 1752; baseline 0.002 -25"><span class='ocrx_word' id='word_1_182' title='bbox 161 1671 392 1749; x_wconf 66' lang='grc' dir='ltr'>δῦνομις·</span> <span class='ocrx_word' id='word_1_183' title='bbox 453 1673 511 1730; x_wconf 82' lang='grc' dir='ltr'>ὄν</span> <span class='ocrx_word' id='word_1_184' title='bbox 545 1673 850 1752; x_wconf 69' lang='grc' dir='ltr'>λογίζομαι</span> <span class='ocrx_word' id='word_1_185' title='bbox 880 1676 972 1732; x_wconf 80' lang='grc' dir='ltr'>καὶ</span> <span class='ocrx_word' id='word_1_186' title='bbox 999 1677 1127 1738; x_wconf 78' lang='grc' dir='ltr'>τοὺς</span> <span class='ocrx_word' id='word_1_187' title='bbox 1182 1678 1369 1740; x_wconf 67' lang='grc' dir='ltr'>ἀθέους</span> <span class='ocrx_word' id='word_1_188' title='bbox 1425 1677 1790 1749; x_wconf 67' lang='grc' dir='ltr'>ἐντρέπεσθαι,</span> <span class='ocrx_word' id='word_1_189' title='bbox 1829 1688 1843 1749; x_wconf 92' lang='lat'><strong>|</strong></span> 
     </span>
    </p>
   </div>
   <div class='ocr_carea' id='block_1_29' title="bbox 1980 1671 3553 1756">
    <p class='ocr_par' dir='ltr' id='par_1_29' title="bbox 1986 1680 3553 1756">
     <span class='ocr_line' id='line_1_29' title="bbox 1986 1680 3553 1756; baseline 0.004 -22"><span class='ocrx_word' id='word_1_190' title='bbox 1986 1696 2082 1735; x_wconf 86' lang='lat' dir='ltr'>am</span> <span class='ocrx_word' id='word_1_191' title='bbox 2114 1680 2328 1751; x_wconf 83' lang='lat' dir='ltr'>placet,</span> <span class='ocrx_word' id='word_1_192' title='bbox 2361 1681 2517 1750; x_wconf 88' lang='lat' dir='ltr'>quod</span> <span class='ocrx_word' id='word_1_193' title='bbox 2548 1697 2655 1752; x_wconf 89' lang='lat' dir='ltr'>ego</span> <span class='ocrx_word' id='word_1_194' title='bbox 2685 1682 2834 1736; x_wconf 90' lang='lat' dir='ltr'>mihi</span> <span class='ocrx_word' id='word_1_195' title='bbox 2892 1699 3012 1738; x_wconf 90' lang='lat' dir='ltr'>non</span> <span class='ocrx_word' id='word_1_196' title='bbox 3070 1701 3331 1756; x_wconf 87' lang='lat' dir='ltr'>parcam.</span> <span class='ocrx_word' id='word_1_197' title='bbox 3380 1687 3553 1749; x_wconf 88' lang='lat' dir='ltr'>Num,</span> 
     </span>
    </p>
   </div>
   <div class='ocr_carea' id='block_1_30' title="bbox 161 1762 1792 1843">
    <p class='ocr_par' dir='ltr' id='par_1_30' title="bbox 161 1762 1792 1843">
     <span class='ocr_line' id='line_1_30' title="bbox 161 1762 1792 1843; baseline 0.002 -26"><span class='ocrx_word' id='word_1_198' title='bbox 161 1762 489 1838; x_wconf 76' lang='grc' dir='ltr'>ἀγαπῶντας,</span> <span class='ocrx_word' id='word_1_199' title='bbox 547 1765 622 1827; x_wconf 83' lang='grc' dir='ltr'>ὡς</span> <span class='ocrx_word' id='word_1_200' title='bbox 690 1765 752 1821; x_wconf 77' lang='grc' dir='ltr'>οὐ</span> <span class='ocrx_word' id='word_1_201' title='bbox 785 1763 1045 1843; x_wconf 75' lang='grc' dir='ltr'>φείδομαι</span> <span class='ocrx_word' id='word_1_202' title='bbox 1094 1770 1206 1838; x_wconf 77' lang='grc'>(85)</span> <span class='ocrx_word' id='word_1_203' title='bbox 1247 1766 1459 1822; x_wconf 68' lang='grc' dir='ltr'>ἑαυτοῦ.</span> <span class='ocrx_word' id='word_1_204' title='bbox 1521 1770 1631 1841; x_wconf 88' lang='grc'>(86)</span> <span class='ocrx_word' id='word_1_205' title='bbox 1690 1766 1792 1821; x_wconf 79' lang='grc' dir='ltr'>1Ιὸ-</span> 
     </span>
    </p>
   </div>
   <div class='ocr_carea' id='block_1_31' title="bbox 162 1851 1797 1935">
    <p class='ocr_par' dir='ltr' id='par_1_31' title="bbox 162 1851 1797 1935">
     <span class='ocr_line' id='line_1_31' title="bbox 162 1851 1797 1935; baseline 0.002 -26"><span class='ocrx_word' id='word_1_206' title='bbox 162 1873 302 1929; x_wconf 85' lang='grc' dir='ltr'>τερον</span> <span class='ocrx_word' id='word_1_207' title='bbox 343 1851 640 1927; x_wconf 73' lang='grc' dir='ltr'>δυνάμενος</span> <span class='ocrx_word' id='word_1_208' title='bbox 671 1855 893 1935; x_wconf 75' lang='grc' dir='ltr'>γράφειν</span> <span class='ocrx_word' id='word_1_209' title='bbox 924 1855 1056 1931; x_wconf 71' lang='grc' dir='ltr'>ὑπὲρ</span> <span class='ocrx_word' id='word_1_210' title='bbox 1085 1855 1308 1926; x_wconf 80' lang='grc' dir='ltr'>τούτου,</span> <span class='ocrx_word' id='word_1_211' title='bbox 1356 1856 1431 1920; x_wconf 83' lang='grc' dir='ltr'>εἷς</span> <span class='ocrx_word' id='word_1_212' title='bbox 1478 1861 1642 1912; x_wconf 76' lang='grc' dir='ltr'>τοῦτο</span> <span class='ocrx_word' id='word_1_213' title='bbox 1674 1858 1797 1932; x_wconf 84' lang='grc'>(87)</span> 
     </span>
    </p>
   </div>
   <div class='ocr_carea' id='block_1_32' title="bbox 167 1942 1796 2025">
    <p class='ocr_par' dir='ltr' id='par_1_32' title="bbox 167 1942 1796 2025">
     <span class='ocr_line' id='line_1_32' title="bbox 167 1942 1796 2025; baseline 0.001 -23"><span class='ocrx_word' id='word_1_214' title='bbox 167 1945 326 2018; x_wconf 80' lang='grc' dir='ltr'>ᾠήθν,</span> <span class='ocrx_word' id='word_1_215' title='bbox 359 1946 441 2003; x_wconf 74' lang='grc' dir='ltr'>ἴνα</span> <span class='ocrx_word' id='word_1_216' title='bbox 500 1942 577 2004; x_wconf 80' lang='grc' dir='ltr'>ὥν</span> <span class='ocrx_word' id='word_1_217' title='bbox 634 1949 958 2025; x_wconf 79' lang='grc' dir='ltr'>κατάκριτος</span> <span class='ocrx_word' id='word_1_218' title='bbox 1010 1949 1085 2014; x_wconf 83' lang='grc' dir='ltr'>ὡς</span> <span class='ocrx_word' id='word_1_219' title='bbox 1141 1949 1451 2013; x_wconf 74' lang='grc' dir='ltr'>ἀπόστολος</span> <span class='ocrx_word' id='word_1_220' title='bbox 1514 1951 1643 2023; x_wconf 80' lang='grc' dir='ltr'>ὑμῖν</span> <span class='ocrx_word' id='word_1_221' title='bbox 1676 1945 1796 2003; x_wconf 87' lang='grc' dir='ltr'>δια-</span> 
     </span>
    </p>
   </div>
   <div class='ocr_carea' id='block_1_33' title="bbox 161 2035 479 2112">
    <p class='ocr_par' dir='ltr' id='par_1_33' title="bbox 161 2035 479 2112">
     <span class='ocr_line' id='line_1_33' title="bbox 161 2035 479 2112; baseline 0.006 -21"><span class='ocrx_word' id='word_1_222' title='bbox 161 2035 428 2112; x_wconf 72' lang='grc' dir='ltr'>τάσσωμαι</span> <span class='ocrx_word' id='word_1_223' title='bbox 464 2056 479 2108; x_wconf 86' lang='grc'><strong>;</strong></span> 
     </span>
    </p>
   </div>
   <div class='ocr_carea' id='block_1_34' title="bbox 1905 1769 3553 1837">
    <p class='ocr_par' dir='ltr' id='par_1_34' title="bbox 1905 1769 3553 1837">
     <span class='ocr_line' id='line_1_34' title="bbox 1905 1769 3553 1837; baseline 0.004 -13"><span class='ocrx_word' id='word_1_224' title='bbox 1905 1786 2041 1825; x_wconf 89' lang='lat' dir='ltr'>cum</span> <span class='ocrx_word' id='word_1_225' title='bbox 2073 1773 2182 1825; x_wconf 80' lang='lat' dir='ltr'>hac</span> <span class='ocrx_word' id='word_1_226' title='bbox 2231 1769 2302 1825; x_wconf 88' lang='lat' dir='ltr'>de</span> <span class='ocrx_word' id='word_1_227' title='bbox 2336 1786 2397 1825; x_wconf 89' lang='lat' dir='ltr'>re</span> <span class='ocrx_word' id='word_1_228' title='bbox 2430 1770 2688 1827; x_wconf 86' lang='lat' dir='ltr'>scribere</span> <span class='ocrx_word' id='word_1_229' title='bbox 2722 1772 2869 1826; x_wconf 91' lang='lat' dir='ltr'>mihi</span> <span class='ocrx_word' id='word_1_230' title='bbox 2902 1772 3157 1837; x_wconf 88' lang='lat' dir='ltr'>licuerit.</span> <span class='ocrx_word' id='word_1_231' title='bbox 3215 1775 3277 1829; x_wconf 90' lang='lat' dir='ltr'>in</span> <span class='ocrx_word' id='word_1_232' title='bbox 3331 1778 3553 1832; x_wconf 78' lang='lat' dir='ltr'>tantam</span> 
     </span>
    </p>
   </div>
   <div class='ocr_carea' id='block_1_35' title="bbox 1907 1858 3554 1933">
    <p class='ocr_par' dir='ltr' id='par_1_35' title="bbox 1907 1858 3554 1933">
     <span class='ocr_line' id='line_1_35' title="bbox 1907 1858 3554 1933; baseline 0.002 -20"><span class='ocrx_word' id='word_1_233' title='bbox 1907 1859 2024 1913; x_wconf 88' lang='lat' dir='ltr'>mei</span> <span class='ocrx_word' id='word_1_234' title='bbox 2062 1858 2566 1913; x_wconf 86' lang='lat' dir='ltr'>existimationem</span> <span class='ocrx_word' id='word_1_235' title='bbox 2597 1859 2827 1927; x_wconf 84' lang='lat' dir='ltr'>deveni,</span> <span class='ocrx_word' id='word_1_236' title='bbox 2860 1866 2926 1915; x_wconf 89' lang='lat' dir='ltr'>ut</span> <span class='ocrx_word' id='word_1_237' title='bbox 2954 1861 3219 1933; x_wconf 86' lang='lat' dir='ltr'>quamvis</span> <span class='ocrx_word' id='word_1_238' title='bbox 3269 1863 3554 1919; x_wconf 87' lang='lat' dir='ltr'>condem-</span> 
     </span>
    </p>
   </div>
   <div class='ocr_carea' id='block_1_36' title="bbox 1905 1947 3307 2022">
    <p class='ocr_par' dir='ltr' id='par_1_36' title="bbox 1905 1947 3307 2022">
     <span class='ocr_line' id='line_1_36' title="bbox 1905 1947 3307 2022; baseline 0.004 -20"><span class='ocrx_word' id='word_1_239' title='bbox 1905 1954 2101 2014; x_wconf 86' lang='lat' dir='ltr'>natus,</span> <span class='ocrx_word' id='word_1_240' title='bbox 2136 1947 2294 2003; x_wconf 89' lang='lat' dir='ltr'>velut</span> <span class='ocrx_word' id='word_1_241' title='bbox 2322 1948 2625 2020; x_wconf 86' lang='lat' dir='ltr'>apostolus</span> <span class='ocrx_word' id='word_1_242' title='bbox 2665 1947 2830 2004; x_wconf 86' lang='lat' dir='ltr'>vobis</span> <span class='ocrx_word' id='word_1_243' title='bbox 2862 1950 3247 2022; x_wconf 83' lang='lat' dir='ltr'>praeciperem</span> <span class='ocrx_word' id='word_1_244' title='bbox 3278 1952 3307 2006; x_wconf 75' lang='lat' dir='ltr'>‘I</span> 
     </span>
    </p>
   </div>
   <div class='ocr_carea' id='block_1_37' title="bbox 1130 2137 2565 2211">
    <p class='ocr_par' dir='ltr' id='par_1_37' title="bbox 1130 2137 2565 2211">
     <span class='ocr_line' id='line_1_37' title="bbox 1130 2137 2565 2211; baseline 0.001 -17"><span class='ocrx_word' id='word_1_245' title='bbox 1130 2141 1221 2196; x_wconf 91' lang='lat' dir='ltr'>IV.</span> <span class='ocrx_word' id='word_1_246' title='bbox 1254 2141 1582 2196; x_wconf 81' lang='lat' dir='ltr'>Humilitate</span> <span class='ocrx_word' id='word_1_247' title='bbox 1609 2145 1664 2194; x_wconf 89' lang='lat' dir='ltr'>et</span> <span class='ocrx_word' id='word_1_248' title='bbox 1691 2137 2111 2195; x_wconf 80' lang='lat' dir='ltr'>mansuetudine</span> <span class='ocrx_word' id='word_1_249' title='bbox 2139 2139 2279 2195; x_wconf 78' lang='lat' dir='ltr'>mihi</span> <span class='ocrx_word' id='word_1_250' title='bbox 2307 2155 2444 2211; x_wconf 85' lang='lat' dir='ltr'>opus</span> <span class='ocrx_word' id='word_1_251' title='bbox 2467 2146 2565 2195; x_wconf 83' lang='lat' dir='ltr'>est-</span> 
     </span>
    </p>
   </div>
   <div class='ocr_carea' id='block_1_38' title="bbox 225 2251 1795 2330">
    <p class='ocr_par' dir='ltr' id='par_1_38' title="bbox 225 2251 1795 2330">
     <span class='ocr_line' id='line_1_38' title="bbox 225 2251 1795 2330; baseline -0.001 -20"><span class='ocrx_word' id='word_1_252' title='bbox 225 2255 417 2324; x_wconf 84' lang='lat'><strong>(88-89)</strong></span> <span class='ocrx_word' id='word_1_253' title='bbox 453 2251 647 2311; x_wconf 78' lang='grc' dir='ltr'>Πολλὰ</span> <span class='ocrx_word' id='word_1_254' title='bbox 675 2258 863 2330; x_wconf 79' lang='grc' dir='ltr'>φρονῷ</span> <span class='ocrx_word' id='word_1_255' title='bbox 892 2251 945 2311; x_wconf 73' lang='grc' dir='ltr'>ἐν</span> <span class='ocrx_word' id='word_1_256' title='bbox 976 2258 1112 2328; x_wconf 79' lang='grc' dir='ltr'>Θεῷ·</span> <span class='ocrx_word' id='word_1_257' title='bbox 1161 2253 1289 2310; x_wconf 84' lang='grc' dir='ltr'>ἀλλ’</span> <span class='ocrx_word' id='word_1_258' title='bbox 1322 2253 1556 2328; x_wconf 67' lang='grc' dir='ltr'>ἐμαυτὸν</span> <span class='ocrx_word' id='word_1_259' title='bbox 1594 2258 1795 2329; x_wconf 79' lang='grc' dir='ltr'>μετρῶ,</span> 
     </span>
    </p>
   </div>
   <div class='ocr_carea' id='block_1_39' title="bbox 156 2340 1794 2423">
    <p class='ocr_par' dir='ltr' id='par_1_39' title="bbox 156 2340 1794 2423">
     <span class='ocr_line' id='line_1_39' title="bbox 156 2340 1794 2423; baseline 0.001 -29"><span class='ocrx_word' id='word_1_260' title='bbox 156 2340 238 2396; x_wconf 81' lang='grc' dir='ltr'>ἶνα</span> <span class='ocrx_word' id='word_1_261' title='bbox 268 2344 339 2415; x_wconf 69' lang='grc' dir='ltr'>μὴ</span> <span class='ocrx_word' id='word_1_262' title='bbox 371 2342 424 2398; x_wconf 80' lang='grc' dir='ltr'>ἐν</span> <span class='ocrx_word' id='word_1_263' title='bbox 452 2345 729 2423; x_wconf 80' lang='grc' dir='ltr'>καυχήσει</span> <span class='ocrx_word' id='word_1_264' title='bbox 773 2342 1092 2417; x_wconf 83' lang='grc' dir='ltr'>ἀπόλωμαι.</span> <span class='ocrx_word' id='word_1_265' title='bbox 1145 2347 1249 2398; x_wconf 79' lang='grc' dir='ltr'>Νῦν</span> <span class='ocrx_word' id='word_1_266' title='bbox 1280 2343 1385 2418; x_wconf 72' lang='grc' dir='ltr'>γάρ</span> <span class='ocrx_word' id='word_1_267' title='bbox 1420 2363 1486 2415; x_wconf 87' lang='grc' dir='ltr'>με</span> <span class='ocrx_word' id='word_1_268' title='bbox 1516 2340 1599 2397; x_wconf 81' lang='grc' dir='ltr'>δεῖ</span> <span class='ocrx_word' id='word_1_269' title='bbox 1627 2341 1794 2398; x_wconf 66' lang='grc' dir='ltr'>πλέον</span> 
     </span>
    </p>
   </div>
   <div class='ocr_carea' id='block_1_40' title="bbox 159 2426 1792 2510">
    <p class='ocr_par' dir='ltr' id='par_1_40' title="bbox 159 2426 1792 2510">
     <span class='ocr_line' id='line_1_40' title="bbox 159 2426 1792 2510; baseline 0.001 -25"><span class='ocrx_word' id='word_1_270' title='bbox 159 2426 450 2507; x_wconf 69' lang='grc' dir='ltr'>φοϐεῖσθαι,</span> <span class='ocrx_word' id='word_1_271' title='bbox 485 2432 577 2489; x_wconf 77' lang='grc' dir='ltr'>καὶ</span> <span class='ocrx_word' id='word_1_272' title='bbox 635 2434 714 2508; x_wconf 77' lang='grc' dir='ltr'>μή</span> <span class='ocrx_word' id='word_1_273' title='bbox 763 2434 1057 2509; x_wconf 63' lang='grc' dir='ltr'>προσέχειν</span> <span class='ocrx_word' id='word_1_274' title='bbox 1111 2440 1228 2496; x_wconf 85' lang='grc' dir='ltr'>τοῖς</span> <span class='ocrx_word' id='word_1_275' title='bbox 1271 2431 1553 2510; x_wconf 78' lang='grc' dir='ltr'>φυσιοῦσίν</span> <span class='ocrx_word' id='word_1_276' title='bbox 1589 2453 1673 2506; x_wconf 89' lang='grc' dir='ltr'>με.</span> <span class='ocrx_word' id='word_1_277' title='bbox 1725 2432 1792 2486; x_wconf 84' lang='grc' dir='ltr'>Οὶ</span> 
     </span>
    </p>
   </div>
   <div class='ocr_carea' id='block_1_41' title="bbox 157 2520 1796 2599">
    <p class='ocr_par' dir='ltr' id='par_1_41' title="bbox 157 2520 1796 2599">
     <span class='ocr_line' id='line_1_41' title="bbox 157 2520 1796 2599; baseline 0.001 -24"><span class='ocrx_word' id='word_1_278' title='bbox 157 2520 247 2595; x_wconf 67' lang='grc' dir='ltr'>γὰρ</span> <span class='ocrx_word' id='word_1_279' title='bbox 277 2520 527 2597; x_wconf 71' lang='grc' dir='ltr'>λέγοντες</span> <span class='ocrx_word' id='word_1_280' title='bbox 589 2542 683 2595; x_wconf 85' lang='grc' dir='ltr'>μοι</span> <span class='ocrx_word' id='word_1_281' title='bbox 744 2524 1099 2599; x_wconf 72' lang='grc' dir='ltr'>μαστιγοῦσιν</span> <span class='ocrx_word' id='word_1_282' title='bbox 1164 2545 1249 2597; x_wconf 80' lang='grc' dir='ltr'>με.</span> <span class='ocrx_word' id='word_1_283' title='bbox 1311 2521 1535 2598; x_wconf 81' lang='grc' dir='ltr'>Ἀγαπὼ</span> <span class='ocrx_word' id='word_1_284' title='bbox 1570 2521 1662 2593; x_wconf 73' lang='grc' dir='ltr'>μὲν</span> <span class='ocrx_word' id='word_1_285' title='bbox 1693 2520 1796 2598; x_wconf 75' lang='grc' dir='ltr'>γὰρ</span> 
     </span>
    </p>
   </div>
   <div class='ocr_carea' id='block_1_42' title="bbox 160 2609 1795 2687">
    <p class='ocr_par' dir='ltr' id='par_1_42' title="bbox 160 2609 1795 2687">
     <span class='ocr_line' id='line_1_42' title="bbox 160 2609 1795 2687; baseline 0.001 -23"><span class='ocrx_word' id='word_1_286' title='bbox 160 2610 215 2664; x_wconf 76' lang='grc' dir='ltr'>τὸ</span> <span class='ocrx_word' id='word_1_287' title='bbox 259 2618 463 2676; x_wconf 69' lang='grc' dir='ltr'>παθεῖν’</span> <span class='ocrx_word' id='word_1_288' title='bbox 519 2610 655 2667; x_wconf 80' lang='grc' dir='ltr'>ἀλλ’</span> <span class='ocrx_word' id='word_1_289' title='bbox 708 2612 807 2668; x_wconf 79' lang='grc' dir='ltr'>οὐκ</span> <span class='ocrx_word' id='word_1_290' title='bbox 859 2609 998 2674; x_wconf 63' lang='grc' dir='ltr'>οἶδα,</span> <span class='ocrx_word' id='word_1_291' title='bbox 1060 2613 1106 2668; x_wconf 76' lang='grc' dir='ltr'>εἰ</span> <span class='ocrx_word' id='word_1_292' title='bbox 1164 2610 1313 2683; x_wconf 76' lang='grc' dir='ltr'>ἄξιός</span> <span class='ocrx_word' id='word_1_293' title='bbox 1375 2612 1491 2684; x_wconf 77' lang='grc' dir='ltr'>εἶμι</span> <span class='ocrx_word' id='word_1_294' title='bbox 1571 2613 1633 2669; x_wconf 88' lang='grc' dir='ltr'>Ὁ</span> <span class='ocrx_word' id='word_1_295' title='bbox 1689 2611 1795 2687; x_wconf 84' lang='grc' dir='ltr'>γὰρ</span> 
     </span>
    </p>
   </div>
   <div class='ocr_carea' id='block_1_43' title="bbox 162 2697 1794 2781">
    <p class='ocr_par' dir='ltr' id='par_1_43' title="bbox 162 2697 1794 2781">
     <span class='ocr_line' id='line_1_43' title="bbox 162 2697 1794 2781; baseline 0.002 -29"><span class='ocrx_word' id='word_1_296' title='bbox 162 2698 319 2767; x_wconf 78' lang='grc' dir='ltr'>ζῆλος</span> <span class='ocrx_word' id='word_1_297' title='bbox 347 2699 588 2763; x_wconf 76' lang='grc' dir='ltr'>πολλοῖς</span> <span class='ocrx_word' id='word_1_298' title='bbox 622 2701 717 2773; x_wconf 75' lang='grc' dir='ltr'>μὲν</span> <span class='ocrx_word' id='word_1_299' title='bbox 747 2701 807 2757; x_wconf 77' lang='grc' dir='ltr'>οὐ</span> <span class='ocrx_word' id='word_1_300' title='bbox 840 2702 1102 2781; x_wconf 74' lang='grc' dir='ltr'>φαίνεται,</span> <span class='ocrx_word' id='word_1_301' title='bbox 1127 2700 1222 2773; x_wconf 78' lang='grc' dir='ltr'>ἐμὲ</span> <span class='ocrx_word' id='word_1_302' title='bbox 1253 2699 1310 2756; x_wconf 78' lang='grc' dir='ltr'>δὲ</span> <span class='ocrx_word' id='word_1_303' title='bbox 1340 2699 1507 2755; x_wconf 82' lang='grc' dir='ltr'>πλέον</span> <span class='ocrx_word' id='word_1_304' title='bbox 1539 2697 1794 2773; x_wconf 83' lang='grc' dir='ltr'>πολεμεῖ.</span> 
     </span>
    </p>
   </div>
   <div class='ocr_carea' id='block_1_44' title="bbox 165 2788 1796 2865">
    <p class='ocr_par' dir='ltr' id='par_1_44' title="bbox 165 2788 1796 2865">
     <span class='ocr_line' id='line_1_44' title="bbox 165 2788 1796 2865; baseline -0.001 -22"><span class='ocrx_word' id='word_1_305' title='bbox 165 2788 351 2863; x_wconf 78' lang='grc' dir='ltr'>Χρῄζω</span> <span class='ocrx_word' id='word_1_306' title='bbox 391 2789 484 2846; x_wconf 74' lang='grc' dir='ltr'>οὖν</span> <span class='ocrx_word' id='word_1_307' title='bbox 516 2790 852 2865; x_wconf 79' lang='grc' dir='ltr'>πραότητος,</span> <span class='ocrx_word' id='word_1_308' title='bbox 903 2789 955 2844; x_wconf 85' lang='grc' dir='ltr'>ἐν</span> <span class='ocrx_word' id='word_1_309' title='bbox 1069 2788 1391 2845; x_wconf 71' lang='grc' dir='ltr'>καταλῦεται</span> <span class='ocrx_word' id='word_1_310' title='bbox 1425 2790 1453 2844; x_wconf 83' lang='grc' dir='ltr'>ὁ</span> <span class='ocrx_word' id='word_1_311' title='bbox 1484 2790 1672 2864; x_wconf 65' lang='grc' dir='ltr'>ἅρχων</span> <span class='ocrx_word' id='word_1_312' title='bbox 1700 2792 1796 2843; x_wconf 77' lang='grc' dir='ltr'>τοῦ</span> 
     </span>
    </p>
   </div>
   <div class='ocr_carea' id='block_1_45' title="bbox 154 2876 594 2942">
    <p class='ocr_par' dir='ltr' id='par_1_45' title="bbox 154 2876 594 2942">
     <span class='ocr_line' id='line_1_45' title="bbox 154 2876 594 2942; baseline 0.018 -11"><span class='ocrx_word' id='word_1_313' title='bbox 154 2876 348 2942; x_wconf 69' lang='grc' dir='ltr'>αἰῶνος</span> <span class='ocrx_word' id='word_1_314' title='bbox 369 2881 594 2939; x_wconf 72' lang='grc' dir='ltr'>τούτου.</span> 
     </span>
    </p>
   </div>
   <div class='ocr_carea' id='block_1_46' title="bbox 1982 2254 3555 2330">
    <p class='ocr_par' dir='ltr' id='par_1_46' title="bbox 1982 2254 3555 2330">
     <span class='ocr_line' id='line_1_46' title="bbox 1982 2254 3555 2330; baseline 0.003 -20"><span class='ocrx_word' id='word_1_315' title='bbox 1982 2256 2162 2311; x_wconf 79' lang='lat' dir='ltr'>Multa</span> <span class='ocrx_word' id='word_1_316' title='bbox 2193 2254 2356 2327; x_wconf 89' lang='lat' dir='ltr'>sapio</span> <span class='ocrx_word' id='word_1_317' title='bbox 2387 2255 2447 2310; x_wconf 91' lang='lat' dir='ltr'>in</span> <span class='ocrx_word' id='word_1_318' title='bbox 2474 2257 2629 2324; x_wconf 89' lang='lat' dir='ltr'>Deo;</span> <span class='ocrx_word' id='word_1_319' title='bbox 2663 2256 2766 2313; x_wconf 89' lang='lat' dir='ltr'>sed</span> <span class='ocrx_word' id='word_1_320' title='bbox 2796 2257 2942 2313; x_wconf 91' lang='lat' dir='ltr'>mihi</span> <span class='ocrx_word' id='word_1_321' title='bbox 2975 2258 3087 2330; x_wconf 90' lang='lat' dir='ltr'>ipsi</span> <span class='ocrx_word' id='word_1_322' title='bbox 3119 2259 3359 2315; x_wconf 90' lang='lat' dir='ltr'>modum</span> <span class='ocrx_word' id='word_1_323' title='bbox 3386 2260 3555 2316; x_wconf 81' lang='lat' dir='ltr'>adhi-</span> 
     </span>
    </p>
   </div>
   <div class='ocr_carea' id='block_1_47' title="bbox 1902 2345 3554 2420">
    <p class='ocr_par' dir='ltr' id='par_1_47' title="bbox 1902 2345 3554 2420">
     <span class='ocr_line' id='line_1_47' title="bbox 1902 2345 3554 2420; baseline 0.002 -19"><span class='ocrx_word' id='word_1_324' title='bbox 1902 2345 2034 2408; x_wconf 83' lang='lat' dir='ltr'>beo.</span> <span class='ocrx_word' id='word_1_325' title='bbox 2058 2362 2131 2401; x_wconf 89' lang='lat' dir='ltr'>ne</span> <span class='ocrx_word' id='word_1_326' title='bbox 2164 2345 2471 2418; x_wconf 87' lang='lat' dir='ltr'>gloriando</span> <span class='ocrx_word' id='word_1_327' title='bbox 2503 2362 2762 2417; x_wconf 84' lang='lat' dir='ltr'>peream.</span> <span class='ocrx_word' id='word_1_328' title='bbox 2809 2348 2977 2403; x_wconf 91' lang='lat' dir='ltr'>Nunc</span> <span class='ocrx_word' id='word_1_329' title='bbox 3035 2348 3196 2405; x_wconf 91' lang='lat' dir='ltr'>enim</span> <span class='ocrx_word' id='word_1_330' title='bbox 3247 2348 3375 2420; x_wconf 89' lang='lat' dir='ltr'>plus</span> <span class='ocrx_word' id='word_1_331' title='bbox 3407 2350 3554 2405; x_wconf 91' lang='lat' dir='ltr'>mihi</span> 
     </span>
    </p>
   </div>
   <div class='ocr_carea' id='block_1_48' title="bbox 1905 2434 3549 2510">
    <p class='ocr_par' dir='ltr' id='par_1_48' title="bbox 1905 2434 3549 2510">
     <span class='ocr_line' id='line_1_48' title="bbox 1905 2434 3549 2510; baseline 0.001 -21"><span class='ocrx_word' id='word_1_332' title='bbox 1905 2434 2235 2490; x_wconf 83' lang='lat' dir='ltr'>timendum</span> <span class='ocrx_word' id='word_1_333' title='bbox 2262 2440 2369 2492; x_wconf 89' lang='lat' dir='ltr'>est.</span> <span class='ocrx_word' id='word_1_334' title='bbox 2394 2451 2504 2490; x_wconf 90' lang='lat' dir='ltr'>nec</span> <span class='ocrx_word' id='word_1_335' title='bbox 2534 2449 2708 2491; x_wconf 85' lang='lat' dir='ltr'>aures</span> <span class='ocrx_word' id='word_1_336' title='bbox 2738 2434 2857 2492; x_wconf 88' lang='lat' dir='ltr'>illis</span> <span class='ocrx_word' id='word_1_337' title='bbox 2889 2442 3030 2492; x_wconf 90' lang='lat' dir='ltr'>sunt</span> <span class='ocrx_word' id='word_1_338' title='bbox 3061 2438 3415 2509; x_wconf 70' lang='lat' dir='ltr'>praebendas,</span> <span class='ocrx_word' id='word_1_339' title='bbox 3445 2438 3549 2510; x_wconf 85' lang='lat' dir='ltr'>qui</span> 
     </span>
    </p>
   </div>
   <div class='ocr_carea' id='block_1_49' title="bbox 1907 2524 3551 2600">
    <p class='ocr_par' dir='ltr' id='par_1_49' title="bbox 1907 2524 3551 2600">
     <span class='ocr_line' id='line_1_49' title="bbox 1907 2524 3551 2600; baseline 0.002 -20"><span class='ocrx_word' id='word_1_340' title='bbox 1907 2540 2001 2580; x_wconf 89' lang='lat' dir='ltr'>me</span> <span class='ocrx_word' id='word_1_341' title='bbox 2032 2525 2256 2579; x_wconf 82' lang='lat' dir='ltr'>inﬂant.</span> <span class='ocrx_word' id='word_1_342' title='bbox 2290 2524 2397 2588; x_wconf 87' lang='lat' dir='ltr'>Qui</span> <span class='ocrx_word' id='word_1_343' title='bbox 2451 2524 2609 2579; x_wconf 88' lang='lat' dir='ltr'>enim</span> <span class='ocrx_word' id='word_1_344' title='bbox 2657 2542 2753 2580; x_wconf 87' lang='lat' dir='ltr'>me</span> <span class='ocrx_word' id='word_1_345' title='bbox 2802 2525 3065 2582; x_wconf 89' lang='lat' dir='ltr'>laudant.</span> <span class='ocrx_word' id='word_1_346' title='bbox 3100 2527 3405 2600; x_wconf 86' lang='lat' dir='ltr'>ﬂagellant</span> <span class='ocrx_word' id='word_1_347' title='bbox 3432 2544 3551 2585; x_wconf 90' lang='lat' dir='ltr'>me.</span> 
     </span>
    </p>
   </div>
   <div class='ocr_carea' id='block_1_50' title="bbox 1907 2613 3556 2689">
    <p class='ocr_par' dir='ltr' id='par_1_50' title="bbox 1907 2613 3556 2689">
     <span class='ocr_line' id='line_1_50' title="bbox 1907 2613 3556 2689; baseline 0.001 -19"><span class='ocrx_word' id='word_1_348' title='bbox 1907 2617 2050 2670; x_wconf 89' lang='lat' dir='ltr'>Nam</span> <span class='ocrx_word' id='word_1_349' title='bbox 2083 2613 2261 2685; x_wconf 81' lang='lat' dir='ltr'>diligo</span> <span class='ocrx_word' id='word_1_350' title='bbox 2277 2614 2517 2684; x_wconf 90' lang='lat' dir='ltr'>quidem</span> <span class='ocrx_word' id='word_1_351' title='bbox 2542 2615 2661 2686; x_wconf 88' lang='lat' dir='ltr'>pati</span> <span class='ocrx_word' id='word_1_352' title='bbox 2686 2632 2700 2680; x_wconf 87' lang='lat'><strong>;</strong></span> <span class='ocrx_word' id='word_1_353' title='bbox 2723 2615 2826 2670; x_wconf 88' lang='lat' dir='ltr'>sed</span> <span class='ocrx_word' id='word_1_354' title='bbox 2849 2617 3155 2679; x_wconf 84' lang='lat' dir='ltr'>nescio,an</span> <span class='ocrx_word' id='word_1_355' title='bbox 3181 2618 3393 2689; x_wconf 89' lang='lat' dir='ltr'>dignus</span> <span class='ocrx_word' id='word_1_356' title='bbox 3418 2617 3556 2673; x_wconf 90' lang='lat' dir='ltr'>sim.</span> 
     </span>
    </p>
   </div>
   <div class='ocr_carea' id='block_1_51' title="bbox 1909 2701 3556 2777">
    <p class='ocr_par' dir='ltr' id='par_1_51' title="bbox 1909 2701 3556 2777">
     <span class='ocr_line' id='line_1_51' title="bbox 1909 2701 3556 2777; baseline 0.002 -22"><span class='ocrx_word' id='word_1_357' title='bbox 1909 2702 2295 2756; x_wconf 85' lang='lat' dir='ltr'>Vehementia</span> <span class='ocrx_word' id='word_1_358' title='bbox 2316 2701 2476 2756; x_wconf 88' lang='lat' dir='ltr'>enim</span> <span class='ocrx_word' id='word_1_359' title='bbox 2499 2718 2633 2757; x_wconf 90' lang='lat' dir='ltr'>mea</span> <span class='ocrx_word' id='word_1_360' title='bbox 2666 2703 2867 2758; x_wconf 89' lang='lat' dir='ltr'>multis</span> <span class='ocrx_word' id='word_1_361' title='bbox 2889 2703 3130 2774; x_wconf 88' lang='lat' dir='ltr'>quidem</span> <span class='ocrx_word' id='word_1_362' title='bbox 3164 2721 3282 2759; x_wconf 93' lang='lat' dir='ltr'>non</span> <span class='ocrx_word' id='word_1_363' title='bbox 3304 2710 3556 2777; x_wconf 89' lang='lat' dir='ltr'>apparet</span> 
     </span>
    </p>
   </div>
   <div class='ocr_carea' id='block_1_52' title="bbox 1906 2790 3557 2863">
    <p class='ocr_par' dir='ltr' id='par_1_52' title="bbox 1906 2790 3557 2863">
     <span class='ocr_line' id='line_1_52' title="bbox 1906 2790 3557 2863; baseline 0.002 -18"><span class='ocrx_word' id='word_1_364' title='bbox 1906 2807 2000 2845; x_wconf 86' lang='lat' dir='ltr'>me</span> <span class='ocrx_word' id='word_1_365' title='bbox 2032 2806 2166 2845; x_wconf 87' lang='lat' dir='ltr'>vero</span> <span class='ocrx_word' id='word_1_366' title='bbox 2189 2790 2381 2845; x_wconf 89' lang='lat' dir='ltr'>acrius</span> <span class='ocrx_word' id='word_1_367' title='bbox 2403 2790 2728 2862; x_wconf 82' lang='lat' dir='ltr'>impugnat.</span> <span class='ocrx_word' id='word_1_368' title='bbox 2755 2792 2913 2863; x_wconf 90' lang='lat' dir='ltr'>Opus</span> <span class='ocrx_word' id='word_1_369' title='bbox 2948 2793 3148 2862; x_wconf 89' lang='lat' dir='ltr'>itaque</span> <span class='ocrx_word' id='word_1_370' title='bbox 3194 2794 3340 2849; x_wconf 91' lang='lat' dir='ltr'>mihi</span> <span class='ocrx_word' id='word_1_371' title='bbox 3388 2810 3557 2849; x_wconf 88' lang='lat' dir='ltr'>man-</span> 
     </span>
    </p>
   </div>
   <div class='ocr_carea' id='block_1_53' title="bbox 1845 2866 3566 2969">
    <p class='ocr_par' dir='ltr' id='par_1_53' title="bbox 1845 2866 3566 2969">
     <span class='ocr_line' id='line_1_53' title="bbox 1845 2866 3566 2969; baseline 0.003 -38"><span class='ocrx_word' id='word_1_372' title='bbox 1845 2866 1887 2931; x_wconf 86' lang='lat' dir='ltr'>C</span> <span class='ocrx_word' id='word_1_373' title='bbox 1911 2878 2246 2949; x_wconf 85' lang='lat' dir='ltr'>suetudine,</span> <span class='ocrx_word' id='word_1_374' title='bbox 2297 2895 2415 2949; x_wconf 90' lang='lat' dir='ltr'>qua</span> <span class='ocrx_word' id='word_1_375' title='bbox 2444 2879 2721 2952; x_wconf 86' lang='lat' dir='ltr'>princeps</span> <span class='ocrx_word' id='word_1_376' title='bbox 2754 2878 2951 2935; x_wconf 72' lang='lat' dir='ltr'>saaculi</span> <span class='ocrx_word' id='word_1_377' title='bbox 2984 2882 3162 2953; x_wconf 90' lang='lat' dir='ltr'>hujus</span> <span class='ocrx_word' id='word_1_378' title='bbox 3210 2882 3566 2969; x_wconf 46' lang='lat' dir='ltr'>destruitur.</span> 
     </span>
    </p>
   </div>
   <div class='ocr_carea' id='block_1_54' title="bbox 1606 2994 2108 3077">
    <p class='ocr_par' dir='ltr' id='par_1_54' title="bbox 1606 2994 2108 3077">
     <span class='ocr_line' id='line_1_54' title="bbox 1606 2994 2108 3077; baseline -0.01 -16"><span class='ocrx_word' id='word_1_379' title='bbox 1606 2994 1787 3062; x_wconf 56' lang='lat' dir='ltr'>&#39;Vetus</span> <span class='ocrx_word' id='word_1_380' title='bbox 1817 3004 2108 3077; x_wconf 79' lang='lat' dir='ltr'>interpres.</span> 
     </span>
    </p>
   </div>
   <div class='ocr_carea' id='block_1_55' title="bbox 164 3109 3569 3186">
    <p class='ocr_par' dir='ltr' id='par_1_55' title="bbox 164 3109 3569 3186">
     <span class='ocr_line' id='line_1_55' title="bbox 164 3109 3569 3186; baseline 0.001 -20"><span class='ocrx_word' id='word_1_381' title='bbox 164 3111 477 3186; x_wconf 88' lang='lat' dir='ltr'>secundum</span> <span class='ocrx_word' id='word_1_382' title='bbox 506 3114 707 3170; x_wconf 71' lang='lat' dir='ltr'>Iesum</span> <span class='ocrx_word' id='word_1_383' title='bbox 739 3114 1055 3170; x_wconf 89' lang='lat' dir='ltr'>Christum.</span> <span class='ocrx_word' id='word_1_384' title='bbox 1091 3118 1333 3186; x_wconf 86' lang='lat' dir='ltr'>propter</span> <span class='ocrx_word' id='word_1_385' title='bbox 1363 3130 1462 3169; x_wconf 91' lang='lat' dir='ltr'>vos</span> <span class='ocrx_word' id='word_1_386' title='bbox 1501 3118 1797 3186; x_wconf 88' lang='lat' dir='ltr'>mortuum</span> <span class='ocrx_word' id='word_1_387' title='bbox 1824 3130 1837 3186; x_wconf 85' lang='lat'>;</span> <span class='ocrx_word' id='word_1_388' title='bbox 1870 3117 1936 3167; x_wconf 92' lang='lat' dir='ltr'>ut</span> <span class='ocrx_word' id='word_1_389' title='bbox 1965 3109 2274 3186; x_wconf 73' lang='lat' dir='ltr'>credentes</span> <span class='ocrx_word' id='word_1_390' title='bbox 2304 3110 2365 3164; x_wconf 91' lang='lat' dir='ltr'>in</span> <span class='ocrx_word' id='word_1_391' title='bbox 2395 3114 2647 3186; x_wconf 84' lang='lat' dir='ltr'>mortem</span> <span class='ocrx_word' id='word_1_392' title='bbox 2678 3110 3071 3186; x_wconf 21' lang='lat' dir='ltr'>ipsiustmori</span> <span class='ocrx_word' id='word_1_393' title='bbox 3104 3112 3417 3186; x_wconf 70' lang='lat' dir='ltr'>effugiatis.</span> <span class='ocrx_word' id='word_1_394' title='bbox 3451 3115 3569 3168; x_wconf 84' lang='lat' dir='ltr'>Ne-</span> 
     </span>
    </p>
   </div>
   <div class='ocr_carea' id='block_1_56' title="bbox 162 3181 3567 3257">
    <p class='ocr_par' dir='ltr' id='par_1_56' title="bbox 162 3181 3567 3257">
     <span class='ocr_line' id='line_1_56' title="bbox 162 3181 3567 3257; baseline 0.001 -19"><span class='ocrx_word' id='word_1_395' title='bbox 162 3185 472 3241; x_wconf 87' lang='lat' dir='ltr'>cessarium</span> <span class='ocrx_word' id='word_1_396' title='bbox 504 3186 687 3250; x_wconf 76' lang='lat' dir='ltr'>igitur</span> <span class='ocrx_word' id='word_1_397' title='bbox 700 3192 810 3253; x_wconf 87' lang='lat' dir='ltr'>est,</span> <span class='ocrx_word' id='word_1_398' title='bbox 835 3181 1338 3257; x_wconf 79' lang='lat' dir='ltr'>quemadmodum</span> <span class='ocrx_word' id='word_1_399' title='bbox 1361 3186 1570 3254; x_wconf 82' lang='lat' dir='ltr'>facitis,</span> <span class='ocrx_word' id='word_1_400' title='bbox 1596 3185 1725 3239; x_wconf 87' lang='lat' dir='ltr'>sine</span> <span class='ocrx_word' id='word_1_401' title='bbox 1748 3185 2024 3257; x_wconf 75' lang='lat' dir='ltr'>epiSCOpo</span> <span class='ocrx_word' id='word_1_402' title='bbox 2044 3181 2193 3257; x_wconf 81' lang='lat' dir='ltr'>nihil</span> <span class='ocrx_word' id='word_1_403' title='bbox 2215 3182 2445 3257; x_wconf 55' lang='lat' dir='ltr'>operari</span> <span class='ocrx_word' id='word_1_404' title='bbox 2471 3199 2568 3238; x_wconf 88' lang='lat' dir='ltr'>vos</span> <span class='ocrx_word' id='word_1_405' title='bbox 2591 3199 2605 3249; x_wconf 88' lang='lat'><strong>;</strong></span> <span class='ocrx_word' id='word_1_406' title='bbox 2631 3181 2735 3237; x_wconf 80' lang='lat' dir='ltr'>sed</span> <span class='ocrx_word' id='word_1_407' title='bbox 2757 3183 2967 3257; x_wconf 79' lang='lat' dir='ltr'>subjici</span> <span class='ocrx_word' id='word_1_408' title='bbox 2983 3190 3058 3257; x_wconf 81' lang='lat' dir='ltr'>et</span> <span class='ocrx_word' id='word_1_409' title='bbox 3086 3181 3477 3257; x_wconf 85' lang='lat' dir='ltr'>presbyterio.</span> <span class='ocrx_word' id='word_1_410' title='bbox 3502 3190 3567 3240; x_wconf 91' lang='lat' dir='ltr'>ut</span> 
     </span>
    </p>
   </div>
   <div class='ocr_carea' id='block_1_57' title="bbox 160 3253 3566 3335">
    <p class='ocr_par' dir='ltr' id='par_1_57' title="bbox 160 3253 3566 3335">
     <span class='ocr_line' id='line_1_57' title="bbox 160 3253 3566 3335; baseline 0.001 -27"><span class='ocrx_word' id='word_1_411' title='bbox 160 3257 430 3335; x_wconf 77' lang='lat' dir='ltr'>apostolis</span> <span class='ocrx_word' id='word_1_412' title='bbox 450 3258 591 3312; x_wconf 78' lang='lat' dir='ltr'>Jesu</span> <span class='ocrx_word' id='word_1_413' title='bbox 613 3253 1000 3335; x_wconf 53' lang='lat' dir='ltr'>Christifspei</span> <span class='ocrx_word' id='word_1_414' title='bbox 1021 3263 1270 3335; x_wconf 56' lang='lat' dir='ltr'>nostrae;</span> <span class='ocrx_word' id='word_1_415' title='bbox 1300 3257 1362 3335; x_wconf 79' lang='lat' dir='ltr'>in</span> <span class='ocrx_word' id='word_1_416' title='bbox 1387 3274 1504 3327; x_wconf 89' lang='lat' dir='ltr'>quo</span> <span class='ocrx_word' id='word_1_417' title='bbox 1527 3253 2361 3335; x_wconf 46' lang='lat' dir='ltr'>conversantes—inveniamur.</span> <span class='ocrx_word' id='word_1_418' title='bbox 2385 3253 2634 3335; x_wconf 70' lang='lat' dir='ltr'>Oportet</span> <span class='ocrx_word' id='word_1_419' title='bbox 2642 3261 2841 3310; x_wconf 88' lang='lat' dir='ltr'>autem</span> <span class='ocrx_word' id='word_1_420' title='bbox 2864 3253 2923 3335; x_wconf 72' lang='lat' dir='ltr'>et</span> <span class='ocrx_word' id='word_1_421' title='bbox 2936 3253 3566 3335; x_wconf 74' lang='lat' dir='ltr'>diaconos,_ministros</span> 
     </span>
    </p>
   </div>
   <div class='ocr_carea' id='block_1_58' title="bbox 160 3324 3568 3400">
    <p class='ocr_par' dir='ltr' id='par_1_58' title="bbox 160 3324 3568 3400">
     <span class='ocr_line' id='line_1_58' title="bbox 160 3324 3568 3400; baseline 0.001 -21"><span class='ocrx_word' id='word_1_422' title='bbox 160 3324 501 3384; x_wconf 63' lang='lat' dir='ltr'>exsistentes</span> <span class='ocrx_word' id='word_1_423' title='bbox 525 3324 948 3400; x_wconf 79' lang='lat' dir='ltr'>mysteriorum</span> <span class='ocrx_word' id='word_1_424' title='bbox 968 3331 1106 3384; x_wconf 85' lang='lat' dir='ltr'>Jesu</span> <span class='ocrx_word' id='word_1_425' title='bbox 1128 3329 1342 3383; x_wconf 49' lang='lat' dir='ltr'>Christi</span> <span class='ocrx_word' id='word_1_426' title='bbox 1391 3324 1716 3400; x_wconf 79' lang='lat' dir='ltr'>secundum</span> <span class='ocrx_word' id='word_1_427' title='bbox 1742 3343 1981 3400; x_wconf 90' lang='lat' dir='ltr'>omnem</span> <span class='ocrx_word' id='word_1_428' title='bbox 2007 3326 2252 3400; x_wconf 84' lang='lat' dir='ltr'>modum</span> <span class='ocrx_word' id='word_1_429' title='bbox 2280 3324 2554 3400; x_wconf 81' lang='lat' dir='ltr'>omnibus</span> <span class='ocrx_word' id='word_1_430' title='bbox 2578 3324 2831 3396; x_wconf 83' lang='lat' dir='ltr'>placere.</span> <span class='ocrx_word' id='word_1_431' title='bbox 2868 3328 2995 3381; x_wconf 83' lang='lat' dir='ltr'>Non</span> <span class='ocrx_word' id='word_1_432' title='bbox 3024 3328 3185 3400; x_wconf 86' lang='lat' dir='ltr'>enim</span> <span class='ocrx_word' id='word_1_433' title='bbox 3207 3327 3475 3382; x_wconf 89' lang='lat' dir='ltr'>ciborum</span> <span class='ocrx_word' id='word_1_434' title='bbox 3508 3333 3568 3383; x_wconf 90' lang='lat' dir='ltr'>et</span> 
     </span>
    </p>
   </div>
   <div class='ocr_carea' id='block_1_59' title="bbox 158 3396 3567 3482">
    <p class='ocr_par' dir='ltr' id='par_1_59' title="bbox 158 3396 3567 3482">
     <span class='ocr_line' id='line_1_59' title="bbox 158 3396 3567 3482; baseline 0.001 -30"><span class='ocrx_word' id='word_1_435' title='bbox 158 3405 394 3468; x_wconf 89' lang='lat' dir='ltr'>potuum</span> <span class='ocrx_word' id='word_1_436' title='bbox 417 3407 564 3456; x_wconf 86' lang='lat' dir='ltr'>sunt</span> <span class='ocrx_word' id='word_1_437' title='bbox 584 3396 841 3456; x_wconf 81' lang='lat' dir='ltr'>ministri</span> <span class='ocrx_word' id='word_1_438' title='bbox 868 3416 882 3466; x_wconf 91' lang='lat'><strong>;</strong></span> <span class='ocrx_word' id='word_1_439' title='bbox 906 3401 1008 3456; x_wconf 88' lang='lat' dir='ltr'>sed</span> <span class='ocrx_word' id='word_1_440' title='bbox 1032 3400 1309 3456; x_wconf 68' lang='lat' dir='ltr'>Ecclesia:</span> <span class='ocrx_word' id='word_1_441' title='bbox 1334 3401 1433 3455; x_wconf 89' lang='lat' dir='ltr'>Dei</span> <span class='ocrx_word' id='word_1_442' title='bbox 1461 3398 1739 3455; x_wconf 84' lang='lat' dir='ltr'>ministri.</span> <span class='ocrx_word' id='word_1_443' title='bbox 1769 3399 2138 3471; x_wconf 86' lang='lat' dir='ltr'>Opportuum</span> <span class='ocrx_word' id='word_1_444' title='bbox 2160 3397 2340 3469; x_wconf 82' lang='lat' dir='ltr'>igitur</span> <span class='ocrx_word' id='word_1_445' title='bbox 2360 3414 2461 3452; x_wconf 89' lang='lat' dir='ltr'>vos</span> <span class='ocrx_word' id='word_1_446' title='bbox 2492 3396 2802 3453; x_wconf 86' lang='lat' dir='ltr'>observare</span> <span class='ocrx_word' id='word_1_447' title='bbox 2825 3398 3236 3455; x_wconf 88' lang='lat' dir='ltr'>accusationes</span> <span class='ocrx_word' id='word_1_448' title='bbox 3254 3404 3319 3455; x_wconf 89' lang='lat' dir='ltr'>ut</span> <span class='ocrx_word' id='word_1_449' title='bbox 3338 3400 3567 3482; x_wconf 49' lang='lat' dir='ltr'>ignem.</span> 
     </span>
    </p>
   </div>
   <div class='ocr_carea' id='block_1_60' title="bbox 1662 3515 2030 3571">
    <p class='ocr_par' dir='ltr' id='par_1_60' title="bbox 1662 3515 2030 3571">
     <span class='ocr_line' id='line_1_60' title="bbox 1662 3515 2030 3571; baseline -0.005 0"><span class='ocrx_word' id='word_1_450' title='bbox 1662 3516 1895 3571; x_wconf 79' lang='lat' dir='ltr'>CAPUT</span> <span class='ocrx_word' id='word_1_451' title='bbox 1932 3515 2030 3570; x_wconf 90' lang='lat' dir='ltr'>IlI.</span> 
     </span>
    </p>
   </div>
   <div class='ocr_carea' id='block_1_61' title="bbox 226 3630 3571 3704">
    <p class='ocr_par' dir='ltr' id='par_1_61' title="bbox 226 3630 3571 3704">
     <span class='ocr_line' id='line_1_61' title="bbox 226 3630 3571 3704; baseline 0.001 -15"><span class='ocrx_word' id='word_1_452' title='bbox 226 3634 509 3691; x_wconf 88' lang='lat' dir='ltr'>Similiter</span> <span class='ocrx_word' id='word_1_453' title='bbox 530 3641 592 3690; x_wconf 90' lang='lat' dir='ltr'>et</span> <span class='ocrx_word' id='word_1_454' title='bbox 618 3651 828 3693; x_wconf 87' lang='lat' dir='ltr'>omnes</span> <span class='ocrx_word' id='word_1_455' title='bbox 844 3642 1227 3692; x_wconf 83' lang='lat' dir='ltr'>revereantur</span> <span class='ocrx_word' id='word_1_456' title='bbox 1249 3635 1552 3703; x_wconf 89' lang='lat' dir='ltr'>diaconos,</span> <span class='ocrx_word' id='word_1_457' title='bbox 1583 3639 1649 3689; x_wconf 92' lang='lat' dir='ltr'>ut</span> <span class='ocrx_word' id='word_1_458' title='bbox 1677 3633 2022 3689; x_wconf 89' lang='lat' dir='ltr'>mandatum</span> <span class='ocrx_word' id='word_1_459' title='bbox 2045 3633 2181 3687; x_wconf 86' lang='lat' dir='ltr'>Jesu</span> <span class='ocrx_word' id='word_1_460' title='bbox 2213 3630 2426 3704; x_wconf 79' lang='lat' dir='ltr'>Christi</span> <span class='ocrx_word' id='word_1_461' title='bbox 2452 3648 2465 3698; x_wconf 92' lang='lat'>;</span> <span class='ocrx_word' id='word_1_462' title='bbox 2488 3636 2546 3687; x_wconf 90' lang='lat' dir='ltr'>et</span> <span class='ocrx_word' id='word_1_463' title='bbox 2576 3632 2937 3704; x_wconf 71' lang='lat' dir='ltr'>episcopum,</span> <span class='ocrx_word' id='word_1_464' title='bbox 2961 3639 3025 3689; x_wconf 90' lang='lat' dir='ltr'>ut</span> <span class='ocrx_word' id='word_1_465' title='bbox 3041 3634 3238 3690; x_wconf 87' lang='lat' dir='ltr'>Jesum</span> <span class='ocrx_word' id='word_1_466' title='bbox 3272 3634 3571 3691; x_wconf 87' lang='lat' dir='ltr'>Christum</span> 
     </span>
    </p>
   </div>
   <div class='ocr_carea' id='block_1_62' title="bbox 167 3702 3571 3780">
    <p class='ocr_par' dir='ltr' id='par_1_62' title="bbox 167 3702 3571 3780">
     <span class='ocr_line' id='line_1_62' title="bbox 167 3702 3571 3780; baseline 0.001 -21"><span class='ocrx_word' id='word_1_467' title='bbox 167 3705 507 3780; x_wconf 71' lang='lat' dir='ltr'>existentem</span> <span class='ocrx_word' id='word_1_468' title='bbox 541 3707 755 3763; x_wconf 88' lang='lat' dir='ltr'>Filium</span> <span class='ocrx_word' id='word_1_469' title='bbox 786 3709 976 3764; x_wconf 85' lang='lat' dir='ltr'>Patris</span> <span class='ocrx_word' id='word_1_470' title='bbox 1002 3729 1016 3773; x_wconf 73' lang='grc' dir='ltr'>ς</span> <span class='ocrx_word' id='word_1_471' title='bbox 1052 3709 1427 3780; x_wconf 83' lang='lat' dir='ltr'>presbyteros</span> <span class='ocrx_word' id='word_1_472' title='bbox 1447 3702 1667 3780; x_wconf 75' lang='lat' dir='ltr'>autem,</span> <span class='ocrx_word' id='word_1_473' title='bbox 1700 3710 1765 3780; x_wconf 75' lang='lat' dir='ltr'>ut</span> <span class='ocrx_word' id='word_1_474' title='bbox 1785 3704 2105 3780; x_wconf 69' lang='lat' dir='ltr'>concilium</span> <span class='ocrx_word' id='word_1_475' title='bbox 2125 3702 2246 3780; x_wconf 62' lang='lat' dir='ltr'>Dei.</span> <span class='ocrx_word' id='word_1_476' title='bbox 2274 3702 3285 3780; x_wconf 61' lang='lat' dir='ltr'>et_conjunctionem_apostolorum.</span> <span class='ocrx_word' id='word_1_477' title='bbox 3317 3707 3452 3780; x_wconf 83' lang='lat' dir='ltr'>Sine</span> <span class='ocrx_word' id='word_1_478' title='bbox 3482 3707 3571 3762; x_wconf 91' lang='lat' dir='ltr'>his</span> 
     </span>
    </p>
   </div>
   <div class='ocr_carea' id='block_1_63' title="bbox 164 3775 3571 3851">
    <p class='ocr_par' dir='ltr' id='par_1_63' title="bbox 164 3775 3571 3851">
     <span class='ocr_line' id='line_1_63' title="bbox 164 3775 3571 3851; baseline -0 -19"><span class='ocrx_word' id='word_1_479' title='bbox 164 3777 414 3851; x_wconf 76' lang='lat' dir='ltr'>Ecclesia</span> <span class='ocrx_word' id='word_1_480' title='bbox 442 3795 569 3835; x_wconf 90' lang='lat' dir='ltr'>non</span> <span class='ocrx_word' id='word_1_481' title='bbox 598 3788 872 3836; x_wconf 85' lang='lat' dir='ltr'>vocatur:</span> <span class='ocrx_word' id='word_1_482' title='bbox 903 3780 974 3835; x_wconf 88' lang='lat' dir='ltr'>de</span> <span class='ocrx_word' id='word_1_483' title='bbox 998 3775 1214 3851; x_wconf 81' lang='lat' dir='ltr'>quibus</span> <span class='ocrx_word' id='word_1_484' title='bbox 1235 3775 1465 3835; x_wconf 79' lang='lat' dir='ltr'>suadeo</span> <span class='ocrx_word' id='word_1_485' title='bbox 1486 3795 1586 3835; x_wconf 89' lang='lat' dir='ltr'>vos</span> <span class='ocrx_word' id='word_1_486' title='bbox 1618 3778 1701 3851; x_wconf 89' lang='lat' dir='ltr'>sic</span> <span class='ocrx_word' id='word_1_487' title='bbox 1732 3777 1971 3832; x_wconf 86' lang='lat' dir='ltr'>habere.</span> <span class='ocrx_word' id='word_1_488' title='bbox 2010 3775 2450 3851; x_wconf 73' lang='lat' dir='ltr'>Exemplapium</span> <span class='ocrx_word' id='word_1_489' title='bbox 2484 3776 2647 3851; x_wconf 75' lang='lat' dir='ltr'>enim</span> <span class='ocrx_word' id='word_1_490' title='bbox 2676 3775 2989 3851; x_wconf 79' lang='lat' dir='ltr'>Charitatis</span> <span class='ocrx_word' id='word_1_491' title='bbox 3020 3785 3227 3832; x_wconf 81' lang='lat' dir='ltr'>vestrae</span> <span class='ocrx_word' id='word_1_492' title='bbox 3256 3778 3479 3851; x_wconf 88' lang='lat' dir='ltr'>accepi,</span> <span class='ocrx_word' id='word_1_493' title='bbox 3511 3784 3571 3833; x_wconf 88' lang='lat' dir='ltr'>et</span> 
     </span>
    </p>
   </div>
   <div class='ocr_carea' id='block_1_64' title="bbox 167 3845 3569 3933">
    <p class='ocr_par' dir='ltr' id='par_1_64' title="bbox 167 3845 3569 3933">
     <span class='ocr_line' id='line_1_64' title="bbox 167 3845 3569 3933; baseline 0 -30"><span class='ocrx_word' id='word_1_494' title='bbox 167 3848 343 3931; x_wconf 60' lang='lat' dir='ltr'>habeo</span> <span class='ocrx_word' id='word_1_495' title='bbox 375 3868 512 3907; x_wconf 89' lang='lat' dir='ltr'>cum</span> <span class='ocrx_word' id='word_1_496' title='bbox 551 3851 774 3933; x_wconf 80' lang='lat' dir='ltr'>ineipso</span> <span class='ocrx_word' id='word_1_497' title='bbox 799 3852 856 3906; x_wconf 93' lang='lat' dir='ltr'>in</span> <span class='ocrx_word' id='word_1_498' title='bbox 881 3845 1156 3933; x_wconf 73' lang='lat' dir='ltr'>episcopo</span> <span class='ocrx_word' id='word_1_499' title='bbox 1179 3856 1368 3932; x_wconf 73' lang='lat' dir='ltr'>vestro</span> <span class='ocrx_word' id='word_1_500' title='bbox 1396 3869 1409 3911; x_wconf 84' lang='lat'>;</span> <span class='ocrx_word' id='word_1_501' title='bbox 1434 3865 1604 3932; x_wconf 66' lang='lat' dir='ltr'>cuius</span> <span class='ocrx_word' id='word_1_502' title='bbox 1634 3850 1762 3920; x_wconf 87' lang='lat' dir='ltr'>ipsa</span> <span class='ocrx_word' id='word_1_503' title='bbox 1783 3846 2130 3933; x_wconf 74' lang='lat' dir='ltr'>compositio</span> <span class='ocrx_word' id='word_1_504' title='bbox 2155 3845 2366 3933; x_wconf 77' lang='lat' dir='ltr'>magna</span> <span class='ocrx_word' id='word_1_505' title='bbox 2392 3851 2479 3899; x_wconf 88' lang='lat' dir='ltr'>est</span> <span class='ocrx_word' id='word_1_506' title='bbox 2507 3845 2927 3927; x_wconf 82' lang='lat' dir='ltr'>disciplinatio,</span> <span class='ocrx_word' id='word_1_507' title='bbox 2953 3850 3344 3933; x_wconf 63' lang='lat' dir='ltr'>mansuetudo</span> <span class='ocrx_word' id='word_1_508' title='bbox 3370 3845 3569 3903; x_wconf 73' lang='lat' dir='ltr'>autem</span> 
     </span>
    </p>
   </div>
   <div class='ocr_carea' id='block_1_65' title="bbox 166 3917 3569 3994">
    <p class='ocr_par' dir='ltr' id='par_1_65' title="bbox 166 3917 3569 3994">
     <span class='ocr_line' id='line_1_65' title="bbox 166 3917 3569 3994; baseline 0.001 -21"><span class='ocrx_word' id='word_1_509' title='bbox 166 3919 343 3994; x_wconf 87' lang='lat' dir='ltr'>ipsius</span> <span class='ocrx_word' id='word_1_510' title='bbox 375 3917 688 3994; x_wconf 64' lang='lat' dir='ltr'>potentia?</span> <span class='ocrx_word' id='word_1_511' title='bbox 719 3939 895 3992; x_wconf 91' lang='lat' dir='ltr'>quem</span> <span class='ocrx_word' id='word_1_512' title='bbox 917 3917 1201 3977; x_wconf 75' lang='lat' dir='ltr'>existimo</span> <span class='ocrx_word' id='word_1_513' title='bbox 1233 3929 1290 3975; x_wconf 91' lang='lat' dir='ltr'>et</span> <span class='ocrx_word' id='word_1_514' title='bbox 1320 3917 1535 3993; x_wconf 89' lang='lat' dir='ltr'>impios</span> <span class='ocrx_word' id='word_1_515' title='bbox 1567 3917 1859 3994; x_wconf 31' lang='lat' dir='ltr'>revereri.</span> <span class='ocrx_word' id='word_1_516' title='bbox 1874 3917 2187 3986; x_wconf 74' lang='lat' dir='ltr'>diligentes</span> <span class='ocrx_word' id='word_1_517' title='bbox 2209 3917 2366 3994; x_wconf 81' lang='lat' dir='ltr'>quod</span> <span class='ocrx_word' id='word_1_518' title='bbox 2397 3933 2517 3972; x_wconf 91' lang='lat' dir='ltr'>non</span> <span class='ocrx_word' id='word_1_519' title='bbox 2548 3934 2725 3994; x_wconf 82' lang='lat' dir='ltr'>parco</span> <span class='ocrx_word' id='word_1_520' title='bbox 2758 3918 2951 3994; x_wconf 83' lang='lat' dir='ltr'>ipsum</span> <span class='ocrx_word' id='word_1_521' title='bbox 2973 3918 3334 3994; x_wconf 72' lang='lat' dir='ltr'>aliqualem;</span> <span class='ocrx_word' id='word_1_522' title='bbox 3357 3926 3569 3991; x_wconf 88' lang='lat' dir='ltr'>potens</span> 
     </span>
    </p>
   </div>
   <div class='ocr_carea' id='block_1_66' title="bbox 170 3989 3310 4066">
    <p class='ocr_par' dir='ltr' id='par_1_66' title="bbox 170 3989 3310 4066">
     <span class='ocr_line' id='line_1_66' title="bbox 170 3989 3310 4066; baseline 0 -22"><span class='ocrx_word' id='word_1_523' title='bbox 170 3989 418 4048; x_wconf 75' lang='lat' dir='ltr'>scribere</span> <span class='ocrx_word' id='word_1_524' title='bbox 453 4010 564 4066; x_wconf 88' lang='lat' dir='ltr'>pro</span> <span class='ocrx_word' id='word_1_525' title='bbox 595 3989 805 4062; x_wconf 77' lang='lat' dir='ltr'>illo,in</span> <span class='ocrx_word' id='word_1_526' title='bbox 837 3997 949 4049; x_wconf 87' lang='lat' dir='ltr'>hoc</span> <span class='ocrx_word' id='word_1_527' title='bbox 970 3995 1294 4059; x_wconf 79' lang='lat' dir='ltr'>existimer,</span> <span class='ocrx_word' id='word_1_528' title='bbox 1329 3989 1683 4048; x_wconf 52' lang='lat' dir='ltr'>ut&#39;existens</span> <span class='ocrx_word' id='word_1_529' title='bbox 1713 3991 2165 4057; x_wconf 83' lang='lat' dir='ltr'>condemnatus,</span> <span class='ocrx_word' id='word_1_530' title='bbox 2194 3989 2351 4043; x_wconf 88' lang='lat' dir='ltr'>velut</span> <span class='ocrx_word' id='word_1_531' title='bbox 2380 3989 2684 4059; x_wconf 89' lang='lat' dir='ltr'>apostolus</span> <span class='ocrx_word' id='word_1_532' title='bbox 2714 3989 2877 4043; x_wconf 80' lang='lat' dir='ltr'>vobis</span> <span class='ocrx_word' id='word_1_533' title='bbox 2910 3989 3250 4060; x_wconf 66' lang='lat' dir='ltr'>praecipiam</span> <span class='ocrx_word' id='word_1_534' title='bbox 3281 3990 3310 4045; x_wconf 65' lang='lat'>‘2</span> 
     </span>
    </p>
   </div>
   <div class='ocr_carea' id='block_1_67' title="bbox 1690 4105 2042 4162">
    <p class='ocr_par' dir='ltr' id='par_1_67' title="bbox 1690 4105 2042 4162">
     <span class='ocr_line' id='line_1_67' title="bbox 1690 4105 2042 4162; baseline -0.003 -1"><span class='ocrx_word' id='word_1_535' title='bbox 1690 4106 1920 4162; x_wconf 84' lang='lat' dir='ltr'>CAPUT</span> <span class='ocrx_word' id='word_1_536' title='bbox 1949 4105 2042 4160; x_wconf 80' lang='grc' dir='ltr'>ιν.</span> 
     </span>
    </p>
   </div>
   <div class='ocr_carea' id='block_1_68' title="bbox 230 4218 3574 4297">
    <p class='ocr_par' dir='ltr' id='par_1_68' title="bbox 230 4218 3574 4297">
     <span class='ocr_line' id='line_1_68' title="bbox 230 4218 3574 4297; baseline -0.001 -18"><span class='ocrx_word' id='word_1_537' title='bbox 230 4223 404 4281; x_wconf 79' lang='lat' dir='ltr'>Multa</span> <span class='ocrx_word' id='word_1_538' title='bbox 433 4225 603 4297; x_wconf 85' lang='lat' dir='ltr'>sapio</span> <span class='ocrx_word' id='word_1_539' title='bbox 632 4225 694 4281; x_wconf 92' lang='lat' dir='ltr'>in</span> <span class='ocrx_word' id='word_1_540' title='bbox 726 4225 843 4282; x_wconf 90' lang='lat' dir='ltr'>Deo</span> <span class='ocrx_word' id='word_1_541' title='bbox 878 4241 891 4292; x_wconf 90' lang='lat'>;</span> <span class='ocrx_word' id='word_1_542' title='bbox 923 4225 1028 4281; x_wconf 77' lang='lat' dir='ltr'>sed</span> <span class='ocrx_word' id='word_1_543' title='bbox 1056 4225 1347 4297; x_wconf 85' lang='lat' dir='ltr'>meipsum</span> <span class='ocrx_word' id='word_1_544' title='bbox 1378 4239 1682 4297; x_wconf 74' lang='lat' dir='ltr'>mensum,</span> <span class='ocrx_word' id='word_1_545' title='bbox 1704 4227 1772 4277; x_wconf 88' lang='lat' dir='ltr'>ut</span> <span class='ocrx_word' id='word_1_546' title='bbox 1799 4221 2005 4297; x_wconf 81' lang='lat' dir='ltr'>nonin</span> <span class='ocrx_word' id='word_1_547' title='bbox 2036 4218 2648 4297; x_wconf 77' lang='lat' dir='ltr'>gi_o_riat_ione__perdar.</span> <span class='ocrx_word' id='word_1_548' title='bbox 2678 4219 2845 4297; x_wconf 65' lang='lat' dir='ltr'>Nunc</span> <span class='ocrx_word' id='word_1_549' title='bbox 2867 4218 3037 4297; x_wconf 76' lang='lat' dir='ltr'>enim</span> <span class='ocrx_word' id='word_1_550' title='bbox 3063 4234 3156 4297; x_wconf 81' lang='lat' dir='ltr'>me</span> <span class='ocrx_word' id='word_1_551' title='bbox 3178 4223 3411 4297; x_wconf 78' lang='lat' dir='ltr'>oportet</span> <span class='ocrx_word' id='word_1_552' title='bbox 3438 4218 3574 4297; x_wconf 82' lang='lat' dir='ltr'>plus</span> 
     </span>
    </p>
   </div>
   <div class='ocr_carea' id='block_1_69' title="bbox 166 4288 3571 4362">
    <p class='ocr_par' dir='ltr' id='par_1_69' title="bbox 166 4288 3571 4362">
     <span class='ocr_line' id='line_1_69' title="bbox 166 4288 3571 4362; baseline -0.002 -12"><span class='ocrx_word' id='word_1_553' title='bbox 166 4295 387 4361; x_wconf 87' lang='lat' dir='ltr'>timere,</span> <span class='ocrx_word' id='word_1_554' title='bbox 420 4304 482 4353; x_wconf 90' lang='lat' dir='ltr'>et</span> <span class='ocrx_word' id='word_1_555' title='bbox 505 4288 644 4352; x_wconf 44' lang='lat' dir='ltr'>.non</span> <span class='ocrx_word' id='word_1_556' title='bbox 673 4288 981 4353; x_wconf 81' lang='lat' dir='ltr'>attendere</span> <span class='ocrx_word' id='word_1_557' title='bbox 1014 4288 1360 4351; x_wconf 81' lang='lat' dir='ltr'>inﬂantibus</span> <span class='ocrx_word' id='word_1_558' title='bbox 1387 4312 1482 4350; x_wconf 91' lang='lat' dir='ltr'>me</span> <span class='ocrx_word' id='word_1_559' title='bbox 1532 4288 1806 4349; x_wconf 85' lang='lat' dir='ltr'>Dicentes</span> <span class='ocrx_word' id='word_1_560' title='bbox 1836 4293 1995 4347; x_wconf 79' lang='lat' dir='ltr'>enim</span> <span class='ocrx_word' id='word_1_561' title='bbox 2032 4288 2198 4355; x_wconf 76' lang='lat' dir='ltr'>mihi,</span> <span class='ocrx_word' id='word_1_562' title='bbox 2232 4288 2527 4362; x_wconf 83' lang='lat' dir='ltr'>ﬂagellant</span> <span class='ocrx_word' id='word_1_563' title='bbox 2571 4306 2685 4345; x_wconf 92' lang='lat' dir='ltr'>me.</span> <span class='ocrx_word' id='word_1_564' title='bbox 2724 4291 2907 4362; x_wconf 87' lang='lat' dir='ltr'>Diligo</span> <span class='ocrx_word' id='word_1_565' title='bbox 2940 4290 3180 4361; x_wconf 85' lang='lat' dir='ltr'>quidem</span> <span class='ocrx_word' id='word_1_566' title='bbox 3212 4288 3368 4345; x_wconf 87' lang='lat' dir='ltr'>enim</span> <span class='ocrx_word' id='word_1_567' title='bbox 3401 4288 3521 4362; x_wconf 81' lang='lat' dir='ltr'>pati</span> <span class='ocrx_word' id='word_1_568' title='bbox 3556 4306 3571 4356; x_wconf 89' lang='lat'><strong>;</strong></span> 
     </span>
    </p>
   </div>
   <div class='ocr_carea' id='block_1_70' title="bbox 164 4362 3568 4441">
    <p class='ocr_par' dir='ltr' id='par_1_70' title="bbox 164 4362 3568 4441">
     <span class='ocr_line' id='line_1_70' title="bbox 164 4362 3568 4441; baseline -0.001 -21"><span class='ocrx_word' id='word_1_569' title='bbox 164 4366 259 4441; x_wconf 80' lang='lat' dir='ltr'>sed</span> <span class='ocrx_word' id='word_1_570' title='bbox 289 4384 409 4424; x_wconf 91' lang='lat' dir='ltr'>non</span> <span class='ocrx_word' id='word_1_571' title='bbox 438 4369 579 4425; x_wconf 87' lang='lat' dir='ltr'>novi</span> <span class='ocrx_word' id='word_1_572' title='bbox 612 4369 660 4424; x_wconf 91' lang='lat' dir='ltr'>si</span> <span class='ocrx_word' id='word_1_573' title='bbox 692 4369 908 4441; x_wconf 81' lang='lat' dir='ltr'>dignus</span> <span class='ocrx_word' id='word_1_574' title='bbox 939 4385 1091 4423; x_wconf 88' lang='lat' dir='ltr'>sum.</span> <span class='ocrx_word' id='word_1_575' title='bbox 1124 4368 1483 4441; x_wconf 75' lang='lat' dir='ltr'>Zelusenim</span> <span class='ocrx_word' id='word_1_576' title='bbox 1516 4366 1719 4441; x_wconf 85' lang='lat' dir='ltr'>multis</span> <span class='ocrx_word' id='word_1_577' title='bbox 1747 4362 2146 4441; x_wconf 70' lang='lat' dir='ltr'>quidemnon</span> <span class='ocrx_word' id='word_1_578' title='bbox 2166 4370 2431 4433; x_wconf 86' lang='lat' dir='ltr'>apparet,</span> <span class='ocrx_word' id='word_1_579' title='bbox 2463 4378 2557 4418; x_wconf 89' lang='lat' dir='ltr'>me</span> <span class='ocrx_word' id='word_1_580' title='bbox 2583 4368 2781 4418; x_wconf 89' lang='lat' dir='ltr'>autem</span> <span class='ocrx_word' id='word_1_581' title='bbox 2813 4365 2946 4433; x_wconf 88' lang='lat' dir='ltr'>plus</span> <span class='ocrx_word' id='word_1_582' title='bbox 2977 4368 3295 4434; x_wconf 86' lang='lat' dir='ltr'>oppugnat.</span> <span class='ocrx_word' id='word_1_583' title='bbox 3328 4363 3568 4436; x_wconf 90' lang='lat' dir='ltr'>Indigeo</span> 
     </span>
    </p>
   </div>
   <div class='ocr_carea' id='block_1_71' title="bbox 158 4434 2245 4511">
    <p class='ocr_par' dir='ltr' id='par_1_71' title="bbox 158 4434 2245 4511">
     <span class='ocr_line' id='line_1_71' title="bbox 158 4434 2245 4511; baseline 0 -23"><span class='ocrx_word' id='word_1_584' title='bbox 158 4436 328 4509; x_wconf 86' lang='lat' dir='ltr'>igitur</span> <span class='ocrx_word' id='word_1_585' title='bbox 358 4434 822 4497; x_wconf 78' lang='lat' dir='ltr'>mansuetudine</span> <span class='ocrx_word' id='word_1_586' title='bbox 848 4458 863 4509; x_wconf 88' lang='lat'><strong>;</strong></span> <span class='ocrx_word' id='word_1_587' title='bbox 892 4441 953 4495; x_wconf 91' lang='lat' dir='ltr'>in</span> <span class='ocrx_word' id='word_1_588' title='bbox 984 4456 1102 4511; x_wconf 87' lang='lat' dir='ltr'>qua</span> <span class='ocrx_word' id='word_1_589' title='bbox 1131 4438 1471 4495; x_wconf 87' lang='lat' dir='ltr'>dissolvitur</span> <span class='ocrx_word' id='word_1_590' title='bbox 1499 4434 1782 4510; x_wconf 75' lang='lat' dir='ltr'>princeps</span> <span class='ocrx_word' id='word_1_591' title='bbox 1814 4434 2016 4491; x_wconf 72' lang='lat' dir='ltr'>saeculi</span> <span class='ocrx_word' id='word_1_592' title='bbox 2048 4435 2245 4505; x_wconf 90' lang='lat' dir='ltr'>hujus.</span> 
     </span>
    </p>
   </div>
   <div class='ocr_carea' id='block_1_72' title="bbox 227 4587 1887 4661">
    <p class='ocr_par' dir='ltr' id='par_1_72' title="bbox 227 4587 1887 4661">
     <span class='ocr_line' id='line_1_72' title="bbox 227 4587 1887 4661; baseline 0.001 -19"><span class='ocrx_word' id='word_1_593' title='bbox 227 4588 335 4661; x_wconf 81' lang='lat'>(82)</span> <span class='ocrx_word' id='word_1_594' title='bbox 366 4592 452 4646; x_wconf 88' lang='lat' dir='ltr'>lta</span> <span class='ocrx_word' id='word_1_595' title='bbox 486 4607 562 4646; x_wconf 85' lang='lat' dir='ltr'>ex</span> <span class='ocrx_word' id='word_1_596' title='bbox 592 4594 703 4646; x_wconf 86' lang='lat' dir='ltr'>vet.</span> <span class='ocrx_word' id='word_1_597' title='bbox 740 4589 989 4661; x_wconf 85' lang='lat' dir='ltr'>interpr.</span> <span class='ocrx_word' id='word_1_598' title='bbox 1025 4590 1283 4646; x_wconf 89' lang='lat' dir='ltr'>restituit</span> <span class='ocrx_word' id='word_1_599' title='bbox 1312 4589 1618 4650; x_wconf 80' lang='lat' dir='ltr'>Smithius,</span> <span class='ocrx_word' id='word_1_600' title='bbox 1651 4587 1812 4645; x_wconf 87' lang='lat' dir='ltr'>simi—</span> <span class='ocrx_word' id='word_1_601' title='bbox 1844 4592 1887 4656; x_wconf 84' lang='grc' dir='ltr'>ι’)</span> 
     </span>
    </p>
   </div>
   <div class='ocr_carea' id='block_1_73' title="bbox 161 4656 1805 4734">
    <p class='ocr_par' dir='ltr' id='par_1_73' title="bbox 161 4656 1805 4734">
     <span class='ocr_line' id='line_1_73' title="bbox 161 4656 1805 4734; baseline 0.001 -21"><span class='ocrx_word' id='word_1_602' title='bbox 161 4656 353 4734; x_wconf 57' lang='lat' dir='ltr'>liaqu&#39;e</span> <span class='ocrx_word' id='word_1_603' title='bbox 386 4662 773 4734; x_wconf 85' lang='lat' dir='ltr'>reperiuntur</span> <span class='ocrx_word' id='word_1_604' title='bbox 814 4656 1051 4734; x_wconf 65' lang='lat' dir='ltr'>intra,_c</span> <span class='ocrx_word' id='word_1_605' title='bbox 1111 4665 1191 4734; x_wconf 79' lang='lat' dir='ltr'>t3.</span> <span class='ocrx_word' id='word_1_606' title='bbox 1229 4668 1286 4716; x_wconf 91' lang='lat' dir='ltr'>et</span> <span class='ocrx_word' id='word_1_607' title='bbox 1332 4661 1414 4734; x_wconf 78' lang='lat' dir='ltr'>ad</span> <span class='ocrx_word' id='word_1_608' title='bbox 1444 4661 1720 4734; x_wconf 25' lang='lat' dir='ltr'>Smyrna.</span> <span class='ocrx_word' id='word_1_609' title='bbox 1754 4675 1805 4716; x_wconf 81' lang='grc' dir='ltr'>ο.</span> 
     </span>
    </p>
   </div>
   <div class='ocr_carea' id='block_1_74' title="bbox 163 4729 1805 4798">
    <p class='ocr_par' dir='ltr' id='par_1_74' title="bbox 163 4729 1805 4798">
     <span class='ocr_line' id='line_1_74' title="bbox 163 4729 1805 4798; baseline -0.001 -14"><span class='ocrx_word' id='word_1_610' title='bbox 163 4732 209 4784; x_wconf 86' lang='grc'>8.</span> <span class='ocrx_word' id='word_1_611' title='bbox 246 4729 325 4788; x_wconf 69' lang='grc' dir='ltr'>ΜΞ»</span> <span class='ocrx_word' id='word_1_612' title='bbox 380 4729 543 4789; x_wconf 66' lang='lat' dir='ltr'>male</span> <span class='ocrx_word' id='word_1_613' title='bbox 573 4733 779 4788; x_wconf 73' lang='lat' dir='ltr'>habet:</span> <span class='ocrx_word' id='word_1_614' title='bbox 814 4732 952 4793; x_wconf 79' lang='grc' dir='ltr'>Τοὺς</span> <span class='ocrx_word' id='word_1_615' title='bbox 1005 4729 1283 4792; x_wconf 72' lang='grc' dir='ltr'>διακόνους</span> <span class='ocrx_word' id='word_1_616' title='bbox 1315 4731 1388 4794; x_wconf 81' lang='grc' dir='ltr'>ὡς</span> <span class='ocrx_word' id='word_1_617' title='bbox 1442 4729 1635 4798; x_wconf 53' lang='grc' dir='ltr'>Ιησοῶ</span> <span class='ocrx_word' id='word_1_618' title='bbox 1671 4731 1805 4798; x_wconf 83' lang='grc' dir='ltr'>Χρι-</span> 
     </span>
    </p>
   </div>
   <div class='ocr_carea' id='block_1_75' title="bbox 162 4799 1803 4929">
    <p class='ocr_par' dir='ltr' id='par_1_75' title="bbox 162 4799 1803 4929">
     <span class='ocr_line' id='line_1_75' title="bbox 162 4799 1803 4929; baseline 0.002 -77"><span class='ocrx_word' id='word_1_619' title='bbox 162 4802 407 4929; x_wconf 47' lang='lat' dir='ltr'>nemihi;</span> <span class='ocrx_word' id='word_1_620' title='bbox 461 4804 556 4859; x_wconf 67' lang='grc' dir='ltr'>καὶ</span> <span class='ocrx_word' id='word_1_621' title='bbox 603 4824 695 4859; x_wconf 88' lang='grc' dir='ltr'>τον</span> <span class='ocrx_word' id='word_1_622' title='bbox 727 4801 1045 4871; x_wconf 74' lang='grc' dir='ltr'>ἐπίσκοπον,</span> <span class='ocrx_word' id='word_1_623' title='bbox 1088 4799 1215 4858; x_wconf 81' lang='grc' dir='ltr'>ὄντα</span> <span class='ocrx_word' id='word_1_624' title='bbox 1267 4803 1389 4857; x_wconf 75' lang='grc' dir='ltr'>Υῖὸν</span> <span class='ocrx_word' id='word_1_625' title='bbox 1441 4807 1537 4857; x_wconf 76' lang='grc' dir='ltr'>τοῦ</span> <span class='ocrx_word' id='word_1_626' title='bbox 1596 4802 1803 4876; x_wconf 83' lang='grc' dir='ltr'>Πατρὸς</span> 
     </span>
     <span class='ocr_line' id='line_1_76' title="bbox 162 4891 374 4929; baseline 0.019 -4"><span class='ocrx_word' id='word_1_627' title='bbox 162 4891 207 4927; x_wconf 85' lang='grc' dir='ltr'>κ.</span> <span class='ocrx_word' id='word_1_628' title='bbox 237 4893 287 4929; x_wconf 87' lang='grc' dir='ltr'>τ.</span> <span class='ocrx_word' id='word_1_629' title='bbox 362 4918 374 4929; x_wconf 92' lang='grc'>.</span> 
     </span>
    </p>
   </div>
   <div class='ocr_carea' id='block_1_76' title="bbox 159 4891 374 4931">
    <p class='ocr_par' dir='ltr' id='par_1_76' title="bbox 159 4891 374 4931">
     <span class='ocr_line' id='line_1_77' title="bbox 159 4891 374 4931; baseline 0.028 -6"><span class='ocrx_word' id='word_1_630' title='bbox 159 4891 207 4927; x_wconf 87' lang='grc' dir='ltr'>κ.</span> <span class='ocrx_word' id='word_1_631' title='bbox 237 4893 287 4929; x_wconf 84' lang='grc' dir='ltr'><strong>τ.</strong></span> <span class='ocrx_word' id='word_1_632' title='bbox 320 4891 374 4931; x_wconf 84' lang='grc' dir='ltr'>Α.</span> 
     </span>
    </p>
   </div>
   <div class='ocr_carea' id='block_1_77' title="bbox 226 4944 1799 5019">
    <p class='ocr_par' dir='ltr' id='par_1_77' title="bbox 226 4944 1799 5019">
     <span class='ocr_line' id='line_1_78' title="bbox 226 4944 1799 5019; baseline -0.001 -19"><span class='ocrx_word' id='word_1_633' title='bbox 226 4945 337 5017; x_wconf 88' lang='lat'>(83)</span> <span class='ocrx_word' id='word_1_634' title='bbox 392 4948 536 5004; x_wconf 89' lang='lat' dir='ltr'>Sine</span> <span class='ocrx_word' id='word_1_635' title='bbox 583 4948 880 5019; x_wconf 87' lang='lat' dir='ltr'>episcopo,</span> <span class='ocrx_word' id='word_1_636' title='bbox 943 4953 1081 5016; x_wconf 89' lang='lat' dir='ltr'>etc.,</span> <span class='ocrx_word' id='word_1_637' title='bbox 1119 4946 1287 5002; x_wconf 88' lang='lat' dir='ltr'>nulla</span> <span class='ocrx_word' id='word_1_638' title='bbox 1342 4945 1625 5001; x_wconf 88' lang='lat' dir='ltr'>Ecclesia.</span> <span class='ocrx_word' id='word_1_639' title='bbox 1686 4944 1799 5000; x_wconf 83' lang='lat' dir='ltr'>Cfr.</span> 
     </span>
    </p>
   </div>
   <div class='ocr_carea' id='block_1_78' title="bbox 159 5017 810 5090">
    <p class='ocr_par' dir='ltr' id='par_1_78' title="bbox 159 5017 810 5090">
     <span class='ocr_line' id='line_1_79' title="bbox 159 5017 810 5090; baseline 0.003 -20"><span class='ocrx_word' id='word_1_640' title='bbox 159 5017 364 5090; x_wconf 74' lang='lat' dir='ltr'>Bothe,</span> <span class='ocrx_word' id='word_1_641' title='bbox 398 5024 563 5086; x_wconf 56' lang='lat' dir='ltr'>Anti,</span> <span class='ocrx_word' id='word_1_642' title='bbox 597 5017 652 5090; x_wconf 62' lang='grc' dir='ltr'>ρ.</span> <span class='ocrx_word' id='word_1_643' title='bbox 685 5017 810 5074; x_wconf 64' lang='grc' dir='ltr'>466ζ</span> 
     </span>
    </p>
   </div>
   <div class='ocr_carea' id='block_1_79' title="bbox 224 5087 1807 5158">
    <p class='ocr_par' dir='ltr' id='par_1_79' title="bbox 224 5087 1807 5158">
     <span class='ocr_line' id='line_1_80' title="bbox 224 5087 1807 5158; baseline -0.004 -10"><span class='ocrx_word' id='word_1_644' title='bbox 224 5088 333 5148; x_wconf 65' lang='lat'>(84‘.</span> <span class='ocrx_word' id='word_1_645' title='bbox 364 5092 451 5146; x_wconf 71' lang='lat' dir='ltr'>Ita</span> <span class='ocrx_word' id='word_1_646' title='bbox 484 5087 813 5145; x_wconf 37' lang='lat' dir='ltr'>nis—Nemo</span> <span class='ocrx_word' id='word_1_647' title='bbox 846 5090 1037 5144; x_wconf 78' lang='lat' dir='ltr'>nescit</span> <span class='ocrx_word' id='word_1_648' title='bbox 1066 5088 1225 5142; x_wconf 66' lang='grc' dir='ltr'>ετ)τῦ</span> <span class='ocrx_word' id='word_1_649' title='bbox 1286 5105 1391 5158; x_wconf 91' lang='lat' dir='ltr'>pro</span> <span class='ocrx_word' id='word_1_650' title='bbox 1450 5087 1689 5157; x_wconf 71' lang='grc' dir='ltr'>ἒμαυτοῦ</span> <span class='ocrx_word' id='word_1_651' title='bbox 1747 5092 1807 5142; x_wconf 89' lang='lat' dir='ltr'>et</span> 
     </span>
    </p>
   </div>
   <div class='ocr_carea' id='block_1_80' title="bbox 158 5158 1806 5230">
    <p class='ocr_par' dir='ltr' id='par_1_80' title="bbox 158 5158 1806 5230">
     <span class='ocr_line' id='line_1_81' title="bbox 158 5158 1806 5230; baseline 0.002 -20"><span class='ocrx_word' id='word_1_652' title='bbox 158 5163 377 5230; x_wconf 65' lang='lat' dir='ltr'>cauum}</span> <span class='ocrx_word' id='word_1_653' title='bbox 409 5162 473 5217; x_wconf 91' lang='lat' dir='ltr'>in</span> <span class='ocrx_word' id='word_1_654' title='bbox 508 5161 788 5216; x_wconf 89' lang='lat' dir='ltr'>omnibus</span> <span class='ocrx_word' id='word_1_655' title='bbox 814 5162 1050 5217; x_wconf 74' lang='lat' dir='ltr'>casibus</span> <span class='ocrx_word' id='word_1_656' title='bbox 1094 5161 1443 5230; x_wconf 83' lang='lat' dir='ltr'>tralatitium</span> <span class='ocrx_word' id='word_1_657' title='bbox 1489 5175 1618 5215; x_wconf 85' lang='lat' dir='ltr'>esse</span> <span class='ocrx_word' id='word_1_658' title='bbox 1648 5158 1806 5230; x_wconf 88' lang='lat' dir='ltr'>apud</span> 
     </span>
    </p>
   </div>
   <div class='ocr_carea' id='block_1_81' title="bbox 159 5228 1482 5303">
    <p class='ocr_par' dir='ltr' id='par_1_81' title="bbox 159 5228 1482 5303">
     <span class='ocr_line' id='line_1_82' title="bbox 159 5228 1482 5303; baseline 0.002 -20"><span class='ocrx_word' id='word_1_659' title='bbox 159 5228 382 5287; x_wconf 63' lang='lat' dir='ltr'>Graecos</span> <span class='ocrx_word' id='word_1_660' title='bbox 433 5235 554 5303; x_wconf 60' lang='lat' dir='ltr'>Jacj</span> <span class='ocrx_word' id='word_1_661' title='bbox 592 5234 829 5287; x_wconf 87' lang='lat' dir='ltr'>Vossius</span> <span class='ocrx_word' id='word_1_662' title='bbox 861 5233 1197 5288; x_wconf 85' lang='lat' dir='ltr'>emendavit</span> <span class='ocrx_word' id='word_1_663' title='bbox 1224 5229 1482 5303; x_wconf 71' lang='grc' dir='ltr'>ἐμαυτοῦ.</span> 
     </span>
    </p>
   </div>
   <div class='ocr_carea' id='block_1_82' title="bbox 223 5302 1804 5377">
    <p class='ocr_par' dir='ltr' id='par_1_82' title="bbox 223 5302 1804 5377">
     <span class='ocr_line' id='line_1_83' title="bbox 223 5302 1804 5377; baseline 0 -21"><span class='ocrx_word' id='word_1_664' title='bbox 223 5303 334 5371; x_wconf 79' lang='grc'>(85)</span> <span class='ocrx_word' id='word_1_665' title='bbox 372 5305 411 5357; x_wconf 94' lang='grc' dir='ltr'><strong>Ι.</strong></span> <span class='ocrx_word' id='word_1_666' title='bbox 446 5322 508 5377; x_wconf 87' lang='lat' dir='ltr'>q.</span> <span class='ocrx_word' id='word_1_667' title='bbox 541 5302 797 5377; x_wconf 52' lang='lat' dir='ltr'>sumas.</span> <span class='ocrx_word' id='word_1_668' title='bbox 834 5305 948 5359; x_wconf 80' lang='lat' dir='ltr'>Ct‘r.</span> <span class='ocrx_word' id='word_1_669' title='bbox 982 5321 1162 5377; x_wconf 82' lang='lat' dir='ltr'>supra</span> <span class='ocrx_word' id='word_1_670' title='bbox 1196 5302 1316 5377; x_wconf 85' lang='lat' dir='ltr'>not.</span> <span class='ocrx_word' id='word_1_671' title='bbox 1353 5305 1438 5357; x_wconf 73' lang='grc'>84.</span> <span class='ocrx_word' id='word_1_672' title='bbox 1475 5302 1804 5377; x_wconf 86' lang='lat' dir='ltr'>Genitivum</span> 
     </span>
    </p>
   </div>
   <div class='ocr_carea' id='block_1_83' title="bbox 158 5375 1808 5443">
    <p class='ocr_par' dir='ltr' id='par_1_83' title="bbox 158 5375 1808 5443">
     <span class='ocr_line' id='line_1_84' title="bbox 158 5375 1808 5443; baseline 0.001 -18"><span class='ocrx_word' id='word_1_673' title='bbox 158 5377 419 5443; x_wconf 79' lang='lat' dir='ltr'>reposuit</span> <span class='ocrx_word' id='word_1_674' title='bbox 468 5375 758 5431; x_wconf 45' lang='lat' dir='ltr'>&#39;Arnctius</span> <span class='ocrx_word' id='word_1_675' title='bbox 848 5377 930 5430; x_wconf 83' lang='lat' dir='ltr'>Ms</span> <span class='ocrx_word' id='word_1_676' title='bbox 1011 5375 1218 5429; x_wconf 62' lang='lat' dir='ltr'>fecnév.</span> <span class='ocrx_word' id='word_1_677' title='bbox 1275 5376 1531 5430; x_wconf 88' lang='lat' dir='ltr'>Sensus:</span> <span class='ocrx_word' id='word_1_678' title='bbox 1594 5375 1808 5443; x_wconf 83' lang='lat' dir='ltr'>l’agani</span> 
     </span>
    </p>
   </div>
   <div class='ocr_carea' id='block_1_84' title="bbox 158 5446 1804 5570">
    <p class='ocr_par' dir='ltr' id='par_1_84' title="bbox 158 5446 1804 5570">
     <span class='ocr_line' id='line_1_85' title="bbox 158 5446 1804 5570; baseline 0.001 -71"><span class='ocrx_word' id='word_1_679' title='bbox 158 5460 391 5570; x_wconf 50' lang='lat' dir='ltr'>puo‘cijue</span> <span class='ocrx_word' id='word_1_680' title='bbox 440 5447 840 5503; x_wconf 86' lang='lat' dir='ltr'>constantiam</span> <span class='ocrx_word' id='word_1_681' title='bbox 871 5446 1361 5513; x_wconf 66' lang='lat' dir='ltr'>Christianorum,</span> <span class='ocrx_word' id='word_1_682' title='bbox 1392 5462 1443 5501; x_wconf 90' lang='lat' dir='ltr'>e.</span> <span class='ocrx_word' id='word_1_683' title='bbox 1491 5461 1544 5516; x_wconf 88' lang='lat' dir='ltr'>g.</span> <span class='ocrx_word' id='word_1_684' title='bbox 1586 5460 1804 5513; x_wconf 90' lang='lat' dir='ltr'>meam,</span> 
     </span>
     <span class='ocr_line' id='line_1_86' title="bbox 187 5526 430 5570; baseline 0 0"><span class='ocrx_word' id='word_1_685' title='bbox 187 5532 257 5570; x_wconf 84' lang='lat' dir='ltr'>au</span> <span class='ocrx_word' id='word_1_686' title='bbox 306 5526 430 5570; x_wconf 83' lang='lat' dir='ltr'>ant.</span> 
     </span>
    </p>
   </div>
   <div class='ocr_carea' id='block_1_85' title="bbox 187 5526 430 5573">
    <p class='ocr_par' dir='ltr' id='par_1_85' title="bbox 187 5526 430 5573">
     <span class='ocr_line' id='line_1_87' title="bbox 187 5526 430 5573; baseline 0.004 -3"><span class='ocrx_word' id='word_1_687' title='bbox 187 5526 430 5573; x_wconf 85' lang='lat' dir='ltr'>audant.</span> 
     </span>
    </p>
   </div>
   <div class='ocr_carea' id='block_1_86' title="bbox 221 5586 1807 5657">
    <p class='ocr_par' dir='ltr' id='par_1_86' title="bbox 221 5586 1807 5657">
     <span class='ocr_line' id='line_1_88' title="bbox 221 5586 1807 5657; baseline 0 -16"><span class='ocrx_word' id='word_1_688' title='bbox 221 5588 308 5655; x_wconf 87' lang='lat'>(86</span> <span class='ocrx_word' id='word_1_689' title='bbox 316 5604 331 5657; x_wconf 80' lang='lat'><strong><em>)</em></strong></span> <span class='ocrx_word' id='word_1_690' title='bbox 362 5591 451 5646; x_wconf 86' lang='lat' dir='ltr'>Ita</span> <span class='ocrx_word' id='word_1_691' title='bbox 479 5606 617 5646; x_wconf 92' lang='lat' dir='ltr'>cum</span> <span class='ocrx_word' id='word_1_692' title='bbox 639 5589 886 5647; x_wconf 83' lang='lat' dir='ltr'>Arndtio</span> <span class='ocrx_word' id='word_1_693' title='bbox 924 5589 1174 5657; x_wconf 81' lang='lat' dir='ltr'>(Studien</span> <span class='ocrx_word' id='word_1_694' title='bbox 1205 5594 1263 5645; x_wconf 89' lang='lat' dir='ltr'>et</span> <span class='ocrx_word' id='word_1_695' title='bbox 1292 5590 1429 5645; x_wconf 86' lang='lat' dir='ltr'>Krit.</span> <span class='ocrx_word' id='word_1_696' title='bbox 1465 5586 1643 5653; x_wconf 69' lang='lat'>1839).</span> <span class='ocrx_word' id='word_1_697' title='bbox 1668 5586 1807 5641; x_wconf 88' lang='lat' dir='ltr'>msti</span> 
     </span>
    </p>
   </div>
   <div class='ocr_carea' id='block_1_87' title="bbox 151 5655 1811 5736">
    <p class='ocr_par' dir='ltr' id='par_1_87' title="bbox 151 5655 1811 5736">
     <span class='ocr_line' id='line_1_89' title="bbox 151 5655 1811 5736; baseline -0.002 -17"><span class='ocrx_word' id='word_1_698' title='bbox 151 5655 474 5720; x_wconf 82' lang='lat' dir='ltr'>lectionem</span> <span class='ocrx_word' id='word_1_699' title='bbox 506 5663 820 5727; x_wconf 86' lang='lat' dir='ltr'>retinente,</span> <span class='ocrx_word' id='word_1_700' title='bbox 850 5655 1397 5736; x_wconf 87' lang='lat' dir='ltr'>interpungendum</span> <span class='ocrx_word' id='word_1_701' title='bbox 1428 5663 1483 5716; x_wconf 85' lang='lat' dir='ltr'>et</span> <span class='ocrx_word' id='word_1_702' title='bbox 1516 5657 1811 5730; x_wconf 82' lang='lat' dir='ltr'>explican-</span> 
     </span>
    </p>
   </div>
   <div class='ocr_carea' id='block_1_88' title="bbox 1920 4584 3570 4657">
    <p class='ocr_par' dir='ltr' id='par_1_88' title="bbox 1920 4584 3570 4657">
     <span class='ocr_line' id='line_1_90' title="bbox 1920 4584 3570 4657; baseline 0.001 -17"><span class='ocrx_word' id='word_1_703' title='bbox 1920 4585 2062 4641; x_wconf 89' lang='lat' dir='ltr'>dum</span> <span class='ocrx_word' id='word_1_704' title='bbox 2107 4590 2267 4657; x_wconf 87' lang='lat' dir='ltr'>puto.</span> <span class='ocrx_word' id='word_1_705' title='bbox 2334 4584 2607 4657; x_wconf 73' lang='lat' dir='ltr'>Arudtius</span> <span class='ocrx_word' id='word_1_706' title='bbox 2656 4585 2860 4640; x_wconf 87' lang='lat' dir='ltr'>vertit:</span> <span class='ocrx_word' id='word_1_707' title='bbox 2918 4604 2939 4634; x_wconf 76' lang='grc' dir='ltr'>ι</span> <span class='ocrx_word' id='word_1_708' title='bbox 2973 4584 3254 4642; x_wconf 87' lang='lat' dir='ltr'>Welchen</span> <span class='ocrx_word' id='word_1_709' title='bbox 3304 4585 3570 4653; x_wconf 88' lang='lat' dir='ltr'>Bischof,</span> 
     </span>
    </p>
   </div>
   <div class='ocr_carea' id='block_1_89' title="bbox 1920 4656 3566 4727">
    <p class='ocr_par' dir='ltr' id='par_1_89' title="bbox 1920 4656 3566 4727">
     <span class='ocr_line' id='line_1_91' title="bbox 1920 4656 3566 4727; baseline 0.001 -14"><span class='ocrx_word' id='word_1_710' title='bbox 1920 4658 2089 4713; x_wconf 87' lang='lat' dir='ltr'>achte</span> <span class='ocrx_word' id='word_1_711' title='bbox 2110 4656 2238 4720; x_wconf 86' lang='lat' dir='ltr'>ich,</span> <span class='ocrx_word' id='word_1_712' title='bbox 2270 4657 2419 4711; x_wconf 91' lang='lat' dir='ltr'>auch</span> <span class='ocrx_word' id='word_1_713' title='bbox 2453 4656 2548 4712; x_wconf 90' lang='lat' dir='ltr'>die</span> <span class='ocrx_word' id='word_1_714' title='bbox 2581 4657 2973 4727; x_wconf 84' lang='lat' dir='ltr'>Ungottichen</span> <span class='ocrx_word' id='word_1_715' title='bbox 2993 4659 3237 4716; x_wconf 89' lang='lat' dir='ltr'>scheun.</span> <span class='ocrx_word' id='word_1_716' title='bbox 3258 4659 3475 4712; x_wconf 87' lang='lat' dir='ltr'>welche</span> <span class='ocrx_word' id='word_1_717' title='bbox 3499 4674 3566 4714; x_wconf 86' lang='lat' dir='ltr'>es</span> 
     </span>
    </p>
   </div>
   <div class='ocr_carea' id='block_1_90' title="bbox 1916 4728 3570 4812">
    <p class='ocr_par' dir='ltr' id='par_1_90' title="bbox 1916 4728 3570 4812">
     <span class='ocr_line' id='line_1_92' title="bbox 1916 4728 3570 4812; baseline 0 -29"><span class='ocrx_word' id='word_1_718' title='bbox 1916 4744 2100 4812; x_wconf 71' lang='lat' dir='ltr'>gerne</span> <span class='ocrx_word' id='word_1_719' title='bbox 2128 4728 2333 4812; x_wconf 53' lang='lat' dir='ltr'>senet):</span> <span class='ocrx_word' id='word_1_720' title='bbox 2370 4728 2505 4812; x_wconf 38' lang='lat' dir='ltr'>durs</span> <span class='ocrx_word' id='word_1_721' title='bbox 2536 4728 2630 4783; x_wconf 87' lang='lat' dir='ltr'>ich</span> <span class='ocrx_word' id='word_1_722' title='bbox 2660 4731 2893 4812; x_wconf 74' lang='lat' dir='ltr'>meiner</span> <span class='ocrx_word' id='word_1_723' title='bbox 2923 4730 3086 4783; x_wconf 84' lang='lat' dir='ltr'>nicht</span> <span class='ocrx_word' id='word_1_724' title='bbox 3114 4730 3357 4785; x_wconf 88' lang='lat' dir='ltr'>schone.</span> <span class='ocrx_word' id='word_1_725' title='bbox 3386 4729 3570 4812; x_wconf 66' lang='lat' dir='ltr'>Solito</span> 
     </span>
    </p>
   </div>
   <div class='ocr_carea' id='block_1_91' title="bbox 1917 4799 3569 4872">
    <p class='ocr_par' dir='ltr' id='par_1_91' title="bbox 1917 4799 3569 4872">
     <span class='ocr_line' id='line_1_93' title="bbox 1917 4799 3569 4872; baseline 0 -17"><span class='ocrx_word' id='word_1_726' title='bbox 1917 4799 2034 4867; x_wconf 89' lang='lat' dir='ltr'>ich,</span> <span class='ocrx_word' id='word_1_727' title='bbox 2068 4799 2143 4854; x_wconf 90' lang='lat' dir='ltr'>da</span> <span class='ocrx_word' id='word_1_728' title='bbox 2160 4800 2254 4872; x_wconf 80' lang='lat' dir='ltr'>ich</span> <span class='ocrx_word' id='word_1_729' title='bbox 2272 4799 2550 4872; x_wconf 81' lang='lat' dir='ltr'>hieriiber</span> <span class='ocrx_word' id='word_1_730' title='bbox 2577 4800 2846 4872; x_wconf 85' lang='lat' dir='ltr'>screiben</span> <span class='ocrx_word' id='word_1_731' title='bbox 2872 4800 3118 4872; x_wconf 84' lang='lat' dir='ltr'>konnte,</span> <span class='ocrx_word' id='word_1_732' title='bbox 3141 4818 3201 4856; x_wconf 90' lang='lat' dir='ltr'>es</span> <span class='ocrx_word' id='word_1_733' title='bbox 3224 4817 3288 4855; x_wconf 92' lang='lat' dir='ltr'>so</span> <span class='ocrx_word' id='word_1_734' title='bbox 3307 4801 3569 4872; x_wconf 88' lang='lat' dir='ltr'>gemeint</span> 
     </span>
    </p>
   </div>
   <div class='ocr_carea' id='block_1_92' title="bbox 1916 4870 3564 4936">
    <p class='ocr_par' dir='ltr' id='par_1_92' title="bbox 1916 4870 3564 4936">
     <span class='ocr_line' id='line_1_94' title="bbox 1916 4870 3564 4936; baseline 0.001 -11"><span class='ocrx_word' id='word_1_735' title='bbox 1916 4871 2131 4926; x_wconf 89' lang='lat' dir='ltr'>haben.</span> <span class='ocrx_word' id='word_1_736' title='bbox 2157 4870 2292 4924; x_wconf 89' lang='lat' dir='ltr'>dass</span> <span class='ocrx_word' id='word_1_737' title='bbox 2323 4870 2437 4927; x_wconf 89' lang='lat' dir='ltr'>ich.</span> <span class='ocrx_word' id='word_1_738' title='bbox 2459 4871 2722 4925; x_wconf 88' lang='lat' dir='ltr'>obschon</span> <span class='ocrx_word' id='word_1_739' title='bbox 2744 4871 2841 4925; x_wconf 88' lang='lat' dir='ltr'>ein</span> <span class='ocrx_word' id='word_1_740' title='bbox 2871 4870 3434 4936; x_wconf 51' lang='lat' dir='ltr'>Verurtheilterfals</span> <span class='ocrx_word' id='word_1_741' title='bbox 3467 4872 3564 4927; x_wconf 87' lang='lat' dir='ltr'>ein</span> 
     </span>
    </p>
   </div>
   <div class='ocr_carea' id='block_1_93' title="bbox 1915 4941 2809 5013">
    <p class='ocr_par' dir='ltr' id='par_1_93' title="bbox 1915 4941 2809 5013">
     <span class='ocr_line' id='line_1_95' title="bbox 1915 4941 2809 5013; baseline -0.009 -12"><span class='ocrx_word' id='word_1_742' title='bbox 1915 4946 2159 5013; x_wconf 56' lang='lat' dir='ltr'>Apositct</span> <span class='ocrx_word' id='word_1_743' title='bbox 2186 4958 2294 4996; x_wconf 90' lang='lat' dir='ltr'>euc</span> <span class='ocrx_word' id='word_1_744' title='bbox 2325 4941 2747 5013; x_wconf 60' lang='lat' dir='ltr'>vorschreibe‘i</span> <span class='ocrx_word' id='word_1_745' title='bbox 2788 4966 2809 4993; x_wconf 72' lang='grc' dir='ltr'>ι</span> 
     </span>
    </p>
   </div>
   <div class='ocr_carea' id='block_1_94' title="bbox 1987 5009 3561 5083">
    <p class='ocr_par' dir='ltr' id='par_1_94' title="bbox 1987 5009 3561 5083">
     <span class='ocr_line' id='line_1_96' title="bbox 1987 5009 3561 5083; baseline 0.002 -17"><span class='ocrx_word' id='word_1_746' title='bbox 1987 5014 2096 5083; x_wconf 79' lang='grc'>(87)</span> <span class='ocrx_word' id='word_1_747' title='bbox 2131 5015 2195 5067; x_wconf 88' lang='lat' dir='ltr'>In</span> <span class='ocrx_word' id='word_1_748' title='bbox 2228 5012 2495 5066; x_wconf 86' lang='lat' dir='ltr'>versione</span> <span class='ocrx_word' id='word_1_749' title='bbox 2528 5011 2684 5066; x_wconf 84' lang='lat' dir='ltr'>verbi</span> <span class='ocrx_word' id='word_1_750' title='bbox 2716 5009 2904 5082; x_wconf 66' lang='grc' dir='ltr'>ᾠήθην</span> <span class='ocrx_word' id='word_1_751' title='bbox 2940 5028 3061 5067; x_wconf 89' lang='lat' dir='ltr'>non</span> <span class='ocrx_word' id='word_1_752' title='bbox 3094 5013 3426 5078; x_wconf 82' lang='lat' dir='ltr'>Arndtium,</span> <span class='ocrx_word' id='word_1_753' title='bbox 3457 5012 3561 5069; x_wconf 90' lang='lat' dir='ltr'>sed</span> 
     </span>
    </p>
   </div>
   <div class='ocr_carea' id='block_1_95' title="bbox 1916 5086 2738 5139">
    <p class='ocr_par' dir='ltr' id='par_1_95' title="bbox 1916 5086 2738 5139">
     <span class='ocr_line' id='line_1_97' title="bbox 1916 5086 2738 5139; baseline 0 0"><span class='ocrx_word' id='word_1_754' title='bbox 1916 5086 2027 5139; x_wconf 79' lang='lat' dir='ltr'>Pen</span> <span class='ocrx_word' id='word_1_755' title='bbox 2040 5100 2278 5138; x_wconf 86' lang='lat' dir='ltr'>rsonum</span> <span class='ocrx_word' id='word_1_756' title='bbox 2318 5088 2555 5138; x_wconf 89' lang='lat' dir='ltr'>secutus</span> <span class='ocrx_word' id='word_1_757' title='bbox 2587 5099 2738 5139; x_wconf 88' lang='lat' dir='ltr'>sum.</span> 
     </span>
    </p>
   </div>
   <div class='ocr_carea' id='block_1_96' title="bbox 1985 5153 3557 5226">
    <p class='ocr_par' dir='ltr' id='par_1_96' title="bbox 1985 5153 3557 5226">
     <span class='ocr_line' id='line_1_98' title="bbox 1985 5153 3557 5226; baseline -0.001 -15"><span class='ocrx_word' id='word_1_758' title='bbox 1985 5157 2072 5221; x_wconf 86' lang='lat'><strong>(88</strong></span> <span class='ocrx_word' id='word_1_759' title='bbox 2106 5157 2192 5219; x_wconf 66' lang='lat'>89,</span> <span class='ocrx_word' id='word_1_760' title='bbox 2230 5154 2463 5226; x_wconf 79' lang='lat' dir='ltr'>Initium</span> <span class='ocrx_word' id='word_1_761' title='bbox 2495 5153 2705 5226; x_wconf 87' lang='lat' dir='ltr'>capitis</span> <span class='ocrx_word' id='word_1_762' title='bbox 2736 5153 2950 5224; x_wconf 88' lang='lat' dir='ltr'>quarti,</span> <span class='ocrx_word' id='word_1_763' title='bbox 2978 5155 3141 5226; x_wconf 79' lang='lat' dir='ltr'>quod</span> <span class='ocrx_word' id='word_1_764' title='bbox 3185 5154 3246 5209; x_wconf 91' lang='lat' dir='ltr'>in</span> <span class='ocrx_word' id='word_1_765' title='bbox 3287 5155 3557 5210; x_wconf 72' lang='lat' dir='ltr'>versione</span> 
     </span>
    </p>
   </div>
   <div class='ocr_carea' id='block_1_97' title="bbox 1916 5225 3555 5297">
    <p class='ocr_par' dir='ltr' id='par_1_97' title="bbox 1916 5225 3555 5297">
     <span class='ocr_line' id='line_1_99' title="bbox 1916 5225 3555 5297; baseline -0.001 -16"><span class='ocrx_word' id='word_1_766' title='bbox 1916 5227 2153 5297; x_wconf 81' lang='lat' dir='ltr'>Syriaca</span> <span class='ocrx_word' id='word_1_767' title='bbox 2182 5225 2444 5296; x_wconf 62' lang='lat' dir='ltr'>cpistola;</span> <span class='ocrx_word' id='word_1_768' title='bbox 2489 5225 2890 5281; x_wconf 28' lang='lat' dir='ltr'>ad’Romanos</span> <span class='ocrx_word' id='word_1_769' title='bbox 2919 5225 3202 5295; x_wconf 85' lang='lat' dir='ltr'>adjuncta</span> <span class='ocrx_word' id='word_1_770' title='bbox 3229 5233 3319 5280; x_wconf 89' lang='lat' dir='ltr'>est</span> <span class='ocrx_word' id='word_1_771' title='bbox 3349 5226 3555 5281; x_wconf 87' lang='lat' dir='ltr'>arctis-</span> 
     </span>
    </p>
   </div>
   <div class='ocr_carea' id='block_1_98' title="bbox 1915 5297 3558 5367">
    <p class='ocr_par' dir='ltr' id='par_1_98' title="bbox 1915 5297 3558 5367">
     <span class='ocr_line' id='line_1_100' title="bbox 1915 5297 3558 5367; baseline 0 -16"><span class='ocrx_word' id='word_1_772' title='bbox 1915 5301 2064 5352; x_wconf 88' lang='lat' dir='ltr'>simo</span> <span class='ocrx_word' id='word_1_773' title='bbox 2095 5314 2246 5351; x_wconf 83' lang='lat' dir='ltr'>aexu</span> <span class='ocrx_word' id='word_1_774' title='bbox 2277 5299 2536 5352; x_wconf 64' lang='lat' dir='ltr'>cohaeret</span> <span class='ocrx_word' id='word_1_775' title='bbox 2564 5313 2699 5352; x_wconf 91' lang='lat' dir='ltr'>cum</span> <span class='ocrx_word' id='word_1_776' title='bbox 2730 5297 2849 5352; x_wconf 83' lang='lat' dir='ltr'>fine</span> <span class='ocrx_word' id='word_1_777' title='bbox 2879 5299 3090 5367; x_wconf 80' lang='lat' dir='ltr'>capitis</span> <span class='ocrx_word' id='word_1_778' title='bbox 3123 5298 3298 5351; x_wconf 91' lang='lat' dir='ltr'>tertii.</span> <span class='ocrx_word' id='word_1_779' title='bbox 3337 5299 3558 5352; x_wconf 84' lang='lat' dir='ltr'>Sensus</span> 
     </span>
    </p>
   </div>
   <div class='ocr_carea' id='block_1_99' title="bbox 1917 5367 3559 5435">
    <p class='ocr_par' dir='ltr' id='par_1_99' title="bbox 1917 5367 3559 5435">
     <span class='ocr_line' id='line_1_101' title="bbox 1917 5367 3559 5435; baseline -0.002 -12"><span class='ocrx_word' id='word_1_780' title='bbox 1917 5377 2041 5423; x_wconf 84' lang='lat' dir='ltr'>est:</span> <span class='ocrx_word' id='word_1_781' title='bbox 2080 5389 2107 5418; x_wconf 84' lang='lat'><strong>«</strong></span> <span class='ocrx_word' id='word_1_782' title='bbox 2142 5369 2265 5422; x_wconf 85' lang='lat' dir='ltr'>Non</span> <span class='ocrx_word' id='word_1_783' title='bbox 2300 5368 2360 5422; x_wconf 91' lang='lat' dir='ltr'>in</span> <span class='ocrx_word' id='word_1_784' title='bbox 2395 5374 2620 5424; x_wconf 89' lang='lat' dir='ltr'>tantam</span> <span class='ocrx_word' id='word_1_785' title='bbox 2653 5370 2766 5424; x_wconf 92' lang='lat' dir='ltr'>mei</span> <span class='ocrx_word' id='word_1_786' title='bbox 2797 5368 3296 5424; x_wconf 82' lang='lat' dir='ltr'>existimationem</span> <span class='ocrx_word' id='word_1_787' title='bbox 3328 5367 3559 5435; x_wconf 89' lang='lat' dir='ltr'>deveni,</span> 
     </span>
    </p>
   </div>
   <div class='ocr_carea' id='block_1_100' title="bbox 1914 5439 3559 5511">
    <p class='ocr_par' dir='ltr' id='par_1_100' title="bbox 1914 5439 3559 5511">
     <span class='ocr_line' id='line_1_102' title="bbox 1914 5439 3559 5511; baseline -0.001 -16"><span class='ocrx_word' id='word_1_788' title='bbox 1914 5446 1981 5495; x_wconf 90' lang='lat' dir='ltr'>ut</span> <span class='ocrx_word' id='word_1_789' title='bbox 2016 5440 2175 5494; x_wconf 89' lang='lat' dir='ltr'>vocis</span> <span class='ocrx_word' id='word_1_790' title='bbox 2204 5439 2365 5511; x_wconf 81' lang='lat' dir='ltr'>velut</span> <span class='ocrx_word' id='word_1_791' title='bbox 2393 5440 2698 5511; x_wconf 88' lang='lat' dir='ltr'>apostolus</span> <span class='ocrx_word' id='word_1_792' title='bbox 2730 5441 3022 5511; x_wconf 73' lang='lat' dir='ltr'>imperare</span> <span class='ocrx_word' id='word_1_793' title='bbox 3054 5440 3227 5494; x_wconf 86' lang='lat' dir='ltr'>velim</span> <span class='ocrx_word' id='word_1_794' title='bbox 3281 5439 3559 5511; x_wconf 86' lang='lat' dir='ltr'>Quamvis</span> 
     </span>
    </p>
   </div>
   <div class='ocr_carea' id='block_1_101' title="bbox 1916 5508 3556 5583">
    <p class='ocr_par' dir='ltr' id='par_1_101' title="bbox 1916 5508 3556 5583">
     <span class='ocr_line' id='line_1_103' title="bbox 1916 5508 3556 5583; baseline -0.001 -18"><span class='ocrx_word' id='word_1_795' title='bbox 1916 5511 2074 5566; x_wconf 90' lang='lat' dir='ltr'>enim</span> <span class='ocrx_word' id='word_1_796' title='bbox 2125 5508 2312 5583; x_wconf 77' lang='lat' dir='ltr'>multa</span> <span class='ocrx_word' id='word_1_797' title='bbox 2341 5510 2403 5564; x_wconf 92' lang='lat' dir='ltr'>in</span> <span class='ocrx_word' id='word_1_798' title='bbox 2433 5508 2552 5583; x_wconf 85' lang='lat' dir='ltr'>Deo</span> <span class='ocrx_word' id='word_1_799' title='bbox 2584 5508 2833 5583; x_wconf 63' lang='lat' dir='ltr'>sapiam,</span> <span class='ocrx_word' id='word_1_800' title='bbox 2866 5518 3063 5567; x_wconf 89' lang='lat' dir='ltr'>tamen</span> <span class='ocrx_word' id='word_1_801' title='bbox 3095 5510 3241 5565; x_wconf 90' lang='lat' dir='ltr'>mihi</span> <span class='ocrx_word' id='word_1_802' title='bbox 3274 5510 3387 5583; x_wconf 88' lang='lat' dir='ltr'>ipsi</span> <span class='ocrx_word' id='word_1_803' title='bbox 3418 5524 3556 5564; x_wconf 88' lang='lat' dir='ltr'>mo-</span> 
     </span>
    </p>
   </div>
   <div class='ocr_carea' id='block_1_102' title="bbox 1915 5580 3307 5657">
    <p class='ocr_par' dir='ltr' id='par_1_102' title="bbox 1915 5580 3307 5657">
     <span class='ocr_line' id='line_1_104' title="bbox 1915 5580 3307 5657; baseline -0.004 -18"><span class='ocrx_word' id='word_1_804' title='bbox 1915 5583 2057 5639; x_wconf 88' lang='lat' dir='ltr'>dum</span> <span class='ocrx_word' id='word_1_805' title='bbox 2086 5580 2358 5648; x_wconf 87' lang='lat' dir='ltr'>adhibeo,</span> <span class='ocrx_word' id='word_1_806' title='bbox 2392 5597 2467 5636; x_wconf 90' lang='lat' dir='ltr'>ne</span> <span class='ocrx_word' id='word_1_807' title='bbox 2490 5581 2614 5653; x_wconf 88' lang='lat' dir='ltr'>ipse</span> <span class='ocrx_word' id='word_1_808' title='bbox 2644 5580 2951 5654; x_wconf 72' lang='lat' dir='ltr'>gloriando</span> <span class='ocrx_word' id='word_1_809' title='bbox 2983 5597 3245 5657; x_wconf 86' lang='lat' dir='ltr'>peream.</span> <span class='ocrx_word' id='word_1_810' title='bbox 3279 5580 3307 5634; x_wconf 54' lang='grc' dir='ltr'><em>ἡ</em></span> 
     </span>
    </p>
   </div>
  </div>
