3932 6304
115 448 235 512 681
1276 438 1658 511 EPISTULA
1699 442 1799 509 AD
1843 442 2368 511 THALLIANOS.
3414 456 3532 518 682

108 586 261 641 τοῦτ’
334 583 504 653 ἔστιν,
556 584 584 639 ὁ
633 582 809 658 χωρὶς
872 581 1170 637 ἐπισκόπου
1228 582 1319 637 καὶ
1378 575 1694 656 πρεσϐυτερί

1973 580 2242 637 diaconis
2272 566 2577 656 quidpiam
2625 583 2765 656 agit,
2824 582 2874 639 is
2912 599 3035 641 non
3065 590 3155 641 est
3184 585 3442 645 mundus
3470 587 3535 643 in

108 674 204 730 καὶ
237 671 495 729 διακόνου
520 671 780 747 πράσσων
833 691 911 739 τι,
972 670 1133 735 οὗτος
1178 671 1242 727 οὖ
1271 668 1507 744 καθαρός
1538 668 1677 725 ἐστιν

1973 672 2274 729 uscientia.

113 760 444 833 συνειδήσει.

698 864 841 919 VIII.
882 863 1086 918 Contra
1114 862 1326 918 diaboli
1347 860 1576 916 insidias
1603 862 1940 918 muniamini
1968 863 2413 934 mansuetudine,
2438 865 2546 935 ﬁde
2584 871 2636 920 et
2667 865 2960 921 charitate.

190 961 309 1019 Οὔκ
336 959 453 1016 ἐπεὶ
481 954 649 1037 ἔγνων
680 957 928 1015 τοίοῦτόν
978 980 1031 1014 τι
1077 957 1129 1013 ἐν
1183 958 1331 1033 ὑμῖν,
1376 955 1520 1012 ἀλλὰ
1552 977 1694 1036 προφ

1973 962 2081 1017 Nion
2101 962 2260 1035 quod
2281 962 2546 1019 noverim
2565 963 2680 1019 tale
2697 962 2841 1034 quid
2862 964 3022 1020 inter
3038 965 3293 1030 vos,hec
3315 966 3532 1035 scribo,

116 1050 309 1107 λάσσω
342 1049 480 1123 ὑμᾶς
513 1046 665 1111 ὄντας
717 1069 821 1122 μου
871 1046 1210 1122 ἆγαπητοὺς,
1255 1050 1509 1122 προορῶν
1538 1048 1634 1110 τὰς
1666 1045 1694 1102 ἐκ

1973 1050 1987 1105 ι
2008 1051 2370 1122 praemunire
2390 1051 2521 1106 volo
2544 1057 2740 1117 vos,ut
2762 1051 2918 1107 ﬁlios
2939 1068 3104 1108 meos
3125 1053 3532 1125 charissimOs,

116 1138 250 1215 δρας
279 1143 382 1195 τοῦ
415 1132 701 1197 διαϐόλου.
733 1143 916 1209 Ὑμεῖς
976 1136 1068 1192 οὖν
1123 1138 1220 1207 τήν
1397 1137 1694 1212 πραϋπάθει

1973 1138 2252 1210 )spiciens
2282 1140 2530 1196 insidias
2569 1140 2814 1196 diaboli.
2851 1142 2966 1197 Vos
3005 1142 3224 1213 itaque,
3257 1159 3534 1200 mansue-

114 1223 485 1291 ἀναλαϐόντες
531 1225 883 1291 ἀνακτίσασθε
938 1225 1161 1288 ἑαυτοὺς
1228 1224 1279 1280 ἒν
1341 1226 1542 1295 πίστει,
1605 1230 1684 1299 (6)

1973 1228 2153 1284 linem
2181 1234 2576 1299 assumentes,
2635 1235 2980 1303 regenerate
3024 1233 3411 1303 vosmetipsos
3468 1234 3533 1288 in

111 1322 263 1374 ’ἐστιν
308 1317 435 1394 σὰρξ
485 1321 580 1372 τοῦ
630 1318 858 1393 Κυρίου,
916 1315 1007 1371 καὶ
1055 1313 1107 1370 ἐν
1159 1315 1356 1390 ἀγάπῃ,
1391 1313 1421 1368 ὅ
1450 1313 1593 1369 ἐστιν
1635 1316 1692 1370 αῖ

1973 1334 2022 1386 e,
2053 1335 2184 1388 quas
2216 1324 2306 1373 est
2333 1336 2472 1374 caro
2504 1319 2761 1387 Domini,
2784 1325 2842 1374 et
2872 1320 2937 1375 in
2967 1321 3273 1388 charitate,
3294 1339 3425 1393 quae
3447 1327 3539 1377 est

111 1410 299 1478 Ἰησοῦ
330 1410 595 1482 Χριστοῦ.
647 1408 724 1479 (7)
758 1402 965 1477 Μηδεὶς
1024 1405 1178 1475 ὑμῶν
1232 1403 1368 1458 κατὰ
1408 1407 1505 1457 τοῦ
1535 1401 1690 1474 πλησ

1973 1407 2120 1479 ignis
2185 1408 2324 1462 Iesu
2377 1408 2615 1463 Christi.
2674 1408 2883 1464 Nullus
2950 1416 3210 1466 vestrum
3254 1411 3535 1477 adversus

112 1499 131 1570 [
157 1500 235 1569 (8)
264 1500 340 1567 τι]
372 1494 569 1571 ἐχέτω.
621 1497 714 1565 Μή
765 1495 1015 1571 ἀφορμὰς
1067 1490 1248 1548 δίδοτε
1277 1498 1398 1556 τοῖς
1425 1486 1649 1562 ἔθνεσιν,
1681 1493 1694 1546 Ἰ

1973 1496 2217 1550 nimum
2240 1496 2468 1567 aliquid
2491 1496 2812 1552 habeat.Ne
2836 1514 3041 1553 ansam
3064 1498 3216 1553 detis
3236 1499 3535 1571 gentibus,

116 1587 197 1659 μή
234 1582 306 1639 δι’
336 1582 562 1659 ὀλίγους
592 1584 830 1661 ἄφρονας
857 1583 923 1638 τὸ
953 1581 1004 1637 ἐν
1038 1587 1152 1654 Θεῷ
1180 1580 1395 1651 πλῆθος
1433 1579 1694 1661 βλασφημ

1979 1590 2221 1657 propter
2241 1602 2461 1656 paucos
2487 1585 2838 1658 insipientes
2859 1586 3338 1659 multitudo,quas
3361 1593 3451 1644 est
3474 1588 3538 1643 in

112 1695 230 1729 ται.
287 1673 425 1731 Οὐαὶ
463 1673 587 1749 γὰρ,
631 1672 700 1728 δι’
748 1671 814 1728 οὗ
861 1671 951 1728 ἐπὶ
1002 1671 1324 1745 ματαιότητι
1355 1670 1417 1725 τὸ
1447 1667 1622 1745 ὄνομά
1665 1693 1694 1744 μ

117 1761 133 1776 .
189 1763 203 1776 .
440 1759 497 1776 ..ς
740 1766 763 1776 ..
872 1760 894 1776 .

1973 1673 2493 1745 o,blasphemetur.
2554 1676 2648 1732 Va?
2695 1678 2841 1731 enim
2883 1678 2934 1731 ei
2963 1694 3068 1747 per
3097 1694 3257 1748 quem
3287 1680 3347 1732 in
3377 1679 3540 1733 vani-

114 1761 207 1818 ἐπὶ
238 1783 405 1818 τινων
439 1759 850 1838 βλασφημεῖται
871 1760 916 1820 ⁸.

1973 1780 1997 1819 e
2022 1772 2223 1818 nomen
2253 1779 2430 1819 meum
2461 1765 2614 1834 apud
2642 1764 2858 1835 aliquos
2889 1766 3320 1837 blasphematur.

768 1862 861 1915 IX.
905 1860 1085 1915 Nolite
1115 1859 1308 1915 audire
1336 1874 1441 1926 eos,
1475 1861 1572 1928 qui
1616 1861 1732 1914 sine
1782 1859 1997 1914 Christo
2030 1861 2351 1929 loquuntur.
2384 1859 2635 1916 Historia
2668 1861 2889 1916 Christi.

194 1963 269 2032 (9)
305 1959 622 2039 Κωφώθητε
671 1959 783 2025 οὖν,
843 1956 967 2012 ὅταν
1033 1956 1160 2029 ὑμῖν
1224 1955 1400 2031 χωρὶς
1430 1960 1609 2025 Ἰησοῦ
1640 1957 1694 2029 Χί

1973 1958 2243 2013 Dbturate
2277 1958 2456 2030 igitur
2503 1976 2678 2015 aures
2722 1966 2964 2029 vestras,
2998 1977 3133 2016 cum
3173 1961 3335 2017 vobis
3375 1961 3542 2032 quis-

118 2053 254 2105 στοὸ
285 2047 435 2123 λαλῇ
465 2068 569 2116 τις,
603 2049 716 2121 (10)
746 2050 844 2102 τοῦ
894 2045 946 2100 ἐν
994 2044 1185 2119 γένους
1217 2039 1405 2114 Δαϐἲδ,
1443 2047 1533 2099 τοῦ
1564 2043 1623 2099 ἐκ
1657 2046 1694 2101 Ν

1973 2064 2047 2103 Lm
2079 2046 2344 2119 loquitur
2364 2048 2495 2103 sine
2524 2048 2659 2104 Jesu
2684 2049 2936 2116 Christo,
2967 2051 3067 2121 qui
3094 2067 3165 2106 ex
3192 2065 3409 2122 genere
3439 2050 3546 2106 Da-

122 2139 270 2214 ρίας,
303 2134 361 2192 ὅς
395 2136 615 2207 ἀληθῶς
647 2134 931 2212 ἐγεννήθη,
986 2132 1178 2213 ἔυαγὲν
1220 2155 1276 2189 τε
1324 2133 1411 2189 καὶ
1439 2129 1611 2202 ἔπιεν,
1643 2132 1778 2204 ἀλη-

120 2234 234 2292 θῶς
277 2223 523 2300 ἐδιώχθη
555 2224 645 2280 ἐπὶ
676 2224 904 2282 Ποντίου
929 2222 1190 2294 Πιλάτου,
1221 2222 1440 2293 ἂληθῶς
1462 2221 1776 2298 ἐσταυρώθη

119 2319 216 2373 καὶ
277 2314 562 2385 ἀπέθανεν,
623 2312 937 2391 βλεπόντων
979 2318 1088 2368 τῶν
1146 2311 1479 2387 ἐπουρανίων
1532 2316 1641 2385 (11)
1687 2313 1779 2367 καὶ

116 2406 379 2482 ἐπιγείων
411 2406 501 2461 καὶ
535 2405 900 2484 ὑποχθονίων·
934 2401 992 2464 ὅς
1042 2402 1131 2458 καὶ
1179 2399 1403 2471 ἀληθῶς
1432 2400 1640 2478 ἠγέρθη
1674 2400 1780 2456 ἀπὸ

117 2498 348 2569 νεκρῶν,
380 2493 692 2569 ἐγείραντος
739 2493 898 2547 αὐτὸν
955 2491 1053 2546 τοῦ
1113 2493 1319 2567 Πατρὸς
1352 2490 1539 2559 αὐτοῦ,
1564 2492 1679 2563 (12)
1709 2490 1782 2552 ὡς
1836 2503 1843 2517 ’

115 2586 213 2641 καὶ
243 2585 382 2640 κατᾶ
434 2585 498 2640 τὸ
559 2587 669 2658 (13)
726 2581 988 2657 ὁμοίωμα
1039 2585 1210 2655 ἡμᾶς,
1260 2582 1388 2645 τοὺς
1432 2579 1781 2642 πιστεύοντας

120 2675 300 2747 αὐτῷ,
352 2673 524 2736 οὕτως
577 2674 755 2749 ἔγερεῖ
799 2675 828 2728 ὁ
880 2673 1068 2741 Πατὴρ
1114 2673 1282 2727 αὑτοῦ
1331 2670 1380 2725 ἐν
1428 2675 1643 2745 Χριστῷ
1674 2670 1786 2739 Ἰη-

120 2768 244 2834 σοῦ,
280 2767 392 2837 (14)
425 2763 485 2819 οὗ
516 2763 693 2838 χωρῖς
720 2761 785 2818 τὸ
815 2760 1077 2833 ἀληθινὸν
1109 2765 1203 2835 ζῇν
1241 2760 1340 2816 οὐκ
1368 2755 1596 2836 ἔχομεν.

1888 2136 2059 2203 vidis,
2094 2136 2196 2208 qui
2228 2153 2299 2191 ex
2332 2137 2532 2206 Maria,
2559 2138 2657 2209 qui
2691 2154 2825 2193 vere
2858 2144 3033 2194 natus
3064 2145 3172 2207 est,
3207 2138 3330 2194 edit
3358 2145 3417 2194 et
3444 2138 3543 2194 bi—

1888 2226 2133 2294 bit,vere
2155 2226 2627 2298 persecutionem
2645 2245 2855 2300 passus
2878 2233 2968 2284 est
2989 2229 3096 2284 sub
3118 2230 3330 2284 Pontio
3352 2228 3542 2284 Pilato

1890 2333 2022 2371 vere
2047 2313 2363 2370 cruciﬁxus
2391 2322 2447 2371 et
2479 2322 2745 2372 mortuus
2777 2322 2885 2383 est,
2910 2316 3247 2374 videntibus
3278 2317 3534 2373 coelesti-

1890 2404 1999 2460 bus
2032 2410 2090 2460 et
2117 2405 2498 2461 terrestribus
2522 2411 2580 2460 et
2601 2404 3005 2463 subterraneis
3034 2425 3049 2474 ;
3074 2408 3174 2478 qui
3206 2413 3265 2462 et
3291 2423 3427 2462 vere
3456 2422 3545 2461 re-

1891 2492 2151 2548 surrexit
2170 2510 2205 2548 a
2226 2493 2496 2561 mortuis,
2517 2495 3118 2566 resuscitanteipsum
3140 2497 3311 2552 Patre
3334 2494 3549 2567 ipsius,

1893 2580 2396 2651 quemadmodum
2433 2579 2507 2636 ad
2562 2582 2692 2653 ejus
2750 2582 3207 2639 similitudinem
3242 2589 3301 2638 et
3329 2600 3460 2651 nos,
3496 2583 3550 2638 ei

1893 2668 2224 2737 credentes,
2250 2670 2424 2724 Pater
2447 2668 2577 2739 ejus
2598 2671 2681 2724 ita
2710 2671 3107 2741 resuscitabit,
3132 2673 3192 2726 in
3211 2673 3348 2726 Iesu
3379 2671 3551 2726 Chri-

1895 2762 2007 2823 sto,
2040 2757 2169 2811 sine
2200 2774 2315 2828 que
2347 2774 2542 2812 veram
2573 2759 2748 2814 vitam
2782 2775 2902 2814 non
2934 2759 3242 2816 habemus.

882 2862 949 2920 X.
992 2863 1053 2918 Si
1083 2861 1330 2917 Christus
1359 2877 1470 2916 non
1506 2877 1630 2916 vere
1670 2872 1864 2930 passus
1896 2860 1993 2921 est,
2022 2856 2235 2922 frustra
2260 2870 2360 2923 ego
2392 2857 2622 2910 vincula
2649 2857 2793 2924 fero.

202 2951 266 3009 Εἰ
299 2948 378 3021 δὲ,
412 2949 592 3026 ὥσπερ
621 2950 783 3018 τινὲς,
841 2948 990 3005 ἄθεοι
1039 2946 1207 3018 ὄντες,
1234 2947 1508 3003 τουτέστιν
1541 2945 1694 3003 ἅπιστ

1973 2942 2019 2996 Si
2050 2958 2207 3007 vero,
2267 2948 2334 2998 ut
2390 2943 2631 3014 quidam
2685 2943 2868 3013 athei,
2924 2945 3036 2999 hoc
3095 2950 3201 3013 est,
3248 2944 3540 3012 infideles,

124 3038 408 3116 λέγουσιν,
439 3038 505 3093 τὸ
539 3035 714 3093 δοκεῖν
748 3035 1066 3100 πεπονθέναι
1123 3035 1306 3105 αὖτὸν,
1352 3036 1503 3091 αὐτοὶ
1537 3034 1687 3096 ὄντες
1718 3035 1782 3090 τὸ

122 3125 328 3196 δοκεῖν,
360 3126 467 3203 ἐγὼ
494 3126 548 3183 τί
579 3124 822 3201 δέδεμαι,
860 3127 915 3181 τί
955 3122 1012 3180 δὲ
1041 3122 1280 3201 εὔχομαι
1320 3127 1737 3201 θηριομαχῆσαι
1764 3144 1777 3194 ;

126 3218 348 3293 Δωρεᾶν
374 3216 467 3271 οὗν
499 3216 866 3288 ἆποθνήσκω;
909 3217 1018 3290 (15)
1065 3220 1208 3292 Ἀρα
1256 3216 1321 3271 οὐ
1370 3211 1778 3288 καταψευδομαι

123 3310 227 3363 τοῦ
258 3305 464 3383 Κυρίου
488 3325 503 3376 ;

1896 3030 2082 3097 aiunt,
2119 3047 2255 3086 eum
2303 3031 2631 3088 secundum
2681 3033 3089 3104 apparentiam
3121 3049 3249 3089 esse
3280 3032 3543 3105 passum,

1894 3118 2006 3190 ipsi
2030 3119 2359 3175 secundum
2379 3121 2790 3192 apparentiam
2814 3126 3045 3178 tantum
3068 3122 3452 3191 exsistentes;
3473 3123 3548 3179 ad

1895 3206 2038 3277 quid
2071 3223 2175 3280 ego
2207 3208 2438 3264 vinctus
2470 3224 2623 3280 sum,
2647 3226 2755 3265 cur
2782 3215 2921 3281 opto
2953 3226 3089 3266 cum
3118 3210 3327 3267 bestiis
3356 3211 3546 3284 depu-

1893 3311 2074 3368 gnare
2094 3296 2123 3350 ‘I
2152 3297 2392 3353 Frustra
2423 3297 2622 3368 itaque
2651 3298 2914 3355 morior?
2940 3300 3147 3356 Nonne
3169 3314 3271 3372 ego
3291 3299 3444 3356 falsa
3472 3300 3546 3357 de

1892 3384 2144 3441 Domino
2176 3385 2431 3457 loquor?

1587 3481 1749 3536 Vetus
1794 3478 2089 3538 interm-es.

1595 3497 1749 3536 vetus
1794 3497 1882 3536 int
2003 3498 2089 3538 °es.

118 3572 251 3622 tare
284 3571 399 3633 est,
435 3582 556 3647 non
586 3564 843 3647 mundus
873 3570 986 3647 est,
1017 3564 1131 3647 hoc
1162 3569 1271 3632 est,
1305 3565 1405 3636 qui
1437 3565 1566 3621 sine
1625 3497 2011 3640 episcopocmet
2066 3568 2436 3642 presbyterio
2469 3575 2529 3625 et
2558 3570 2810 3627 diacono
2843 3576 3124 3645 operatur
3154 3573 3402 3647 aliquid,
3437 3574 3549 3629 iste

1637 3710 1868 3765 CAPUT
1904 3711 2049 3765 VIII.

122 3653 253 3694 non
287 3638 548 3694 mundus
578 3643 669 3694 est
698 3638 760 3692 in
791 3637 1176 3693 conscientia.

201 3798 504 3881 Nonquia
533 3798 775 3881 cognovi
804 3798 925 3855 tale
950 3798 1093 3881 quid
1121 3798 1183 3854 in
1214 3797 1418 3881 vobis;
1452 3798 1558 3854 sed
1588 3813 1877 3881 praeservo
1909 3815 2027 3866 vos,
2057 3798 2411 3881 exsistentes
2442 3816 2607 3881 meos
2640 3801 2907 3881 dilectos,
2941 3803 3267 3881 praavidens
3302 3803 3552 3881 insidias

127 3871 378 3945 diaboli.
417 3871 525 3945 Yos
546 3870 721 3945 igitur
750 3875 1123 3945 mansuetam
1152 3870 1505 3945 patientiam
1537 3874 2230 3945 resumente_s,_recreate
2263 3873 2652 3945 vosmetipsos
2683 3873 2746 3927 in
2783 3870 2920 3945 fide,
2941 3870 3113 3945 'quod
3146 3880 3235 3930 est
3262 3892 3399 3931 caro
3436 3876 3549 3930 Do-

126 3943 304 4010 mini,
340 3946 398 3996 et
426 3941 487 4014 in
518 3940 824 4014 charitate,
858 3942 1025 4014 quod,
1048 3947 1137 3995 est
1157 3940 1404 4014 sanguis
1424 3942 1559 3996 Jesu
1581 3940 1815 3995 Christi.
1841 3941 2052 4014 Nullus
2078 3948 2334 3997 vestrum
2360 3940 2642 3998 adversus

2719 3944 3013 4016 roximum
3044 3945 3274 4016 aliquid
3306 3945 3548 4001 habeat.

121 4017 255 4070 Non
289 4013 635 4088 occasiones
666 4012 817 4069 detis
847 4012 1235 4088 gentibus,_ut
1262 4012 1383 4068 non
1406 4018 1648 4085 propter
1676 4028 1907 4088 paucos
1934 4013 2288 4088 insipientes
2319 4029 2389 4088 ea
2418 4030 2550 4085 quae
2582 4014 2646 4070 in
2675 4012 2794 4070 Deo
2827 4012 3556 4088 multitudo—blaspheme-

122 4093 246 4142 tur.
288 4086 383 4141 Vae
410 4085 580 4152 enim,
605 4101 711 4154 per
742 4083 901 4156 quein
933 4084 995 4139 in
1025 4084 1280 4139 vanitate
1309 4083 1502 4139 nomen
1522 4083 1710 4139 meum
1738 4084 1801 4137 in
1831 4083 2132 4155 aliquibus
2163 4083 2594 4155 blasphematur.

1664 4183 1893 4239 CAPUT
1931 4183 2023 4239 IX.

193 4279 615 4354 Obsurdescite
644 4281 843 4354 igitur,
875 4281 1114 4354 quando
1144 4281 1330 4354 vobis
1373 4282 1501 4338 sine
1547 4283 1685 4337 Iesu
1736 4278 1964 4354 Christo
2024 4279 2289 4351 loquitur
2321 4281 2491 4354 quis;
2525 4298 2594 4337 ex
2636 4298 2851 4354 genere
2882 4281 3082 4349 David,
3115 4283 3216 4354 qui
3249 4299 3319 4338 ex
3346 4282 3549 4348 Maria,

120 4352 227 4423 qui
259 4367 397 4406 vere
427 4358 602 4408 natus
632 4350 741 4419 est,
771 4350 1030 4425 comedit
1060 4358 1119 4408 et
1142 4353 1322 4421 bibit;
1342 4369 1476 4408 vere
1501 4350 1981 4425 persecutionem
2013 4350 2222 4425 passus
2246 4350 2465 4425 estsub
2502 4350 2710 4408 Pontio
2734 4354 2947 4422 Pilato,
2970 4370 3103 4409 vere
3126 4350 3440 4410 crucifixus
3463 4360 3556 4410 est

121 4421 185 4477 (Et
210 4428 486 4478 mortuus
517 4430 624 4496 est,
645 4424 1073 4496 aspicientibus
1091 4425 1429 4480 caelestibus
1459 4421 1522 4479 et
1547 4422 1925 4496 terrestribus
1952 4421 2432 4496 et‘inl’ernalibus
2458 4440 2470 4478 :
2502 4425 2601 4494 qui
2630 4431 2688 4480 et
2709 4441 2843 4481 vere
2869 4421 3248 4481 resurrexita
3278 4426 3551 4487 mortuis.

122 4495 526 4568 resuscitante
556 4493 753 4568 ipsum
781 4498 954 4551 Patre
983 4498 1211 4568 ipsius:
1271 4498 1371 4568 qui
1432 4502 1492 4551 et
1547 4493 1875 4568 secundum
1933 4493 2390 4568 similitudinem
2419 4493 2537 4551 nos
2569 4496 2882 4553 credentes
2915 4496 3028 4568 ipsi
3060 4496 3145 4553 sic
3175 4496 3558 4554 resuscitabit

122 4568 308 4621 Pater
337 4566 522 4638 ipsius
552 4564 614 4622 in
645 4567 877 4623 Christo
907 4564 1065 4635 Iesu,
1100 4568 1228 4623 sine
1260 4564 1377 4639 q'uo
1406 4583 1612 4623 verum
1645 4566 1835 4621 vivere
1862 4580 1983 4619 non
2015 4564 2325 4620 habemus.

1666 4664 1893 4719 CAPUT
1946 4663 2014 4719 Χ.

204 4763 265 4818 Si
296 4767 519 4833 autem,
551 4763 1054 4846 quemadmodum
1085 4765 1325 4846 quidam
1370 4765 1499 4820 sine
1553 4763 1671 4846 l_)eo
1703 4761 2060 4846 ensistentes
2088 4760 2367 4846 (ho-eest,
2400 4761 2961 4846 i‘nﬁdelesLdicuOn‘t,
2995 4764 3324 4846 secundum
3355 4764 3547 4820 videri

170 4849 380 4917 assum
413 4850 543 4890 esse
569 4832 769 4918 ipspm
794 4851 809 4901 ;
840 4837 954 4918 ipsi
986 4832 1337 4918 exsi'stentes
1360 4835 1689 4891 secundum
1717 4832 2240 4918 videri,‘ego‘quid
2272 4832 2501 4918 vin‘ctus
2548 4850 2679 4918 sum
2704 4837 2757 4917 ?_
2787 4833 2930 4906 quid
2968 4840 3163 4892 autem
3196 4841 3255 4891 et
3282 4852 3384 4892 oro
3414 4851 3551 4891 cum

169 4905 347 4961 estiis
378 4903 641 4977 pugnare
660 4906 688 4962 ‘?
714 4903 906 4963 Gratis
936 4908 1117 4980 igitur
1144 4908 1370 4964 morior
1394 4924 1408 4963 :
1442 4923 1578 4980 ergo
1609 4921 1729 4961 non
1758 4903 2171 4976 reprehendor
2197 4903 2500 4960 mendacii
2532 4921 2567 4959 a
2591 4903 2862 4960 Domino.

204 5003 229 5038 ‘
271 5003 410 5060 Isai.
445 5021 539 5073 LII,
573 5007 626 5061 5.

129 5203 157 5257 J
205 5130 287 5201 (5)
316 5130 406 5185 Ita
431 5147 545 5186 ms.
603 5131 750 5187 Male
803 5131 1127 5188 Smithius:
1190 5134 1421 5205 Πραεῖαν
1476 5128 1782 5193 εὐπάθειαν.

164 5218 263 5257 AC.

164 5218 263 5257 AC.

209 5273 292 5343 (6)
321 5272 426 5328 Ms.
477 5271 555 5336 ὅς.
607 5273 912 5331 Salvianus
961 5274 1206 5343 conjicit
1232 5274 1285 5342 ἢ.
1323 5274 1583 5340 Vossius,
1619 5274 1793 5343 Cote-_-

132 5341 330 5400 terius
361 5349 422 5399 et
448 5343 589 5400 alii:
623 5344 672 5399 8.
719 5347 833 5402 Cfr.
886 5345 958 5401 de
1001 5341 1118 5401 ﬁde
1164 5350 1223 5402 et
1259 5341 1554 5403 charitate
1595 5359 1687 5415 ep.
1719 5341 1794 5398 ad

133 5416 395 5489 Ephesn
419 5432 471 5470 c.
504 5417 609 5489 μς
642 5415 715 5471 ad
746 5418 1005 5489 Smyrn,
1038 5434 1089 5474 e.
1124 5419 1177 5473 6.

213 5488 297 5560 (τ)
326 5485 442 5560 crr-
469 5488 683 5560 Matth-
721 5506 774 5553 v.
798 5485 887 5543 23‘.

212 5557 291 5629 (8)
318 5559 382 5613 Τι
412 5557 614 5615 addidi
642 5576 712 5614 ex
742 5559 950 5616 Parall.
984 5561 1236 5616 Damasc.
1272 5562 1458 5629 Rupef

238 5632 467 5703 9))Hﬁafac
497 5630 1077 5703 laudat_Theodoret.
1109 5631 1257 5687 Dial.
1291 5632 1335 5699 Ι,
1371 5648 1427 5703 p.
1461 5633 1549 5687 5i.

242 5702 330 5772 10)
356 5702 474 5774 Cir.
505 5703 611 5774 Ep.
640 5701 1076 5774 adSmyrnqc.
1109 5706 1160 5757 1.

241 5774 332 5846 11)
364 5772 468 5828 Καὶ
507 5772 699 5830 eistat
725 5773 789 5828 in
818 5772 964 5831 mto.
993 5773 1110 5829 hc.

478 5891 742 5951 PA'I'IOL.
788 5893 904 5951 Gn.
952 5888 1027 5951 Υ.

212 5633 233 5845 ἱ

1971 5127 2084 5209 (12)
2117 5128 2219 5209 .Ita
2260 5126 2578 5209 legendum
2628 5143 2758 5209 esse
2805 5132 3011 5209 monet
3059 5128 3366 5209 Smithius,
3395 5129 3544 5209 duc_e

1900 5196 2081 5272 veteri
2114 5196 2460 5272 interprete.
2496 5196 2762 5272 Μ8.,)ιατὰ
2786 5198 2848 5253 τὸ
2881 5197 3165 5272 ὁμοίωμα,
3192 5197 3251 5261 ὅς
3281 5199 3369 5254 καὶ
3401 5202 3551 5271 ἡμᾶς

1900 5269 2029 5329 τοὺς
2058 5266 2418 5337 πιστεύοντες,
2450 5289 2503 5327 κ.
2534 5287 2585 5324 τ.
2620 5266 2675 5324 λ.

1980 5341 2090 5413 (13)
2117 5340 2232 5413 Cir.
2266 5342 2293 5413 I
2321 5342 2451 5398 Cor.
2485 5344 2695 5413 ηερ.

1974 5414 2085 5479 (14)
2119 5412 2234 5467 Cfr.
2266 5412 2432 5466 Joan.
2468 5429 2549 5477 ιιι,
2579 5412 2683 5479 36;
2714 5430 2768 5481 v,
2798 5414 2901 5477 4ος
2931 5428 3042 5480 xxv,
3074 5414 3148 5481 6;
3193 5430 3289 5477 xx,
3322 5414 3408 5470 13.

1976 5482 2085 5554 (15)
2117 5482 2374 5537 Sensus:
2411 5486 2598 5538 Nonne
2645 5500 2743 5553 ego
2786 5485 2932 5553 falsa
2977 5483 3044 5537 de
3086 5485 3310 5540 Domino
3343 5486 3580 5554 (aqum,

1906 5557 1954 5626 εἰ
1983 5553 2093 5621 illi,
2124 5568 2309 5607 veram
2339 5554 2539 5608 Christi
2574 5561 2802 5610 mortem
2844 5561 3128 5625 negantes,
3163 5572 3292 5611 vera
3322 5553 3562 5626 loquun-

1910 5625 2047 5699 tur?
2074 5627 2221 5680 Mors
2249 5638 2367 5679 mea
2389 5627 2519 5699 ipsa
2555 5627 2713 5699 falsa
2761 5627 3035 5683 doctrinae
3091 5633 3164 5683 est
3209 5625 3558 5699 praedicatio,

1912 5696 1967 5750 Si
1999 5711 2135 5751 vero
2194 5699 2330 5767 post
2385 5695 2487 5824 dp:
2542 5696 2715 5751 colon
2776 5713 2983 5768 ponas.
3030 5695 3376 5755 vertendum
3409 5695 3560 5752 erit‘:

1913 5769 2187 5824 Profecto.
2219 5783 2331 5821 non
2355 5768 2417 5824 fa
2466 5784 2498 5821 a
2521 5765 2718 5824 loauor
2744 5768 2809 5823 de
2844 5771 3098 5824 Domino.

1913 5765 2331 5835 Profecto,ﬁnon
2353 5765 2498 5835 falsa
2521 5765 2718 5838 loquor
2744 5765 2809 5823 de
2844 5771 3098 5824 Domino.

3165 5890 3241 5947 2‘2
