3932 6304
420 355 552 421 68‘7-
1363 353 1644 418 SANCTI
1687 355 1987 418 IGNA'I‘II
2034 356 2430 420 EPISTOL/E
2471 359 2868 422 GENUlNIE.
3710 360 3809 423 I88

423 497 513 548 est
540 492 921 565 principium,
938 491 985 546 si
1008 491 1256 561 gratiam
1271 496 1846 562 consequar,sortem
1868 507 1976 546 me:

2255 493 2540 566 ιονόμητός
2571 493 2736 563 ἐστιν,
2773 496 2883 567 (35)
2912 492 2999 548 ἐάν
3028 513 3126 568 περ
3156 495 3385 569 χάριτος
3427 493 3695 568 ἐπιτύχω,
3747 495 3808 558 εἷς

423 584 552 638 sine
582 582 1009 654 impedimento
1031 581 1383 653 accipiendi.
1413 582 1611 637 Timeo
1634 583 1794 636 enim
1815 586 1976 637 vestr;

2268 584 2332 638 τὸ
2359 581 2566 657 κλῆρόν
2601 605 2705 657 μου
2736 581 3142 656 ἀνεμποδίστων
3171 578 3492 639 ἀπολαϐεῖν.
3549 586 3667 655 (36)
3718 590 3808 638 Φο-

422 672 793 740 charitatem,
825 688 900 726 ne
930 687 1000 726 ea
1029 671 1172 726 mihi
1206 676 1436 726 noceat.
1471 670 1646 726 Vobis
1676 671 1837 727 enim
1894 671 1975 726 fac

2252 675 2384 744 ὗμαι
2415 671 2520 746 γὰρ
2549 674 2646 741 τὴν
2681 671 2834 745 ὑμῶν
2863 671 3102 746 ἀγάπην,
3139 673 3214 744 μὴ
3259 672 3394 743 αὐτή
3449 693 3518 745 με
3567 669 3805 747 ἀδικήσῃ.

422 767 531 831 est,
569 761 729 832 quod
749 761 922 818 vultis
947 761 1177 828 facere;
1202 761 1346 816 mihi
1379 777 1516 816 vero
1551 760 1786 818 difﬁcile
1827 765 1918 816 est
1945 761 1975 816 Ι

2256 766 2330 816 ιῖν
2371 760 2474 837 γάρ
2524 759 2746 836 εὐχερές
2799 760 2964 832 ἐστιν,
2997 761 3027 816 δ
3056 760 3238 825 θέλετε
3287 769 3537 832 ποιῆσαι·
3593 762 3718 835 ἐμοὶ
3762 759 3809 816 δὲ

422 851 621 923 potiri,
654 851 703 906 si
733 866 833 906 vos
863 850 1009 906 mihi
1041 865 1284 922 parcere
1315 850 1588 907 studetis.

2254 849 2442 906 nt.on
2473 849 2587 905 ἐστι
2615 854 2712 905 τοῦ
2752 854 2885 906 Θεοῦ
2935 849 3236 924 ἰπιτοχεῖν,
3293 848 3484 925 ἐάνπερ
3539 852 3807 926 ὑμεῖςβἻ)

2172 939 2433 1018 φείσησθέ
2466 962 2593 1014 μου.

1644 1061 1712 1118 ll.
1743 1061 1922 1116 Nolite
1944 1077 2026 1116 me
2054 1061 2325 1130 martyrio
2357 1064 2587 1132 eripere.

489 1180 634 1236 Nolo
661 1180 822 1236 enim
845 1178 1013 1234 vobis
1037 1185 1321 1250 tanquam
1342 1177 1686 1234 hominibus
1705 1177 1957 1249 placere,
1973 1195 2042 1234 se)

2258 1175 2478 1249 (38)οὗ
2526 1178 2631 1252 γὰρ
2692 1177 2836 1242 θέλω
2899 1178 3026 1252 ὑμῖν
3085 1177 3628 1254 ἀνθρωπαρεσκῆσαι,
3687 1177 3811 1234 ἀλλᾶ

421 1272 539 1324 Deo
571 1269 826 1341 placere,
859 1267 1364 1340 quemadmodum
1396 1273 1456 1322 et
1482 1285 1582 1323 vos
1607 1268 1658 1322 ei
1685 1267 1974 1339 placetis.l

2258 1271 2302 1338 ᾧ
2334 1265 2540 1342 ἀρέσαι,
2575 1267 2757 1342 ὥσπερ
2789 1267 2879 1322 καὶ
2934 1266 3208 1342 ἀρέσκετς.
3266 1267 3343 1325 Οἱ)
3400 1269 3500 1344 γὰρ
3546 1267 3652 1341 ἐγώ
3698 1288 3811 1323 ποτε

420 1360 578 1415 enim
614 1376 718 1432 ego
754 1375 1024 1431 unquam
1057 1359 1173 1415 tale
1205 1365 1438 1430 tempus
1462 1359 1579 1413 Deo
1607 1358 1873 1429 potiendi
1895 1364 1973 1414 att

2256 1377 2286 1408 υ
2316 1355 2506 1431 καιρὸν
2531 1361 2784 1411 τοιοῦτον
2817 1362 2947 1412 Θεον
2991 1355 3291 1434 ἐπιτυχεῖν
3336 1357 3462 1412 οὕτε
3515 1359 3692 1430 ὑμεῖς,
3737 1358 3809 1412 ἐὰν

419 1467 553 1522 gam
580 1469 593 1516 ;
623 1467 732 1505 nec
763 1467 886 1514 vos,
921 1450 968 1504 si
1001 1449 1308 1517 silueritis,
1341 1449 1573 1504 meliori
1607 1447 1772 1520 operi
1825 1448 1972 1503 insci

2255 1447 2529 1516 υπήσητε,
2561 1445 2826 1520 κρείττονι
2872 1440 3018 1521 ἔργῳ
3069 1445 3225 1520 ἔχετε
3269 1446 3653 1523 ἐπιγραφῆναι.
3700 1448 3808 1502 Ἐὰν

421 1540 664 1610 poteris.
699 1540 758 1594 Si
793 1539 953 1594 enim
987 1538 1059 1593 de
1085 1555 1179 1593 me
1216 1538 1524 1604 silueritis,
1577 1554 1682 1610 ego
1737 1537 1837 1592 Dei
1891 1539 1974 1592 fla:

2255 1553 2284 1608 ρ
2316 1537 2637 1605 σιωπήσητε
2668 1537 2782 1609 (39)
2823 1535 2916 1590 ἀπ’
2967 1534 3128 1610 ἐμοῦ,
3181 1539 3291 1610 (40)
3339 1536 3444 1612 ἐγὼ
3499 1539 3807 1612 γενήσομαι.

449 1629 467 1682 i
491 1634 689 1683 autem
710 1644 950 1683 carnem
974 1643 1170 1683 meam
1195 1627 1552 1692 amaveritis,
1577 1626 1770 1682 denuo
1793 1627 1939 1681 mihi
1961 1643 2002 1681 θ]

2256 1623 2331 1677 οὗ·
2371 1623 2458 1678 ἐὰν
2490 1621 2548 1678 δὲ
2581 1623 2841 1697 ἐρασθῆτε
2897 1631 2997 1693 τῆς
3059 1625 3255 1700 σαρκός
3307 1647 3435 1698 μου,
3494 1626 3660 1682 πάλιν
3707 1620 3809 1682 ἔσο-

454 1717 801 1773 urrendum.
834 1717 1020 1772 Nolite
1053 1717 1187 1789 plus
1239 1717 1384 1772 mihi
1436 1717 1722 1788 praebere,
1776 1733 1953 1788 quam

2256 1733 2276 1766 ηι
2309 1715 2419 1786 (41)
2443 1714 2678 1788 τρέχων.
2715 1714 2888 1769 Πλὲον
2920 1735 3014 1785 μοι
3048 1715 3123 1787 μή
3160 1714 3518 1793 παράσχησθε
3567 1720 3667 1770 τοῦ
3716 1717 3809 1788 (42)

414 1803 692 1860 immoler
721 1805 861 1870 Deo,
894 1804 1036 1860 dum
1068 1803 1261 1860 adhuc
1291 1803 1475 1858 altare
1509 1808 1780 1874 paratum
1827 1809 1914 1858 est
1940 1819 1953 1870 ;

2256 1799 2567 1870 ονὸισθῆναι
2599 1808 2735 1875 Θεῷ,
2768 1804 2842 1866 ὡς
2871 1799 2950 1858 ἔτι
2983 1807 3364 1880 θυσιαστήριον
3397 1803 3619 1880 ἕτοιμόν
3667 1805 3805 1861 ἐστιν.

416 1893 481 1948 in
511 1893 798 1950 charitate
829 1894 1045 1948 chorus
1079 1892 1270 1948 effecti
1302 1893 1528 1947 canalis
1563 1893 1719 1947 Patri
1744 1892 1806 1946 in
1835 1891 1969 1964 Chri

2256 1889 2348 1944 ιέν
2376 1889 2557 1964 ἀγάπῃ
2616 1891 2786 1965 χορὸς
2848 1889 3132 1964 γενόμενοι
3191 1891 3357 1962 ᾅσητε
3411 1898 3489 1964 τῷ
3547 1896 3713 1970 Πατρὶ
3767 1893 3809 1947 ὲν

415 1982 572 2048 Jesu,
606 1983 765 2054 quod
796 1983 948 2038 Deus
981 1982 1321 2052 episcopum
1353 1980 1532 2051 Syriae
1563 1979 1806 2052 dignum
1829 1979 1968 2050 judi

2265 1983 2397 2050 ιστῷ
2429 1980 2630 2047 Ἰησοῦ,
2664 1981 2776 2052 (43)
2803 1979 2885 2034 δτι
2915 1980 3007 2034 τὸν
3056 1979 3352 2036 ἐπισκοπον
3404 1982 3605 2056 Συρίας
3639 1986 3667 2038 ὁ
3698 1983 3811 2042 Θεὸς

418 2071 583 2139 verit,
618 2071 718 2142 qui
746 2070 819 2126 ab
850 2070 1089 2125 Oriente
1122 2071 1183 2125 in
1215 2069 1595 2125 Occidentem
1622 2068 1943 2125 accessitus

2259 2066 2512 2137 εηζίωσεν
2541 2068 2822 2143 εὑρεθῆναι
2881 2068 2954 2130 εἰς
3010 2065 3160 2124 δύσιν
3216 2069 3321 2124 ἀπὸ
3383 2071 3657 2141 ἀνατολῆς
3715 2075 3812 2145 (44]

418 2161 737 2216 veniretur.
772 2161 1000 2215 Bonum
1030 2165 1138 2228 est,
1157 2175 1193 2214 a
1216 2158 1439 2214 mundo
1462 2157 1732 2214 occidere
1762 2158 1838 2214 ad
1860 2159 1971 2214 Deu

2261 2158 2688 2230 τακεμψάμενος.
2724 2155 2902 2214 Καλὸν
2953 2159 3015 2212 τὸ
3066 2155 3217 2213 δῦναι
3262 2160 3366 2214 ἀπὸ
3419 2161 3636 2234 κόσμου
3691 2160 3814 2236 πρὸς

419 2256 486 2305 ut
514 2251 576 2304 in
608 2249 737 2320 ipso
769 2250 948 2304 oriar.

2180 2246 2326 2316 Θιὸν,
2355 2246 2444 2300 ἳνα
2473 2246 2550 2307 εἶς
2581 2245 2740 2301 αὐτὸν
2770 2246 3060 2306 ἀνατείλω.

1110 2346 1207 2402 III.
1239 2350 1443 2417 Rogata
1463 2349 1652 2418 potius
1682 2349 1871 2416 Deum,
1904 2352 1963 2401 ut
1993 2347 2067 2402 ad
2093 2347 2420 2416 martyrium
2451 2347 2591 2402 mihi
2617 2349 2764 2404 vires
2796 2349 3124 2419 suppeditet.

485 2455 644 2509 Nulli
692 2471 957 2526 unquam
1007 2455 1349 2521 invidistis;
1402 2455 1551 2510 alios
1599 2454 1904 2509 docuistis.
1946 2456 2038 2527 Ege

2263 2449 2520 2508 )ὗδέποτε
2562 2456 2677 2526 (45)
2730 2448 3054 2509 ἐϐασκάνατέ
3111 2452 3330 2510 οὐδένα·
3385 2453 3591 2520 ἄλλους
3649 2453 3816 2511 tatas-

407 2560 545 2599 vero
577 2543 682 2599 illa
712 2560 947 2615 quoque
981 2545 1152 2599 firma
1180 2561 1309 2599 esse
1338 2544 1492 2612 volo,
1551 2559 1682 2614 quas
1733 2543 1955 2598 docetis

2257 2562 2310 2596 ξε·
2344 2546 2454 2617 (46)
2487 2544 2630 2619 Ἐγὼ
2661 2541 2719 2599 δὲ
2751 2543 2918 2613 θέλω,
2946 2543 3035 2600 ἵνα
3074 2545 3294 2601 κάκεῖνα
3339 2541 3533 2621 βέϐαια
3560 2546 3620 2622 ᾖ,
3654 2549 3686 2602 ἃ
3715 2549 3810 2620 (47)

405 2633 747 2706 prmcipitis.
781 2635 948 2690 Vires
980 2639 1209 2689 tantum
1241 2633 1389 2688 mihi
1421 2638 1478 2688 et
1500 2633 1768 2688 internas
1794 2638 1852 2687 et
1872 2637 1958 2687 ext

2260 2632 2572 2702 Βητεύοντες
2605 2631 2942 2697 ἒντὲλλεσθε.
2977 2631 3154 2690 Μὸνον
3193 2657 3284 2708 μοι
3318 2633 3541 2709 δύναμιν
3593 2637 3813 2690 αἰτεῖσθε

405 2739 520 2778 nas
549 2724 752 2794 petite,
783 2729 849 2778 ut
879 2739 998 2777 non
1031 2721 1225 2777 solum
1258 2722 1491 2793 loquar,
1527 2722 1630 2777 sed
1661 2727 1719 2776 et
1742 2722 1956 2790 velim;

2257 2720 2368 2785 υθέν
2400 2742 2459 2776 τε
2487 2721 2577 2776 καὶ
2609 2719 2823 2792 ἔξωθεν,
2867 2720 2960 2778 ἵνα
2994 2725 3070 2796 μὴ
3109 2724 3273 2796 μόνον
3326 2723 3494 2801 λέγω,
3534 2723 3686 2780 ἀλλά
3729 2723 3810 2779 καὶ

404 2828 526 2867 non
551 2810 740 2867 solum
771 2811 936 2866 dicar
964 2812 1356 2878 Christianus,
1399 2811 1504 2866 sed
1557 2817 1613 2866 et
1662 2811 1947 2866 inveniar.

2261 2832 2334 2878 ,w,
2373 2811 2462 2865 ἳνα
2493 2811 2567 2883 μὴ
2626 2811 2788 2884 μόνον
2845 2810 3097 2888 λέγωμαι
3152 2813 3496 2886 Χριστιανὸς,
3537 2812 3689 2869 ἀλλά
3733 2813 3814 2868 καὶ

407 2902 566 2956 enim
591 2901 864 2956 inventus
885 2902 1075 2967 fuero,
1098 2903 1280 2956 etiam
1305 2899 1420 2956 dici
1441 2905 1645 2972 potero
1668 2901 1960 2956 Christian

2258 2901 2392 2955 £06).
2429 2900 2551 2954 Ἐἀν
2581 2901 2682 2975 γὰρ
2715 2903 2825 2974 (40)
2855 2901 2944 2954 καὶ
2994 2902 3220 2976 εὑρεθῶ,
3275 2903 3364 2957 καὶ
3413 2901 3670 2980 λέγεσθαι
3721 2900 3811 2956 3'5-

406 2996 465 3046 et
493 2995 634 3048 tunc
666 2990 860 3047 ﬁdelis
891 3008 1020 3046 esse
1069 2990 1298 3058 valebo,
1347 3005 1481 3046 cum
1530 2990 1753 3046 mundo
1802 2990 1959 3062 ampl

2265 3009 2355 3057 ιαι,
2387 2987 2477 3042 καὶ
2509 2989 2634 3043 τότε
2662 2987 2852 3051 πιστὸς
2885 2990 3048 3058 εἶναι,
3085 2991 3208 3044 ὅταν
3237 2991 3432 3064 κόσμῳ
3489 2993 3562 3065 μὴ
3623 2991 3818 3068 φαίνω-

1869 3118 2033 3172 Vetus
2062 3119 2356 3186 interpres.

401 3237 604 3288 mento
641 3232 882 3287 lucrari.
924 3230 1522 3304 Timeopharitatem
1575 3234 1851 3304 vestram,
1900 3246 1976 3304 ne
2007 3229 2154 3304 ipsa
2207 3245 2303 3285 me
2353 3228 2548 3284 laedat.
2605 3228 2778 3304 Vobis
2808 3230 2988 3304 enim
3046 3231 3217 3287 facile
3268 3237 3376 3298 est,
3441 3233 3605 3304 quod
3655 3233 3827 3288 vultis

398 3304 595 3360 facere
620 3321 635 3369 ;
667 3304 812 3359 mihi
845 3308 1043 3359 autem
1072 3301 1316 3357 difﬁcile
1347 3307 1437 3357 est
1468 3303 1586 3356 Deo
1618 3301 1796 3373 potiri
1821 3320 1835 3370 ;
1866 3300 2160 3372 siquidem
2189 3317 2289 3357 vos
2319 3317 2438 3356 non
2469 3300 2712 3372 parcitis
2740 3301 2909 3358 mihi.

1941 3415 2168 3471 CAPUT
2206 3417 2276 3472 Il.

477 3536 604 3607 Non
633 3533 793 3607 enim
821 3533 950 3607 volo
983 3551 1082 3589 vos
1116 3534 1453 3607 hominibus
1483 3533 1738 3607 placere,
1760 3533 1876 3607 sed
1909 3534 2026 3588 Deo
2057 3532 2313 3607 placere,
2347 3532 2852 3607 quemadmodum
2885 3539 2942 3588 et
2971 3533 3241 3607 placetis.
3290 3535 3500 3607 Neque,
3521 3536 3691 3590 enim
3724 3551 3817 3607 ego

405 3605 946 3677 habeoraliquando
978 3612 1211 3677 tempus
1243 3605 1357 3660 tale
1389 3606 1506 3659 Deo
1537 3605 1799 3677 potiendi
1826 3623 1840 3671 ;
1873 3620 2065 3675 neque
2095 3621 2216 3665 vos,
2238 3605 2286 3657 si
2313 3605 2574 3667 taceatis,
2600 3605 2831 3677 meliori
2855 3606 3019 3676 operi
3045 3605 3275 3660 habetis
3303 3606 3644 3677 inscribi.Si
3669 3605 3820 3662 enim

405 3676 649 3749 taceatis
673 3693 707 3732 a
730 3675 852 3744 me,
886 3692 990 3749 ego
1023 3675 1122 3732 ero
1155 3678 1254 3731 Dei
1281 3692 1294 3742 ;
1328 3677 1384 3749 si,
1409 3675 1988 3749 aute’m‘desideretis
2010 3691 2249 3749 carnem
2277 3691 2493 3749 meam,
2525 3693 2729 3730 rursus
2750 3675 2940 3731 factus
2966 3694 3098 3732 sum
3124 3694 3248 3732 vox.
3281 3676 3421 3732 Plus
3448 3684 3652 3733 autem
3677 3677 3819 3749 mihi

405 3763 526 3802 non
548 3747 842 3815 tribuetis,
873 3747 1050 3819 quain
1069 3748 1388 3804 sacrificari
1422 3749 1562 3813 Deo,
1596 3747 1738 3802 dum
1762 3747 1953 3803 adhuc
1973 3747 2461 3802 sacriﬁcatorium
2482 3753 2752 3818 paratum
2777 3755 2888 3813 est,
2916 3754 2981 3802 ut
3000 3749 3060 3803 in
3085 3749 3370 3804 charitate
3395 3749 3616 3804 chorus
3635 3748 3826 3806 eﬂ‘ecti

397 3837 649 3892 cantetis
680 3838 838 3893 Patri
874 3839 936 3893 in
965 3839 1100 3893 Jesu
1126 3839 1377 3902 Christo,
1412 3838 1693 3909 quoniam
1731 3837 2074 3909 episcopum
2107 3837 2284 3908 Syriae
2309 3835 2671 3909 diguiflcavit
2701 3837 2852 3892 Deus
2883 3838 3162 3906 inveniri,
3197 3839 3258 3892 in
3311 3838 3704 3895 Occidentem
3760 3838 3822 3894 ab

397 3909 636 3964 Oriente
671 3910 1103 3966 transmittens.
1139 3910 1362 3963 Bonum
1393 3908 1662 3963 occidere
1696 3925 1730 3963 a
1762 3908 1982 3964 mundo
2010 3909 2071 3963 in
2103 3910 2309 3978 Deum,
2343 3915 2408 3962 ut
2437 3908 2499 3962 in
2533 3908 2661 3978 ipso
2693 3909 2871 3963 oriar.

1927 4025 2154 4081 CAPUT
2193 4025 2291 4079 IlI.

473 4144 787 4216 Nunquam
809 4141 1106 4216 invidistis
1129 4142 1191 4196 in
1214 4141 1411 4216 aliquo
1441 4159 1454 4208 ;
1482 4141 1643 4216 alios
1659 4141 1997 4216 edocuistis.
2022 4142 2149 4216 Ego
2162 4145 2360 4195 autem
2385 4139 2536 4207 volo,
2561 4145 2625 4194 ut
2646 4145 2706 4194 et
2735 4140 2834 4216 illa
2858 4141 3030 4216 firma
3051 4143 3189 4209 sint,
3216 4160 3347 4216 quae
3371 4143 3666 4216 docentes
3683 4160 3828 4216 prae-

402 4212 661 4285 cepistis.
698 4213 899 4268 Solum
932 4213 1075 4268 mihi
1107 4212 1432 4285 potentiam
1465 4213 1680 4284 petatis
1713 4213 1785 4268 ab
1817 4213 1972 4268 intra
2003 4212 2170 4268 etab
2195 4217 2380 4285 extra,
2415 4218 2505 4285 ut__
2535 4228 2655 4285 non
2687 4212 2878 4267 solum
2907 4212 3326 4283 dicam,sed'et
3355 4215 3572 4283 velim;
3611 4212 3737 4271 non
3766 4219 3825 4267 ut

401 4283 596 4358 solum
621 4283 1199 4358 dicarChristianus,
1224 4285 1326 4339 sed
1349 4291 1409 4358 et
1438 4283 1722 4358 inveniar.
1759 4285 1815 4358 Si
1843 4285 2004 4358 enim
2037 4283 2324 4358 inveniar,
2358 4289 2422 4337 ut
2453 4283 2568 4358 dici
2599 4300 2874 4358 pessumi;
2911 4292 2968 4340 et
2999 4292 3136 4358 tunc
3171 4285 3365 4341 fidelis
3388 4302 3541 4350 esse,
3581 4285 3820 4358 quando

394 4355 599 4425 utique
623 4355 844 4410 mundo
877 4372 997 4411 non
1022 4372 1298 4427 appareo.
1325 4353 1482 4411 Nihil
1500 4355 1848 4428 apparentia
1870 4356 2091 4411 bonum
2115 4361 2222 4411 est.
2255 4357 2407 4410 Deus
2431 4354 2590 4409 enim
2609 4353 2817 4410 noster
2835 4357 3002 4412 Jesus
3032 4357 3299 4412 Christus
3345 4359 3406 4412 in
3439 4353 3621 4415 Patre
3669 4357 3822 4414 exsi-

470 4495 585 4568 (35)
610 4497 811 4620 Sgrus,
839 4498 940 4567 qui
973 4497 1085 4553 hoc
1109 4503 1286 4569 caput
1310 4498 1509 4561 habet,
1537 4497 1755 4570 legisse
1785 4497 2042 4556 videtur:
2078 4519 2123 4582 D
2155 4497 2334 4552 Multo
2366 4495 2740 4566 prmferenda
2771 4502 2859 4551 est
2888 4497 3062 4553 lectio
3095 4500 3277 4554 Graeci
3321 4505 3538 4556 textus.
3600 4501 3817 4556 Sensus

470 4565 628 4620 ένπεο
685 4567 904 4620 πιτύγω
932 4566 1025 4620 τὸν
1055 4565 1264 4620 κλῆρόν
1319 4589 1423 4620 μου
1464 4569 1539 4620 εἷς
1590 4568 1757 4620 nisa:
1803 4568 2046 4620 ἀνειιπο-
2159 4574 2283 4620 est:
2318 4570 2509 4620 Denuo
2538 4567 2675 4620 mihi
2703 4570 2808 4620 erit
2839 4571 3169 4620 currendum
3197 4573 3258 4620 in
3300 4573 3401 4620 hoc
3449 4572 3646 4620 studio
3677 4575 3817 4620 vitm.

402 4565 628 4640 Ἐάνπέρ
658 4565 810 4621 ἐπιτύ
856 4565 904 4622 lo
932 4566 1025 4623 τὸν
1055 4565 1264 4640 κλῆρόν
1319 4589 1423 4642 μου
1464 4569 1539 4629 εἷς
1590 4565 1757 4641 πέρας
1803 4568 1955 4640 ἀνεμτ

403 4633 600 4694 δίστιος
630 4586 957 4694 ἀπολαέεῖν.

2270 4584 2283 4623 :
2318 4565 2509 4621 Denuo
2538 4567 2675 4621 mihi
2703 4570 2808 4622 erit
2839 4571 3169 4625 currendum
3197 4573 3258 4625 in
3300 4573 3401 4626 hoc
3449 4572 3646 4627 studio
3677 4575 3820 4634 vitae,

2267 4654 2322 4694 us
2346 4645 2546 4693 metam
2574 4655 2711 4694 bene
2739 4643 2924 4694 attici.
2959 4641 3073 4694 Cfr.
3108 4643 3132 4694 Ι
3161 4641 3292 4694 Cor.
3329 4661 3403 4694 lx.
3437 4644 3532 4694 24-

403 4633 609 4699 δίστιος
630 4633 957 4696 ἀπολαϐεῖν.
1154 4633 1179 4640 ﬂ
1319 4633 1329 4642 ’
1662 4633 1669 4641 ’
1901 4633 1910 4640 ’

2163 4641 2322 4709 cujus
2346 4645 2546 4693 metam
2573 4655 2711 4708 pene
2739 4643 2924 4709 attigi.
2959 4641 3073 4697 Cfr.
3108 4643 3132 4695 Ι
3161 4641 3292 4698 Cor.
3329 4661 3403 4708 ix,
3437 4644 3531 4698 24.

474 4710 587 4782 (36)
620 4711 882 4781 lgnatius
915 4712 1225 4769 verebatur
1252 4728 1326 4766 ne
1358 4711 1628 4782 Romani,
1659 4711 1750 4765 vel
1773 4711 2050 4782 precibus
2234 4711 2348 4780 (42)
2380 4709 2496 4782 Cfr.
2531 4710 2580 4762 Il
2611 4709 2759 4782 'l‘im.
2795 4727 2874 4779 ιν,
2907 4714 2959 4766 6.

401 4780 475 4836 ad
507 4780 691 4837 Deum
731 4789 791 4838 et
819 4785 1115 4851 homines,
1166 4783 1258 4837 vel
1308 4781 1580 4852 pecunia,
1632 4787 1734 4836 aut
1773 4780 1886 4853 per
1932 4800 1954 4835 ν

2264 4783 2343 4853 43)
2391 4781 2571 4851 Syrus
2632 4780 2844 4852 legisse
2903 4783 3171 4838 videtur:
3233 4785 3315 4836 ὅτι
3369 4783 3460 4837 τὸν
3517 4782 3817 4841 ἐπίσκοπον

405 4867 543 4927 eum
575 4855 930 4927 a_supplicio
963 4850 1476 4927 eximerent—Cor.
1553 4924 1587 4927 ,_
1619 4926 1622 4927 ν
1783 4850 1798 4853 “

1574 4924 1587 4927 _
1619 4926 1622 4927 ν
1783 4850 1798 4853 “
2157 4850 2488 4927 magiam
2519 4853 2616 4903 τοῦ
2635 4850 2782 4927 θεοῦ
2817 4853 3117 4927 εὑρεθῆναι.

473 4925 588 4993 (37)
619 4925 660 4979 Ι.
711 4923 777 4998 e._,
811 4931 857 4984 si
896 4944 986 4983 vos
1040 4925 1430 4998 impedimento
1487 4924 1626 4978 mihi
1673 4928 1799 4998 estis
1850 4931 2048 4998 conatu
2225 4924 2339 4995 (44)
2373 4924 2489 4998 Aut
2517 4923 2780 4998 medium
2812 4923 2917 4996 pro
2941 4927 3174 4996 passivo
3196 4927 3456 4996 positum
3487 4935 3692 4998 putes,
3728 4933 3823 4984 aut

397 5000 594 5071 vestri),
623 5012 707 5071 me
737 4997 1030 5054 liberandi.
1062 4994 1459 5071 Interpolator
1478 5001 1536 5049 et
1556 4996 1747 5071 versio
1778 4997 2044 5071 antiqua,
2156 4994 2384 5050 vertas:
2417 4994 2584 5071 ngd
2609 4997 2749 5071 Deus
2770 4994 3079 5071 episcopum
3109 4994 3284 5068 Syria
3308 4994 3555 5054 inveniri
3617 4994 3818 5071 digna-

403 5063 475 5118 ab
508 5066 744 5138 Usserio
776 5071 953 5135 edita,
987 5085 1096 5124 nec
1127 5063 1246 5122 non
1275 5067 1452 5136 Syrus
1475 5066 1630 5121 male
1655 5063 1942 5123 exhibent
1968 5068 2042 5138 μὴ
2157 5075 2241 5121 tus
2269 5073 2365 5130 est,
2387 5065 2454 5119 ab
2486 5064 2709 5121 Oriente
2729 5063 3167 5124 ivi—Occidentem
3183 5085 3304 5124 eum
3335 5085 3638 5126 arcessens.

402 5137 834 5211 an‘tiehcpelaeooe.
1323 5207 1359 5211 Β
1408 5209 1426 5211 _
1454 5207 1468 5211 _
1550 5207 1559 5211 _
1689 5202 1714 5211 ,Α
1939 5207 1950 5211 Δ

2265 5137 2342 5211 45)
2372 5137 2425 5211 I._
2451 5152 2504 5191 e.
2536 5138 2681 5192 nulli
2710 5137 2992 5195 invidistis
3020 5141 3278 5210 gloriam,
3307 5157 3417 5211 pro
3447 5143 3682 5200 Christo
3710 5159 3818 5199 mo-

469 5202 852 5283 (38)'_lnitium
880 5211 1089 5283 capitis
1119 5207 1364 5264 secundi
1395 5207 1475 5264 Οὗ
1503 5207 1604 5281 γὰρ
1639 5202 1782 5269 θέλω
1819 5249 1832 5262 .
1879 5251 1891 5263 .
1927 5207 2022 5280 aps

1031 5211 1089 5265 .is
1119 5207 1364 5264 secundi
1395 5207 1475 5264 Οὗ
1503 5207 1604 5281 γὰρ
1639 5202 1782 5269 θέλω
1819 5249 1832 5262 .
1879 5251 1891 5263 .
1927 5207 2047 5280 ἀρὲσ
2154 5202 2584 5283 riéndi._Sm_rn.

401 5274 749 5354 auersideest
777 5285 839 5338 in
870 5274 1034 5354 Syro.
1138 5352 1152 5354 _
1516 5274 1528 5281 υ
1576 5274 1585 5281 '

1964 5274 1972 5280 ’
2227 5280 2337 5354 (46)
2370 5277 2514 5354 [Εγὼ
2537 5307 2615 5354 -_—
2643 5274 2959 5354 ἒντὲλλεσθε
2989 5282 3156 5354 deest
3186 5283 3249 5336 in
3281 5283 3452 5354 Syro.

471 5352 583 5426 (39)
614 5353 658 5426 I_.
692 5370 751 5423 q.
783 5351 1100 5426 ’περὶίέμοῦἐ
1129 5352 1323 5426 Ξιιιτιιἱ
1360 5419 1370 5426 .
1515 5425 1527 5426 7
1608 5423 1632 5426 ῳ
1822 5421 1837 5426 _

2270 5354 2338 5422 Π)
2372 5352 2414 5406 Ι.
2449 5366 2504 5426 e._
2537 5351 2980 5426 Exemplumet
3023 5351 3378 5422 adhortatio,
3413 5354 3648 5426 quibus
3682 5357 3823 5411 alios

471 5369 560 5419 (σν
614 5369 658 5407 1.
692 5370 751 5423 q.
783 5369 1094 5436 mpitpou.
1129 5369 1317 5406 bium.
1608 5423 1632 5434 _

471 5369 583 5497 (40)
614 5423 795 5494 Syrus
826 5425 1004 5497 legit:
1037 5423 1276 5494 Ἔσομαι
1307 5417 1470 5496 λόγος
1501 5425 1657 5490 Θεου,
1683 5421 1840 5494 quod
1867 5439 2024 5479 senSl

2271 5369 2338 5422 Η)
2372 5369 2414 5406 ι.
2449 5369 2504 5430 e._
2538 5369 2887 5476 exemplum
2921 5369 2980 5408 et
3023 5369 3378 5422 adhortatio,
3413 5369 3648 5424 quibus
3682 5369 3824 5411 alios

2271 5427 2614 5492 martyrium
2648 5438 2717 5477 su
2763 5424 3024 5480 eundum
3058 5426 3323 5481 animare
3388 5425 3555 5480 soliti
3610 5429 3824 5483 fuistis.

397 5495 579 5641 Tag?)
611 5563 789 5641 Syrus
827 5572 886 5622 et
933 5570 1098 5622 vetus
1143 5565 1434 5641 interpres
1479 5564 1723 5641 Latinus
1771 5567 2050 5641 legerunt
2159 5505 2803 5641 §M(zg)'Particu_la_xal_,
2836 5583 2947 5623 nec
2978 5584 3012 5624 a
3043 5573 3236 5626 vetere
3257 5568 3621 5641 interprete,
3655 5589 3770 5629 nec
3794 5586 3828 5627 ε

392 5627 592 5703 ισδμάι
623 5627 777 5708 ἧχώ,
802 5641 987 5705 factus
1027 5653 1147 5693 sum
1187 5627 1319 5708 vox;
1367 5640 1434 5692 ut
1474 5635 1774 5708 interpres
1829 5627 2045 5698 reddit.
2156 5627 2300 5708 Syro
2320 5627 2555 5708 'agnita,
2582 5627 2838 5696 delenda
2868 5645 2976 5695 est.
