3932 6304
388 378 507 440 695

1328 375 1615 440 SANGTI
1662 374 1977 439 IGNATII
2015 373 2425 437 EPISTOLE
2467 373 2864 437 GENUIN‘.

3683 368 3806 429 696

391 517 514 568 tem
544 512 667 580 ﬁet,
699 510 748 566 si
775 525 877 566 vos
905 509 1230 565 volueritis.
1270 508 1492 576 Velitis,
1513 524 1745 581 precor,
1763 510 1830 562 ut
1859 511 1919 562 et
1937 522 2039 562 vos
2070 510 2124 576 Α
2153 528 2156 548 ι

2268 498 2439 572 ἔσται,
2509 502 2596 563 ἐὰν
2658 505 2812 577 ὑμεῖς
2863 501 3156 573 θελήσητε.
3217 497 3516 571 Θιλήσατε,
3568 497 3667 553 ’ἕνα
3713 497 3809 554 καὶ

391 603 865 660 benevolentiam
896 601 1225 657 inveniatis.
1256 600 1466 656 Paucis
1488 590 1702 655 litteris
1734 605 1867 670 peto
1886 614 1920 653 a
1942 614 2042 652 vo-

388 692 519 761 bis;
550 692 772 748 credite
804 690 973 747 mihi.
1004 691 1173 745 Jesus
1218 689 1484 744 Christus
1513 688 1678 743 vobis
1710 688 1834 742 haec
1863 692 2035 760 pate-

376 781 575 851 faciet,
608 780 766 853 quod
796 796 933 835 vera
982 779 1195 851 loquar
1223 797 1237 845 ;
1298 779 1425 850 ipse
1474 796 1540 833 os
1598 792 1790 845 verax,
1824 776 1884 831 in
1916 791 2033 847 quo

378 873 558 926 Pater
586 886 720 925 vere
753 868 983 924 locutus
1042 874 1152 924 est.
1203 867 1390 923 Petite
1439 883 1547 938 pro
1580 882 1694 934 me,
1727 869 1795 920 ut
1824 880 2037 920 conse-

380 974 548 1031 quar.
585 960 710 1014 Non
732 957 1062 1014 secundum
1094 972 1356 1023 carnem,
1390 955 1492 1011 sed
1517 955 1845 1011 secundum
1870 970 2037 1009 men-

378 1054 501 1104 tem
531 1048 633 1104 Dei
664 1048 827 1103 vobis
858 1046 1088 1119 scripsi.
1140 1045 1199 1101 Si
1243 1044 1454 1116 patiar,
1491 1044 1643 1099 bene
1677 1043 1821 1098 mihi
1850 1041 2037 1097 volui-

380 1138 526 1206 stis;
560 1137 651 1193 sin
682 1137 941 1209 rejiciar,
968 1135 1200 1191 odistis.

2154 593 2311 667 ὑμεῖς
2368 595 2658 664 θεληθῆτε.
2732 595 2810 649 Δι’
2869 593 3072 666 ὀλίγων
3131 591 3473 667 γραμμάτων
3549 589 3813 662 αἰτοῦμαι

2148 684 2309 758 ὑμᾶς·
2368 682 2685 739 πιστεύσατὲ
2764 703 2879 757 μοι.
2971 683 3185 751 Ἰησοῦς
3252 676 3310 735 δὲ
3386 680 3625 754 Χριστὸς
3681 680 3809 752 ὑμῖν

2146 776 2319 828 ταῦτα
2384 773 2701 851 φανερώσει,
2761 773 2846 827 δτι
2908 769 3133 842 ἀληθῶς
3219 768 3385 844 λέγω
3455 769 3518 825 τὸ
3575 764 3809 840 ἀψευδὲς

2148 860 2343 935 στόμα,
2378 860 2432 916 ἐν
2464 863 2510 935 ᾧ
2558 863 2586 918 ὁ
2638 862 2824 935 Πατὴρ
2884 858 3152 930 ἐλάλησεν
3207 857 3454 930 ἀληθῶς.
3500 858 3811 928 Αἶτήσασθε

2147 952 2271 1026 περὶ
2304 950 2461 1023 ἐμοῦ,
2488 948 2577 1005 ἵνα
2630 949 2899 1025 ἐπιτύχω.
2959 948 3036 1007 Οὐ
3094 948 3233 1004 κατὰ
3274 946 3445 1023 σάρκα
3477 947 3609 1020 ὑμῖν
3640 940 3807 1021 ἔγρα-

2148 1044 2244 1115 ψα,
2289 1040 2436 1098 ἀλλᾶ
2488 1041 2622 1097 κατὰ
2680 1039 2909 1118 γνώμην
2968 1042 3123 1095 Θεοῦ.
3185 1039 3309 1095 Ἐὰν
3358 1038 3537 1107 πάθω,
3596 1035 3806 1107 ἠθελή-

2149 1150 2295 1186 σατε·
2337 1128 2423 1185 ἐὰν
2457 1127 2910 1204 ἆποδοκιμασθῶ,
2943 1126 3264 1204 ἐμισήσατε.

1454 1233 1545 1286 ΙΧ.
1588 1232 1753 1287 Orate
1775 1246 1881 1300 pro
1912 1230 2159 1286 Ecclesia
2194 1232 2391 1301 Syriae.
2424 1231 2725 1286 Salutatio.

451 1336 739 1390 Memores
771 1336 957 1388 estote
988 1332 1051 1386 in
1095 1328 1373 1403 precibus
1402 1328 1610 1384 vestris
1639 1326 1914 1383 Ecclesiae
1940 1327 2039 1399 Sy-

377 1424 503 1490 ria,
527 1438 657 1494 quae
690 1421 807 1477 mei
840 1421 970 1475 loco
1002 1420 1119 1475 Deo
1153 1422 1390 1490 pastore
1421 1417 1629 1472 utitur.
1666 1415 1838 1471 Solus
1867 1417 2038 1471 Jesus

378 1512 647 1568 Christus
677 1510 837 1565 illam
886 1510 1009 1565 vice
1061 1508 1322 1579 episcopi
1380 1513 1565 1579 reget,
1616 1511 1792 1577 atque
1842 1510 2037 1560 vestra

380 1600 659 1657 charitas.
704 1601 818 1672 Ego
851 1603 1049 1654 autem
1096 1596 1402 1666 erubesco,
1434 1613 1505 1651 ex
1550 1611 1755 1651 eorum
1787 1609 2037 1649 numero

384 1688 500 1745 diei
524 1707 539 1759 ;
566 1704 686 1743 non
711 1688 870 1742 enim
892 1702 1023 1741 sum
1046 1685 1278 1757 dignus,
1304 1690 1506 1757 utpote
1525 1683 1625 1756 qui
1656 1684 1769 1739 sim
1790 1682 2037 1738 ultimus

386 1794 593 1835 eorum
624 1781 682 1832 et
713 1775 1033 1831 abortivus.
1068 1778 1288 1829 Verum
1327 1772 1799 1830 misericordiam
1831 1788 2040 1827 conse-

380 1872 551 1923 cutus
582 1881 735 1933 sum,
767 1871 833 1919 ut
863 1880 1056 1921 essem
1088 1862 1329 1934 aliquis,
1369 1863 1417 1918 si
1460 1864 1649 1919 Deum
1678 1877 2033 1931 consequar.

381 1958 609 2015 Salutat
632 1974 730 2012 vos
765 1973 933 2012 meus
956 1956 1201 2028 spiritus
1234 1961 1292 2010 et
1320 1955 1580 2010 charitas
1611 1954 2034 2022 Ecclesiarum,

381 2064 512 2120 quas
545 2063 638 2102 me
669 2049 1030 2118 exceperunt
1086 2044 1148 2100 in
1206 2044 1448 2099 nomine
1478 2044 1615 2099 Jesu
1646 2042 1885 2108 Christi,
1916 2058 2038 2097 non

381 2143 447 2193 ut
476 2141 904 2192 transeuntem.
933 2136 1165 2191 Etenim
1197 2134 1496 2198 Ecclesiae,
1519 2150 1649 2205 quae
1674 2132 1824 2188 nihil
1846 2131 1921 2188 ad
1943 2148 2040 2187 me

383 2227 784 2301 pertinebant,
832 2227 896 2282 in
940 2226 1046 2293 via,
1090 2242 1222 2296 qum
1269 2224 1598 2281 secundum
1645 2239 1887 2280 carnem
1930 2228 2038 2291 est,

390 2332 488 2372 me
519 2331 627 2388 per
654 2315 923 2371 civitates
954 2312 1411 2369 comitabantur.

2221 1328 2333 1399 (85)
2390 1325 2778 1400 Μνημονεύετε
2832 1323 2887 1380 ἐν
2951 1329 3020 1399 τῇ
3076 1326 3360 1398 προσευχῇ
3418 1323 3572 1396 ὑμῶν
3622 1327 3724 1389 τῆς
3756 1322 3809 1378 ἐν

2149 1417 2319 1492 Συρίᾳ
2352 1416 2704 1488 Ἐκκλησίας,
2762 1413 2885 1484 ἥτις
2939 1414 3058 1470 ἀντὶ
3112 1414 3247 1488 ἐμοῦ
3302 1412 3525 1486 ποιμένι
3574 1418 3657 1485 τῷ
3688 1418 3812 1485 Θεῷ

2149 1512 2375 1581 χρῆται.
2432 1506 2606 1569 Μόνος
2652 1503 2819 1573 αὐτὴν
2879 1505 3092 1576 Ἰησοῦς
3143 1503 3374 1577 Χριστὸς
3416 1501 3806 1572 ἐπισκοπήσει,

2151 1594 2240 1649 καὶ
2271 1596 2306 1663 ἡ
2343 1595 2495 1666 ὑμῶν
2555 1595 2760 1670 ἀγᾳπη.
2821 1591 2961 1666 Ἐγὼ
3020 1588 3078 1646 δὲ
3125 1590 3462 1666 αἰσχύνομαι
3522 1589 3571 1665 ἐξ
3623 1591 3802 1646 αὐτῶν

2157 1683 2423 1759 λέγεσθαι·
2458 1678 2586 1737 οὐδὲ
2639 1681 2739 1755 γὰρ
2798 1678 2943 1751 ἄξιός
3001 1679 3136 1751 εἶμι,
3170 1682 3281 1755 (86)
3313 1677 3389 1733 ὢν
3429 1674 3661 1755 ἔσχατος
3705 1680 3810 1734 αὖ-

2152 1776 2262 1827 τῶν
2292 1770 2383 1827 καὶ
2414 1765 2690 1844 ἔκτρωμα.
2740 1766 2901 1827 Ἀλλ’
2956 1767 3094 1840 ἡλέη
3107 1768 3203 1842 μαί
3250 1788 3333 1832 τις
3360 1768 3517 1837 εἶναι,
3547 1767 3636 1823 ἐὰν
3666 1772 3807 1823 Θεοῦ

2155 1860 2424 1936 ἐπιτύχω.
2488 1860 2813 1930 Ἀσπάζεται
2871 1858 3010 1932 ὑμᾶς
3054 1858 3116 1912 τὸ
3173 1855 3305 1929 ἐμὸν
3355 1861 3568 1930 πνεῦμα
3619 1859 3712 1912 καὶ
3768 1859 3807 1926 ἡ

2150 1950 2335 2027 ἀγάπη
2368 1953 2476 2004 τῶν
2519 1947 2859 2017 Ἐκκλησιῶν
2912 1951 3023 2003 τῶν
3081 1944 3383 2019 δεξαμένων
3421 1967 3487 2020 με
3517 1946 3593 2009 εἰς
3625 1942 3810 2020 ὄνομα

2149 2041 2332 2108 Ἰησοῦ
2360 2041 2623 2111 Χριστοῦ,
2679 2038 2792 2109 (87)
2851 2035 2963 2111 οὐχ
3014 2037 3088 2098 ὡς
3144 2032 3535 2111 παροδεύοντα.
3569 2035 3666 2090 Καὶ
3701 2036 3811 2114 γὰρ

2151 2129 2290 2203 αἶμή
2355 2131 2463 2201 (88)
2522 2126 2895 2202 προσήκουσαι
2956 2146 3074 2198 μοι,
3120 2126 3191 2197 τῇ
3250 2122 3384 2200 ὀδῷ,
3416 2128 3524 2199 (89)
3552 2128 3620 2200 τῇ
3668 2124 3818 2180 κατᾶ

2153 2218 2345 2292 σάρκα,
2374 2215 2512 2271 κατὰ
2538 2213 2701 2271 πόλιν
2737 2236 2807 2283 με
2837 2218 2947 2287 (90)
2979 2220 3254 2290 προῆγον.

1882 2411 1949 2466 Χ.
1994 2408 2302 2466 Conclusio.

459 2512 661 2568 Scribo
688 2517 887 2567 autem
920 2512 1048 2567 haec
1082 2510 1245 2567 vobis
1275 2527 1306 2566 e
1341 2512 1590 2581 Smyrna
1622 2526 1730 2581 per
1760 2509 2043 2580 Ephesios

386 2599 790 2673 dignissimos,
820 2601 921 2672 qui
954 2600 1109 2655 beati
1155 2600 1571 2671 praedicentur.
1606 2600 1831 2654 Mecum
1862 2598 2042 2654 etiam

388 2696 642 2746 estcum
685 2688 819 2745 aliis
877 2688 1080 2745 multis
1138 2689 1378 2765 Crocus,
1432 2687 1835 2745 desideratum
1893 2686 2041 2742 mihi

385 2795 626 2836 nomen.
682 2779 761 2834 De
822 2778 919 2833 his
977 2777 1079 2849 qui
1134 2794 1229 2833 me
1267 2778 1499 2849 aSyria
1554 2779 1801 2833 Romam
1848 2791 2039 2846 usque

384 2872 823 2941 praecesserunt
851 2867 924 2924 ad
969 2866 1218 2940 gloriam
1273 2867 1396 2936 Dei,
1449 2865 1649 2934 credo,
1680 2882 1780 2920 vos
1810 2881 1910 2920 eos
1941 2880 2040 2918 co-

2225 2507 2334 2578 (91)
2370 2506 2566 2582 Γράφω
2606 2501 2665 2559 δὲ
2697 2505 2824 2576 ὑμῖν
2855 2508 3025 2560 ταῦτα
3083 2503 3189 2560 ἀπὸ
3246 2505 3501 2577 Σμύρνης
3531 2500 3601 2558 δι’
3644 2504 3813 2578 Ἐφε-

2153 2594 2284 2651 σίων
2315 2598 2423 2649 τῶν
2464 2594 2961 2667 ἆξιομακαρίστων.
3022 2594 3202 2648 Ἔστιν
3258 2589 3315 2647 δὲ
3367 2594 3456 2647 καὶ
3515 2593 3627 2665 ἅμα
3676 2590 3812 2663 ἐμοὶ

2156 2683 2247 2738 σὺν
2304 2681 2501 2744 ἄλλοις
2544 2680 2782 2746 πολλοῖς
2843 2683 2949 2756 (92)
3006 2681 3241 2757 Κρόκος,
3298 2681 3361 2737 τὸ
3416 2679 3655 2750 ποθητόν
3711 2701 3813 2754 μοι

2156 2769 2354 2844 ὄνομα.
2415 2770 2545 2847 Περὶ
2601 2775 2709 2826 τῶν
2768 2768 3150 2845 προελθόντων
3211 2790 3279 2842 με
3335 2768 3441 2824 ἀπὸ
3497 2770 3701 2842 Συρίας
3734 2770 3815 2835 εἷς

2148 2862 2376 2934 Ῥώμην
2409 2861 2484 2923 εἷς
2542 2858 2697 2931 δόξαν
2755 2863 2854 2914 τοῦ
2910 2864 3066 2929 Θεοῦ,
3105 2858 3344 2915 πιστεύω
3377 2860 3516 2931 ὑμᾶς
3554 2857 3811 2935 ἐπεγνω-

385 2940 657 3031 guovisse
682 2974 698 3023 ;
726 2955 1074 3012 annuntiate
1121 2970 1356 3026 quoque
1402 2955 1496 3017 iis,
1533 2971 1625 3010 me
1672 2970 1855 3025 prope
1888 2969 2039 3009 esse.
2081 2940 2156 3008 C1

2212 2972 2324 3021 ναι,
2354 2950 2433 3012 οἷς
2465 2948 2557 3004 καὶ
2615 2946 2904 3018 δηλώσατε
2958 2947 3115 3023 ἐγγύς
3171 2968 3240 3022 με
3297 2943 3447 3006 ὄντα.
3483 2945 3681 3012 Πάντες
3704 2950 3815 3024 γάρ

387 3047 607 3102 Omnes
638 3045 798 3101 enim
832 3044 931 3100 Dei
991 3049 1051 3099 et
1091 3049 1351 3099 vestrum
1383 3043 1543 3116 digni
1574 3048 1732 3111 sunt,
1766 3047 1825 3096 et
1855 3058 1955 3097 eos
1980 3041 2043 3096 in

386 3133 666 3190 omnibus
694 3148 964 3189 recreare
987 3147 1092 3187 vos
1112 3130 1301 3188 decet.
1325 3132 1457 3186 Haec
1480 3130 1690 3201 scripsi
1722 3131 1886 3186 vobis
1907 3135 2043 3186 ante

386 3223 546 3279 diem
595 3240 653 3278 ix
699 3222 993 3278 Kalendas
1052 3220 1414 3292 Septembris
1445 3220 1582 3292 [hoc
1632 3225 1722 3275 est
1765 3219 2046 3277 vicesima

384 3312 564 3369 tertia
592 3310 879 3383 Augusti].
917 3309 1138 3379 Valete,
1171 3309 1353 3365 fortes
1385 3325 1573 3380 usque
1603 3309 1663 3363 in
1695 3308 2047 3378 ﬂnem,sus-

384 3400 652 3456 tinentes
684 3415 791 3471 pro
820 3400 958 3454 Jesu
986 3398 1240 3453 Christo.
1273 3400 1484 3453 Amen.

2157 3039 2290 3094 εἰσιν
2345 3036 2485 3111 ἄξιοι
2541 3040 2639 3093 τοῦ
2698 3041 2832 3092 Θεοῦ
2888 3038 2975 3092 καὶ
3038 3037 3214 3110 ὑμῶν’
3274 3035 3367 3098 οὕς
3421 3037 3624 3111 πρέπον
3684 3037 3820 3109 ὑμῖν

2154 3128 2298 3183 ἑστιν
2350 3128 2487 3183 κατά
2557 3126 2729 3181 πάντα
2809 3124 3129 3180 ἀναπαῦσαι.
3191 3128 3448 3200 Ἔγραψα
3533 3122 3594 3181 δὲ
3684 3127 3817 3199 ὑμῖν

2151 3221 2318 3272 ταῦτα
2371 3219 2440 3290 τῇ
2499 3215 2605 3289 πρὸ
2662 3213 2803 3270 ἐννέα
2871 3213 3162 3270 Καλανδῶν
3223 3209 3616 3290 Σεπτεμϐρίων
3678 3217 3819 3290 [(93)

2150 3304 2427 3361 τουτέστιν
2484 3304 2801 3378 Αὐγούστου
2878 3300 3050 3359 εἰκάδι
3103 3306 3215 3377 (94)
3269 3303 3474 3378 τρίτῃ).
3530 3301 3817 3379 Ἑῤῥωσθε

2154 3394 2230 3457 εἰς
2261 3394 2443 3465 τέλος,
2475 3392 2527 3448 ἐν
2561 3393 2813 3467 ὑπομονῇ
2843 3392 3024 3462 Ἰησοῦ
3055 3393 3306 3467 Χριστοῦ.
3340 3392 3548 3466 Ἀμήν.

1847 3497 2008 3551 Vetus
2045 3496 2335 3565 interpres.

388 3592 803 3665 acceptemini.
838 3595 951 3649 Per
979 3609 1197 3665 paucas
1226 3592 1452 3648 litteras
1484 3594 1770 3664 deprecor
1797 3609 1935 3648 vos:
1969 3593 2191 3648 credite
2240 3592 2408 3647 mihi.
2457 3592 2626 3665 Iesus
2673 3594 2871 3646 autem
2897 3590 3167 3665 _Christus
3195 3589 3359 3644 vobis
3389 3590 3808 3665 manifestabit

396 3662 553 3731 haec,
578 3665 859 3736 quoniam
890 3662 1026 3720 vero
1050 3664 1180 3720 dico
1210 3681 1225 3730 ;
1256 3681 1375 3719 non
1408 3662 1663 3720 mendax
1694 3681 1782 3731 os,
1812 3665 1872 3719 in
1904 3682 2020 3735 quo
2064 3667 2239 3719 Pater
2284 3679 2440 3736 verer
2468 3662 2699 3736 locutus
2738 3667 2865 3736 est:
2895 3662 3084 3736 Petite
3113 3678 3362 3736 prome,
3390 3662 3802 3736 utattingam.

398 3738 544 3792 Nom
576 3731 903 3792 secundum
933 3752 1175 3791 carnem
1206 3736 1369 3791 vobis
1399 3736 1628 3807 scripsi,
1664 3736 1768 3791 sed
1813 3731 2142 3792 secundum
2188 3735 2548 3791 sententiam
2599 3734 2720 3788 Dei.
2754 3733 2812 3788 Si
2843 3732 3056 3803 patiar,
3088 3731 3392 3799 voluistis;
3427 3734 3478 3788 si
3507 3731 3806 3805 reprobus

1911 3879 2141 3935 CAPUT
2178 3879 2272 3932 IX.

463 3979 752 4032 Memento
778 3977 841 4032 in
868 3977 1133 4033 oratione
1164 3983 1359 4033 vestra
1387 3977 1538 4049 ejus,
1570 3992 1701 4047 quas
1733 3976 1794 4031 in
1828 3976 2010 4049 Syria.
2046 3974 2325 4049 Ecclesia:
2351 3992 2366 4041 ;
2400 3990 2531 4046 quae
2562 3990 2678 4049 pro
2702 3989 2817 4040 me,
2841 3978 3080 4049 pastore
3098 3974 3218 4049 Deo
3243 3973 3451 4049 utitur.
3482 3974 3660 4049 Solus
3685 3976 3807 4047 ipse

387 4051 558 4122 lesus
586 4049 854 4122 Christus
883 4050 1006 4105 vice
1047 4044 1438 4122 episcopisit',
1471 4044 1531 4106 et
1559 4044 1778 4122 vestra
1807 4044 2086 4122 Charitas.
2145 4048 2262 4122 Ego
2322 4044 2520 4122 autem
2554 4044 2940 4122 erubesco’ex
2972 4045 3116 4117 ipsis
3148 4044 3287 4099 dici.
3322 4046 3448 4122 N_on
3480 4046 3644 4122 enim
3678 4044 3806 4122 sum

399 3807 644 3877 efﬁciar,
672 3808 957 3864 odivistis.

389 4120 625 4193 dignus,
658 4120 949 4193 exsistens
980 4119 1281 4175 extremus
1312 4121 1598 4193 ipsorum,
1633 4124 1690 4174 et
1726 4119 2056 4193 abortivum
2080 4138 2094 4186 ;
2115 4135 2192 4193 _se

2268 4117 2737 4173 misericordiam
2774 4115 3126 4172 consecutus
3159 4132 3288 4170 sum
3319 4115 3541 4182 aliquis
3573 4134 3730 4182 esse,
3760 4118 3806 4171 si

390 4186 505 4248 Deo
537 4191 720 4248 fruar.
756 4192 982 4248 Salutat
1011 4208 1111 4247 vos
1142 4207 1311 4248 meus
1336 4186 1609 4263 'spiritus,
1634 4196 1692 4246 et
1716 4190 1979 4263 charitas
2000 4189 2399 4263 Ecclesiarum
2422 4205 2554 4259 quae
2577 4195 2933 4263 receperunt
2951 4204 3045 4243 me
3071 4188 3129 4242 in
3154 4186 3396 4263 nomine
3415 4186 3557 4263 Jesu
3589 4189 3807 4263 Christi

388 4269 456 4319 ut
483 4279 602 4321 non
633 4268 1068 4319 transeuntem.
1103 4263 1335 4319 Etenim
1367 4258 1487 4319 non
1520 4258 1901 4319 advenientes
1935 4261 2080 4317 mihi
2108 4261 2170 4316 in
2202 4260 2295 4316 via
2324 4258 2459 4333 quai
2489 4258 2819 4317 secundum
2851 4276 3112 4327 carnem,
3146 4258 3476 4315 secundum
3503 4259 3805 4316 civitatem

391 4350 484 4392 me
516 4338 971 4404 praecesserunt.

1922 4421 2150 4477 CAPUT
2197 4420 2264 4476 Χ.

463 4518 665 4591 scribo
698 4523 897 4575 autem
925 4519 1091 4591 vobis
1122 4519 1247 4591 haec
1279 4536 1313 4574 a
1341 4520 1589 4591 Smyrna
1618 4535 1724 4591 per
1754 4518 2040 4590 Ephesios
2069 4517 2244 4591 digne
2277 4518 2506 4591 beatos.
2539 4519 2643 4572 Est
2686 4521 2909 4591 autem_
2930 4521 3001 4591 et
3031 4516 3206 4591 simul
3237 4532 3471 4571 mecum
3502 4532 3642 4591 cum
3674 4516 3805 4591 aliis

390 4590 590 4645 multis
621 4594 678 4645 et
716 4591 955 4659 Crocus,
987 4590 1387 4647 desideratum
1419 4587 1565 4645 mihi
1598 4587 1835 4646 nomen.
1893 4591 1972 4644 De
2014 4587 2472 4644 advenientibus
2520 4602 2757 4642 mecum
2804 4604 2839 4643 ει
2878 4587 3046 4659 Syria
3074 4588 3137 4641 in
3168 4590 3415 4643 Romam
3449 4587 3523 4642 ad
3556 4588 3805 4660 gloriam

390 4666 515 4759 Dei,
548 4677 723 4759 credo
757 4696 857 4733 vos
885 4679 1261 4759 cognovisse;
1296 4680 1510 4751 quibus
1542 4679 2046 4759 et_manifest_atis,
2078 4694 2261 4759 prope
2312 4694 2406 4759 me
2434 4677 2830 4759 .exjstentem.
2865 4682 3084 4759 (fmncs
3125 4677 3286 4759 enim
3319 4681 3460 4731 sunt
3490 4675 3655 4749 digni
3690 4678 3803 4732 Deo

389 4754 447 4805 et
473 4750 673 4822 vobis:
716 4767 864 4822 quos
895 4747 1113 4807 de'cens
1146 4747 1367 4806 estivos
1399 4749 1724 4822 secundum
1759 4747 2279 4822 omniaquie‘tare.
2326 4748 2543 4820 Scripsi
2592 4753 2792 4803 autem
2822 4747 2986 4803 vobis
3018 4748 3165 4817 huic,
3198 4747 3260 4802 in
3293 4763 3363 4802 ea
3389 4764 3524 4819 qua)
3552 4747 3694 4803 ante
3726 4765 3804 4815 ix,

388 4821 517 4878 Kal.
550 4823 706 4893 Sept.
734 4819 940 4879 ‘Valete
971 4823 1033 4877 in
1066 4821 1268 4889 ﬁnem,
1301 4822 1361 4876 in
1385 4820 1741 4875 sustinentia
1769 4822 1904 4876 Jesu
1931 4819 2167 4876 Christi.

387 4948 732 5027 apostolica.
764 4951 1043 5008 Pnaasos.
1080 4952 1192 5005 Cfr.
1243 4952 1411 5004 Rom.
1443 4965 1523 5015 ιιι,
1558 4950 1611 5016 5,
1644 4949 1665 5001 Ι
1699 4948 1828 5003 Cor.
1860 4963 1939 5013 Ix,
1964 4948 2037 5014 8;
2068 4952 2115 5017 Ι)
2148 4965 2156 5027 ξ

2212 4946 2487 5027 ετᾶισάρκα
2517 4975 2586 4986 -
2614 4948 2760 5027 viam
2794 4952 3133 5027 terrestrem;
3147 4944 3365 5017 opponi
3408 4945 3514 5000 vise
3547 4944 3655 5027 illi,
3692 4962 3810 5017 qua

391 5020 515 5074 Gal.
549 5037 629 5086 ιιι,
664 5024 746 5074 15.

462 5091 840 5164 (85)lnitium
870 5093 1047 5163 hujus
1092 5091 1302 5163 capitis
1349 5106 1539 5162 usque
1587 5088 1661 5146 ad
1701 5087 1947 5163 ἐπιτύγω
1979 5090 2039 5144 in

388 5163 660 5218 versione
692 5164 931 5233 Syriaca
961 5164 1147 5219 deest.

457 5233 574 5364 (86)
607 5235 719 5287 Cfr.
759 5235 782 5287 Ι
813 5236 941 5288 Cor.
978 5250 1069 5299 xv,
1102 5235 1156 5298 8,
1190 5236 1243 5287 9.

458 5306 546 5364 (87
602 5306 645 5358 Ι.
676 5322 727 5360 e.
767 5325 794 5353 «
817 5320 938 5360 non
965 5310 1243 5364 tanquam

458 5301 570 5373 (87)
602 5306 645 5358 Ι.
676 5322 727 5360 e.
767 5325 794 5353 «
817 5320 938 5360 non
965 5310 1244 5375 tanquam
1269 5304 1577 5375 advenam,
1598 5302 1889 5375 Ecclesias
1910 5301 2038 5357 illas

388 5375 453 5431 in
485 5376 697 5430 itinere
720 5376 933 5447 festino
954 5374 1559 5447 praetergredientom,
1592 5374 1694 5429 sed
1719 5379 1880 5447 tanto
1903 5390 2038 5428 cum

388 5461 592 5501 amore
637 5452 693 5517 et
744 5446 885 5517 zelo,
935 5462 1002 5517 ac
1050 5447 1103 5517 si
1164 5446 1354 5501 essem
1402 5447 1642 5502 illarum
1691 5446 2029 5517 episcopus.

391 5515 711 5591 Smjrnpﬁx
730 5516 805 5570 ὡς
827 5513 1195 5591 παροδεύοντα
1217 5517 1375 5591 apud
1390 5518 1599 5591 Syrum
1620 5513 1744 5591 non
1764 5513 1995 5591 legitur.
2009 5535 2034 5565 ι

459 5590 573 5656 (88)
596 5589 639 5641 Ιη.
667 5604 718 5642 e.
750 5610 778 5637 «
813 5589 930 5643 non
954 5589 1029 5643 ad
1064 5589 1216 5644 viam
1245 5589 1369 5644 sitae
1393 5589 1578 5646 erant.
1605 5610 1633 5640 »
1660 5589 1841 5644 Aliter
1859 5589 2037 5642 Pear-

393 5675 649 5731 sonusgg
673 5659 745 5712 ad
768 5659 1453 5731 meamjurisdictionem
1479 5678 1598 5716 non
1627 5664 1979 5731 spectantes.
2008 5680 2029 5705 ι

465 5728 573 5797 (89)
610 5730 790 5784 Voces
834 5733 902 5801 τῇ
946 5728 1080 5783 κατὰ
1119 5731 1287 5801 σάρκα
1332 5733 1630 5788 Rnchams
1662 5728 2035 5801 'librariiras-

390 5802 731 5857 sumentum
762 5797 889 5854 esse
918 5807 1139 5871 censet,
1170 5797 1289 5861 hc.
1322 5804 1455 5860 Mihi
1487 5804 1741 5859 videtur.
1772 5802 1870 5869 τὴν
1907 5797 2035 5853 ὁδὸν

2148 5018 2408 5143 Ιειέοιὶἱιιε
2439 5034 2545 5089 per
2570 5017 2917 5088 martyrium
2971 5017 3046 5072 ad
3097 5017 3280 5071 Deum
3330 5017 3641 5087 pervenire
3674 5033 3803 5088 spe-

2150 5106 2219 5143 ra
2263 5105 2296 5143 a
2329 5130 2340 5142 .

2150 5095 2340 5144 rabat.

2221 5159 2333 5233 (90)
2366 5158 2732 5233 Dpoa'ystv—
2760 5156 3122 5233 προπέμπειν.
3157 5158 3266 5213 Til.
3290 5175 3368 5225 ul,
3402 5160 3488 5233 i3.
3523 5160 3731 5213 PEons.

2221 5230 2334 5311 (91)
2367 5230 2515 5311 1.030
2533 5230 2726 5311 hujus
2777 5231 2987 5311 capitis
3036 5231 3215 5311 Syrus
3258 5232 3494 5311 capp.__4
3523 5235 3583 5284 et
3613 5232 3647 5283 5
3679 5230 3807 5311 epi—

2149 5300 2312 5356 stolas
2333 5301 2407 5357 ad
2438 5300 2762 5356 Trallianos
2796 5300 3048 5356 ve’rsioni
3083 5317 3205 5356 suaa
3238 5300 3504 5365 addidit;
3543 5318 3585 5372 en
3603 5300 3803 5372 _capite

2148 5372 2633 5444 veronostronil
2664 5371 2863 5444 elegit,
2895 5372 3007 5427 nisi
3028 5372 3246 5444 __verba
3277 5372 3531 5444 ultima;
3561 5368 3806 5443 ἔρῥὼσθε

2148 5443 2225 5506 εἷς
2252 5441 2421 5516 τέλος
2440 5439 2492 5495 ἒν
2526 5434 2791 5516 ὑπομονῇ
2813 5434 2993 5511 Ἰησοῦ
3025 5442 3264 5516 Χριστοῦ
3293 5444 3449 5515 [Θεοῦ
3480 5434 3695 5514 ἡμῶν),

2215 5514 2326 5586 (92)
2359 5515 2471 5569 Cfr.
2507 5530 2687 5585 supra
2716 5514 2789 5567 ad
2820 5516 3056 5586 Ephes.,
3079 5514 3136 5570 'e.
3170 5517 3223 5568 2.

2217 5588 2323 5655 (93)
2354 5586 2676 5651 Glossema,
2703 5585 2860 5654 quod
2890 5601 3000 5640 nec
3030 5591 3194 5640 vetus
3216 5586 3511 5656 interpres
3536 5585 3803 5654 Latinus,

2149 5673 2259 5711 nec
2288 5657 2680 5729 interpolator
2708 5657 2958 5729 agnovit.-

2181 5799 2190 5808 _
2216 5729 2329 5798 (94)
2352 5725 2491 5808 με.
2524 5725 2775 5808 τετάρτῃ,
2800 5734 3032 5808 χαρτία.
3069 5727 3203 5808 _Hic_
3228 5726 3390 5808 enim
3431 5725 3673 5808 videtur
3695 5728 3805 5786 de-

2146 5799 2366 5873 signari
2396 5798 2528 5872 ipsa
2554 5798 2682 5856 dies
2709 5798 2771 5858 ix
2798 5798 2923 5858 Kal.
2948 5798 3272 5873 Septemb.,
3292 5798 3355 5857 id
3384 5802 3475 5857 est
3502 5800 3574 5857 24
3599 5801 3802 5875 Augu-
