3932 6304
324 324 440 385 699

1262 325 1545 387 SANCTI
1592 327 1893 388 IGNATIl
1939 325 2347 391 EPISTOLJE
2386 329 2791 392 GENUINE.

3617 329 3740 392 700

1667 462 1761 517 III.
1795 464 1990 533 Fugite
2016 463 2410 520 schismaticos.

400 556 705 614 Abstinete
743 560 814 614 ab
847 560 1045 616 herbis
1076 560 1288 628 noxiis,
1322 578 1470 632 quas
1498 562 1666 616 Iesus
1707 561 1974 617 Christus
2006 565 2059 629 Α

2161 560 2455 636 Ἀπέχεσθε
2494 567 2601 616 τῶν
2659 563 2772 636 (11)
2830 565 3007 616 κακῶν
3073 563 3345 636 βοτανῶν,
3405 559 3624 623 ἅστινας
3679 560 3740 616 οὗ

333 663 452 702 non
480 647 637 715 colit,
671 650 809 720 quia
834 665 952 704 non
972 650 1408 721 suntplantatio
1431 651 1637 706 Patris.
1672 653 1798 706 Non
1822 651 1981 723 quod

336 736 492 807 apud
523 755 622 792 vos
661 739 1010 794 divisionem
1069 739 1418 804 invenerim,
1478 738 1581 794 sed
1638 741 1978 810 puritatem.

337 826 802 897 Quotquotenim
818 829 1135 883 DeietJesu
1155 829 1370 883 Christi
1404 834 1562 895 sunt,
1591 829 1648 883 hi
1681 835 1821 884 sunt
1848 846 1983 884 cum

338 915 642 988 episcopo;
667 925 724 972 et
746 923 1037 989 quotquot
1059 918 1407 988 poenitentia
1427 919 1587 974 ducti
1611 919 1894 973 redierint
1909 920 1982 974 ad

337 1006 627 1060 unitatem
661 1007 959 1074 Ecclesiae,
992 1013 1049 1063 et
1079 1009 1140 1062 hi
1170 1008 1270 1062 Dei
1306 1013 1501 1075 erunt,
1535 1014 1599 1062 ut
1657 1007 1982 1064 secundum

334 1095 533 1150 Iesum
553 1095 850 1150 Christum
902 1095 1204 1151 vivant.l\’e
1251 1096 1479 1162 erretis,
1510 1095 1723 1151 fratres
1754 1096 1890 1151 mei.
1925 1097 1980 1150 Si

335 1184 466 1254 quis
493 1183 752 1239 schisma
780 1185 1096 1240 facientem
1121 1186 1572 1257 sectatur,regni
1593 1185 1774 1240 divini
1796 1186 1983 1240 haere-

337 1273 581 1328 ditatern
613 1290 732 1330 non
755 1274 1168 1346 consequitur;
1191 1275 1240 1329 si
1263 1275 1674 1347 quisambulat
1696 1275 1757 1330 in
1789 1275 1985 1330 aliena

338 1362 628 1432 doctrina,
658 1364 709 1420 is
740 1381 859 1419 non
890 1365 1214 1420 assentitur
1243 1365 1529 1437 passioni.

2087 657 2321 726 γεωργεῖ
2352 653 2560 722 Ἰησοῦς
2593 651 2846 726 Χριστὸς,
2871 648 2959 705 διὰ
2989 652 3050 706 τὸ
3098 653 3174 723 μὴ
3237 651 3373 705 εἶναι
3420 653 3534 721 (12)
3576 651 3746 712 αὐτὰς

2095 740 2310 818 φυτείαν
2344 741 2572 814 Πατρός.
2606 742 2716 813 (13)
2775 740 2898 814 Οὐχ
2953 739 3037 794 ὅτι
3097 740 3223 815 παρ’
3277 739 3406 812 ὑμῖν
3467 741 3742 816 μερισμὸν

2093 828 2269 903 εὗρον,
2301 827 2430 884 ἀλλ’
2460 831 2572 903 (14)
2604 826 3027 902 ἀποδιϋλισμόν.
3051 832 3206 883 Ὅσοι
3261 829 3363 904 γὰρ
3415 834 3549 885 Θεοῦ
3609 829 3744 884 εἰσιν

2091 923 2179 976 καὶ
2211 922 2392 992 Ἰησοῦ
2420 924 2680 994 Χριστοῦ,
2715 918 2863 975 οὗτοι
2906 920 3040 993 μετᾶ
3094 924 3191 976 τοῦ
3246 919 3546 977 ἐπισκόπου
3587 920 3743 980 εἷ’σίν.

2091 1009 2181 1064 καὶ
2240 1009 2357 1063 ὅσοι
2417 1007 2477 1063 ἄν
2539 1011 2962 1080 μετανοήσαντες
3021 1003 3251 1071 ἔλθωσιν
3315 1010 3428 1083 (15)
3488 1009 3580 1064 ἐπὶ
3633 1009 3732 1077 τήν

2093 1098 2317 1168 ἑνότητα
2345 1105 2446 1166 τῆς
2477 1097 2830 1168 Ἐκκλησίας,
2864 1098 2952 1153 καὶ
3004 1097 3153 1153 οὗτοι
3186 1101 3319 1152 Θεοῦ
3369 1093 3607 1168 ἔσονται,
3655 1097 3752 1152 ’ίνα

2094 1187 2224 1243 ὦσιν
2259 1188 2396 1243 κατὰ
2455 1191 2665 1258 Ἰησοῦν
2727 1187 2956 1262 Χριστὸν
3020 1192 3232 1256 ζῶντες.
3292 1188 3383 1255 Μὴ
3447 1187 3747 1256 πλανᾶσθε,

2095 1274 2324 1356 ἀδελφοί
2363 1297 2470 1350 μου
2527 1275 2580 1331 εἴ
2628 1297 2712 1338 τις
2770 1275 3014 1356 σχίζοντι
3081 1273 3397 1345 ἀκολουθεῖ,
3460 1275 3749 1349 βασιλείαν

2095 1370 2229 1422 Θεοῦ
2257 1365 2319 1420 οὐ
2351 1365 2710 1440 κληρονομεῖ·
2748 1363 2904 1428 εἷ’τις
2941 1367 2994 1419 ἓν
3058 1367 3171 1439 (16)
3220 1363 3489 1438 ἀλλοτρίᾳ
3543 1367 3745 1439 γνώμῃ

2095 1461 2404 1530 περιπατεῖ,
2439 1455 2594 1516 οὗτος
2625 1458 2734 1527 (17)
2764 1455 2843 1526 τῷ
2872 1454 3029 1518 πάθει
3063 1454 3125 1508 οὐ
3160 1455 3630 1528 συγκατατίθεται.

1588 1559 1681 1615 IV.
1720 1561 1965 1613 Utamini
1992 1575 2105 1614 una
2132 1558 2484 1613 eucharistia.

407 1656 702 1712 Studeatis
725 1657 903 1729 igitur
920 1673 1038 1712 una
1063 1655 1516 1712 eucharistiauti
1539 1673 1554 1721 ;
1577 1672 1698 1711 una
1723 1655 1883 1710 enim
1900 1659 1992 1710 est
2022 1657 2073 1723 B

336 1764 473 1803 caro
505 1747 738 1802 Domini
773 1747 957 1802 nostri
982 1748 1118 1802 Jesu
1149 1747 1386 1813 Christi,
1421 1752 1479 1800 et
1508 1762 1662 1800 unus
1717 1744 1871 1800 calix
1927 1745 1987 1800 in

339 1837 629 1893 unitatem
655 1835 960 1908 sanguinis
983 1836 1190 1906 ipsius,
1215 1852 1402 1891 unum
1424 1835 1630 1904 altare,
1657 1834 1808 1889 sicut
1829 1850 1987 1891 unus

342 1926 678 1999 episcopus,
710 1943 844 1982 cum
875 1925 1240 1997 presbyterio
1271 1930 1330 1980 et
1359 1924 1646 1989 diaconis,
1690 1923 1988 1979 conservis

338 2016 490 2072 meis
515 2033 528 2082 ;
562 2021 648 2083 ut,
677 2015 835 2086 quod
866 2015 1115 2082 faciatis,
1148 2015 1474 2069 secundum
1506 2015 1692 2068 Deum
1733 2012 1986 2070 faciatis.

2177 1655 2291 1725 (18)
2327 1649 2670 1722 Σπουόἁζετε
2698 1654 2790 1707 οὖν
2827 1657 2927 1725 μ.ιᾷ
2955 1654 3071 1725 (19)
3119 1650 3440 1728 εὐχαριστίᾳ
3488 1659 3762 1726 χρῆσθαι⁹

2102 1742 2200 1817 μία
2230 1743 2335 1820 γὰρ
2369 1743 2494 1814 σὰρξ
2525 1747 2622 1798 τοῦ
2654 1743 2854 1818 Κυρίου
2913 1745 3074 1816 ἡμῶν
3122 1744 3306 1812 Ἰησοῦ
3353 1745 3612 1816 Χριστοῦ,
3665 1743 3759 1796 καὶ

2097 1830 2152 1888 ἕν
2185 1835 2458 1909 ποτήριον
2495 1833 2570 1894 εἰς
2601 1829 2791 1888 ἕνωσιν
2819 1835 2916 1886 τοῦ
2947 1830 3178 1904 αἵματος
3227 1831 3414 1900 αὐτοῦ,
3465 1830 3516 1887 ἕν
3564 1834 3758 1887 θυσια-

2103 1923 2352 1996 στήριον,
2385 1922 2460 1984 ὡς
2491 1922 2568 1983 εἷς
2595 1920 2913 1988 ἐπίσκοπος,
2947 1921 3061 1992 ἅμα
3115 1924 3195 1992 τῷ
3241 1915 3615 1996 πρεσϐυτερίῳ
3664 1921 3760 1974 καὶ

2103 2008 2400 2081 διακόνοις,
2431 2016 2549 2072 τοῖς
2580 2006 2900 2073 συνδούλοις
2948 2027 3075 2083 μου’
3111 2007 3224 2080 ἵνα,
3257 2011 3286 2064 δ
3319 2008 3406 2063 ἐάν
3454 2009 3762 2085 πράσσητε,

2097 2102 2233 2155 κατὰ
2261 2101 2390 2156 Θεὸν
2423 2099 2719 2172 πράσσητε.

583 2205 646 2257 ν.
681 2205 843 2259 Orate
875 2219 982 2272 pro
1019 2221 1124 2270 me,
1157 2204 1255 2273 qui
1284 2203 1549 2271 confugio
1578 2200 1648 2256 ad
1678 2202 2031 2271 Evangelium
2060 2207 2111 2256 et
2140 2201 2434 2271 apostolos.
2467 2203 2744 2255 Honorate
2774 2202 2942 2255 etiam
2966 2200 3268 2271 prophetas
3318 2201 3382 2254 V.
3425 2202 3485 2255 T.

415 2303 648 2356 Fratres
671 2301 809 2369 mei,
843 2301 1008 2355 valde
1025 2301 1248 2355 effusus
1271 2316 1400 2355 sum
1425 2301 1488 2353 in
1509 2317 1772 2354 amorem
1791 2300 1988 2365 vestri,

341 2396 401 2446 et
422 2389 592 2446 valde
614 2389 846 2444 laetatus
867 2389 1080 2444 roboro
1103 2404 1231 2454 vos;
1258 2405 1377 2444 non
1401 2403 1506 2460 ego
1537 2405 1696 2455 vero,
1747 2387 1851 2443 sed
1896 2389 1993 2443 Je-

351 2496 454 2534 sus
483 2478 772 2548 Christus,
805 2477 974 2549 cujus
1004 2479 1191 2551 gratia
1214 2478 1448 2534 vinctus
1478 2477 1614 2550 plus
1636 2478 1994 2548 timeo,quia

347 2568 617 2623 nondum
648 2583 778 2623 sum
810 2568 1124 2640 perfectus.
1160 2567 1272 2622 Sed
1295 2567 1483 2622 oratio
1505 2572 1697 2622 vestra
1713 2566 1787 2622 ad
1810 2567 1992 2621 Deum

2173 2293 2437 2376 Ἀδελφοί
2473 2317 2598 2366 μου,
2633 2296 2752 2352 λίαν
2808 2295 3112 2374 ἐκκέχυμαι
3169 2297 3394 2373 ἀγαπῶν
3446 2295 3606 2367 ὑμᾶς,
3658 2296 3758 2350 καὶ

2106 2386 2626 2464 ὑπεραγαλλόμενος
2656 2385 3024 2462 ἄσφαοίζομαι
3059 2385 3220 2458 ὑμᾶς·
3255 2383 3355 2439 οὐκ
3384 2384 3494 2458 ἐγὼ
3526 2381 3762 2452 δὶ,ἀλλ’

2104 2473 2316 2545 Ἰησοῦς
2353 2475 2607 2549 Χριστὸς,
2668 2473 2718 2528 ἐν
2752 2474 2796 2546 ᾧ
2829 2472 3114 2547 δεδεμένος
3175 2467 3453 2548 φοϐοῦμαι
3515 2471 3766 2545 μᾶλλον,

2107 2567 2181 2628 ὡς
2213 2561 2291 2620 ἔτι
2321 2562 2394 2620 ὤν
2425 2567 2539 2640 (20)
2567 2566 2982 2641 ἇναπάρτιστος.
3017 2563 3176 2622 Ἀλλ’
3206 2567 3241 2634 ἡ
3272 2565 3553 2639 προσευχή
3593 2563 3761 2636 ὑμῶν

349 2675 444 2714 me
462 2657 750 2730 perﬁciet,
774 2663 839 2713 ut
860 2663 1018 2712 sorte
1040 2674 1145 2729 per
1165 2655 1634 2712 misericordiam
1667 2656 1813 2711 mihi
1847 2656 1998 2712 assi-
2036 2727 2050 2730 _
2106 2677 2110 2705 τ

2161 2675 2183 2717 ς
2209 2655 2338 2710 Θεόν
2375 2676 2443 2728 με
2473 2655 2778 2729 ἀπαρτίσει,
2806 2651 2918 2726 ἵνα,
2950 2653 3002 2709 ἐν
3029 2655 3075 2726 ᾧ
3103 2655 3300 2727 κλήρῳ
3329 2653 3596 2722 ἠλεήθην,
3626 2648 3768 2708 ἔπι-

346 2727 522 2819 gnata
542 2727 1109 2819 potiar,confugiens
1131 2746 1204 2801 ad
1219 2746 1601 2818 Evangelium
1621 2750 1904 2816 tanquam
1917 2745 1990 2800 ad
2021 2727 2063 2795 C
2103 2765 2110 2778 ·

2161 2765 2260 2822 ιχω
2290 2727 2427 2817 (21),
2457 2727 2791 2819 προσφυγὼν
2819 2747 2899 2815 τῷ
2931 2740 3252 2820 Εὐαγγελίῳ
3273 2742 3345 2805 ὡς
3371 2741 3516 2796 σαεκὶ
3545 2742 3767 2812 Ἰησοῦ,

1801 2872 1964 2926 Vetus
1991 2872 2282 2941 interpres.

1867 2976 2094 3033 CAPUT
2131 2977 2226 3033 III.

413 3068 687 3124 Recedite
717 3085 751 3123 a
780 3067 953 3123 malis
982 3066 1202 3132 herbis,
1237 3083 1383 3138 quas
1413 3083 1535 3122 non
1564 3066 1702 3122 colit
1728 3068 1895 3138 Iesus
1925 3067 2193 3121 Christus
2218 3083 2229 3118 :
2266 3071 2508 3137 propter
2534 3082 2654 3121 non
2707 3083 2838 3122 esse
2887 3067 3053 3138 ipsas
3076 3065 3504 3137 plantationem
3526 3064 3772 3138 Patris.

343 3143 469 3197 Non
493 3140 774 3210 quoniam
798 3139 954 3210 apud
981 3156 1081 3193 vos
1104 3135 1482 3210 partitionem
1506 3139 1731 3205 inveni;
1762 3137 1864 3193 sed
1895 3135 2395 3210 abstractionémf
2425 3138 2723 3210 Quotquot
2766 3135 2928 3193 enim
2959 3135 3231 3210 Dei'sunt
3260 3141 3319 3210 et
3344 3140 3483 3210 Jes_u
3505 3135 3766 3210 Christi,

343 3212 442 3267 isti
475 3207 607 3266 cum
642 3207 917 3282 episcopo
952 3207 1123 3277 sunti
1157 3216 1214 3264 et
1241 3215 1531 3282 quotquot
1563 3210 1765 3282 utique
1798 3210 2153 3280 pcnnitentes
2183 3209 2429 3282 veniunt
2460 3210 2522 3264 in
2553 3207 2846 3282 unitatem
2869 3208 3273 3282 Ecclesiastet
3301 3207 3397 3262 isti
3419 3207 3518 3282 Dei
3535 3215 3767 3282 erunt;

343 3290 410 3338 ut
439 3283 557 3337 sint
589 3277 914 3337 secundum
945 3282 1144 3336 Jesum
1194 3277 1490 3336 Christum
1548 3277 1824 3335 viventes:
1884 3282 2009 3336 Non
2067 3282 2296 3346 erretis,
2357 3281 2568 3336 fratres
2625 3281 2764 3335 mei.
2827 3280 2882 3335 Si
2943 3280 3074 3351 quis
3133 3280 3391 3335 schisma
3439 3277 3770 3351 facientem

348 3355 638 3424 sequitur,
672 3369 918 3425 regnum
955 3354 1055 3406 Dei
1089 3368 1207 3408 non
1239 3351 1588 3407 haereditat:
1617 3352 1664 3406 si
1715 3353 1846 3423 quis
1892 3353 1954 3406 in
1995 3352 2192 3408 aliena
2239 3353 2540 3407 sententia
2587 3349 3100 3417 circumambulat,
3159 3351 3268 3406 iste
3319 3349 3577 3423 passioni
3629 3367 3767 3405 non

354 3425 696 3480 concordat.

1862 3513 2093 3568 CAPUT
2129 3513 2223 3567 IV.

426 3601 664 3657 Studete
695 3602 875 3674 igitur
902 3618 1021 3674 una
1049 3602 1374 3673 gratiarum
1404 3602 1637 3674 actione
1667 3602 1774 3656 uti.
1808 3603 1934 3656 Una
1965 3602 2123 3674 enim
2154 3619 2290 3657 caro
2325 3601 2553 3656 Domini
2585 3602 2772 3674 nostri
2803 3603 2940 3658 Jesu
2971 3601 3208 3674 Christi,
3241 3607 3306 3655 ut
3324 3616 3476 3655 unus
3501 3597 3768 3674 _calix_in

353 3675 638 3728 unionem
670 3670 974 3744 sanguinis
1005 3670 1224 3744 ip'sius;
1260 3690 1447 3728 unum
1478 3673 1680 3733 altare.
1715 3679 1772 3728 et
1801 3689 1956 3729 unus
1975 3673 2308 3745 episcopus,
2337 3689 2473 3728 cum
2491 3673 2857 3745 presbyterio
2879 3677 2938 3728 et
2963 3672 3229 3728 diaconis
3251 3670 3547 3726 conservis
3563 3670 3762 3728 meis:

355 3750 423 3800 ut
451 3745 608 3816 quod
637 3745 852 3812 facitis,
887 3745 1214 3801 secundum
1255 3746 1442 3800 Deum
1473 3745 1725 3800 faciatis.

1881 3843 2114 3898 CAPUT
2152 3843 2216 3896 V.

423 3945 655 3999 Fratres
687 3943 824 4011 mei,
855 3940 1021 3997 valde
1056 3941 1276 3997 effusus
1309 3957 1439 3997 sum
1465 3940 1719 4013 diligens
1747 3957 1872 4007 vos,
1899 3945 1958 3996 et
1988 3940 2472 4012 superexsultans
2504 3939 2953 4013 corroboroivos
2981 3956 2994 3994 :
3047 3955 3168 4013 non
3222 3954 3326 4011 ego
3376 3941 3597 4004 autem,
3656 3937 3765 4013 sed

353 4017 520 4071 Jesus
549 4009 837 4080 Christus,
870 4014 932 4068 in
965 4029 1082 4084 quo
1105 4013 1339 4068 vinctus
1363 4014 1539 4067 timeo
1563 4009 1770 4084 magis,
1794 4018 1859 4067 ut
1879 4009 2080 4068 adhuc
2089 4013 2380 4068 exsistens
2402 4011 2804 4084 imperfectus.
2828 4011 2941 4084 Sed
2963 4010 3149 4067 oratio
3199 4009 3394 4084 vestra
3432 4024 3525 4064 me
3576 4009 3764 4079 perﬁ-

354 4087 489 4165 ciet,
524 4087 679 4165 utin
712 4103 829 4165 qua
859 4081 1205 4165 haereditate
1232 4081 1713 4165 propinationem
1746 4083 2280 4165 habuerp,_potiar;
2314 4081 2994 4165 confugiensEvangelio
3026 4088 3091 4137 ut
3121 4081 3286 4165 carni
3315 4083 3473 4147 Jesu,
3535 4087 3594 4165 et
3619 4096 3770 4151 apo-

356 4159 522 4214 stolis
555 4163 619 4212 ut
647 4151 1016 4228 presbyterio
1049 4151 1358 4211 Ecclesiaaf
1381 4155 1490 4211 Sed
1524 4162 1581 4210 et
1609 4157 1927 4228 prophetas
1950 4151 2265 4226 diligamus
2293 4173 2306 4221 ;
2335 4151 2577 4227 propter
2598 4155 2832 4225 etipsos
2852 4151 2920 4209 in
2947 4153 3325 4225 Evangelium
3346 4151 3764 4217 annuntiasse,

427 4302 540 4371 (11)
571 4300 836 4354 Similem
865 4300 1269 4372 metaphoram
1327 4299 1398 4354 de
1447 4299 1862 4372 haereticorum
1898 4297 1999 4372 d_o-
2027 4304 2082 4372 Α

357 4373 547 4497 01τίῗὲ
579 4372 762 4426 habes
787 4372 848 4425 in
883 4388 977 4442 ep.
1009 4370 1084 4426 ad
1115 4371 1313 4437 Trall.,
1348 4388 1398 4426 c.
1431 4374 1480 4424 6.
1512 4373 1632 4427 JAC.
1657 4371 1769 4426 Cfr.
1795 4370 1995 4427 Matth.

357 4460 448 4497 xv.
555 4484 567 4496 .

355 4460 448 4510 xv,
483 4446 567 4497 13.

427 4516 536 4582 (12)
569 4516 671 4568 Ms.
703 4510 918 4573 αὐτούς.

428 4587 540 4657 (13)
571 4585 687 4642 Cfr.
719 4584 792 4639 ad
822 4583 1021 4650 Trall.,
1054 4585 1192 4657 0.78,
1224 4590 1284 4640 et
1311 4586 1522 4656 Magn,
1543 4601 1605 4657 Ac.
1637 4584 1728 4657 li.
1776 4587 1857 4638 Ex
1880 4585 1998 4657 hoc

357 4653 487 4738 loco
511 4653 568 4712 et
588 4672 810 4739 eccapp.
902 4656 1391 4739 g‘§_\\:h‘isto_nus
1408 4653 1680 4739 'conjecit
1707 4656 1998 4739 [gnatium

353 4729 549 4801 ipsum
564 4726 1996 4811 aliqu‘andiuPhiladelphimcommoratumfuisse;

357 4800 461 4876 sed
499 4799 997 4876 ver_is_1n1111us_est
1033 4799 1257 4876 legatos
1288 4802 1518 4876 tantum
1539 4796 1995 4876 Philadelphen-

357 4873 510 4928 sium
540 4873 616 4928 ad
647 4872 842 4943 ipsum
867 4869 1426 4943 Troade’degentem
1448 4869 1699 4943 venisse.
1724 4870 1879 4943 Mo_re
1892 4885 1996 4943 suo

355 4945 614 5015 lgnatius
641 4939 1030 5015 itailoquitur,
1065 4958 1131 4995 ac
1161 4939 1209 4994 si
1241 4941 1304 4993 in
1334 4939 1543 5015 legatis
1586 4943 1770 4994 totam
1801 4940 1997 4994 Eccle-

363 5010 510 5070 siam
546 5013 1100 5082 Philadelphensem
1146 5010 1569 5082 conspexisset.

433 5087 541 5154 (14)
575 5087 680 5142 Ms.
713 5080 1170 5154 ἀπόδιῦλισμένον
1202 5081 1318 5137 Cfr.
1354 5097 1444 5152 ep.
1496 5081 1570 5136 ad
1601 5082 1768 5137 Rom.
1815 5081 1996 5136 inscr.

431 5159 542 5235 (lii)
573 5159 700 5235 Cfr:
724 5158 934 5235 Bothe,
955 5153 1119 5235 A'nf.,
1146 5171 1202 5235 ρ,
1237 5155 1359 5207 465.

430 5218 544 5300 (16)
577 5225 881 5300 Ἀλλοτρία
911 5218 1108 5300 γνώμη
1143 5218 1321 5292 idem,
1355 5227 1445 5277 est
1473 5223 1629 5294 quod
1680 5218 1998 5297 ὲτεροδιξία.

362 5303 560 5356 νεοει..

429 5374 544 5443 (17)
574 5373 618 5427 Ι.
652 5387 704 5425 e.
739 5386 859 5443 non
890 5366 1189 5443 consentit
1216 5365 1354 5443 huic
1401 5365 1652 5420 veritati.
1702 5365 2000 5443 Christum

358 5436 644 5517 sanguine
670 5457 776 5496 suo
807 5440 1088 5517 fundasse
1118 5436 1462 5504 Ecclesiam,
1482 5453 1660 5508 quam
1683 5437 1998 5494 schismate

359 5510 623 5569 evertere
652 5518 914 5567 conatur.
951 5510 1140 5566 Sum].

431 5587 541 5653 (l8)
579 5586 662 5637 Ita
695 5583 952 5637 Vossius.
986 5583 1089 5636 Ms.
1120 5573 1475 5634 σπουδάσατε.

431 5650 540 5728 (19)
573 5654 617 5707 Ι.
653 5669 703 5707 e.
736 5669 886 5708 caena
918 5653 1155 5717 Domini,
1211 5657 1279 5708 ut
1308 5668 1338 5707 e
1370 5650 1756 5722 sequentibus
1809 5650 2002 5706 verbis

2113 4295 2236 4370 σὰρξ
2268 4301 2364 4352 τοῦ
2395 4298 2598 4368 Κυρίου
2626 4305 2684 4354 et
2713 4297 2998 4370 ποτήριον,
3033 4299 3248 4370 elucet.
3283 4295 3474 4370 Etiam
3505 4311 3541 4350 8.
3571 4295 3630 4352 S.
3663 4296 3767 4350 Ju-

2111 4363 2266 4425 sti'no
2299 4363 2488 4440 (Apol.
2516 4374 2565 4435 1,
2599 4370 2688 4441 66)
2711 4363 2878 4426 coma
2900 4363 3130 4424 Domini
3157 4363 3474 4441 εὔχαριστία
3495 4371 3763 4441 vocatur.

2107 4441 2222 4496 Cfr.
2255 4441 2329 4496 ad
2363 4439 2521 4497 hunc
2543 4439 2738 4496 locum
2761 4440 3148 4508 Rothe,Anf.,
3172 4456 3229 4510 p.
3256 4439 3388 4505 470,
3422 4439 3763 4510 Mﬁnscher,

2106 4513 2392 4568 Lehrbuch
2422 4514 2519 4567 der
2549 4512 2968 4582 Dogmeagesch.
3001 4512 3048 4582 Ι,
3070 4509 3193 4566 496ῤ
3219 4514 3286 4582 οι,
3303 4511 3390 4564 Jo.
3413 4510 3474 4564 E.
3497 4509 3761 4582 Pfeﬁiﬂ‘er,

2107 4586 2184 4639 De
2207 4585 2451 4654 Ignatio,
2511 4581 2881 4638 communioni
2929 4581 3166 4654 privata:
3216 4581 3463 4636 adverso.
3517 4581 3758 4653 Erlang.

2181 4698 2401 4795 (21),)lla
2429 4726 2818 4798 interpelator
2858 4731 2918 4781 et
2959 4729 3070 4780 vet.
3104 4722 3213 4779 int.
3254 4724 3356 4778 Ms.
3417 4719 3759 4793 ἆνάρπαστος

2111 4814 2181 4850 :
2213 4799 2480 4853 abductus
2509 4815 2538 4852 e
2556 4799 2864 4867 provincia.

2179 4868 2288 4938 (2|)
2322 4870 2387 4924 Η.
2424 4875 2490 4922 Α.
2523 4865 2834 4940 Niemeyer
2861 4868 2923 4940 in
2953 4865 3114 4940 Frie_s
3135 4870 3194 4922 et
3224 4865 3544 4940 Lchroeter
3573 4867 3766 4940 Qppo-

2107 4935 2474 5010 sitionschrift
2502 4941 2545 5002 Ι.
2581 4958 2641 5003 n,
2672 4935 2743 5010 pf
2771 4941 2862 5004 14,
2893 4939 3050 4993 hunc
3080 4936 3279 4992 locum
3335 4937 3419 4992 ita
3439 4935 3766 5010 explicat:

2108 5005 2441 5084 Εὐαγγέλιον
2476 5016 2654 5066 est:
2675 5005 2892 5066 summa
2919 5012 3045 5084 ait?
3071 5013 3124 5064 et
3153 5015 3400 5084 actorum
3423 5005 3591 5084 Iesu;
3625 5005 3771 5084 cii-n6-

2106 5080 2299 5136 οτολόι
2330 5101 2400 5135 _—_
2431 5084 2778 5138 narrationes
2808 5081 3177 5152 apostolorum
3207 5080 3274 5135 de
3329 5080 3567 5134 Christo.
3619 5080 3769 5152 Seu-

2109 5170 2248 5209 sus:
2285 5154 2541 5210 adhcerea
2571 5156 2640 5209 iis
2683 5170 2804 5226 quae
2851 5153 3094 5226 Christus
3127 5152 3460 5226 praedicauit
3501 5157 3555 5226 _e_t
3601 5151 3765 5218 fecit,

2109 5226 2464 5295 quasiadhuc
2485 5221 2756 5295 ipsevivlit
2775 5241 2789 5291 ;
2809 5223 3173 5293 adhwreoque
3191 5221 3615 5295 narratinnibus
3637 5239 3775 5292 apo-

2108 5293 2392 5361 stolorum,
2424 5293 2585 5366 quasi
2621 5296 2731 5368 ipsi
2759 5295 2940 5368 adhuc
2968 5300 3030 5348 ut
3059 5293 3769 5368 quondampregbyterium

2112 5368 2366 5423 Ecclesiae
2393 5365 2746 5423 constituant.
2769 5366 2876 5422 Sed
2902 5371 2954 5420 et
2976 5365 3294 5436 prophetas.
3335 5365 3400 5420 V.
3439 5365 3498 5418 T.
3531 5366 3771 5435 recipio,

2111 5441 2316 5509 quippe
2335 5440 2433 5509 qui
2449 5440 2630 5494 Iesum
2651 5437 3129 5521 anuuntiaverint.
3153 5436 3270 5520 Cfr.
3303 5450 3538 5506 quoque
3563 5436 3770 5502 Rot.e,

2113 5512 2279 5577 Anf.,
2312 5527 2369 5581 p.
2406 5511 2509 5563 732
2533 5515 2592 5565 et
2611 5509 2892 5581 Gieseler,
2924 5506 3167 5563 Versuch
3186 5507 3321 5562 uber
3340 5507 3774 5581 d._Entstehung

2115 5551 2221 5634 Ξῑέἷί
2239 5551 3780 5650 ὲὶὧῖίγὶῖὲιῖἑηᾙῖιῖᾇέἰίεὲιζίᾗῗ”’ἱδῖ”’ειῖίέὲιὶῖᾗῖ

2115 5647 2422 5724 meyerum
2452 5657 2788 5720 monuerat,
2801 5647 3154 5724 Ἐύαγγέλιον
3183 5650 3374 5706 nostri
3405 5648 3522 5704 loci
3551 5665 3679 5706 non
3701 5651 3773 5708 de
