3932 6304
139 415 254 481 ’101

1185 421 1566 487 EPISTULA
1607 419 1711 480 AD
1756 412 2537 478 PHILADELPHENSES.

3438 422 3559 483 702

140 553 222 606 καὶ
255 555 375 616 τοῖς
404 551 736 616 ἀποστόλοις
784 553 856 616 ὡς
893 549 1266 630 πρὶσόυτερίῳ
1296 552 1646 624 Ἐκκλησίας.
1680 547 1775 609 Καὶ

1962 549 2296 621 »τροτοὶίιοιε
2326 555 2684 622 praesentem
2709 552 3034 621 Christum,
3059 558 3116 610 et
3146 553 3221 610 ad
3259 556 3559 628 apostolos

139 641 261 702 τοὺς
291 644 582 718 προφήτας
617 639 674 697 δὶ
703 642 1018 716 ἀγαπῶμεν,
1053 641 1140 698 διά
1168 646 1230 700 τὸ
1261 645 1350 699 καὶ
1382 642 1580 704 αὐτοὺς
1625 640 1702 702 εἷς
1733 639 1794 694 τὸ

143 731 478 807 Εὐαγγέλιον
513 733 963 808 κατηγγελκέναι,
1021 734 1110 789 καὶ
1164 736 1242 796 εἰς
1299 739 1410 808 (22)
1444 734 1605 789 αὐτὸν
1636 730 1794 787 ἰλπί-

145 825 272 892 ζειν,
329 821 422 877 καὶ
481 821 643 876 αὐτὸν
693 822 992 894 ἀναμένειν
1053 822 1104 879 ἐν
1164 826 1210 896 ᾧ
1266 825 1357 880 καὶ
1413 841 1791 882 πιστευσαντες

143 909 442 979 ἐσώθησαν.
478 910 528 964 ἐν
556 911 764 982 ὲνότητι
801 912 986 981 Ἰησοῦ
1045 917 1311 988 Χριστοῦ,
1369 909 1515 974 ὄντες
1575 911 1792 986 ἆξιαγα-

142 999 304 1068 πητοὶ
333 999 426 1053 καὶ
465 999 910 1073 ἀξιοθαύμαστοι,
971 1000 1142 1078 ἃγιοι,
1189 1002 1296 1057 ὐπὸ
1329 1003 1510 1071 Ἰησοῦ
1548 1002 1792 1074 Χριστοῦ

145 1090 644 1162 μεμαρτυρημένα,
669 1089 760 1144 καὶ
791 1090 1269 1164 συνηριθμημὲιοι
1288 1090 1339 1145 ἐν
1370 1095 1451 1163 τῷ
1476 1087 1794 1164 Εὐαγγελίῳ

138 1180 232 1240 τῆς
261 1183 454 1248 κοινῆς
490 1175 739 1240 ἐλπίδος.

1908 646 2190 710 tanquam
2213 639 2287 694 ad
2308 655 2572 711 praesens
2601 641 2876 697 Ecclesia;
2897 642 3478 715 presbyterium.Sed
3499 651 3559 702 et

1905 730 2224 802 prophetas
2255 730 2588 802 diligamus,
2621 731 2764 803 quia
2792 736 2850 786 et
2888 733 3001 804 ipsi
3033 735 3411 806 Evangelium
3439 753 3555 792 an-

1905 820 2326 885 nuntiaverint,
2353 826 2410 874 et
2431 820 2491 875 in
2523 820 2821 876 Christum
2847 823 3232 894 speraverint,
3268 829 3326 879 et
3357 825 3553 896 ipsum

1903 907 2410 976 exspectaverint;
2468 923 2576 978 per
2623 925 2798 980 quem
2850 915 2909 964 et
2955 911 3266 966 credentes
3299 912 3554 970 salutem

1903 995 2206 1050 consecuti
2257 1001 2414 1062 sunt,
2461 997 2598 1070 Jesu
2647 997 2878 1054 Christo
2939 999 3132 1063 uniti;
3167 1016 3301 1056 cum
3351 1008 3554 1057 essent

1904 1084 2113 1151 sancti,
2148 1100 2348 1139 amore
2381 1091 2440 1139 et
2467 1085 2860 1142 admiratione
2891 1086 3076 1160 digni,
3097 1104 3132 1142 a
3157 1089 3294 1143 Jesu
3314 1091 3548 1146 Christo

1902 1173 2311 1229 testimonium
2356 1175 2577 1246 adepti,
2608 1181 2666 1230 et
2693 1178 3106 1233 connumerati
3140 1177 3200 1234 in
3239 1180 3553 1253 Evangelio

1903 1279 2262 1318 communis.

1275 1378 1363 1432 Vl.
1399 1377 1504 1432 Nec
1534 1381 1715 1430 tamen
1739 1369 2098 1444 [Judaismum
2127 1369 2421 1424 admittite.

203 1479 321 1535 Ἐάν
351 1477 408 1535 δὶ
438 1501 523 1541 τις
555 1477 895 1553 Ἰουδαϊσμὸν
924 1480 1198 1558 ὲρμηνεῦῃ
1243 1481 1392 1555 ὑμῖν,
1451 1481 1526 1553 μὴ
1561 1478 1782 1534 ἀκούετε

133 1565 311 1626 αὐτοῦ.
345 1571 616 1641 ’Ἀμιινον
672 1569 775 1646 γάρ
835 1568 974 1624 ἐστιν
1030 1571 1175 1643 παρὰ
1232 1567 1424 1644 ἀνδρὸς
1476 1568 1780 1642 περιτομὴν

134 1653 348 1730 ἔχοντος
406 1660 518 1730 (23)
578 1659 1002 1732 Χριστιανισμὸν
1054 1659 1297 1726 ἀκούειν,
1327 1659 1361 1728 ἢ
1395 1658 1541 1733 παρὰ
1589 1651 1788 1731 ἀκρϐύ-

138 1765 255 1798 στου
309 1743 690 1819 Ἰουδαϊσμόν.
750 1747 874 1802 Ἐάν
935 1746 992 1802 δὲ
1059 1747 1362 1825 ἀμφότεροι
1417 1747 1542 1822 περὶ
1603 1747 1785 1816 Ἰησοῦ

140 1841 369 1909 Χριστοῦ
403 1839 483 1909 μή
520 1837 793 1909 λαλῶσιν,
822 1839 972 1894 οὗτοι
1004 1839 1134 1912 ἐμοὶ
1165 1842 1276 1911 (24)
1306 1836 1503 1908 στῆλαί
1534 1838 1664 1892 εἰσιν
1696 1837 1786 1891 καὶ

135 1924 288 1998 τάφοι
319 1931 548 2001 νεκρῶν,
578 1926 659 2004 ἐφ’
701 1927 784 1987 οἶς
845 1929 1144 2004 γέγραπται
1206 1927 1368 2000 μόνον
1427 1927 1669 2000 ὀνόματα
1698 1925 1784 1980 ἆν-

137 2014 384 2088 θρώπων.
444 2021 678 2092 Φεύγετε
735 2015 830 2071 οὖν
881 2018 978 2081 τὰς
1032 2016 1389 2096 κακοτεχνίας
1416 2017 1506 2072 καὶ
1565 2014 1780 2090 ἐνέδρας

131 2102 220 2158 τοῦ
254 2103 528 2182 ἄρχοντος
559 2110 655 2161 τοῦ
690 2106 887 2167 αἰῶνος
917 2105 1136 2174 τούτου,
1165 2108 1383 2179 μήποτε
1413 2101 1688 2168 θλιϐἐντες
1709 2109 1778 2180 τῇ

133 2193 315 2268 γνώμῃ
344 2193 518 2250 αὐτοῦ
550 2193 934 2265 ἐξασθενήσητε
965 2195 1018 2250 ἐν
1049 2199 1118 2268 τῇ
1176 2195 1385 2270 ἀγάπῃ.
1446 2193 1626 2252 Ἀλλὰ
1655 2195 1781 2248 πάν-

132 2303 212 2345 τες
242 2284 326 2338 ἐπὶ
364 2286 427 2340 τὸ
457 2281 591 2340 αὐτό
643 2287 851 2362 γίνεσθε
911 2287 966 2341 ἐν
1007 2285 1284 2362 ἀμερίστῳ
1331 2283 1550 2357 καρδίᾳ.
1586 2287 1780 2360 Εὐχα-

137 2377 293 2445 ριστῶ
324 2371 380 2428 δὶ
407 2377 514 2448 τῷ,
544 2378 660 2446 Θεῷ
697 2395 824 2447 μου,
859 2373 940 2429 ὅτι
972 2373 1346 2444 ιύσονείδητός
1381 2375 1495 2448 εἰμι
1546 2375 1596 2428 ἐν
1631 2373 1778 2447 ὑμῖν,

65 2495 74 2512 .
138 2462 219 2515 καὶ
250 2461 346 2517 οὐκ
373 2457 493 2538 ἔχει
526 2483 609 2524 τις
659 2465 1060 2538 καυχήσασθαι,
1096 2460 1216 2518 οὕτε
1275 2462 1467 2536 λάθρα,
1527 2461 1648 2517 οὕτε
1680 2484 1781 2542 φα-

137 2556 315 2624 νερῶς,
350 2551 432 2607 ὅτι
485 2556 595 2624 (25)
625 2547 868 2626 ἐϐάρησά
923 2573 1045 2607 τινα
1075 2551 1126 2607 ἐν
1161 2557 1345 2627 μικρῷ
1375 2555 1410 2621 ἢ
1441 2552 1492 2606 ἐν
1528 2551 1776 2628 μεγάλῳ.

138 2640 229 2695 Καὶ
259 2647 385 2695 πᾶσι
420 2639 501 2709 δὲ,
533 2641 582 2695 ἐν
615 2642 698 2700 οἷς
727 2641 996 2714 ἐλάλησα,
1029 2639 1287 2717 εὔχομαι,
1332 2639 1424 2696 ’ίνα
1453 2643 1527 2715 μὴ
1562 2641 1637 2703 εἷς
1667 2644 1780 2713 (26)

142 2729 426 2803 μαρτῦριον
452 2729 588 2786 αὐτὸ
618 2732 946 2802 κτήσωνται.

1819 1887 1866 1952 Β

1964 1476 2021 1530 Si
2040 1475 2172 1546 quis
2195 1481 2396 1531 autem
2425 1477 2586 1532 vobis
2614 1477 2988 1534 Judaismum
3019 1479 3321 1550 praedicet,
3347 1498 3422 1536 ne
3451 1498 3548 1536 au-

1894 1564 2068 1620 diatis
2117 1581 2276 1620 eum.
2329 1564 2534 1620 Melius
2582 1571 2672 1620 est
2719 1567 2900 1634 enim,
2946 1584 2980 1622 a
3032 1568 3157 1624 viro
3200 1570 3552 1626 circumciso

1895 1653 2416 1709 Christianismum
2453 1653 2867 1726 audire,quam
2901 1656 2973 1710 ab
3019 1657 3275 1713 habente
3314 1676 3556 1730 prmpu-

1896 1745 2045 1800 tium
2075 1742 2448 1799 Judaisnum.
2483 1744 2539 1798 Si
2567 1751 2764 1800 autem
2788 1746 3026 1816 utrique
3048 1747 3119 1802 de
3150 1748 3285 1802 Jesu
3317 1749 3548 1804 Christo

1896 1851 2018 1889 non
2051 1835 2391 1904 loquantur,
2426 1833 2521 1887 isti
2573 1835 2717 1889 mihi
2760 1835 3052 1890 columna)
3101 1836 3458 1908 sepulcrales
3491 1845 3550 1893 et

1898 1928 2266 1978 mortuorum
2332 1929 2468 1978 sunt
2515 1929 2923 1992 monumenta,
2971 1925 3186 1996 quibus
3233 1927 3544 1982 hominum

1895 2013 2140 2068 nomina
2157 2012 2445 2068 duntaxat
2465 2013 2750 2084 inscripta
2780 2014 3144 2086 sunt.Fugite
3168 2015 3345 2088 igitur
3358 2015 3546 2073 malas

1890 2107 2048 2158 artas
2081 2107 2140 2156 et
2167 2101 2414 2156 insidias
2445 2101 2731 2173 principis
2763 2102 2960 2157 saeculi
3006 2102 3207 2172 hujus,
3239 2121 3313 2160 ne
3348 2121 3536 2176 quan-

1890 2192 1965 2246 do
1992 2191 2306 2262 prudentia
2337 2191 2466 2261 ejus
2490 2191 2755 2262 oppressi
2782 2192 2842 2245 in
2869 2192 3154 2247 charitate
3185 2193 3538 2263 langueatis.

1892 2281 2004 2337 Sed
2037 2297 2244 2336 omnes
2274 2280 2427 2335 uniti
2460 2281 2587 2334 sitis
2620 2279 2913 2335 indivulso
2946 2281 3140 2336 corde.
3179 2283 3404 2338 Gratias
3435 2301 3540 2338 au-

1892 2377 2007 2426 tem
2041 2387 2146 2442 ago
2180 2371 2297 2424 Deo
2329 2385 2484 2437 meo,
2517 2369 2676 2439 quod
2707 2370 2902 2440 quoad
2931 2388 3032 2425 vos
3063 2370 3220 2426 bona
3249 2372 3538 2444 gaudeam

1891 2460 2281 2523 conscientia,
2316 2475 2426 2513 nec
2458 2459 2644 2531 possit
2676 2459 2994 2530 quisquam
3025 2459 3286 2532 gloriari,
3331 2461 3420 2516 vel
3451 2479 3545 2518 se-

1890 2555 2050 2606 creto
2080 2549 2171 2604 vel
2213 2549 2433 2619 palam,
2464 2565 2499 2602 a
2528 2564 2621 2602 me
2665 2565 3026 2620 quemquam
3065 2555 3368 2621 gravatum
3410 2568 3538 2606 esse

1891 2644 1994 2694 aut
2021 2638 2082 2692 in
2112 2654 2310 2708 parvo,
2343 2642 2446 2691 aut
2474 2637 2534 2691 in
2566 2653 2800 2707 magno.
2859 2639 2926 2691 Et
2953 2639 3252 2705 omnibus,
3285 2640 3359 2693 ad
3392 2657 3540 2712 quos

1891 2727 2124 2784 locutus
2171 2743 2323 2792 sum,
2375 2731 2534 2796 opto,
2580 2741 2654 2780 ne
2704 2726 2764 2780 in
2824 2726 3232 2782 testimonium
3265 2727 3322 2782 id
3372 2729 3543 2785 cedat

1893 2821 2100 2873 contra
2128 2816 2309 2887 ipsos.

916 2935 1027 2989 VII.
1062 2936 1120 2990 S.
1151 2935 1368 3004 Spiritu
1388 2934 1706 3005 impellente
1733 2952 1826 2992 vos
1848 2935 1922 2991 ad
1949 2937 2223 2990 unitatem
2251 2932 2584 2988 adhortatus
2616 2948 2754 2987 sum.

202 3029 392 3106 Εἶγάρ
425 3030 520 3086 καὶ
561 3031 695 3084 κατὰ
749 3031 920 3105 σάρκα
981 3031 1047 3103 μέ
1102 3051 1244 3093 τινες
1302 3024 1576 3100 ἠθέλησαν
1633 3028 1780 3086 πλα-

137 3124 303 3188 νῆσαι,
336 3119 484 3176 ἀλλὰ
512 3121 576 3174 τὸ
637 3124 856 3193 Πνεῦμα
889 3119 950 3174 οὗ
1005 3117 1300 3186 πλανᾶται,
1359 3119 1466 3175 ἀπὸ
1526 3124 1660 3176 Θεοῦ
1692 3119 1775 3176 ὅν.

134 3210 232 3276 (2η
263 3207 421 3266 Οἶδεν
451 3211 578 3284 γάρ,
606 3211 770 3273 πόθεν
800 3206 1047 3288 ἔρχεται,
1083 3210 1174 3264 καὶ
1206 3214 1311 3264 ποῦ
1341 3208 1560 3286 ὑπάγει,
1593 3221 1682 3265 καί
1713 3211 1779 3264 τὰ

136 3299 332 3372 κρυπτά
413 3298 655 3376 ἐκέγχει·
730 3299 1065 3372 Ἐκραῦγασα
1126 3299 1321 3371 μεταξὺ
1391 3296 1487 3367 ὤν,
1539 3296 1779 3354 ἐλάλουν

138 3385 342 3460 μεγάλῳ
368 3391 527 3466 φωνῇ
560 3392 692 3462 (28)”
754 3391 842 3458 Τῷ
904 3385 1183 3460 ἐπισκόπῳ
1237 3388 1540 3462 προσέχετε
1580 3389 1665 3443 καὶ
1700 3392 1780 3456 τῷ

133 3473 494 3554 πρεσϐυτερίῳ
525 3476 616 3532 καὶ
652 3474 946 3538 διακόνοις.
979 3478 1045 3534 Οἱ
1077 3475 1135 3532 δὲ
1181 3480 1295 3549 (29)
1329 3475 1776 3540 ὑποπτεύσαντάς

1960 3034 2309 3104 Quanquam
2330 3031 2487 3086 enim
2518 3031 2795 3086 nonnulli
2818 3031 3148 3087 secundum
3179 3050 3420 3090 carnem
3448 3052 3542 3093 me

1888 3121 2162 3193 decipere
2195 3119 2783 3190 voluerunt,Spiritus
2817 3126 3013 3174 tamen
3035 3137 3156 3176 non
3189 3121 3543 3194 decipitur,a

1886 3215 2004 3268 Deo
2035 3217 2221 3267 ortus.
2251 3213 2418 3267 Novit
2468 3212 2628 3267 enim
2666 3211 2822 3266 unde
2863 3213 3077 3280 veniat,
3111 3218 3169 3266 et
3199 3231 3313 3284 quo
3347 3217 3538 3283 vadat,

1889 3307 1948 3356 et
1979 3307 2208 3356 secreta
2236 3301 2521 3373 coarguit.
2553 3300 2834 3364 Clamavi,
2864 3317 2995 3356 cum
3028 3319 3290 3372 praesens
3326 3321 3540 3374 essem,

1887 3393 2121 3447 locutus
2149 3408 2278 3448 sum
2311 3407 2523 3464 magna
2557 3407 2692 3446 voce
2721 3408 2733 3445 :
2760 3391 3046 3462 Episcopo
3071 3391 3305 3448 obedite
3327 3400 3384 3448 et
3413 3412 3544 3466 prec

1890 3481 2147 3552 sbyterio
2181 3487 2239 3536 et
2269 3479 2812 3544 diaconis.Quidam
2839 3485 3037 3536 autem
3069 3482 3352 3553 suspicati
3378 3491 3538 3552 sunt,

1587 3606 1748 3660 Vetus
1782 3607 2071 3675 interpres.

137 3703 271 3758 etin
299 3704 600 3760 Christum
634 3720 894 3775 sperare,
926 3709 985 3758 et
1013 3703 1206 3775 ipsum
1247 3707 1629 3775 exspectare:
1682 3704 1738 3757 in
1774 3720 1891 3775 quo
1923 3710 1981 3758 et
2011 3703 2319 3759 credentes
2351 3702 2552 3758 salvati
2586 3709 2742 3768 sunt,
2777 3703 2836 3758 in
2885 3703 3112 3759 unitate
3155 3705 3290 3760 lesu
3323 3706 3537 3763 Christi

141 3775 473 3847 exsistuntes
505 3774 680 3847 digne
712 3775 935 3842 dilecti,
968 3780 1027 3829 et
1055 3774 1230 3845 digne
1257 3774 1637 3830 admirabiles
1671 3774 1883 3841 saneti,
1915 3792 1950 3830 a
1979 3777 2113 3830 Jesu
2154 3775 2383 3830 Christo
2419 3775 2714 3830 testificati
2743 3780 2801 3829 et
2825 3776 3234 3830 connumerati
3267 3777 3328 3831 in
3359 3779 3540 3834 Evan-

137 3845 277 3915 gelio
308 3845 644 3903 communis
675 3847 824 3917 spei.

1649 3936 1880 3992 CAPUT
1922 3937 2010 3992 VI.

203 4043 256 4115 Si
287 4051 483 4100 autem
515 4043 883 4099 Judaismum
913 4043 1340 4114 interpretetur
1368 4043 1552 4110 vobis,
1586 4060 1705 4099 non
1736 4043 1991 4100 audiatis
2023 4045 2238 4115 ipsum.
2273 4042 2479 4115 Melius
2509 4046 2600 4097 est
2630 4041 2840 4115 enima
2869 4043 2990 4097 viro
3021 4043 3536 4115 circumcisionem

142 4113 404 4187 habente,
435 4114 959 4187 Christianismum
991 4113 1218 4187 audire,
1249 4130 1426 4185 quam
1459 4115 1530 4170 ab
1565 4115 1820 4170 habente
1869 4113 2245 4187 praeputium,
2278 4113 2667 4187 Judaismum.
2711 4113 2768 4187 Si
2799 4120 3009 4187 autem?
3029 4115 3266 4185 utrique
3300 4113 3369 4169 de
3400 4116 3537 4187 lesu

145 4185 358 4243 Christo
390 4204 512 4242 non
545 4186 884 4256 loquantur,
921 4186 1014 4240 isti
1049 4186 1194 4240 mihi
1229 4187 1520 4240 columnw
1553 4192 1692 4241 sunt
1723 4193 1780 4241 et
1811 4185 2085 4256 sepulcra
2118 4191 2510 4253 mortuorum,
2543 4185 2602 4239 in
2636 4185 2849 4255 quibus
2901 4186 3120 4255 scripta
3175 4192 3314 4241 sunt
3344 4186 3536 4240 solum

144 4258 373 4314 nomina
400 4259 737 4330 hominum.
770 4258 974 4330 Fugite
1010 4257 1195 4330 igitur
1226 4257 1413 4330 malas
1440 4262 1617 4330 artes,
1652 4263 1708 4312 et
1738 4256 1987 4312 insidias
2018 4258 2304 4329 principis
2333 4256 2534 4330 saeculi
2569 4256 2766 4330 hujus,
2800 4257 3085 4330 ne__forte
3114 4257 3375 4330 tribulati
3406 4273 3538 4311 sen-

145 4331 313 4384 tentia
343 4331 554 4401 ipsias,
580 4327 971 4401 inﬁrmemini
1004 4327 1072 4401 in,
1093 4329 1400 4401 charitate.
1438 4329 1547 4382 Sed
1581 4335 1638 4382 et
1665 4345 1870 4401 omnes
1903 4330 1964 4384 in
1991 4327 2246 4399 idipsum
2281 4329 2454 4393 fiatis,
2480 4328 2550 4401 in
2574 4327 2919 4398 impartibili
2945 4329 3147 4401 corde.
3174 4329 3399 4384 Gratias
3431 4345 3534 4401 aue

144 4405 250 4454 tem
280 4400 382 4473 ago
414 4403 536 4473 Deo
569 4417 721 4463 meo,
749 4400 1028 4473 quoniam
1061 4400 1273 4454 bonam
1302 4400 1526 4473 habens
1557 4400 1984 4473 conscientiam
2009 4417 2113 4473 ego
2147 4417 2278 4455 sum
2312 4401 2373 4454 in
2405 4400 2600 4473 vobis;
2627 4407 2685 4454 et
2715 4417 2831 4454 non
2863 4400 3040 4473 habet
3061 4401 3276 4472 aliquis
3296 4400 3537 4473 gloriari

142 4471 579 4597 necLue—occulte
611 4488 804 4542 neque
834 4472 1167 4536 manifeste,
1201 4472 1486 4551 quoniam
1516 4472 1743 4542 gravavi
1777 4472 2038 4542 aliquem
2057 4471 2131 4526 in
2159 4489 2339 4597 (parvo
2371 4471 2459 4526 vel
2488 4471 2568 4542 ὃἱη
2618 4488 2850 4544 magno.
2883 4472 2995 4527 Sed
3026 4478 3084 4526 et
3131 4471 3432 4539 omnibus,
3467 4473 3529 4527 in

142 4542 226 4597 nui
271 4561 335 4597 us
366 4543 598 4597 locutus
629 4559 781 4597 sum.
820 4559 947 4597 oro.
981 4548 1044 4597 ut
1075 4559 1198 4597 non
1229 4559 1290 4597 1n
1323 4543 1733 4597 testimonium
1766 4543 1960 4597 insum
1993 4543 2150 4597 nossi
2201 4549 2357 4597 eant.

137 4558 226 4611 qui

271 4561 335 4599 us
366 4543 598 4600 locutus
629 4559 781 4610 sum,
820 4559 947 4613 oro,
981 4548 1044 4598 ut
1075 4559 1198 4598 non
1229 4543 1290 4598 in
1323 4543 1733 4598 testimonium
1766 4543 1960 4614 ipsum
1993 4543 2150 4614 possi

2201 4549 2357 4598 eant.

1633 4651 1863 4706 CAPUT
1909 4651 2021 4707 VII.

199 4755 253 4811 Si
283 4759 437 4814 enim
468 4764 530 4814 et
562 4758 888 4815 secundum
921 4773 1161 4829 carnem
1195 4773 1286 4812 me
1319 4757 1562 4829 quidam
1593 4757 1906 4814 voluerunt
1942 4758 2222 4815 seducere
2251 4776 2263 4824 ;
2298 4759 2399 4814 sed
2433 4757 2676 4829 spiritus
2707 4775 2826 4813 non
2867 4758 3190 4824 seducitur,
3224 4776 3259 4814 a
3286 4761 3402 4814 Deo
3435 4776 3537 4813 ex-

139 4826 358 4885 sistens.
389 4830 560 4886 Novit
589 4829 750 4884 enim
781 4829 936 4901 unde
967 4828 1147 4901 venit,
1182 4826 1394 4901 etiqu‘o
1417 4829 1593 4896 vadit,
1630 4836 1688 4884 et
1718 4829 1950 4901 occulta
1980 4829 2298 4901 redarguit.
2333 4826 2583 4885 Claniavi
2617 4830 2676 4884 in
2709 4829 3065 4901 intermedio
3097 4831 3406 4890 exsistens,
3445 4830 3535 4884 Io-

143 4904 297 4954 cutus
325 4919 452 4956 sum
488 4917 698 4973 magna
727 4917 886 4968 voce,
918 4900 1043 4971 [Dei
1070 4900 1265 4971 vocez]
1296 4900 1582 4972 Episcopo
1614 4900 1927 4965 attendite,
1958 4907 2014 4956 et
2047 4902 2434 4973 presbyterio,
2464 4907 2522 4956 et
2542 4901 2828 4955 diaconis.
2853 4900 3100 4964 Quidam
3122 4908 3318 4956 autem
3344 4901 3536 4972 suspi-

136 5071 328 5153 scripto
346 5072 647 5153 @vangelz‘o
665 5087 808 5153 asse
823 5067 1258 5153 accipiendum.
1287 5070 1622 5153 Lessinguis
1646 5071 1771 5142 (Op.

1962 5073 2073 5153 imo
2097 5069 2681 5151 ῐιοηιθιιλριστιανὸς,
2710 5071 2792 5125 ita
2822 5069 2894 5125 ab
2925 5071 3170 5153 lgnatio,
3202 5072 3532 5153 Antiochia}

141 5140 221 5193 ed.
254 5140 628 5202 Lachmann..
658 5148 700 5213 ﬁt.
738 5143 831 5206 XI,
860 5159 928 5213 p‘_
953 5141 1195 5213 567)_ita
1226 5140 1608 5213 scribendum
1644 5140 1773 5197 esse

142 5217 328 5287 putat:
380 5212 716 5287 Προσφυγὼν
775 5209 878 5287 τᾷξ
911 5209 1193 5287 ἐπισκόπῳ
1251 5211 1324 5287 ᾡς
1383 5212 1552 5287 σαρκὶ.
1591 5214 1773 5287 Ἰησοῦ

138 5277 362 5354 Χριστοῦ
407 5277 497 5339 καὶ
539 5277 656 5344 τοῖς
689 5277 1078 5354 πρεσϐυτέροις
1137 5277 1466 5350 Ἐκκλησίαὲ
1523 5283 1600 5342 ὡς
1632 5277 1774 5336 ἆπο-

141 5351 363 5431 στόλοιςἒ
390 5357 498 5412 Alii
525 5351 870 5431 Εὐαγγὲλιον
893 5355 976 5431 _de
999 5354 1235 5425 scriptis
1263 5355 1612 5431 Evangeliis,
1636 5354 1774 5431 {me-

140 5421 308 5500 στολοι
333 5427 400 5482 de
424 5421 1772 5500 scriptis'apostolorumfirpocpﬁvazjdegscriptis

141 5497 677 5567 prephetarum’seu
698 5497 769 5553 de
796 5499 859 5551 V.
884 5499 941 5551 T.
971 5497 1292 5567 accipiunt.
1327 5497 1474 5552 Male
1507 5497 1771 5552 Eichlor-

138 5566 256 5646 nius
278 5569 344 5646 de
376 5570 677 5646 prophetis
695 5571 824 5624 novi
845 5566 1227 5625 foeceris’seu
1245 5567 1590 5623 doctoribus
1611 5569 1773 5623 Chri-

143 5640 334 5694 stianis
364 5640 639 5697 somniat.

335 5713 458 5795 Xet.
491 5714 598 5767 int.
636 5711 778 5795 legit
810 5709 1064 5795 Χριστὸν.

199 5781 751 5856 (23)Χριστιανισμὸν
790 5825 804 5841 .
894 5782 1123 5852 Quare,
1186 5798 1262 5838 an
1319 5785 1386 5838 ut
1439 5781 1771 5838 Antiochia

1882 5427 1996 5482 Cfr.

1883 5141 2181 5268 (iapiscopo,
2243 5143 2498 5213 primum
2561 5148 2844 5213 usurpata
2891 5158 3000 5195 vox
3059 5141 3536 5214 Χριστιανιμςόςῗ

1907 5219 2157 5268 ’EARSON.

1907 5219 2157 5269 ’EARSON.

1955 5287 2068 5356 (24)
2103 5280 2336 5351 Σήτλαι,
2371 5283 2644 5356 columnae
2663 5283 3024 5356 sepulcrales.

1973 5359 2106 5424 25H
2139 5373 2190 5411 e.
2223 5357 2434 5409 nemini
2466 5355 2674 5423 jugum
2713 5355 2987 5407 Judaismi
3015 5357 3291 5424 imponere
3319 5357 3530 5412 studui.

2032 5444 2266 5499 quoque
2295 5428 2345 5499 _Il
2376 5427 2504 5499 Cor.
2539 5441 2639 5487 xu,
2665 5427 2752 5480 13.

1951 5495 2066 5567 (26ἱ
2095 5495 2210 5554 Cfi'.
2244 5497 2314 5553 ad
2346 5495 2546 5562 Trall.,
2579 5513 2628 5550 c.
2665 5500 2751 5551 12.

1951 5570 2064 5646 (2³])
2096 5571 2209 5646 Cir.
2243 5571 2413 5646 loan.
2449 5569 2617 5646 ‘11}..78.
2777 5638 2805 5646 _
2854 5635 2864 5646 .

1951 5638 2063 5706 (28‘)
2099 5645 2222 5696 Vet.
2254 5639 2360 5695 int.
2395 5639 2579 5704 addit,
2611 5654 2738 5694 voce
2771 5638 2864 5692 Dei

1951 5704 2060 5780 (29)
2092 5712 2474 5783 Participium
2505 5727 2609 5782 pro
2641 5708 2816 5764 modo
2849 5708 3037 5764 ﬁnito.
3071 5711 3175 5764 Ms.
3208 5704 3521 5771 πτὲσαναες.
