3932 6304
371 360 488 426 703
1312 356 1605 420 SANGTI
1647 355 1946 421 lGNA'l‘lI
1988 357 2403 421 EPISTOLE
2442 357 2845 422 GENUINJE.
3675 354 3797 417 τοι

372 515 492 566 me,
538 502 606 554 ut
643 496 960 568 praescium
1010 491 1351 551 schismatis
1418 492 1836 565 quorumdam,
1894 493 1994 551 hei

2181 492 2222 562 Ε,
2254 492 2329 555 ὡς
2360 489 2656 567 προειδότα
2683 492 2776 548 τὸν
2818 491 3086 567 μερισμόν
3141 509 3329 562 τινων,
3386 488 3570 564 λέγειν
3597 492 3790 547 ταῦτα.

369 588 609 643 dixisse.
645 586 833 642 Testis
864 589 1062 641 autem
1096 583 1238 637 mihi
1286 582 1334 639 is
1368 587 1478 646 est,
1512 599 1618 654 pro
1649 599 1765 653 quo
1799 582 1994 639 vinctu

2181 580 2380 653 Ιοὶρτυς,
2414 576 2472 635 δὲ
2500 600 2618 653 μοι,
2648 579 2703 634 ἐν
2735 579 2782 651 ᾤ
2826 576 3068 651 δέδεμαι,
3100 575 3185 633 ὅτι
3214 577 3319 635 ἀπὸ
3350 578 3548 652 σαρκὸς
3573 577 3795 647 ἀνθρω-

370 693 522 743 sum,
571 674 730 747 quod
775 691 810 730 a
857 689 1033 729 carne
1074 673 1335 727 humana
1359 671 1421 727 id
1452 687 1574 727 non
1622 672 1994 744 cognoverim

2181 671 2290 742 ἱνης
2321 672 2425 727 οὐκ
2453 665 2644 745 ἔγνων.
2673 671 2744 726 Τὸ
2796 668 2853 726 δὲ
2880 675 3094 743 πνεῦμα
3124 669 3440 745 ἐκήρυσσεν,
3477 671 3591 742 (3ο)
3620 666 3782 745 λέγον

370 765 484 824 Sed
534 765 781 837 Spiritus
829 762 1222 829 annuntiavit,
1256 762 1501 819 dicens:
1561 761 1696 817 Sine
1736 762 1994 835 episcopi

2181 757 2271 816 ίδε⁶
2307 761 2495 835 Χωρὶς
2524 764 2621 816 τοῦ
2654 759 2953 816 ἐπισκοπου
3008 756 3176 831 μηδὲν
3226 763 3454 828 ποιεῖτε,
3478 759 3579 828 τήν
3608 757 3783 832 σάρκα

368 855 519 912 nihil
542 855 740 921 facite,
764 870 1006 909 carnem
1029 857 1279 907 vestram
1305 856 1371 906 ut
1400 852 1497 906 Dei
1517 851 1805 923 templum
1829 857 2020 907 custo-

367 944 509 1010 dite,
556 945 843 999 unionem
890 946 1108 1007 amate,
1141 941 1390 997 dissidia
1436 940 1638 1013 fugite,
1692 940 2020 996 imitatores
2126 942 2261 994 πᾶτε
2294 983 2309 1005 ,

2128 1032 2294 1097 Ιησοῦ
2325 1033 2584 1103 Χριστοῦ,
2616 1029 2692 1090 ὡς
2723 1028 2813 1083 καὶ
2845 1027 3011 1090 αὐτὸς
3041 1031 3139 1082 τοῦ
3181 1027 3389 1101 Ηατρὸς
3422 1026 3613 1083 αὐτοῦ.

366 1039 488 1090 este
516 1035 653 1089 Jesu
679 1032 916 1100 Christi,
950 1032 1103 1087 sicut
1137 1036 1195 1086 et
1226 1029 1352 1102 ipse
1385 1030 1573 1084 Patris
1605 1030 1717 1085 sui.

2128 849 2279 922 ὑμῶν
2313 849 2387 912 ὠς
2437 853 2546 924 (31)
2601 850 2722 905 ναὸν
2781 849 2914 906 Θεοῦ
2970 853 3208 923 τηρεῖτε,
3265 848 3364 916 τὴν
3418 840 3616 903 ἕνωσιν
3644 847 3783 921 ἆγαο

2393 939 2521 1002 τοὺς
2578 939 2877 1012 μερισμοὺς
2938 937 3163 1015 φεύγετε
3196 981 3213 1005 ,
3275 935 3515 1009 μιμηταὶ
3577 936 3791 1009 γίνεσθε

1224 1129 1357 1182 VIII.
1398 1126 1624 1183 Studete
1652 1129 1882 1184 unitati.
1912 1127 2156 1185 Christus
2187 1128 2302 1183 loco
2346 1128 2795 1183 documentorum
2822 1134 2921 1183 est.

434 1233 550 1302 Ego
581 1230 806 1299 itaque,
840 1226 999 1298 quod
1049 1242 1246 1281 meum
1280 1230 1426 1291 erat,
1460 1225 1596 1289 feci,
1631 1230 1698 1280 ut
1738 1226 1916 1280 homo
1947 1226 2023 1281 ad

365 1320 655 1375 unionem
686 1316 1040 1371 destinatus.
1078 1315 1183 1370 Ubi
1215 1320 1415 1369 autem
1447 1313 1656 1369 divisio
1691 1319 1781 1369 est
1809 1320 1867 1368 et
1910 1315 2019 1383 ira,

364 1409 446 1465 ibi
478 1411 633 1464 Deus
662 1423 784 1463 non
806 1405 1051 1462 habitat.
1079 1405 1367 1461 Omnibus
1392 1405 1571 1478 igitur
1590 1405 2018 1477 paenitentibus

362 1497 616 1553 remittit
654 1496 831 1562 Deus,
874 1494 926 1550 si
957 1510 1020 1550 se
1052 1498 1398 1549 convertant
1435 1493 1511 1549 ad
1558 1493 1842 1550 unionem
1885 1511 2020 1551 cum

367 1589 485 1645 Deo
519 1590 576 1641 et
596 1584 672 1641 ad
695 1584 1176 1640 communionem
1199 1599 1335 1638 cum
1362 1582 1660 1655 episcopo.
1687 1583 1874 1639 Credo
1896 1600 2022 1655 gra-

364 1676 461 1731 tite
490 1677 624 1731 Jesu
648 1672 883 1741 Christi,
909 1672 1010 1743 qui
1042 1671 1228 1727 solvet
1247 1688 1281 1727 a
1301 1671 1465 1726 vobis
1496 1688 1671 1727 omne
1692 1671 2016 1728 vinculum.

2205 1223 2350 1298 Ἐγὼ
2384 1225 2479 1297 μὲν
2508 1223 2600 1279 οὖν
2640 1224 2702 1278 τὸ
2754 1221 2891 1278 ἴδιον
2949 1221 3192 1293 ἐποίουν,
3248 1223 3326 1286 ὡς
3382 1222 3676 1299 ἄνθρωπος
3707 1226 3788 1289 είς

2131 1306 2322 1367 ἕνωσιν
2350 1312 2800 1383 κατηρτισμένος.
2833 1316 2911 1369 Οῦ
2933 1309 2991 1367 δὲ
3012 1311 3278 1386 μερισμός
3310 1312 3455 1367 ἐστιν
3485 1312 3577 1367 καί
3606 1314 3778 1390 ὀργὴ,

2131 1406 2261 1465 Θεὸς
2293 1401 2355 1457 ού
2384 1406 2646 1458 κατοικεῖ.
2685 1406 2850 1457 Πᾶσιν
2904 1402 2995 1456 οὗν
3047 1405 3397 1474 μετανοοῦσιν
3428 1401 3572 1476 ἀφίει
3603 1404 3631 1457 ὁ
3670 1405 3783 1458 Κύ-

2134 1512 2273 1562 ριος,
2304 1490 2392 1547 ἐὰν
2420 1493 2823 1566 μετανοήσωσιν
2854 1491 2928 1554 εἰς
2954 1490 3181 1561 ἑνότητα
3224 1494 3358 1547 Θεοῦ
3388 1491 3478 1546 καὶ
3509 1488 3789 1567 συνέδριον

2130 1584 2228 1635 τοῦ
2258 1580 2578 1637 ἐπισκόπου.
2615 1580 2857 1636 Πιστεύω
2916 1584 3031 1653 (32)
3081 1585 3151 1655 τῇ
3185 1580 3373 1655 χάριτι
3421 1581 3602 1651 Ἰησοῦ
3646 1584 3781 1654 Χρισ

2129 1674 2284 1737 στοῦ,
2316 1671 2380 1732 ὃς
2408 1667 2560 1724 λύσει
2591 1670 2682 1747 ἀφ’
2725 1670 2877 1743 ὑμῶν
2932 1671 3103 1725 πάντα
3152 1666 3349 1743 δεσμόν
3405 1672 3537 1743 (33).
3596 1672 3786 1745 Πάρα-

365 1762 618 1820 Obsecro
648 1768 847 1819 autem
864 1779 987 1828 vos,
1020 1767 1086 1816 ut
1115 1760 1266 1815 nihil
1297 1761 1666 1836 contentiose
1705 1762 1994 1834 agatis,se¢

2181 1759 2284 1814 ιλῶ
2337 1755 2394 1813 δὲ
2481 1758 2640 1832 ὑμᾶς,
2712 1756 2877 1832 μηδὲν
2932 1761 3047 1814 κατ’
3098 1758 3325 1835 ἐριθείαν
3395 1759 3650 1831 πράσσειν
3716 1763 3786 1829 ¹⁸,

352 1852 527 1924 juxta
557 1852 772 1908 Christi
823 1850 1176 1906 doctrinam.
1221 1850 1366 1904 Cum
1415 1848 1686 1904 audirem
1729 1850 2020 1922 quosdam

362 1942 628 1997 dicentes
652 1957 664 1993 :
693 1940 816 1994 Nisi
847 1940 1130 1995 invenero
1151 1939 1212 1993 in
1234 1939 1499 2008 antiquis
1518 1939 2022 2009 vaticiniis,Evan-

369 2030 522 2104 gelio
548 2046 670 2084 non
692 2029 890 2096 credo,
916 2033 973 2082 et
996 2026 1233 2083 dicente
1256 2042 1346 2081 me
1366 2020 1517 2098 ipsis
1542 2043 1555 2080 :
1595 2027 1892 2099 Scriptum
1910 2036 2020 2099 est,

369 2117 810 2190 responderunt
834 2116 979 2171 mihi
1004 2131 1017 2169 :
1054 2116 1173 2170 Hoc
1204 2114 1732 2171 demonstrandum
1756 2118 2020 2174 est.Mihi

369 2225 503 2264 vero
523 2208 649 2263 loco
670 2205 1043 2278 antiquitatis
1060 2211 1152 2262 est
1167 2206 1192 2260 J
1200 2221 1336 2260 esus
1354 2205 1645 2274 Christus,
1678 2207 2026 2280 incorrupta

367 2303 425 2352 et
454 2298 699 2367 antiqua
727 2295 1004 2366 dogmata
1030 2294 1179 2349 mihi
1233 2298 1373 2349 sunt
1401 2310 1545 2349 crux
1588 2295 1740 2366 ejus,
1765 2300 1824 2351 et
1861 2313 2023 2352 mors

368 2392 425 2443 et
456 2384 813 2441 resurrectio
846 2384 996 2455 ejus,
1030 2389 1089 2438 et
1136 2382 1283 2438 fides
1315 2400 1445 2453 qua}
1477 2400 1584 2455 per
1611 2384 1843 2456 ipsum:
1889 2387 2021 2458 qui-

367 2476 482 2532 bus
504 2473 825 2548 justificari
855 2472 983 2528 volo
1014 2488 1120 2546 per
1148 2489 1353 2545 preces
1382 2478 1627 2529 vestras.

2130 1847 2280 1905 ἀλλὰ
2308 1850 2443 1905 κατὰ
2475 1850 2897 1925 χριστομαθίαν.
2934 1849 3084 1906 Ἐπεὶ
3122 1850 3335 1920 ἤκουσά
3384 1870 3541 1905 τινων
3586 1848 3793 1927 λεγόν-

2128 1962 2263 2010 των,
2285 1937 2371 1996 ὅτι
2404 1939 2523 1994 Ἐὰν
2575 1941 2652 2014 μὴ
2710 1938 2762 1994 ἐν
2793 1944 2910 2002 τοῖς
2943 1941 3053 2012 (34)
3104 1939 3363 2015 ἀρχαίοις
3419 1937 3580 2012 εὕρω,
3611 1939 3672 1994 ὲν
3708 1944 3794 2012 τῷ

2131 2029 2456 2107 Εὐαγγελίῳ
2488 2029 2549 2085 ού
2580 2030 2837 2085 πιστεύω·
2870 2031 2959 2085 καὶ
2994 2028 3249 2104 λέγοντός
3297 2050 3402 2102 μου
3434 2029 3642 2099 αὐτοῖς,
3675 2030 3792 2099 ὅτι,

2132 2120 2489 2195 Γέγραπται,
2547 2118 2917 2195 ἀπεκρίθησάν
2968 2139 3101 2194 μοι,
3160 2117 3245 2175 ὄτι
3303 2123 3421 2191 (35)
3467 2120 3789 2190 Πρόκειται.

2135 2211 2295 2284 Ἐμοὶ
2328 2207 2385 2265 δὲ
2413 2213 2521 2282 (36)
2547 2209 2752 2286 ἀρχαῖά
2802 2208 2940 2264 ἐστιν
3003 2210 3213 2278 Ἰησοῦς
3274 2210 3538 2285 Χριστὸς,
3566 2210 3637 2264 τὰ
3671 2212 3793 2283 (37)

2133 2297 2321 2355 ἄθικτα
2377 2298 2585 2375 ἀρχαία
2614 2300 2642 2354 ὁ
2674 2299 2901 2374 σταυρὸς
2957 2297 3121 2353 αὐτοῦ
3151 2298 3242 2353 καὶ
3285 2299 3313 2354 ὁ
3344 2299 3567 2361 θάνατος
3612 2299 3717 2354 καὶ
3749 2301 3785 2368 ἡ

2133 2388 2413 2451 ἀνάστασις
2474 2388 2640 2445 αὐτοῦ
2689 2389 2780 2443 καὶ
2839 2390 2873 2458 ἡ
2917 2390 3030 2463 (38)
3085 2388 3329 2458 πίστιςὴ
3363 2385 3434 2444 δι’
3498 2389 3697 2444 αὐτοῦ·
3734 2388 3788 2444 ὲν

2134 2478 2214 2542 οἷς
2242 2476 2387 2533 θέλω
2417 2476 2469 2533 ἐν
2506 2481 2574 2552 τῇ
2606 2480 2892 2554 προσευχῇ
2934 2477 3085 2552 ὑμῶν
3116 2474 3491 2548 δικαιωθῆναι.

1399 2563 1498 2620 ΙΧ.
1529 2566 1745 2621 Bonum
1771 2573 1852 2623 est
1887 2569 1952 2625 V.
1981 2570 2066 2637 T.,
2096 2570 2291 2626 melius
2318 2586 2519 2626 novum
2544 2571 2743 2640 foedus,

442 2657 587 2712 Boni
610 2655 852 2727 quidem
876 2659 1015 2709 sunt
1030 2653 1387 2721 sacerdotes,
1420 2655 1800 2726 prmstantior
1819 2662 2020 2714 autem

368 2753 459 2803 est
476 2761 744 2801 summus
761 2743 1147 2816 pontifex,cui
1164 2741 1391 2798 credita
1406 2748 1546 2797 sunt
1561 2744 1774 2800 Sancta
1791 2751 2023 2802 sancto-

2202 2658 2315 2732 (39)
2344 2655 2525 2715 Καλοὶ
2554 2656 2645 2711 καὶ
2676 2657 2728 2712 οἳ
2786 2657 2974 2732 ἱερεῖς,
3006 2659 3115 2732 (40)
3142 2660 3389 2731 κρεῖσσον
3438 2654 3497 2712 δὲ
3525 2658 3555 2713 ὁ
3581 2657 3787 2734 ἀρχιε-

2134 2747 2275 2821 ρεὺς,
2307 2747 2336 2801 ὁ
2366 2746 2792 2819 πεπιστευμένος
2831 2747 2898 2802 τὰ
2926 2752 3094 2820 Ἅγια
3137 2750 3245 2801 τῶν
3276 2745 3467 2820 ἁγίων,
3499 2746 3560 2807 ὃς
3612 2748 3790 2820 μόνος

365 2851 523 2902 rum,
557 2834 649 2890 cui
684 2832 794 2889 soli
830 2837 1058 2887 secreta
1077 2832 1175 2887 Dei
1194 2835 1331 2887 sunt
1348 2830 1564 2888 tradita
1594 2849 1608 2901 ;
1644 2833 1746 2904 qui
1777 2833 1901 2906 ipse
1929 2851 1990 2890 es

2181 2837 2478 2891 επίστευται
2509 2836 2578 2891 τὰ
2606 2834 2817 2912 κρυπτὰ
2838 2838 2936 2891 τοῦ
2966 2819 3120 2891 Θεοῦ·
3172 2819 3337 2898 αὐτὸς
3365 2828 3439 2889 ὤν
3502 2819 3621 2909 (41)
3652 2837 3792 2913 θύρα

1832 2935 1993 2991 Vetus
2020 2938 2310 3008 interpres.

366 3035 481 3091 cati
512 3038 653 3107 sunt
679 3049 795 3097 me,
828 3039 893 3087 ut
914 3032 1329 3107 praescientem
1360 3031 1709 3107 divisionem
1743 3033 2161 3107 quorumdam,
2195 3036 2392 3093 dicere
2422 3038 2570 3094 haec.
2602 3037 2789 3094 Testis
2830 3042 3028 3093 autem
3059 3036 3228 3106 mihi,
3286 3037 3349 3091 in
3400 3052 3517 3107 quo
3548 3036 3790 3094 vinctus

369 3123 523 3181 sum,
552 3104 697 3181 quia
726 3120 760 3159 a
790 3120 966 3160 carne
996 3104 1259 3181 humana
1289 3119 1408 3181 non
1439 3104 1705 3181 cognovi.
1741 3106 1995 3181 Spiritus
2052 3115 2249 3164 autem
2299 3107 2902 3181 praedicavit,dicens
2935 3108 3059 3181 huic
3084 3125 3098 3162 :
3136 3104 3273 3181 Sine
3299 3104 3600 3181 episcopo
3631 3108 3789 3164 nihil

366 3176 636 3253 faciatis;
669 3192 910 3253 carnem
942 3180 1221 3253 vestram,
1250 3180 1318 3228 ut
1346 3176 1635 3253 templum
1668 3176 1798 3253 Dei,
1853 3183 2117 3247 servate;
2171 3176 2462 3236 unitatem
2516 3180 2783 3253 diligite;
2842 3179 3163 3235 divisiones
3192 3176 3375 3252 fugite
3402 3195 3416 3246 ;
3449 3176 3790 3236 imitatores

368 3253 554 3306 estote
585 3249 721 3304 Jesu
749 3247 986 3315 Christi,
1021 3251 1088 3302 ut
1116 3251 1175 3301 et
1202 3247 1330 3318 ipse
1360 3248 1550 3302 Patris
1580 3247 1789 3320 ipsius.

1862 3339 2090 3395 CAPUT
2133 3340 2277 3398 VIII.

433 3429 550 3499 Ego
582 3426 835 3502 quidem
851 3425 1030 3502 igitur
1059 3424 1326 3502 prorium
1354 3424 1672 3502 faciebam,
1700 3432 1766 3483 ut
1817 3427 2008 3502 homo
2022 3429 2116 3502 _in_
2146 3431 2442 3486 unitatem
2473 3428 2792 3502 perfectus.
2826 3429 2936 3486 Ubi
2967 3433 3165 3502 autem
3198 3428 3410 3484 divisio
3441 3434 3537 3502 est
3586 3434 3650 3485 et
3680 3430 3793 3497 ira,

362 3495 517 3572 Deus
547 3495 668 3572 non
700 3495 947 3572 habitat.
990 3495 1279 3572 Omnibus
1309 3496 1497 3572 igitur
1507 3498 1945 3572 paenitentibus
1976 3499 2224 3555 dimittit
2273 3503 2428 3557 Deus
2448 3495 2544 3568 ;'si
2586 3501 2913 3572 pmniteant
2942 3505 3009 3555 ut
3036 3501 3326 3556 unitatem
3352 3500 3478 3568 Dei,
3498 3506 3558 3556 et
3589 3495 3789 3558 conci;

365 3570 514 3624 lium
546 3569 829 3642 episcoPi.
862 3565 1046 3642 Credo
1078 3568 1277 3642 gratiae
1299 3565 1434 3623 Jésu
1463 3565 1700 3642 Christi,
1733 3571 1833 3641 qui
1866 3571 2051 3626 solvet
2082 3588 2116 3627 a
2153 3572 2316 3628 vobis
2346 3565 2522 3628 omne
2580 3565 2903 3628 vinculum.
2939 3573 3233 3642 Deprecor
3262 3565 3474 3627 autem
3491 3589 3595 3628 vos
3628 3574 3786 3629 nihil

368 3640 694 3716 secundum
718 3639 1160 3716 contentionem
1190 3640 1405 3716 facere,
1439 3641 1543 3716 sed
1573 3639 1899 3716 secundum
1932 3643 2146 3698 Christi
2180 3644 2580 3716 disciplinam.
2603 3644 2753 3709 Quia
2781 3644 2975 3716 audivi
2992 3639 3283 3714 quosdam
3303 3643 3601 3716 dicentes:
3628 3646 3794 3710 Quo-

366 3712 528 3768 niam
560 3710 620 3787 si_
644 3727 765 3767 non
795 3711 856 3765 in
888 3710 1474 3787 veteribusinvenio,
1503 3712 1563 3766 in
1603 3714 1915 3787 Evangelia
1946 3731 2066 3769 non
2097 3715 2273 3771 credo
2301 3710 2408 3771 :'et
2434 3716 2668 3771 dicente
2698 3732 2793 3770 me
2820 3714 2991 3787 ipsis,
3011 3710 3302 3785 quoniam
3335 3715 3627 3787 scriptum
3660 3722 3787 3772 est:

363 3782 995 3858 responderuntmihi,
1023 3783 1306 3853 quoniam
1340 3786 1634 3855 praajacut.
1669 3782 1806 3858 ΜΠῐῇ
1853 3791 2051 3858 autem
2109 3787 2471 3858 principium
2521 3793 2610 3843 est
2659 3788 2827 3841 Jesus
2845 3782 3170 3858 Christus;
3223 3782 3791 3858 inapproximabilia

365 3856 857 3981 prirticipia,tc;ux
881 3854 1071 3936 ipsius
1093 3859 1152 3909 et
1181 3870 1363 3920 mors,
1397 3854 1841 3913 et'resurrectio
1872 3857 2082 3928 ipsius,
2111 3854 2174 3913 et
2194 3854 2340 3914 ﬁdes
2372 3875 2504 3930 quae
2534 3875 2642 3931 per
2666 3858 2862 3929 ipsum
2889 3873 2903 3911 :
2927 3857 2989 3912 in
3013 3856 3232 3929 quibus
3261 3854 3389 3913 volo
3418 3857 3480 3914 in
3511 3859 3789 3915 oratione

365 3944 463 3981 ves
493 3944 559 3981 ra
584 3943 677 3981 Ius
707 3944 723 3980 ι
753 3942 916 3981 icari.

364 3925 598 3999 vestra’j
608 3925 916 3983 ustiﬁcari.

1887 4016 2117 4074 CAPUT
2145 4018 2239 4073 IX.

429 4105 575 4178 Boni
605 4110 663 4160 et
684 4103 1518 4178 sacerdotesLmeliusautem
1550 4103 1827 4178 princeps
1859 4105 2262 4178 sacerdotum,
2295 4107 2395 4178 qui
2426 4105 2652 4178 credita
2683 4110 2823 4161 sunt
2872 4106 3086 4178 sancta
3140 4110 3503 4178 sanctorum,
3536 4106 3636 4162 cui
3666 4105 3782 4162 soli

360 4177 586 4260 credita
599 4183 755 4260 “su-nt
776 4175 1008 4260 occulta
1168 4193 1182 4241 ;
1216 4175 1327 4260 qui
1345 4174 1470 4260 ipse
1502 4172 1594 4231 est
1609 4172 1797 4260 ianua
1825 4177 2039 4260 Patris,
2052 4194 2168 4259 _per
2197 4172 2375 4260 quain
2407 4177 2836 4260 ingrediuntur.
2868 4175 3170 4260 Abraham
3198 4181 3257 4231 et
3303 4172 3552 4260 Isaac
3573 4178 3778 4260 Iacob,

363 4252 421 4302 et
448 4249 771 4321 prophetae,
805 4252 863 4300 et
894 4246 1165 4318 apostoli,
1200 4246 1257 4301 et
1286 4246 1523 4302 Ecclesa
1606 4247 1817 4304 Omnia
1865 4248 1989 4304 haec
2026 4246 2111 4305 in
2138 4246 2428 4306 unitatem
2460 4246 2622 4307 fidei.
2654 4249 3028 4321 Praecipuum
3076 4252 3276 4304 autem
3327 4247 3558 4319 aliquid
3602 4249 3757 4305 habe

436 4362 483 4397 ίο
512 4362 666 4417 Phil.
698 4379 759 4430 ιι,
793 4363 846 4417 3.

434 4504 547 4576 (30)
582 4506 708 4577 Mrs"
742 4501 914 4577 λέγων
925 4547 937 4559 .

434 4579 544 4646 (3t,
576 4576 656 4631 Cf.
690 4578 713 4632 Ι
745 4576 874 4631 Cor.
920 4592 1002 4643 ιιι,
1038 4577 1102 4629 16
1127 4592 1140 4641 ;
1167 4593 1240 4640 vr,
1276 4580 1361 4633 l9.

432 4648 546 4720 (32)
579 4648 670 4704 Sc.
704 4647 861 4720 quod
892 4664 989 4701 vos
1020 4647 1252 4720 attinet.

433 4715 544 4791 (33)
575 4715 970 4791 Interpolator
989 4717 1157 4791 addit
1186 4715 1421 4779 ἀδικίας.
1458 4720 1584 4776 Jac.

433 4789 545 4860 (34)
574 4793 639 4845 ln
671 4789 856 4862 priori
888 4789 1149 4862 editione
1177 4806 1313 4845 mea
1350 4808 1490 4846 cum
1527 4792 1750 4858 Vossio,
1802 4793 2012 4848 Bothio

361 4863 648 4932 (Anfange
669 4861 724 4916 ἀ.
762 4864 890 4917 Chr.
925 4861 1147 4935 Kirche,
1178 4878 1245 4935 p.
1271 4864 1400 4930 339)
1421 4869 1478 4916 et
1509 4863 1752 4935 Arndtio
1775 4863 1860 4935 (in
1890 4863 2016 4919 Ull-

363 4936 568 4988 manni
597 4934 827 4990 Studien
856 4950 913 5006 u.
949 4933 1122 5006 Erit...
1158 4933 1484 5006 1839,__1,_p.
1536 4933 2014 5006 i82)interpola-

365 5011 553 5077 torem
587 5011 823 5060 secutus
868 5004 1185 5077 lectionem
1220 5003 1444 5058 codicis
1502 5020 1627 5077 ms.
1665 5003 1920 5077 ἀρχαίοις
1950 5007 2013 5061 in

364 5074 608 5144 ἀρχείοις
630 5077 888 5145 (archivis
922 5100 982 5119 =
1016 5075 1373 5144 documentis)
1413 5076 1654 5131 mutavi.
1688 5074 1853 5133 Nunc
1877 5094 2013 5133 vero

361 5164 424 5200 re
438 5146 648 5202 melius
668 5162 958 5217 perpensa
976 5145 1296 5199 lectionem
1313 5145 1740 5217 codicis,quam
1755 5148 2016 5204 Credner

362 5221 553 5286 (Beitr.
600 5216 797 5290 1,7157),
845 5217 1156 5290 Niemeyer
1195 5216 1747 5290 Oppositionsschrift
1792 5221 1834 5273 l.
1878 5223 1929 5276 2.
1952 5237 2011 5290 p.

361 5294 476 5359 21),
511 5288 892 5346 Diisterdieck
928 5287 1023 5359 (De
1049 5289 1474 5359 [quatianarum
1502 5288 1664 5359 epist.
1698 5287 2013 5356 authentih,

363 5356 499 5423 etc.,
534 5379 601 5433 p.‘
623 5362 692 5433 56
724 5361 872 5425 not.)
905 5356 962 5413 et
988 5356 1355 5433 Jacobsonus
1382 5356 1729 5433 defendunt,
1763 5377 2015 5433 quaeque

361 5448 396 5486 a
426 5428 607 5487 veteri
657 5431 982 5501 interprete
1014 5428 1220 5501 Latino
1258 5430 1458 5501 agnita
1487 5437 1595 5501 est,
1639 5428 2014 5489 retinendam

363 5510 525 5626 guto.
562 5497 830 5583 lgnatius
852 5506 1061 5556 contra
1099 5497 1472 5584 Judaizantes
1501 5497 1681 5560 verba
1714 5504 1875 5569 facit,
1910 5505 2014 5585 qui

413 5574 581 5626 hristi
613 5572 929 5626 adventum
962 5578 1020 5626 et
1049 5586 1389 5626 passionem
1420 5590 1481 5626 in
1511 5576 1783 5626 veteribus
1814 5578 2012 5626 vatici-

413 5569 929 5641 hristi'adventum
962 5578 1020 5626 et
1049 5569 1389 5641 passionem
1420 5573 1481 5628 in
1511 5576 1783 5630 veteribus
1814 5569 2012 5632 vatici-

362 5643 475 5698 niis
505 5640 581 5714 (ἐν
612 5646 727 5702 τοῖς
761 5640 1068 5715 ἀρχαίοις)
1088 5644 1549 5714 praenuntiatam
1587 5647 1906 5719 negabant.

2194 4509 2306 4581 (55)
2336 4510 2381 4566 Ι.
2415 4526 2469 4565 e.
2504 4510 2605 4565 hoc
2635 4510 2816 4581 ipsum
2868 4509 3212 4581 proponitur
3265 4508 3779 4581 demonstrandum.

2194 4526 2306 4581 (ea)
2342 4526 2381 4566 ι.
2415 4526 2469 4565 e.
2504 4526 2605 4565 noc
2635 4526 2816 4635 ipsum
2868 4526 3212 4580 proponitur
3265 4526 3777 4566 monstrandum.

2120 4582 2332 4637 Amor.
2356 4583 2511 4637 Bene
2535 4583 2657 4636 Buc
2704 4586 2836 4636 atus
2860 4597 2873 4634 :
2900 4581 3036 4651 Q’est
3055 4580 3170 4651 celo
3190 4579 3292 4651 qui
3306 4586 3385 4635 est
3410 4597 3481 4651 en
3500 4581 3777 4651 question.

2120 4651 2233 4708 Alii
2266 4652 2579 4723 legendum
2612 4656 2844 4723 putant,
2875 4648 2937 4704 οὐ
2963 4648 3264 4723 πρόκειται,
3298 4667 3409 4705 ηοη
3441 4648 3639 4723 (uiuet.

2194 4723 2307 4797 (36)
2333 4726 2432 4779 Ms.
2469 4724 2647 4797 habet
2677 4722 2894 4797 ᾀρχιῖα.
2927 4722 3036 4797 Qui
3066 4739 3203 4797 vero
3241 4737 3421 4794 supra
3441 4722 3779 4797 lectionem

2123 4793 2486 4868 codic'isims.
2529 4793 2786 4868 ἀρχαίοις
2845 4794 3079 4850 retinet.
3109 4793 3205 4850 hic
3234 4798 3295 4849 et
3315 4793 3497 4866 paulo
3528 4794 3779 4852 inferius

2121 4864 2324 4938 ἀρχαῖς
2354 4867 2511 4938 legat
2543 4864 2797 4938 oportet.

2195 4934 2303 5020 ζὲῖ)
2333 4934 2443 5020 Ms?
2468 4934 2675 5020 ἀίεέηνῐταε
2705 4936 2921 5020 ipse“:

2214 5011 2304 5078 38)
2334 5011 2379 5065 Ι.
2413 5025 2464 5078 θ.
2496 5009 2754 5065 doctrina
2782 5008 3120 5063 Christiana.

2217 5077 2308 5148 39,
2337 5079 2404 5153 pi
2437 5077 2598 5153 ΐερείς
2622 5106 2684 5127 ==
2708 5080 3014 5153 sacerdotes
3043 5079 3271 5134 Judaici
3291 5104 3353 5125 -
3375 5086 3527 5153 vetus
3556 5096 3783 5153 aconc-

2124 5150 2275 5227 r_nid_;
2335 5150 2622 5227 ἀρχιερεὺς
2645 5178 2707 5227 -ε
2732 5151 2983 5227 Christus
3008 5166 3297 5227 :_r_zovum
3337 5150 3560 5227 fmdus._
3592 5151 3784 5227 Aliter

2125 5222 2335 5291 Bothe,
2366 5221 2529 5291 21'th
2576 5242 2633 5294 p.
2689 5225 2790 5278 731
2828 5238 2942 5294 sq.,
2976 5221 3078 5292 qui
3107 5221 3271 5294 tepet:
3319 5221 3393 5294 de
3423 5222 3782 5278 Christianis

2124 5294 2397 5350 Ecclesiae
2429 5292 2949 5365 Philadelphensis
3002 5292 3237 5366 accipit,
3272 5299 3332 5348 et
3359 5293 3445 5348 ita
3487 5293 3783 5366 explicat:

2125 5387 2152 5415 «
2186 5367 2398 5422 Preces
2428 5366 2671 5436 quidem
2692 5369 2902 5421 vestrae
2926 5380 3046 5436 pro
3068 5380 3165 5419 me
3194 5364 3367 5420 bona)
3396 5364 3785 5435 sunt,'multo

2121 5452 2257 5491 vero
2288 5434 2566 5493 meliores
2584 5453 2805 5509 preces
2836 5434 3072 5509 Cpristi.

2193 5509 2303 5577 (401
2336 5504 2733 5579 Interpolator
2755 5504 3043 5579 χρεῶσων.

2195 5580 2307 5652 (lii)
2340 5580 2454 5636 Cfr.
2500 5576 2681 5660 :ioan.
2731 5576 2800 5649 ι,
2821 5580 2875 5644 7,
2908 5580 2941 5633 9
2970 5576 3072 5634 ubi
3120 5576 3388 5634 Christus
3433 5594 3498 5634 se
3528 5579 3664 5653 ipse
3682 5580 3788 5653 ja-

2122 5664 2293 5705 nuam
2318 5656 2562 5721 vocavit.
