3932 6304
354 352 469 412 707

1333 343 1618 405 SANCTI
1666 343 1959 405 IGNATII
2005 345 2402 408 EPISTOLZE
2443 347 2834 412 GENUINIE.

3654 343 3774 406 708

353 483 694 543 concordia.
725 483 930 540 Valete
958 481 1023 538 in
1053 479 1284 537 Christo
1340 477 1498 548 Jesu,
1550 480 1851 535 communi
1903 495 2006 553 spe
2037 483 2090 550 Α

2183 504 2200 534 ν
2236 483 2414 556 σαρκὶ,
2446 485 2624 557 ψυχῇ,
2657 482 2854 551 πίστει,
2923 481 3123 558 ἀγάπῃ,
3183 481 3433 554 ὁμονοίᾳ.
3496 478 3776 557 Ἐῥρωσθε

358 582 579 632 nostra.

695 769 868 878 ἈΒ
950 782 1676 878 ΞΜΥΒΝίΕΟΞ.

365 967 390 993 ‹‹
418 945 698 1012 Ignatius,
723 945 822 1014 qui
850 949 908 998 et
927 943 1327 1014 Theophorus,
1344 942 1622 997 Ecclesiae
1635 942 1736 997 Dei
1751 942 1941 998 Patris
1955 947 2014 996 et

433 1015 633 1070 dilecti
665 1013 801 1070 Jesu
832 1015 1065 1069 Christi.
1086 1013 1267 1069 cmne
1301 1013 1522 1068 donum
1546 1030 1652 1084 per
1673 1014 2012 1084 misericor-

433 1087 591 1141 diam
613 1093 972 1155 consecutaa,
1003 1086 1244 1157 repletas
1279 1085 1394 1140 fide
1426 1091 1485 1139 et
1503 1083 1812 1152 charitate,
1848 1083 2012 1140 nulla

431 1159 620 1229 gratia
653 1159 972 1223 destitutae,
1005 1156 1123 1212 Deo
1143 1156 1543 1211 dilectissimus
1575 1162 1634 1210 et
1657 1157 2008 1229 sanctiferaa,

434 1228 564 1299 quae
596 1235 686 1284 est
717 1230 981 1299 Smyrna;
1009 1229 1070 1283 in
1103 1229 1255 1294 Asia,
1290 1229 1350 1282 in
1383 1235 1586 1282 sancto
1617 1228 1838 1299 Spiritu
1868 1235 1927 1284 et
1947 1228 2010 1282 in

431 1300 618 1357 Verbo
652 1301 778 1357 Dei.
811 1299 1131 1357 plurimam
1163 1299 1414 1355 salutem
1448 1323 1500 1354 ι.

480 1315 618 1357 CPDO
652 1315 778 1369 U81,
810 1315 1131 1372 plurimam
1163 1315 1414 1355 salutem
1448 1323 1500 1354 ι.

2115 568 2168 624 ἐν
2201 573 2415 645 Χριστῷ
2443 573 2654 642 Ἰησοῦ,
2684 576 2754 646 τῇ
2785 575 2944 644 κοινῇ
2975 568 3159 627 ἐλπίδι
3191 573 3375 644 ἡμῶν.

2449 809 3223 906 ΣΜΥΡΝΑΙΟΙΣ
3304 784 3437 856 ‘5”-

2139 956 2404 1030 Ιγνάτιος,
2437 956 2465 1010 ὁ
2530 955 2620 1008 καὶ
2679 957 2971 1031 Θεοφὸρος,
3021 953 3322 1025 Ἐκκλησία
3380 958 3514 1009 Θεοῦ
3563 956 3779 1082 Harpe:

2190 1026 2281 1102 ξιαὶ
2336 1031 2433 1102 τοῦ
2490 1026 2850 1102 ἠγαπημένου
2914 1026 3093 1102 Ἰησοῦ
3151 1028 3410 1102 Χριστοῦ,
3479 1024 3767 1102 ἠλεημνῃ

2191 1097 2242 1172 ἐν
2274 1099 2434 1172 παντὶ
2479 1097 2803 1172 χαρίσματι,
2862 1097 3300 1172 πεπληρωμένῃ,
3356 1097 3410 1172 tv
3458 1097 3643 1172 πίστει
3680 1097 3774 1153 καὶ

2190 1169 2399 1245 ἀγάπῃ,
2457 1169 2569 1241 (52)
2625 1169 2970 1243 ἀνυστερτςτῳ
3027 1169 3157 1245 οὓσῄ
3216 1169 3412 1245 παν-τος
3489 1170 3776 1245 χαρίσμαέ

2188 1240 2304 1318 “is.
2350 1240 2480 1318 (53)
2537 1240 2970 1318 θερπρεπεάτάτῂ
3028 1241 3116 1318 καὶ
3176 1245 3286 1318 (54)
3330 1240 3774 1318 meme

2190 1309 2323 1387 οὔσῃ
2369 1309 2432 1387 ’ἐν
2460 1309 2712 1387 ’Σμύρνῃ
2764 1321 2865 1384 τῆς
2907 1384 2919 1387 _
2947 1309 3151 1380 Ἄσίας,
3319 1309 3557 1386 ἀμξώμῖιιί
3598 1309 3775 1367 Πνεύζ

2193 1384 2322 1456 pm
2351 1385 2438 1439 καὶ
2475 1384 2638 1459 Λόγῲ
2676 1384 2832 1454 Θεοῦ,
2864 1384 3096 1440 πλεῖστα
3128 1384 3366 1460 χαίρεινέ

1425 1487 1468 1539 Ι.
1503 1485 1758 1555 Gloriﬁco
1796 1487 1966 1540 Deum
1995 1491 2227 1555 propter
2253 1485 2415 1553 ﬁdem
2443 1491 2697 1540 vestram.

431 1575 704 1630 Glorifico
734 1577 934 1632 Jesum
968 1575 1263 1631 Christum
1295 1577 1502 1641 Deum,
1558 1577 1658 1646 qui
1707 1592 1806 1630 vos
1865 1575 2011 1630 adeo

359 1665 658 1735 sapientes
690 1664 984 1731 reddidit;
1021 1665 1319 1721 observari
1350 1665 1534 1726 enim.
1568 1665 1863 1736 perfectos
1911 1680 2012 1718 vos

359 1769 488 1807 esse
515 1753 572 1806 in
599 1753 711 1809 fide
741 1754 1052 1822 immobili,
1078 1761 1144 1807 ut
1164 1754 1344 1810 clavis
1366 1753 1574 1809 afﬁxos
1593 1754 1753 1808 cruci
1777 1753 2011 1808 Domini

2192 1573 2305 1646 (55)
2338 1573 2554 1646 Δοξάζω
2582 1574 2794 1643 Ἰησοῦν
2839 1572 3072 1647 Χριστὸν
3106 1571 3196 1626 τὸν
3251 1572 3402 1644 Θεὸν,
3449 1573 3540 1628 τὸν
3589 1572 3773 1634 οὕτως

2125 1661 2263 1735 ὑμᾶς
2323 1663 2636 1741 σοφίσαντα·
2709 1661 2904 1730 ἐνόησα
2958 1661 3058 1734 γὰρ
3112 1661 3251 1733 ὑμᾶς
3304 1662 3773 1732 κατηρτισμὲνους

2122 1750 2172 1804 ἐν
2205 1750 2446 1823 ἀκινήτῳ
2477 1750 2674 1821 πίστει,
2707 1749 2891 1825 ὥσπερ
2943 1753 3054 1823 (56)
3110 1748 3539 1822 καθηλωμένους
3586 1748 3638 1803 ἐν
3689 1753 3774 1821 τῷ

357 1843 491 1897 Jesu
523 1843 757 1912 Christi,
790 1843 984 1916 quoad
1017 1861 1257 1899 carnem
1292 1849 1349 1898 et
1369 1844 2012 1907 animam,etfirmatos
2044 1843 2089 1906 Β

2187 1843 2333 1910 πυρῷ
2356 1842 2452 1893 τοῦ
2508 1839 2706 1913 Κυρίου
2759 1839 2940 1907 ἰησοῦ
3009 1835 3269 1913 Χριστοῦ,
3329 1841 3436 1910 (57)
3495 1835 3654 1909 σαρκί
3715 1857 3774 1891 τε

362 1934 421 1988 in
451 1935 736 1990 cliaritate
753 1951 859 2006 per
872 1935 1223 2006 sanguinem
1242 1934 2006 2006 Christi,persuasissimum

359 2023 669 2091 habentes,
702 2025 1019 2078 Dominum
1053 2041 1256 2078 revera
1287 2040 1417 2079 esse
1451 2040 1520 2077 ex
1557 2040 1771 2094 genere
1827 2021 2006 2077 David

360 2112 686 2167 secundum
719 2129 983 2182 carnem,
1007 2112 1221 2167 Filium
1245 2113 1369 2181 Dei,
1399 2111 1725 2167 secundum
1749 2111 2010 2166 volunta-

358 2207 477 2256 tem
508 2209 566 2256 ct
596 2203 924 2272 potentiam
953 2201 1077 2270 Dei,
1111 2207 1315 2257 natum
1350 2218 1479 2255 vere
1513 2218 1581 2256 ex
1613 2201 1873 2272 Virgine,
1905 2200 2011 2255 ba-

356 2291 639 2361 ptizatum
669 2307 702 2344 a
739 2291 986 2357 Joanne,
1047 2295 1113 2344 ut
1166 2289 1518 2361 impleretur
1569 2290 1640 2345 ab
1690 2307 1758 2345 eo
1811 2290 2008 2344 omnis

350 2377 606 2448 justitia,
641 2394 772 2431 vere
802 2377 909 2432 sub
935 2377 1145 2430 Pontio
1169 2377 1352 2431 Pilato
1385 2383 1443 2430 et
1461 2377 1686 2431 Herodo
1713 2375 2009 2431 tetrarcha

361 2464 541 2520 clavis
573 2465 869 2519 confixum
902 2482 1007 2536 pro
1041 2465 1212 2520 nobis
1243 2465 1304 2520 in
1334 2481 1531 2521 carne.
1565 2467 1643 2519 Ex
1676 2465 1786 2520 hoc
1810 2465 2006 2519 fructu

357 2571 464 2609 nos
497 2570 702 2610 sumus
729 2571 838 2626 per
867 2554 1329 2610 divine-beatam
1363 2555 1701 2625 passionem
1760 2554 1908 2625 ejus,
1945 2559 2010 2608 ut

353 2659 462 2715 per
481 2644 980 2699 resurrectionem
1003 2660 1170 2699 suam
1201 2645 1262 2699 in
1286 2643 1499 2699 saecula
1521 2643 1711 2700 elevet
1729 2643 2007 2699 vexillum

356 2751 462 2804 pro
486 2733 707 2788 sanctis
733 2737 793 2787 et
815 2732 1090 2788 fidelibus
1110 2734 1254 2800 suis,
1289 2734 1408 2788 sive
1431 2733 1493 2787 in
1523 2733 1763 2800 Judteis,
1795 2733 1914 2787 sive
1945 2731 2007 2786 in

357 2821 654 2894 gentibus,
686 2822 747 2876 in
778 2838 898 2877 uno
925 2839 1169 2894 corpore
1202 2823 1477 2877 Ecclesiae
1505 2839 1648 2878 sum.

2116 1928 2204 1982 καὶ
2237 1926 2528 2001 πνεύματι,
2567 1927 2655 1982 καὶ
2704 1925 3081 2000 ἡδρασμένους
3121 1925 3171 1981 ἐν
3221 1927 3399 2002 ἁγάπῃ
3451 1925 3501 1980 ἐν
3550 1930 3624 1997 τῷ
3682 1927 3776 1979 αἲ-

2122 2037 2248 2090 ματι
2290 2017 2527 2092 Χριστοῦ
2557 2020 2690 2089 (58),
2746 2011 3359 2092 πεπληροφορημένους
3409 2015 3482 2076 εἷς
3528 2015 3616 2069 τὸν
3659 2015 3774 2068 Κύ-

2120 2125 2234 2180 ριον
2268 2108 2451 2178 ἡμῶν,
2485 2102 2709 2175 ἀληθῶς
2743 2103 2871 2159 ὄντα
2911 2104 2971 2158 ἐκ
2997 2104 3180 2180 γὲνους
3213 2099 3377 2158 Δαϐὶδ
3407 2103 3542 2158 κατὰ
3571 2104 3775 2178 σάρκα,

2117 2196 2242 2250 Υἱὸν
2275 2200 2432 2266 Θεοῦ,
2460 2195 2594 2251 κατά
2627 2196 2734 2269 (59)
2767 2193 2983 2266 θέλημα
3036 2195 3127 2248 καὶ
3187 2191 3413 2266 δύναμιν
3468 2196 3615 2265 Θενῦ,
3674 2215 3774 2267 γε·

2116 2283 2412 2360 γενημένον
2447 2281 2668 2353 ἀληθῶς
2729 2281 2787 2336 ἐκ
2835 2282 3126 2355 Παρθένου,
3174 2275 3600 2354 βεϐαπτισμένον
3663 2279 3774 2334 ὐπὸ

2118 2371 2387 2442 Ἰωάννου,
2420 2373 2510 2426 ἳνα
2548 2373 2820 2444 πληρωθῇ
2866 2375 3009 2425 πᾶσα
3065 2367 3383 2438 δικαιοσύνη
3439 2371 3526 2424 ὑπ’
3576 2369 3774 2442 αὐτοῦ,

2119 2461 2341 2532 ἀληθῶς
2371 2461 2458 2517 ἐπὶ
2493 2459 2718 2516 Ποντίου
2752 2460 2993 2515 υιΛάτου
3025 2461 3115 2514 καὶ
3173 2457 3424 2534 Ἡρώδου
3457 2459 3773 2534 τετράρχου

2117 2549 2510 2623 καθηλωμένον
2549 2550 2679 2622 ὑπὲρ
2711 2550 2871 2621 ἡμῶν
2921 2547 2974 2602 ἐν
3024 2545 3180 2622 σαρκί
3237 2554 3304 2606 υ.
3362 2549 3478 2626 Ἀφ’
3531 2545 3591 2602 οὗ
3642 2569 3778 2622 καρ-

2117 2643 2221 2694 ποῦ
2251 2642 2364 2713 (60)
2396 2641 2558 2712 ἡμεῖς
2589 2637 2695 2693 ἀπὸ
2724 2641 2822 2692 τοῦ
2853 2638 3288 2712 Θεομακαρίστου
3346 2636 3510 2692 αὐτοῦ
3540 2635 3772 2704 πάθους,

2109 2725 2202 2782 ’ἱνα
2232 2729 2335 2803 ἅρῃ
2371 2727 2648 2800 σύσσημον
2683 2727 2758 2786 εἰς
2799 2727 2926 2788 τοὺς
2991 2726 3194 2789 αἰῶνας
3233 2723 3322 2780 διὰ
3368 2731 3469 2794 τῆς
3527 2724 3766 2780 ἆναστά·

2116 2839 2251 2880 σεως
2284 2817 2360 2879 εἷς
2388 2815 2516 2877 τοὺς
2563 2816 2747 2892 ἁγίους
2804 2815 2896 2870 καὶ
2946 2814 3170 2877 πιστοὺς
3216 2815 3382 2870 αὐτοῦ
3434 2816 3497 2886 ι’,
3545 2812 3659 2870 εἴτε
3719 2813 3772 2869 ἐν

2114 2903 2425 2978 Ἰουδαίοις,
2458 2905 2564 2961 εἲτε
2596 2903 2648 2960 ἓν
2700 2900 2923 2974 ἔθνεσιν,
2973 2902 3027 2960 ἒν
3077 2903 3154 2960 ἑνὶ
3222 2905 3436 2978 σώματι
3491 2910 3593 2973 τῆς
3650 2904 3776 2959 Ἐκ-

2115 2995 2349 3067 κλησῖας
2378 2994 2564 3052 αὐτοῦ.

1232 3101 1302 3154 II.
1335 3101 1580 3154 Christus
1609 3116 1733 3155 vere
1763 3098 1822 3153 in
1853 3115 2019 3154 carne
2040 3113 2234 3170 passus
2259 3104 2355 3154 est.
2391 3098 2592 3152 Contra
2623 3096 2866 3151 Doceta's.

421 3207 633 3262 Omnia
662 3211 859 3262 autem
891 3205 1016 3262 haec
1074 3221 1283 3278 passus
1336 3212 1426 3260 est
1472 3211 1714 3278 propter
1761 3223 1892 3275 nos,
1937 3210 2000 3261 ut
2031 3207 2074 3274 C

2186 3204 2505 3277 (61)Ταΰτα
2535 3200 2638 3278 γὰρ
2678 3201 2852 3256 πάντα
2907 3195 3099 3256 ἔπαθεν
3159 3197 3230 3255 δι’
3287 3203 3458 3275 ἡμᾶς,
3513 3202 3606 3256 ἳνα
3669 3221 3774 3255 σω-

1816 3323 1980 3377 Vetus
2009 3323 2298 3390 interpres.

348 3425 628 3492 raverunt
647 3419 828 3492 ipsos,
861 3419 1194 3475 liberentur
1223 3420 1503 3492 inigratia
1530 3422 1666 3476 Jesu
1695 3420 1933 3492 Christi.
1955 3419 2195 3492 Salutat
2223 3435 2323 3492 vos
2351 3417 2608 3492 charitas
2636 3416 2957 3492 multorum
2989 3415 3090 3488 qui
3119 3415 3181 3492 i_n
3220 3415 3445 3492 troade
3469 3433 3483 3471 :
3516 3416 3683 3492 unde
3712 3423 3774 3471 et

351 3491 543 3546 scribo
575 3487 743 3545 vobis
771 3507 878 3561 per
911 3493 1181 3560 Burrum,
1224 3487 1471 3546 missum
1504 3509 1736 3547 mecum
1763 3491 1835 3546 ab
1868 3491 2136 3562 Ephesiis
2170 3495 2228 3544 et
2249 3489 2566 3562 Smyrnaeis
2590 3489 2656 3562 in
2679 3487 2923 3562 verbum
2941 3487 3206 3543 honoris.
3241 3489 3503 3562 Honoret
3525 3494 3586 3562 et
3605 3489 3770 3562 ipsos

348 3563 636 3635 Dominus
663 3558 833 3616 Jesus
861 3562 1126 3635 Christus
1156 3558 1174 3629 ;’
1202 3563 1262 3616 in
1296 3579 1472 3633 quem
1505 3568 1745 3635 sperent
1777 3558 1976 3632 carne,
2005 3563 2223 3629 anima,
2258 3558 2492 3633 spiritu,
2529 3559 2668 3629 ﬁde,
2713 3558 3025 3628 charitate,
3061 3558 3396 3616 concordia.
3457 3558 3659 3615 Valete
3707 3561 3769 3614 in

348 3633 578 3688 Christo
609 3633 764 3702 Jesu,
799 3634 1100 3688 communi
1135 3651 1236 3705 spe
1270 3641 1491 3689 nostra.

349 3745 376 3772 ‹‹
403 3721 686 3792 Ignatius,
719 3721 820 3791 qui
853 3727 909 3776 et
936 3723 1336 3793 Theophorus,
1371 3723 1644 3778 Ecclesiae
1674 3723 1777 3778 Dei
1810 3723 1998 3778 Patris
2043 3728 2102 3777 et
2151 3721 2352 3776 dilecti
2400 3722 2535 3776 Jesu
2574 3719 2833 3793 Christi,
2873 3719 3114 3793 habenti
3161 3720 3651 3793 piropitiationem
3707 3722 3767 3775 in

418 3791 578 3847 Omni
602 3791 1234 3864 charismatejmpletaa
1255 3793 1314 3848 in
1337 3793 1450 3848 tlde
1478 3801 1536 3849 et
1556 3795 1864 3859 charitate,
1889 3793 2251 3849 indeﬁcienti
2277 3792 2583 3848 exsistenti
2603 3791 2765 3846 omni
2787 3791 3165 3864 charismate,
3185 3792 3302 3846 Deo
3321 3791 3765 3848 decentissima

424 3871 481 3918 et
513 3863 865 3933 sanctiferaa,
897 3861 1206 3921 exsistenti
1237 3865 1299 3919 in
1331 3865 1582 3936 Smyrna
1610 3867 1762 3921 Asia-2
1787 3881 1801 3932 ;
1836 3867 1898 3920 in
1930 3865 2380 3936 incoinquinato
2407 3863 2619 3935 spiritu
2647 3867 2705 3918 et
2725 3862 2900 3917 verbo
2925 3863 3047 3929 Dei,
3076 3861 3396 3934 plurimum
3421 3864 3682 3934 gaudere
3710 3887 3760 3919 ι).

1890 3965 2115 4018 CAPUT
2154 3963 2196 4019 Ι.

414 4062 688 4117 Glorillco
719 4063 917 4134 Jesum
936 4062 1234 4118 Christum
1262 4064 1464 4128 Deum,
1488 4064 1588 4133 qui
1612 4081 1709 4118 vos
1734 4063 2032 4134 sapientes
2062 4063 2232 4126 fecit;
2267 4062 2530 4117 intellexi
2565 4060 2724 4115 enim
2753 4059 3173 4134 vosperfectos
3199 4061 3261 4115 in
3291 4061 3587 4134 immobili
3625 4063 3761 4130 fide,

345 4133 847 4202 quemadmodum
871 4133 1170 4188 claviﬁxos
1204 4135 1263 4188 in
1295 4151 1466 4189 cruce
1486 4135 1716 4190 Domini
1741 4133 1927 4189 nostri
1947 4135 2084 4189 Jesu
2104 4134 2320 4189 Christi
2352 4140 2409 4188 et
2439 4149 2615 4188 carne
2638 4138 2698 4187 et
2729 4133 2964 4204 spiritu,
2990 4137 3048 4186 et
3077 4133 3344 4188 ﬁrmatos
3367 4134 3428 4187 in
3445 4133 3759 4198 charitate,

344 4205 408 4257 in
439 4206 725 4276 sanguine
757 4205 971 4276 Christi
1000 4221 1012 4260 :
1048 4207 1404 4262 certiﬁcatos
1434 4211 1495 4262 in
1528 4207 1842 4262 Dominum
1867 4212 2138 4261 nostrum
2187 4207 2388 4260 Jesum
2436 4205 2757 4269 Christum,
2809 4219 2944 4276 vere
2993 4204 3375 4276 exsistentem
3425 4205 3496 4259 de
3543 4221 3761 4276 genere

346 4276 525 4350 David
557 4275 887 4350 secundum
918 4293 1178 4343 carnem,
1211 4279 1426 4332 Filium
1458 4279 1558 4332 Dei
1595 4278 1924 4334 secundum
1964 4277 2328 4332 voluntatem
2360 4282 2417 4331 et
2447 4276 2774 4350 potentiam
2808 4275 2930 4350 D_ei,
2962 4275 3225 4350 genitum
3253 4293 3387 4350 vere
3407 4293 3476 4330 ex
3501 4275 3759 4350 Virgine,

345 4345 707 4420 baptizatum
739 4363 772 4400 a
799 4348 1045 4420 Joanne,
1077 4355 1143 4402 ut
1173 4351 1466 4418 impleatur
1494 4353 1669 4404 omnis
1688 4351 1915 4420 justitia
1945 4350 2014 4403 ab
2044 4351 2197 4420 ipso,
2232 4365 2366 4420 vere
2419 4345 2543 4420 sub,
2575 4347 2780 4420 Pontio
2829 4345 3039 4420 Pilato
3067 4352 3127 4401 et
3178 4347 3405 4420 Herode
3457 4345 3762 4403 tetra'rcha

345 4417 678 4492 clavilixum
710 4435 814 4489 pro
845 4419 1015 4473 nobis
1042 4420 1103 4492 in
1136 4417 1331 4475 carne.
1367 4423 1413 4475 A
1452 4421 1621 4492 cujus
1651 4417 1848 4476 fructu
1870 4437 1999 4492 nos,
2034 4417 2283 4474 a’divine
2308 4419 2652 4492 beatissima
2672 4418 2860 4492 ipsius
2887 4417 3190 4492 passione;
3214 4424 3280 4492 ut
3305 4419 3439 4474 levet
3457 4422 3683 4488 signum
3704 4420 3762 4474 in

347 4488 579 4570 saecula,
614 4488 719 4570 per
748 4491 1265 4570 resurrectionem,
1295 4492 1354 4546 in
1392 4488 1625 4547 sanctos
1657 4500 1714 4548 et
1748 4491 1954 4548 fideles
1985 4492 2192 4562 ipsius,
2223 4495 2281 4546 et
2310 4491 2372 4545 in
2399 4489 2617 4544 Judaeis
2665 4488 2723 4544 et
2774 4489 2836 4543 in
2883 4488 3178 4560 gentibus,
3231 4490 3293 4544 in
3341 4506 3463 4545 uno
3515 4507 3760 4562 corpore

1871 4634 2102 4690 CAPUT
2156 4634 2228 4689 ΙΙ.

421 4729 555 4784 Haac
587 4729 746 4784 enim
776 4731 978 4786 omnia
1007 4748 1214 4803 passus
1246 4737 1334 4785 est
1364 4748 1470 4801 pro
1503 4730 1697 4801 nobis,
1747 4739 1813 4787 ut
1869 4733 2179 4788 salvemur.
2241 4731 2308 4786 Et
2361 4747 2496 4786 vere
2547 4745 2754 4799 passus
2813 4735 2921 4801 est,
2954 4735 3020 4784 ut
3076 4736 3134 4784 et
3190 4745 3323 4785 vere
3383 4732 3760 4787 resuscitavit

345 4557 634 4614 Ecclesiae
649 4560 857 4630 ipsius.

421 4846 461 4882 “
493 4848 696 4903 Matth.
731 4864 815 4916 ιιι,
851 4852 936 4903 15.
1018 4849 1061 4885 ι’
1092 4848 1225 4904 lsai.
1270 4865 1319 4913 v,
1353 4849 1459 4913 26;
1489 4864 1641 4917 xux,
1673 4852 1762 4905 22.

419 4998 533 5068 (5t)
581 4998 767 5070 Hujus
798 4999 1063 5071 epistola:
1112 4999 1304 5072 versio
1328 4999 1595 5072 (Syriaca,
1621 5017 1741 5055 non
1772 5007 1995 5068 exstat;
2027 5009 2073 5072 D

2183 5000 2292 5070 [56)
2326 4998 2783 5072 Καθηδιωμένους.
2820 4999 2936 5055 Hoc
2966 4998 3249 5072 vocabulo
3275 4999 3538 5071 lgnatius
3571 5001 3756 5056 ﬁrmi-

348 5068 684 5140 fragmenta
701 5068 898 5126 tamen
915 5070 1206 5126 nonnulla
1217 5068 1451 5141 SyriaCa
1469 5071 1654 5126 edidit
1667 5073 1996 5128 Curetonus

350 5145 393 5194 Ι.
425 5158 499 5208 c.,
527 5158 626 5212 pp.
662 5144 749 5208 32,
782 5145 851 5196 42
882 5149 939 5197 et
965 5144 1056 5196 48.

423 5208 679 5289 (52):Cl'r.
720 5215 738 5268 l
771 5213 901 5289 Cor.
937 5230 977 5277 ι,
1010 5217 1040 5266 7
1077 5229 1088 5266 :
1145 5208 1284 5264 ὥστε
1333 5210 1471 5284 ὑμᾶς
1525 5213 1600 5286 μὴ
1661 5213 1993 5289 ὑστερεῖσθαι

348 5278 401 5333 ἰν
431 5278 634 5358 ip.anqu
658 5284 1002 5358 χαρίσματι.

423 5354 540 5425 (-53)
571 5354 714 5410 Vide
738 5354 786 5410 cs.
826 5357 882 5409 ll
923 5362 980 5410 et
1007 5357 1091 5408 l2.

420 5426 603 5493 (54)1.
641 5442 692 5482 e.
751 5443 870 5497 quae
927 5425 1131 5481 sanctis
1188 5428 1394 5494 referta
1449 5435 1547 5495 est,
1608 5445 1776 5498 eoque
1832 5428 1995 5498 quasi

341 5511 545 5565 parere
574 5499 804 5552 videtur.
841 5499 1039 5552 PEARS.

419 5567 529 5632 (55)
561 5568 752 5623 Codex
784 5586 893 5634 ms,
927 5568 1106 5623 habet
1149 5562 1404 5635 δοξάζων.
1458 5569 1569 5626 Sed
1619 5586 1754 5625 cum
1796 5571 1990 5627 inter-

2106 5079 2289 5129 tatem
2321 5070 2459 5125 ﬁdei
2493 5070 2930 5141 Smyrnazorum
2963 5071 3241 5126 illustrat.

2175 5147 2280 5205 (57)
2315 5144 2357 5196 Ι.
2391 5159 2443 5196 e.
2477 5159 2547 5196 ea:
2576 5145 2791 5211 integro
2817 5158 2880 5197 ac
2908 5145 3023 5197 sine
3051 5142 3166 5198 ullo
3196 5143 3658 5212 defectu.'SI|rn.

2175 5216 2285 5287 (58)
2306 5213 2450 5287 _Ha_ac
2482 5213 2684 5268 laudat
2714 5213 3085 5282 Theodoret.,
3119 5214 3288 5280 Dial.,
3317 5215 3362 5268 Ι.
3386 5219 3430 5268 t.
3464 5215 3558 5282 ιν,
3590 5233 3646 5287 p.
3667 5217 3757 5270 49.

2104 5285 2197 5340 ed.
2233 5285 2498 5340 Schulze.

2173 5356 2284 5426 (59»
2315 5355 2718 5410 Theodoretus
2749 5356 2930 5412 habet
2959 5353 3214 5423 σεύτητα,

2173 5429 2282 5497 (60)
2315 5427 2405 5500 Sc,
2443 5427 3336 5500 ligni;__Christus,pendensiin
3369 5427 3552 5500 ligno,
3582 5430 3756 5498 quasi

2098 5499 2326 5553 fructus
2351 5498 2480 5570 ejus
2504 5497 2870 5570 intelligitur.
2897 5497 3009 5554 Cfr.
3035 5500 3110 5554 ad
3134 5498 3330 5567 Trall.,
3355 5497 3453 5556 cf!
3475 5505 3522 5556 l.
3548 5497 3756 5555 Pisas.

2172 5571 2279 5640 (61)
2322 5569 2435 5624 Cfr.
2483 5569 2724 5625 Joannis
2771 5569 3101 5625 doctrinam
3151 5571 3222 5626 de
3272 5586 3453 5625 carne
3509 5571 3756 5626 Christi-

387 5636 611 5714 olato_re
642 5646 699 5695 et
741 5640 1070 5714 fragmento
1127 5637 1361 5709 Syriaco
1410 5642 1737 5714 (Cureton.,
1787 5659 1844 5714 p.
1899 5642 1990 5713 32)
2098 5641 2145 5698 Ι.
2177 5636 2341 5696 Joan.
2376 5657 2447 5710 Iv,
2489 5644 2560 5706 2;
2597 5658 2636 5709 ι,
2676 5646 2740 5706 1;
2775 5658 2838 5709 ιι,
2871 5645 2958 5696 22.

369 5707 662 5778 agendum
692 5705 1096 5781 puto'Soeatcw.
