3932 6304
170 399 271 460 ’ῐο9
1337 391 1724 452 EPISTOLA
1768 390 1873 449 AD
1919 391 2079 450 SMY
2094 390 2394 451 HNIEOS.

3425 395 3546 453 ’710

169 533 348 602 θῶμεν.
380 528 477 585 Καὶ
507 526 729 598 ἀληθῶς
760 520 971 594 ἔπαθεν,
1022 525 1094 586 ὡς
1150 523 1241 579 καὶ
1288 521 1515 594 ἀληθῶς
1543 521 1781 592 ἆνὲστη-
1817 526 1872 591 Α

1973 524 2154 579 lutem
2184 529 2781 595 consequeremur.Et
2809 542 3014 583 revera
3043 543 3252 599 passus
3283 531 3461 595 est,ut
3489 531 3550 581 et

172 641 242 674 σεν
295 621 396 692 (62)
453 616 662 686 ἑαυτὸν,
721 615 850 690 οὐχ’
906 612 1088 686 ὥσπερ
1149 609 1364 666 ἄπιστοί
1416 631 1554 672 τινες
1586 609 1787 685 λεγου-

1973 630 2101 669 vera
2130 615 2392 688 seipsum
2423 616 2828 684 resuscitavit;
2862 633 3002 683 non,
3034 622 3101 672 ut
3137 617 3380 688 quidam
3411 616 3544 671 inﬁ-

168 730 256 775 σιν,
291 709 393 782 (63)
448 707 508 760 τὸ
567 702 746 760 δοκεῖν
805 702 966 760 αὐτὸν
1020 701 1369 771 πεπονθέναι,
1402 700 1558 756 αὐτοὶ
1586 700 1650 755 τὸ
1675 703 1788 773 (64)

168 797 321 854 δοκεῖν
373 798 538 860 ’ὀντες-
597 797 688 851 καὶ
745 796 924 860 κιθὼς
980 798 1270 874 φρονοῦσιν
1321 794 1410 848 καὶ
1446 786 1785 865 συμϐήσεται

162 887 344 955 αὐτοῖς,
374 884 518 942 οῦσιν
549 885 863 960 ἀσωμάτοις
894 884 985 940 καὶ
1017 881 1384 958 δαιμονικοῖς.

1899 702 2063 758 deles
2094 702 2318 770 dicunt,
2343 704 2672 760 secundum
2698 706 3108 776 apparentiam
3141 722 3276 762 eum
3303 721 3544 778 passum

1899 808 2050 860 esse,
2084 794 2198 864 ipsi
2245 792 2573 849 secundum
2618 796 3026 866 apparentiam
3058 795 3455 863 exsistentes;
3488 799 3546 849 et

1898 883 2402 953 quemadmodum
2424 884 2682 955 sapiunt,
2703 884 2786 938 sic
2808 889 2867 938 et
2887 885 3191 957 continget
3209 884 3546 956 eis,quippe

1897 973 1998 1043 qui
2029 973 2386 1045 phantastici
2419 973 2540 1028 sint
2559 979 2620 1029 et
2642 972 2937 1030 diabolici.

1067 1105 1159 1159 III.
1195 1103 1442 1159 Christus
1479 1109 1531 1157 et
1553 1108 1679 1174 post
1710 1102 2164 1156 resurrectionem
2193 1103 2251 1155 in
2291 1116 2454 1156 carne
2481 1102 2617 1168 fuzt.

225 1238 320 1305 (65)
353 1233 489 1307 Ἐγὼ
545 1231 650 1308 γὰρ
710 1232 800 1286 καὶ
863 1229 998 1304 μετᾶ
1054 1230 1172 1299 τήν
1214 1229 1496 1284 ἀνάστασιν
1547 1227 1598 1281 ἐν
1633 1225 1791 1301 σαρκὶ

159 1322 302 1379 αὐτὸν
353 1319 472 1378 οἶδα
521 1322 613 1377 καὶ
679 1321 918 1377 πιστεύω
972 1341 1119 1378 οντα.
1177 1321 1279 1377 Καὶ
1331 1319 1420 1374 ὅτε
1479 1319 1615 1394 πρὸς
1666 1318 1793 1380 τοὺς

161 1412 271 1486 περῖ
327 1412 519 1486 Πὲτρον
569 1411 754 1481 ἦλθεν,
815 1403 916 1487 ἔφη
975 1409 1182 1472 αὐτοῖς*
1243 1404 1468 1478 Λάϐετε,
1527 1407 1795 1484 ψηλαφή-

161 1502 269 1556 σατὲ
325 1521 408 1574 με,
471 1500 564 1556 καὶ
628 1497 796 1568 Ἱδετε,
858 1498 942 1554 ὅτι
1001 1498 1106 1554 οὐκ
1161 1497 1276 1571 εἰμὶ
1329 1495 1614 1570 δαιμόνιον
1646 1496 1794 1552 ἀσώ-

169 1611 318 1663 ματον
343 1592 474 1664 (66).
509 1590 612 1647 Καὶ
662 1587 818 1653 εὐθὺς
851 1588 1016 1644 αὐτοῦ
1045 1589 1307 1662 ἣψαντον,
1341 1588 1426 1642 καὶ
1460 1586 1793 1657 ἐπίστευσαν,

161 1677 494 1754 κρατηθέντες
552 1683 622 1752 τῇ
682 1677 836 1752 σαρκὶ
896 1677 1062 1732 αὐτοῦ
1117 1678 1206 1730 καὶ
1255 1677 1333 1747 τῷ
1381 1675 1665 1751 πνεύματι.
1699 1677 1797 1730 Δια

162 1773 307 1824 τοῦτο
335 1769 421 1823 καὶ
474 1769 705 1823 θανάτου
755 1768 1186 1845 κατεφρόνησαν,
1221 1767 1527 1842 ηὑρέθησαν
1572 1764 1628 1822 δὲ
1660 1767 1794 1842 ὑπὲρ

1974 1228 2090 1299 Ego
2120 1227 2280 1282 enim
2311 1229 2451 1298 scio,
2503 1234 2562 1284 et
2603 1234 2738 1300 post
2785 1230 3286 1286 resurrectionem
3319 1247 3453 1285 eum
3485 1231 3547 1286 in

1901 1331 2078 1371 carne
2109 1315 2315 1384 fuisse,
2348 1321 2406 1371 et
2432 1317 2606 1372 credo
2638 1334 2774 1372 eum
2805 1317 2998 1374 adhuc
3027 1319 3087 1373 in
3120 1335 3297 1374 carne
3325 1321 3552 1374 esse.Et

1903 1405 2139 1476 quando
2191 1405 2266 1460 ad
2295 1406 2534 1461 Petrum
2565 1411 2624 1461 et
2652 1408 2842 1462 socios
2871 1407 3002 1478 ejus
3032 1408 3210 1476 venit,
3245 1408 3330 1463 eis
3361 1407 3509 1463 dixit
3535 1442 3548 1478 ε

1903 1515 1931 1544 ‹‹
1953 1493 2657 1566 Apprehendite,palpate
2679 1502 2862 1565 me,et
2884 1495 3093 1563 videte,
3114 1496 3273 1568 quod
3296 1514 3416 1552 non
3439 1497 3552 1552 sim

1905 1581 2264 1639 dmmonium
2285 1583 2791 1656 incorporale.»Et
2805 1585 3116 1641 confestim
3137 1587 3335 1658 ipsum
3353 1587 3557 1658 tetige-

1905 1677 2048 1728 runt
2078 1677 2137 1728 et
2166 1673 2568 1742 crediderunt,
2591 1675 2840 1730 convicti
2873 1692 3048 1730 carne
3077 1676 3203 1748 ejus
3231 1681 3288 1730 et
3317 1677 3552 1747 spiritu.

1905 1763 2152 1833 Propter
2182 1763 2293 1818 hoc
2325 1763 2501 1818 etiam
2528 1770 2770 1819 mortem
2802 1769 3374 1836 contempserunt,et
3404 1781 3555 1819 mor-

159 1857 384 1920 θάνατον.
418 1860 534 1932 (67)
594 1856 744 1913 Μετᾶ
773 1853 832 1910 δὲ
886 1857 988 1925 τήν
1058 1853 1344 1911 ἀνάστασιν
1376 1856 1667 1934 συνέφαγεν
1699 1855 1795 1911 (1'3-
1830 1868 1876 1932 Β

1973 1868 1981 1904 ι
2010 1857 2148 1905 sunt
2177 1851 2398 1906 inventi
2426 1853 2696 1908 victores.
2745 1853 2886 1907 Post
2913 1854 3412 1909 resurrectionem
3443 1869 3550 1909 au-

158 1951 260 2009 τοῖς
286 1947 371 2002 καὶ
429 1947 674 2002 συνὲπιεν
736 1946 809 2008 ὡς
870 1945 1149 2019 σαρκικὸς,
1187 1944 1380 2020 καίπερ
1413 1949 1793 2018 πνευματικῶς

157 2033 424 2110 ἡνωμένος
446 2042 526 2110 τῷ
559 2036 758 2112 Πατρί.

1903 1943 2023 1994 tem
2057 1957 2192 1995 cum
2225 1941 2344 1996 illis
2375 1941 2632 1997 comedit
2663 1947 2720 1996 et
2745 1941 2911 2008 bibit,
2938 1947 3004 1996 ut
3034 1942 3310 2012 carnalis,
3343 1958 3552 2013 quam-

1903 2028 1989 2083 vis
2019 2029 2408 2100 spiritualiter
2436 2030 2638 2086 unitus
2670 2036 2826 2086 esset
2854 2031 3034 2087 Patri.
3377 2024 3383 2031 ’

532 2175 626 2229 IV.
661 2173 851 2229 Cavete
877 2173 1025 2229 vobis
1054 2174 1123 2228 ab
1155 2172 1422 2228 hmreticis
1453 2175 1588 2230 istis.
1621 2176 1740 2231 Nisi
1770 2172 2021 2232 Christus
2060 2183 2183 2222 vere
2224 2183 2419 2238 passus
2471 2174 2624 2234 esset,
2657 2183 2756 2222 nec
2786 2183 2884 2236 ego
2909 2174 3153 2238 paterer.

213 2296 383 2350 Ταῦτα
414 2293 469 2351 δὲ
499 2300 753 2370 παραινῶ
811 2295 963 2369 ὑμῖν,
1005 2294 1305 2370 ἀγαπητοὶ,
1367 2292 1547 2366 εἰδὼς,
1581 2297 1666 2352 ’ὁτι
1702 2295 1790 2352 καὶ

154 2383 294 2455 ὑμεῖς
350 2385 531 2448 οὕτως
589 2382 763 2460 ἔχετε.
830 2383 1207 2463 ΙΙροφυλάσσω
1267 2381 1325 2438 δὲ
1376 2385 1515 2459 ὑμᾶς
1549 2385 1654 2440 ἀπὸ
1684 2390 1795 2440 τῶν

154 2473 339 2547 θηρίων
390 2478 499 2529 τῶν
558 2473 1065 2552 ἀνθρωπομόρφων,
1098 2469 1191 2535 οῦς
1244 2472 1306 2527 οὗ
1344 2473 1506 2545 μόνον
1540 2470 1626 2528 δεῖ
1654 2474 1794 2546 ὑμᾶς

153 2563 222 2633 μή
251 2561 668 2640 παραδέχεσθαι,
719 2561 844 2618 ἀλλ’
897 2561 945 2616 εἴ
993 2559 1220 2616 δυνατόν
1264 2559 1398 2631 ἐστι,
1435 2559 1577 2635 μηδὲ
1604 2584 1794 2618 συναν-

150 2654 254 2721 τᾷν,
312 2652 475 2724 μόνον
538 2649 596 2707 δὲ
653 2651 1051 2726 προσεύχεσθαι
1110 2652 1244 2725 ῦπὶρ
1301 2651 1505 2716 αὐτῶν,
1552 2649 1638 2706 ἐάν
1677 2673 1795 2715 πως

156 2743 572 2811 μετανοήσωσιν,
619 2740 751 2814 ὅπερ
802 2736 1090 2797 δύσκολον.
1152 2740 1364 2796 Τούτου
1395 2737 1452 2795 δὲ
1483 2739 1602 2814 ἔχει
1642 2739 1797 2811 ἐξου-

154 2825 257 2882 σίαν
300 2834 510 2901 Ἰησοῦς
564 2830 805 2904 Χριστὸς
831 2830 894 2883 τὸ
926 2827 1189 2898 ἀληθινὸν
1235 2831 1399 2902 ἡμῶν
1432 2833 1553 2904 ζῇν.
1582 2833 1701 2902 (68)
1733 2831 1795 2886 Εἰ

151 2916 242 2989 γὰρ
289 2918 350 2972 τὸ
406 2917 586 2975 δοκεῖν
639 2920 748 2992 (69)
792 2921 962 2974 ταῦτα
1013 2917 1266 2992 ἐπράχθη
1325 2917 1430 2972 ὑπὸ
1459 2922 1556 2972 τοῦ
1586 2919 1798 2993 Κυρίου

151 3006 322 3078 ἡμῶν,
352 3007 508 3085 κάγὼ
538 3011 620 3079 τῷ
652 3004 829 3062 δοκεῖν
863 3003 1105 3080 δέδεμαι.
1165 3006 1228 3061 Τί
1292 3003 1350 3060 δὲ
1393 3008 1482 3062 καὶ
1517 3011 1632 3074 (’70)
1664 3007 1796 3062 ἐαυ-

153 3093 234 3147 τὸν
262 3090 478 3152 ἔκδοτον
512 3093 728 3152 δὲδωκα
779 3099 859 3168 τῷ
913 3095 1149 3166 θανάτῳ,
1181 3096 1318 3170 πρὸς
1343 3100 1474 3166 πῦρ,
1518 3097 1656 3172 πρὸς
1693 3098 1798 3170 μά-

1981 2294 2061 2348 De
2089 2292 2180 2347 his
2209 2297 2407 2347 autem
2439 2290 2727 2347 admoneo
2759 2310 2882 2362 vos,
2913 2295 3267 2367 charissimi,
3293 2295 3557 2365 quamvis

1910 2399 2010 2438 vos
2037 2381 2196 2438 idem
2228 2381 2450 2437 sentire
2482 2382 2686 2438 sciam.
2723 2383 2833 2439 Sed
2864 2385 3191 2456 praemunio
3224 2402 3321 2439 vos
3352 2390 3558 2440 contra

1906 2473 2085 2538 feras,
2118 2472 2412 2527 humanas
2461 2472 2657 2543 specie
2713 2471 2974 2540 indutas,
3035 2491 3181 2545 quos
3212 2491 3331 2530 non
3363 2473 3558 2529 solum

1907 2563 2139 2633 Oportet
2167 2577 2267 2615 vos
2299 2577 2419 2615 non
2449 2561 2735 2632 recipere,
2765 2561 2888 2629 sed,
2921 2562 2967 2616 si
3000 2562 3280 2633 possibile
3313 2567 3422 2628 est,
3454 2578 3563 2616 ne-

1908 2671 2022 2724 que
2053 2653 2285 2708 obviam
2309 2653 2392 2708 eis
2416 2653 2566 2719 fieri,
2586 2653 2778 2708 solum
2801 2671 2934 2709 vero
2965 2672 3070 2726 pro
3103 2655 3186 2709 eis
3217 2671 3558 2716 orare.num

1907 2743 2170 2813 aliquam
2201 2742 2608 2813 pmnitentiam
2639 2747 2833 2814 agant,
2862 2743 3021 2814 quod
3051 2743 3372 2800 admodum
3403 2743 3558 2798 difﬁ-

1908 2831 2020 2886 cile
2047 2831 2351 2902 est.Hujus
2374 2835 2572 2886 autem
2602 2836 2958 2903 potestatem
2989 2832 3167 2888 habet
3193 2833 3359 2888 Jesus
3389 2833 3559 2887 Chri-

1909 2923 2056 2990 stus,
2089 2920 2190 2990 qui
2222 2935 2359 2974 vera
2389 2925 2478 2974 est
2499 2920 2615 2975 vita
2645 2925 2866 2975 nostra.
2887 2920 2945 2975 Si
2967 2927 3163 2977 autem
3185 2921 3335 2977 illud
3354 2922 3428 2976 ad
3458 2938 3557 2993 αρε
3631 2975 3635 2978 .

1907 3009 2242 3080 parentiam
2270 3013 2502 3064 tantum
2535 3024 2569 3064 a
2599 3009 2848 3064 Domino
2875 3016 3078 3066 nostro
3110 3016 3414 3082 peractum
3447 3015 3557 3080 est,

1909 3103 1968 3153 et
1989 3113 2093 3171 ego
2124 3097 2198 3153 ad
2248 3099 2656 3170 apparentiam
2716 3104 2944 3155 tantum
3002 3101 3231 3156 vinctus
3262 3117 3414 3158 sum.
3441 3103 3559 3159 Cur

152 3200 357 3258 χαιραν,
414 3186 558 3260 πρὸς
616 3184 819 3260 θηρία;
878 3181 1036 3240 Ἀλλ’
1092 3183 1255 3260 ἐγγὺς
1310 3185 1590 3260 μαχαίρας
1636 3184 1796 3261 ἐγγὺς
1833 3184 1876 3251 C

1978 3204 2041 3242 ro
2073 3192 2129 3242 et
2160 3188 2452 3258 meipsum
2488 3187 2700 3244 tradidi
2746 3190 2944 3258 morti,
2978 3189 3052 3244 ad
3083 3189 3298 3262 ignem,
3333 3189 3406 3244 ad
3431 3188 3555 3261 gla-

154 3276 298 3343 Θεοῦ,
357 3275 561 3348 μεταξὺ
617 3273 823 3348 θηρίων
901 3274 1095 3347 μεταξὺ
1167 3277 1320 3328 Θεοῦ·
1385 3275 1546 3346 μόνον
1606 3274 1658 3329 ἐν
1714 3279 1793 3348 τῷ

151 3360 367 3435 ἀνόματι
397 3365 588 3436 Ἰησοῦ
620 3366 878 3438 Χριστοῦ.
930 3365 1043 3436 (71)
1085 3361 1176 3424 Εἰς
1220 3363 1282 3417 τὸ
1315 3367 1616 3434 συμπαθεῖν
1650 3363 1797 3437 αὐτῷ

1907 3277 2092 3349 dium,
2117 3278 2192 3333 ad
2219 3277 2437 3332 bestias
2456 3278 2483 3333 ‘?
2513 3279 2746 3345 Verum,
2773 3279 2872 3350 qui
2890 3296 3071 3352 prope
3093 3279 3556 3352 gladium,prope

1907 3368 2092 3422 Deum
2115 3372 2222 3435 est,
2245 3367 2346 3438 qui
2371 3384 2504 3423 cum
2527 3367 2754 3436 bestiis,
2777 3385 2913 3424 cum
2937 3370 3054 3424 Deo
3077 3374 3200 3437 est;
3234 3368 3556 3424 dummodo

1611 3489 1778 3545 Vetus
1807 3493 2095 3561 interpres.

152 3604 403 3683 seipsum
427 3622 439 3659 :
473 3621 623 3683 non,
655 3602 1156 3683 quemadmodum
1177 3603 1450 3683 infideles
1472 3603 1716 3683 quidam
1739 3604 1963 3674 dicunt,
1989 3606 2316 3683 secundum
2343 3607 2527 3683 videri
2550 3610 2743 3683 ipsum
2771 3626 3010 3681 passum
3033 3627 3181 3679 esse,
3209 3613 3321 3683 ipsi
3344 3629 3554 3667 secun-

151 3673 296 3755 dum
311 3677 495 3732 videri
533 3673 882 3746 existentes,
913 3681 972 3731 et
1002 3673 1508 3746 quemadmodum
1543 3677 1802 3749 sapiunt,
1837 3683 1894 3733 et
1923 3678 2152 3734 accidet
2180 3679 2346 3750 ipsis,
2381 3673 2804 3736 exsisténtibus
2846 3673 3212 3755 incorporeis
3232 3673 3302 3739 ἐι
3331 3685 3556 3740 deamo-

154 3747 350 3804 niacis.

1677 3849 1912 3905 CAPUT
1949 3851 2045 3906 III.

218 3947 327 4018 Ego
359 3947 620 4022 enim_et
650 3951 784 4022 post
812 3945 1311 4022 resurrectionem
1341 3945 1402 3998 in
1432 3961 1609 4022 carne
1665 3962 1839 4016 psum
1870 3948 2008 4014 vidi,
2041 3952 2100 4022 et
2131 3947 2307 4003 credo
2340 3949 2744 4022 exsistentem.
2777 3953 2846 4005 Et
2876 3967 3010 4005 cum
3041 3952 3114 4006 ad
3140 3967 3238 4006 eos
3272 3952 3373 4022 qui
3405 3953 3562 4008 circa

153 4017 383 4092 Petrum
410 4020 610 4092 venit,
633 4019 718 4073 ait
745 4017 926 4092 ipsis;
961 4017 1388 4087 Apprehendite,
1407 4017 1672 4092 __p_alpate
1724 4035 1828 4084 me,
1876 4025 1931 4092 et
1959 4021 2159 4092 videte,
2191 4020 2455 4090 quoniam
2501 4038 2608 4076 non
2637 4038 2758 4076 sum
2789 4023 3122 4078 (immanium
3152 4017 3559 4092 incorporeum.

156 4089 218 4142 Et
247 4091 564 4146 confestim
589 4086 794 4164 ipsum
828 4086 1166 4164 tetigerunt,
1201 4093 1259 4143 et
1287 4086 1688 4156 crediderunt,
1722 4090 1970 4164 convicti
2005 4086 2415 4162 earne'ipsius
2444 4099 2501 4147 et
2530 4093 2760 4164 spiritu.
2797 4095 3044 4164 Propter
3073 4094 3184 4148 hoc
3215 4099 3272 4147 et
3304 4086 3560 4149 mortem

156 4159 682 4234 contempserunt;
717 4159 1169 4234 inventi’autem
1215 4163 1371 4234 sunt
1402 4166 1890 4234 super_mortem.
1949 4163 2085 4216 Post
2145 4159 2640 4219 resurrectionem
2693 4159 3182 4220 autem—comedit
3211 4181 3344 4219 cum
3387 4167 3471 4220 eis
3505 4171 3563 4220 et

154 4229 315 4299 bibit,
349 4229 415 4289 ut
444 4233 710 4290 carnalis
740 4248 754 4298 ;
788 4231 1055 4303 quamvis
1087 4229 1705 4301 spiritualiter’unitus
1735 4233 1916 4287 Patri.

1695 4329 1925 4385 CAPUT
1945 4331 2034 4384 IV.

215 4429 346 4483 Haec
376 4434 585 4485 autem
618 4427 947 4483 monefacio
978 4426 1162 4492 vobis,
1197 4425 1418 4499 dilecti,
1455 4426 1649 4481 sciens
1679 4428 1950 4499 quoniam
1982 4434 2040 4483 et
2071 4446 2168 4484 vos
2201 4431 2283 4486 sic
2316 4431 2570 4486 habetis.
2595 4434 2932 4489 Praamunio
2963 4441 3161 4490 autem
3181 4452 3282 4491 vos
3305 4453 3338 4491 a
3359 4435 3568 4491 bestiis

152 4499 758 4581 anthropomorphis;
793 4515 942 4580 quos
963 4514 1091 4580 _non
1124 4498 1316 4581 solum
1348 4503 1582 4581 Oportet
1612 4498 1711 4581 vos
1742 4515 1860 4554 non
1881 4500 2381 4581 re_cipe_r;e,__sed_si
2414 4504 2697 4581 possibile
2729 4522 2923 4581 neque
2955 4508 3039 4563 eis
3070 4507 3304 4562 obviare
3330 4524 3341 4563 :
3373 4508 3568 4581 solum

152 4577 343 4660 autem
364 4568 554 4628 'orare
586 4568 695 4642 pro
726 4568 893 4660 ipsis,
926 4571 977 4660 si
1005 4568 1757 4660 quomodp-pmiﬂteanti
1782 4572 1955 4660 quod
1989 4568 2262 4660 difﬁcile.
2318 4568 2504 4646 Hujus
2542 4582 2775 4660 _autem_
2814 4568 2993 4660 habet
3022 4584 3375 4660 potestatem
3403 4580 3572 4634 Jesus

151 4641 435 4712 Christus,
469 4641 681 4698 verum
713 4641 982 4697 nostrum
1015 4641 1224 4696 vivere.
1259 4641 1317 4694 Si
1346 4646 1547 4695 autem
1582 4642 1914 4696 secundum
1947 4643 2133 4698 videri
2184 4645 2310 4699 haec
2356 4641 2599 4702 o'erata
2645 4652 2784 4702 sunt
2813 4665 2847 4703 a
2877 4641 3124 4704 Domino
3157 4655 3397 4705 nostro:
3433 4667 3570 4723 ergo

154 4717 207 4766 et
236 4730 340 4772 ego
372 4713 712 4770 secundum
742 4712 926 4768 videri
955 4712 1124 4772 ligor.
1159 4711 1308 4772 Quid
1339 4715 1537 4766 autem
1569 4717 1627 4766 et
1657 4713 1950 4772 meipsum
1985 4715 2269 4770 traditum
2301 4663 2438 4772 dedi
2488 4719 2687 4772 morti.
2719 4719 2793 4772 ad
2826 4721 3045 4772 ignem.
3079 4721 3152 4772 ad
3183 4721 3468 4772 gladium.
3500 4722 3570 4772 ad

154 4717 207 4785 et
236 4730 340 4785 ego
372 4711 712 4770 secundum
742 4712 1124 4785 videriligor.
1159 4711 1308 4776 Quid
1339 4715 1537 4785 autem
1569 4713 1950 4785 etmeipsum
1985 4715 2269 4770 traditum
2301 4715 2374 4772 de

2421 4717 2438 4770 i
2488 4719 2687 4803 morti,
2719 4719 2793 4774 ad
2826 4721 3046 4803 ignem,
3079 4721 3468 4803 ad‘gladi‘um,
3500 4717 3574 4803 ad

153 4782 419 4842 bestias?
451 4785 570 4841 Sed
598 4802 779 4857 prope
811 4782 1097 4856 gladium,
1137 4799 1321 4855 prope
1350 4783 1576 4840 Deum:
1630 4782 1797 4838 inter'
1830 4785 2094 4841 medium
2147 4787 2495 4856 bestiarum,
2553 4782 2708 4845 inter
2753 4782 3044 4846 medium'
3078 4782 3217 4846 Dei?
3256 4782 3464 4848 Solum.
3508 4793 3570 4848 in

223 4971 334 5047 (62)
365 4969 485 5025 Cfr.
522 4967 683 5024 infra
713 4984 763 5021 c.
798 4969 851 5034 7,
884 4965 913 5019 ὁ
943 4965 1131 5038 Πατὴρ
1151 4965 1394 5038 ἤγειρεν,
1428 4970 1485 5019 et
1515 4965 1588 5021 ad
1612 4966 1812 5038 Trall.,
1849 4970 1896 5034 D
1927 4985 2055 5024 esse
2087 4970 2475 5047 contenditS.
2511 4972 2902 5047 Hieronymus
2933 4973 2992 5029 in
3023 4974 3296 5047 Catalogo
3329 4977 3579 5047 scripto-

163 5056 211 5095 θ’
241 5043 341 5180 is)
375 5111 492 5168 εῖτ.
528 5110 607 5167 ad
639 5108 842 5179 Trall.,
876 5125 926 5165 c.
963 5109 1048 5163 10.

227 5112 337 5254 (64)
368 5181 686 5254 Ejusmodi
714 5196 1048 5254 paronoma:

1925 5057 2060 5119 rum
2089 5042 2647 5119 ecclesiasticorum.
2678 5042 3009 5119 Pearsonus
3040 5042 3375 5116 suspicatur
3406 5042 3576 5119 Igna-

1926 5112 2075 5166 tium
2107 5129 2177 5167 ea
2211 5128 2280 5167 ex
2305 5112 2623 5168 traditione
2680 5115 2827 5170 orali
2886 5132 3014 5170 esse
3070 5112 3572 5175 mﬁtuatumefr.

248 5177 350 5262 6Q
368 5181 686 5262 Ejusmodi
714 5177 1392 5262 paronomasiaasmpius
1415 5178 1598 5262 apud
1649 5182 1820 5262 Igna-

1975 5183 2215 5262 redgnerl
2232 5185 2483 5262 Beihfage
2512 5185 2646 5262 l_,_p.
2680 5187 2804 5256 407,
2837 5189 2960 5241 408.

157 5250 301 5310 tium
319 5250 649 5324 leguntur,
681 5250 736 5309 ei
757 5269 810 5324 g.
840 5251 900 5305 in
925 5250 1311 5324 inscriptione
1328 5250 1596 5324 epistolas
1619 5250 1699 5307 ad
1714 5255 1817 5309 Po-

154 5319 488 5398 lycarpu'm,
525 5326 592 5398 in
624 5319 717 5398 ep.
751 5319 1022 5398 ad_Rom.
1049 5319 1186 5398 αξξ,
1219 5320 1294 5375 ad
1325 5319 1525 5398 Trall.,
1555 5339 1604 5378 c.
1638 5327 1690 5398 ἐξ,

226 5393 336 5468 (65)
369 5399 509 5452 Haec
532 5393 791 5468 laudant
820 5394 1056 5459 Euseb.,
1103 5393 1510 5468 Ii.‘e.,;111_,__3(5_.
1551 5395 1820 5468 etifl‘heo-

878 5482 935 5536 p.
970 5468 1092 5519 127.
1127 5462 1242 5519 Cfr.
1271 5465 1331 5516 C.
1355 5463 1440 5518 W.
1468 5464 1558 5518 Fr.
1584 5466 1820 5522 Walch:

1033 5541 1167 5608 post
1206 5536 1715 5608 resurrectionem
1763 5541 1824 5594 in

159 5624 334 5690 carne
364 5606 614 5690 viderit.
646 5606 1261 5690 Programma’pasch.
1295 5606 1631 5690 »'Gotting.,
1664 5612 1824 5690 1772.

223 5685 330 5754 (66)
364 5685 454 5740 Ex
502 5676 818 5752 Evangelia
867 5676 1278 5735 Nazarasorum
1333 5676 1458 5731 haec
1513 5676 1828 5753 desumpta

159 5467 367 5539 doret.,
400 5467 560 5524 Dial.
589 5467 668 5539 VII,
699 5467 846 5539 l._c._.

157 5563 182 5589 ‹‹
219 5537 368 5597 Num
397 5538 674 5597 limatius
703 5537 1002 5592 Christum

2001 5257 2112 5321 (67)
2145 5256 2230 5312 Cf.
2264 5258 2392 5310 Act.
2425 5272 2482 5320 x,
2515 5255 2604 5309 41.

2147 5328 2277 5405 [iam
2305 5325 2909 5405 laudat_Theodoret.,
2944 5331 3088 5386 Dial.
3123 5331 3166 5399 Ι,
3207 5331 3246 5385 l.
3289 5348 3363 5402 c.,
3395 5349 3452 5405 p.
3486 5334 3572 5388 50.

2002 5399 2113 5467 (69)
2145 5399 2234 5454 Sc.
2267 5397 2327 5451 τὸ
2358 5399 2569 5454 παθεῖν.

2222 5487 2278 5540 q.
2314 5467 2573 5542 ἐμαύτόν,
2622 5475 2689 5526 ut
2737 5486 2913 5542 saepe.
2966 5473 3050 5529 Cf.
3103 5472 3177 5528 ad
3207 5473 3407 5541 Trall.,
3440 5491 3492 5529 c.
3528 5476 3579 5543 3,

1934 5556 2057 5595 ῐιοῑ.
2090 5556 2180 5595 δι’.

2007 5612 2120 5682 (71)
2150 5612 2233 5666 Cf.
2269 5613 2435 5667 Rom.
2471 5631 2582 5685 vm,
2621 5617 2703 5669 17.
