3932 6304
409 415 534 486 ’115
1400 411 1678 475 SANC’I‘I
1723 409 2028 472 IGNATII
2075 405 2475 471 EPISTOLJE
2515 408 2922 475 GENUIN/E.
3711 411 3828 473 ’716

409 565 499 615 est
523 577 534 624 ;
571 558 668 629 qui
701 557 854 613 clam
877 555 1153 627 episcopo
1179 549 1405 620 aliquid
1427 547 1566 620 agit.
1592 544 1829 600 diabolo
1853 559 1962 598 seri

2274 561 2330 613 ip
2363 537 2634 616 λατρεύει.
2666 576 2738 588 --
2768 544 2946 600 Πάντα
2994 543 3086 600 οῦν
3138 544 3265 619 ὑμῖν
3320 543 3374 600 ἐν
3419 544 3610 621 χάριτι
3640 565 3827 621 περισ-

411 681 478 691 -
510 649 724 704 Omnia
749 663 907 702 nunc
929 643 1302 700 abundanter
1331 639 1495 694 vobis
1517 637 1706 709 gratia
1735 635 1964 706 largiatt

2275 630 2396 684 ἑτω’
2430 629 2573 700 ἄξιοι
2605 632 2708 705 γάρ
2765 632 2908 690 ἐστε.
2968 633 3114 691 Κατᾶ
3164 635 3336 688 πάντα
3369 654 3437 705 με
3467 633 3823 702 ἀνεπαύσατε,

409 738 568 808 digni
599 738 760 793 enim
793 736 954 792 estis.
989 730 1341 790 Omnimodo
1379 745 1473 784 me
1515 725 1846 789 recreastis,
1877 730 1934 779 et

2300 719 2440 790 ὑμᾶς
2496 720 2708 786 Ἰησοῦς
2757 723 3014 797 Χριστός.
3076 724 3305 778 ’Δπόντα
3338 744 3406 795 με
3450 743 3542 777 και
3585 723 3826 796 παρόντα

406 806 573 883 Iesus
605 827 890 881 Christus.
928 824 1251 878 Absentem
1276 836 1369 874 me
1394 824 1450 873 et
1474 821 1828 888 prmsentem
1859 813 1959 867 ὧι(

2268 810 2510 876 ιπτςςατε.
2571 814 2683 880 (90)
2740 806 2996 882 Ἀμείϐοι
3053 812 3179 884 ὑμῖν
3237 812 3391 878 Θεὸς,
3449 809 3521 865 δι’
3569 811 3627 867 δν
3656 813 3821 866 πάντα

413 918 538 971 stis.
577 915 880 972 Retribuat
909 912 1074 967 vobis
1132 912 1310 974 Deus,
1368 910 1612 978 propter
1654 919 1833 974 quem
1865 919 1960 957 om

1471 910 1612 977 .pter
1654 919 1833 974 quem
1865 902 2067 957 omnia
2177 896 2536 969 ὑπομένοντες
2569 898 2733 954 αὐτοῦ
2763 902 3024 970 τευξεσθι.

408 1006 774 1062 sustinentes
806 1004 1002 1073 ipsum
1034 996 1469 1070 adipiscemini.

1165 1107 1234 1160 Χ.
1274 1106 1505 1161 Comites
1535 1118 1679 1156 meos
1710 1101 1960 1155 benevole
1991 1107 2303 1175 suscepistis
2331 1122 2441 1161 non
2472 1107 2647 1162 deerit
2675 1124 2718 1161 υι

1535 1118 1679 1156 meos
1710 1101 1960 1155 benevole
1991 1107 2303 1175 suscepistis
2331 1122 2441 1161 non
2472 1107 2647 1162 deerit
2675 1107 2825 1163 vobis
2854 1124 3072 1163 merces.

478 1219 789 1274 Philonem
821 1221 879 1272 et
904 1216 1134 1269 Rheum
1165 1209 1595 1281 Aathopodem.
1627 1208 1727 1280 qui
1761 1224 1854 1263 me
1879 1215 2031 1263 secul

2271 1215 2358 1285 9t)
2390 1210 2620 1267 Φίλωνα
2674 1213 2762 1268 καὶ
2815 1215 2963 1270 Ῥἑον
3020 1214 3379 1289 Ἀγαθόπουν,
3414 1215 3466 1270 οἳ
3512 1213 3824 1285 ἐπηκολού-

411 1317 549 1365 sunt
582 1309 678 1362 Dei
715 1323 911 1366 causa.
939 1310 1002 1358 ut
1033 1303 1340 1358 ministros
1363 1298 1577 1353 Christi
1609 1297 1707 1352 Dei
1741 1298 1917 1368 suscil
1944 1298 1961 1351 i

2272 1301 2338 1355 ’ἀν
2371 1322 2466 1372 μοι
2513 1303 2590 1365 εἰς
2643 1301 2803 1377 λόγον
2860 1308 3013 1370 Θεοῦ,
3065 1303 3250 1367 καλῶς
3306 1304 3600 1374 ἐποιήσατε
3631 1301 3825 1358 ὑποδε-

410 1403 523 1463 tes,
558 1396 706 1450 bene
738 1394 976 1448 fecistis.
1015 1393 1059 1445 li
1091 1405 1326 1461 quoque
1360 1387 1606 1442 Domino
1639 1387 1856 1457 gratias
1888 1403 1963 1457 ag

2269 1413 2394 1448 ιενοι
2451 1394 2526 1456 ὡς
2585 1392 2869 1459 διακόνους
2925 1399 3162 1470 Χριστοῦ
3223 1400 3376 1450 Θεοῦ·
3429 1396 3482 1450 οἳ
3537 1395 3822 1472 καὶεύχα-

414 1491 658 1559 propter
686 1500 804 1548 vos,
839 1481 996 1553 quod
1027 1478 1302 1534 omnibus
1337 1477 1524 1531 modis
1553 1475 1686 1530 illos
1716 1475 1961 1530 refeceri

2268 1486 2444 1536 τοῦσιν
2472 1487 2552 1554 τῷ
2610 1484 2792 1558 Κυρίῳ
2854 1484 2984 1559 ὑπὲρ
3047 1485 3220 1557 ὑμῶν,
3252 1484 3337 1540 ὅτι
3371 1485 3566 1546 αὐτοὺς
3594 1484 3821 1540 eivsan-

413 1577 506 1631 Nil
539 1577 749 1628 horum
781 1572 944 1626 vobis
994 1571 1104 1625 erit
1153 1569 1460 1624 amissum.
1495 1565 1766 1620 Vicissim
1795 1582 1960 1620 recre

2273 1591 2296 1624 ε
2354 1573 2490 1625 κατὰ
2546 1575 2718 1627 πάντα
2772 1575 2994 1648 τρόπον.
3059 1579 3169 1646 (92)
3227 1571 3394 1631 Οὐδὲν
3455 1575 3583 1646 ὑμῖν
3633 1574 3699 1628 οὗ
3753 1578 3823 1647 μὴ

415 1685 515 1722 vos
540 1667 781 1738 spiritus
805 1680 972 1719 meus
996 1668 1053 1717 et
1075 1661 1306 1714 vincula
1331 1675 1480 1727 mea,
1506 1675 1636 1727 quae
1661 1673 1783 1711 non
1806 1662 1968 1711 conte

2270 1658 2480 1715 ιλεῖται⁶
2533 1664 2646 1737 (93)
2700 1662 3028 1739 Ἀντίψυχον
3088 1663 3239 1734 ὑμῶν
3269 1665 3330 1718 τὸ
3359 1665 3573 1735 πνεῦμά
3603 1685 3712 1735 μου
3739 1665 3823 1719 καὶ

413 1759 639 1831 psistis,
674 1770 1044 1828 quorumque
1091 1769 1190 1805 vos
1238 1767 1357 1804 non
1402 1747 1630 1820 puduit.
1666 1749 1780 1801 Nec
1807 1751 1962 1801 vestr

2273 1745 2443 1820 δεσμά
2476 1770 2602 1822 μου,
2655 1749 2685 1803 ἃ
2735 1749 2842 1828 οὐχ
2887 1751 3351 1829 ὑπερηφανήσατε,
3385 1750 3511 1806 οὐδὲ
3554 1751 3826 1828 ἐπῃσχύν-

411 1829 657 1920 pudebit
688 1845 1012 1917 perfectam
1039 1841 1242 1907 fidem,
1272 1840 1470 1894 Jesum
1501 1837 1820 1891 Christum.

2270 1857 2324 1891 τε.
2375 1836 2516 1895 Οὐδὲ
2567 1839 2703 1911 ὑμᾶς
2748 1829 3236 1914 ἐπαισχυνθήσεται
3285 1844 3320 1911 ἡ
3365 1839 3550 1896 τελεία
3593 1847 3712 1916 (94)
3741 1843 3823 1897 πί-

2175 1947 2312 1994 στις,
2346 1928 2558 1998 Ἰησοῦς
2588 1929 2841 2002 Χριστός.

1199 2047 1293 2102 Xl.
1325 2047 1529 2101 Mittite
1569 2044 1810 2113 legatum
1855 2043 1930 2098 ad
1973 2043 2334 2099 Antiochenos
2381 2045 2447 2098 ob
2479 2061 2676 2115 pacem
2707 2047 3041 2103 restitutam.

492 2160 689 2216 Oratio
721 2163 916 2212 vestra
944 2153 1214 2226 pervenit
1233 2152 1307 2208 ad
1329 2150 1812 2220 Ecclesiam,quaa
1845 2154 1933 2204 est
1960 2151 2045 2204 An

2276 2155 2315 2204 EI
2344 2154 2624 2226 προσευχή
2661 2152 2814 2226 ὑμῶν
2877 2157 2988 2226 (95)
3035 2152 3278 2222 ἀπῆλθεν
3321 2152 3408 2209 ἐπὶ
3452 2157 3551 2225 τὴν
3588 2156 3829 2224 Ἐκκλη-

419 2249 656 2304 tiochiee
688 2247 752 2301 in
781 2246 988 2316 Syria;
1024 2242 1182 2298 unde
1215 2240 1464 2295 vinculis
1496 2241 1612 2293 Deo
1647 2239 1906 2292 maxime
1938 2256 1972 2310 p

2277 2261 2298 2290 ν
2348 2241 2446 2309 τήν
2505 2239 2557 2294 ἐν
2617 2242 2927 2316 Ἀντιοχείᾳ
2979 2249 3078 2311 τῆς
3141 2244 3358 2316 Συρίας·
3394 2245 3509 2299 ὅθεν
3541 2242 3830 2318 δεδεμένος

426 2337 700 2392 cantibus
723 2335 936 2407 ligatus
959 2330 1315 2403 [abductus],
1349 2345 1554 2383 omnes
1585 2327 1798 2394 saluto,
1823 2327 1924 2382 illo
1948 2343 1977 2381 e

2283 2329 2661 2402 πρεπεστάτοις
2740 2328 2982 2404 δεσμοῖς,
3067 2333 3267 2395 πάντας
3336 2333 3681 2406 ἀσπάζομαι,
3745 2335 3836 2390 οὐκ

425 2429 669 2495 scopatu
695 2423 856 2494 fungi
882 2437 1000 2476 non
1025 2420 1260 2492 dignus,
1285 2423 1484 2488 utpote
1508 2417 1776 2472 omnium
1805 2416 1974 2470 infim

2304 2414 2449 2491 ἄξιος
2497 2418 2697 2484 ἐκεῖθεν
2749 2420 2908 2490 εἶναι,
2962 2416 3194 2499 ἔσχατος
3244 2421 3418 2476 αὐτῶν
3450 2420 3548 2477 ὢν*
3583 2425 3726 2479 κατὰ
3757 2424 3831 2480 6&-

422 2515 526 2570 sed
561 2514 658 2567 Dei
705 2512 976 2567 voluntas
1024 2526 1119 2565 me
1167 2509 1406 2580 dignata
1434 2513 1544 2574 est,
1578 2523 1700 2562 non
1724 2507 1898 2577 juxta
1923 2522 1975 2560 cc

2275 2528 2336 2561 ια
2393 2505 2449 2562 δὲ
2506 2513 2640 2563 Θεοῦ
2693 2510 3059 2581 κατηξιώθην,
3117 2510 3217 2565 οὐκ
3267 2510 3325 2565 ἐκ
3355 2515 3467 2583 (96)
3498 2511 3828 2586 συνειδότος,

417 2605 726 2659 scientiam
751 2618 966 2666 meam,
991 2600 1094 2654 sed
1117 2590 1184 2654 ei
1204 2598 1391 2670 gratia
1412 2595 1722 2666 Dei,quam
1747 2594 1970 2666 perfect

2278 2596 2303 2652 ι’
2335 2597 2394 2651 ἐκ
2423 2600 2646 2672 χάριτος
2679 2603 2836 2667 Θεοῦ,
2891 2600 2953 2668 ἣν
3016 2596 3254 2678 εὔχομαι
3290 2600 3501 2655 τελείαν
3543 2623 3640 2673 μοι
3676 2601 3831 2673 δοθῇ-

403 2683 560 2748 ’ωἱιιί
594 2693 720 2746 dari
752 2697 911 2762 opto,
969 2695 1035 2745 ut
1084 2705 1188 2760 per
1236 2687 1564 2741 orationem
1596 2691 1848 2740 vestram
1885 2686 1956 2739 De

2275 2683 2406 2753 ,ἵνα
2457 2686 2507 2740 ἐν
2549 2689 2616 2760 τῇ
2675 2690 2959 2762 προσευχῇ
3021 2688 3170 2759 ὑμῶν
3229 2691 3362 2743 Θεοῦ
3413 2689 3692 2765 ἐπιτύχω.
3725 2695 3828 2749 Ἵνα

410 2798 762 2852 consequar.
817 2781 887 2835 Ut
935 2795 1092 2833 nunc
1124 2794 1270 2848 opus
1300 2780 1558 2830 vestrum
1590 2775 1928 2830 absolutum

2321 2771 2526 2829 τέλειον
2573 2775 2725 2847 ὑμῶν
2777 2777 3002 2853 γενηται
3050 2778 3111 2831 τὸ
3165 2774 3316 2854 ἔργον
3359 2778 3448 2831 καὶ
3481 2777 3571 2832 ἐπὶ
3600 2787 3712 2853 γῆς
3745 2781 3823 2834 καὶ

409 2888 609 2927 coram
645 2872 760 2925 Deo
795 2876 852 2924 et
873 2869 1233 2933 hominibus,
1254 2867 1423 2921 decet
1443 2866 1517 2919 ad
1540 2865 1638 2919 Dei
1665 2866 1950 2918 honorem

2273 2862 2489 2936 ιύρανῷ,
2521 2863 2713 2938 πρέπει
2745 2864 2821 2925 ε”ς
2853 2867 3018 2937 τιμὴν
3069 2871 3204 2919 Θεοῦ
3258 2869 3369 2937 (97)
3433 2876 3826 2941 χειροτονῆσαι

412 2961 672 3014 Ecclesia
705 2965 896 3013 vestra
923 2958 1098 3029 eligat
1118 2971 1351 3010 sacrum
1378 2955 1656 3026 legatum,
1679 2954 1800 3023 qui,
1825 2969 1960 3007 cum

2303 2949 2629 3020 Ἐκκλησίαν
2677 2953 2827 3025 ὑμῶν
2879 2949 3300 3027 θεοπρεσϐὗτην,
3331 2953 3408 3017 εἷς
3437 2956 3499 3009 τὸ
3531 2957 3821 3034 γενόμενον

418 3049 646 3119 Syriam
669 3063 857 3118 usque
878 3047 1123 3113 venerit,
1148 3043 1590 3115 congratuletur
1610 3041 1748 3109 illis,
1769 3042 1925 3112 quod
1960 3060 1971 3112 ι

2272 3062 2275 3097 :
2320 3041 2516 3114 Συρίας
2566 3049 2908 3116 συγχαρῆναι
2957 3043 3161 3112 αὐτοῖς,
3196 3044 3278 3098 ’ὁτι
3310 3043 3713 3118 εἰρηνεύουσιν,
3743 3047 3825 3100 καὶ

417 3154 546 3192 cem
574 3136 874 3192 consecuti
909 3136 1047 3201 sint,
1073 3139 1129 3188 et
1155 3149 1324 3188 suam
1349 3131 1684 3201 receperint
1709 3131 1970 3202 magnitu

2282 3124 2446 3184 λαϐον
2479 3130 2541 3184 τὸ
2599 3128 2736 3186 ἴδιον
2837 3133 2860 3186 ἐ
3087 3155 3098 3163 ·
3162 3131 3176 3152 ‘
3218 3133 3231 3152 ⁹
3529 3132 3544 3150 ’
3692 3136 3706 3156 ’
3782 3143 3802 3151 “

2793 3154 2832 3204 μ
2863 3143 3043 3207 γεθος,
3089 3153 3178 3187 ιιαι
3208 3136 3612 3205 απεκατεσταθη
3645 3157 3828 3197 autat;

421 3243 583 3294 nem,
619 3243 686 3280 ac
743 3225 1082 3280 restitutum
1141 3223 1217 3276 sit
1246 3221 1366 3275 illis
1410 3237 1583 3274 suum
1615 3237 1846 3290 corpus.
1883 3220 1974 3291 Dig

2277 3216 2404 3273 ἶδιον
2437 3223 2550 3291 (78)
2580 3227 2902 3292 σωματεῖον.
2929 3220 3133 3301 Ἐφάνη
3165 3243 3259 3294 μοι
3284 3221 3376 3277 οῦν
3397 3221 3543 3293 ἄξιον
3575 3231 3830 3300 πρᾶγμα,

418 3315 599 3387 igitur
628 3314 773 3369 mihi
807 3330 899 3367 res
931 3318 1020 3367 est
1041 3311 1182 3373 visa,
1207 3315 1270 3364 ut
1301 3309 1561 3379 aliquem
1593 3314 1853 3363 vestrum
1875 3310 1971 3363 mil

2280 3311 2391 3382 ιψαι
2437 3310 2559 3362 τινὰ
2613 3313 2722 3364 τῶν
2780 3311 3051 3385 ὑμετέρων
3086 3313 3201 3382 μετ’
3231 3311 3552 3380 ἐπιστολῆς,
3583 3313 3680 3367 ἳνα
3713 3336 3833 3368 συν-

414 3405 492 3458 tis
524 3420 660 3460 cum
691 3401 960 3474 epistola,
985 3401 1085 3472 qui
1112 3415 1232 3454 una
1269 3415 1402 3453 cum
1434 3398 1555 3452 illis
1586 3398 1876 3470 gloriﬁcet
1905 3403 1967 3451 tr;

2280 3399 2378 3472 άσῃ
2427 3399 2528 3467 τήν
2573 3398 2710 3453 κατᾶ
2741 3401 2866 3453 Θεὸν
2925 3398 3107 3462 αὐτοῖς
3156 3399 3454 3474 γενομένην
3486 3399 3699 3474 εὐδίαν,
3745 3404 3833 3458 καὶ

1879 3553 2046 3607 Vetus
2099 3553 2388 3623 interpres.

415 3688 474 3754 et
503 3683 684 3754 Deum
717 3684 776 3735 et
803 3679 1145 3754 episcopum
1176 3690 1549 3754 cognoscere.
1571 3675 1885 3754 llonorans
1917 3675 2278 3754 episcopum.
2305 3692 2339 3731 a
2359 3677 2476 3754 Deo
2494 3677 2934 3754 honoratusest
2957 3694 2969 3732 :
2996 3678 3094 3748 qui
3120 3679 3423 3754 occultans
3445 3681 3520 3754 ab
3545 3683 3828 3754 episcopo

418 3753 644 3830 aliquid
672 3745 972 3830 operatur,
1003 3745 1501 3830 diabolo'praestat
1530 3745 1904 3830 obsequium.
1931 3745 2143 3830 Cmnia
2172 3747 2349 3830 igitur
2373 3749 2538 3830 vobis
2687 3750 2876 3830 gratia
2907 3745 3431 3830 superabundent:
3465 3745 3631 3825 digni
3666 3745 3825 3809 enim

415 3818 577 3880 esti—5.
613 3818 948 3897 Secundum
983 3821 1138 3874 enim
1171 3818 1373 3897 omnia
1401 3834 1495 3872 me
1528 3819 1833 3897 quiescere
1865 3818 2086 3873 fecistis
2111 3838 2124 3886 ;
2145 3818 2217 3897 _et
2249 3821 2546 3897 vos_Jesus
2577 3818 2862 3877 Christus.
2897 3818 3216 3876 Absentem
3253 3839 3344 3877 me
3376 3829 3435 3877 et
3463 3818 3825 3897 praesentem

414 3896 730 3952 dilexistis.
764 3894 1072 3951 Retribuat
1098 3890 1262 3945 vobis
1293 3891 1445 3944 Deus
1471 3906 1485 3957 ;
1517 3894 1759 3960 propter
1790 3905 1967 3959 quem
1999 3890 2197 3945 omnia
2227 3892 2609 3960 sustinentes,
2644 3893 2840 3964 ipsum
2873 3893 3306 3964 adipiscemini.

1941 4024 2169 4079 CAPUT
2214 4025 2280 4080 X.

485 4148 798 4223 Philonem
831 4145 1102 4223 et_l_le_um
1135 4141 1654 4223 [etJ_Agathopum,
1689 4141 2010 4223 qui‘secuti
2042 4147 2181 4196 sunt
2208 4159 2302 4197 me
2425 4143 2666 4199 verbum
2691 4146 2849 4223 -Dei,_
2889 4147 3039 4202 bene
3079 4149 3301 4223 fecistis
3330 4150 3732 4223 suscipientes
3761 4155 3824 4204 ut

412 4221 719 4275 ministros
746 4217 848 4272 Dei
881 4213 1096 4290 Christi
1122 4213 1359 4290 :_q_ui__et
1387 4213 1615 4290 gratias
1635 4217 1817 4290 agunt
1845 4213 2092 4290 Domino
2123 4215 2468 4290 proAvobis;
2521 4217 2804 4290 quoniam
2824 4213 2994 4289 ipsos
3025 4221 3329 4290 quiescere
3355 4213 3580 4276 fecistis
3613 4238 3821 4277 secun-

413 4293 555 4345 dum
587 4305 822 4344 omnem
856 4285 1118 4362 modum.
1139 4283 1310 4362 _Ni_hil
1340 4283 1504 4338 vobis
1535 4283 1738 4362 utique
1770 4284 2081 4362 deperibit.
2115 4283 2445 4362 Conformis
2491 4283 2705 4342 animas
2759 4283 2963 4344 vestrm
2995 4283 3236 4362 spiritus
3270 4309 3456 4352 meus.
3494 4300 3551 4347 et
3583 4294 3820 4348 vincula

411 4378 565 4428 mea,
599 4377 729 4431 quae
761 4374 880 4412 non
912 4355 1264 4427 despexistis
1294 4371 1487 4424 neque
1521 4355 1880 4420 erubuistis;
1913 4371 2106 4425 neque
2139 4374 2237 4412 vos
2270 4359 2580 4414 erubescet
2607 4360 2867 4430 perfecta
2895 4355 3061 4429 fides,
3091 4364 3259 4418 Jesus
3290 4364 3581 4419 Christus.

1925 4473 2156 4528 CAPUT
2199 4472 2290 4528 IX.

481 4592 676 4666 Qratio
702 4592 1182 4666 vestrapervenit
1202 4591 1275 4648 ad
1297 4590 1622 4666 Ecclesiam
1654 4595 1898 4666 quaaest
1923 4590 1984 4645 in
2021 4591 2338 4646 Antiochia
2369 4591 2550 4666 Syrica
2577 4610 2589 4658 ;
2622 4593 2779 4649 unde
2808 4594 3021 4666 ligatus
3053 4597 3169 4650 Deo
3217 4597 3661 4653 decentissimis
3691 4599 3821 4653 vin-

407 4664 558 4719 culis
589 4680 797 4719 omnes
828 4661 1040 4725 saluto.
1073 4681 1193 4718 non
1225 4663 1516 4719 exsistens
1548 4661 1756 4731 dignus
1789 4661 1924 4734 inde
1957 4679 2107 4734 esse,
2135 4661 2434 4717 extremus
2457 4664 2718 4734 ipsorum
2746 4661 3035 4721 exsistens
3057 4685 3069 4721 :
3091 4669 3419 4722 secundum
3449 4670 3816 4726 voluntatem

408 4743 605 4790 autem
639 4735 738 4789 Dei
768 4735 978 4806 dignus
1010 4736 1200 4808 factus
1232 4751 1384 4808 sum,
1420 4747 1537 4808 non
1571 4747 1639 4783 ex
1663 4733 2044 4808 conscientia,
2069 4734 2170 4808 sed
2194 4750 2265 4808 ex
2286 4733 2590 4808 gratia'Dei
2614 4752 2626 4789 :
2651 4753 2827 4805 quam
2857 4755 2959 4792 oro
2981 4740 3299 4808 perfectam
3329 4741 3473 4794 mihi
3500 4741 3725 4806 dari,ut
3757 4743 3815 4796 in

405 4808 671 4861 oratione
703 4803 894 4861 vestra
923 4808 1038 4860 Deo
1072 4807 1280 4877 potiar.
1317 4806 1387 4859 Ut
1418 4803 1597 4877 igitur
1623 4803 1946 4877 perfectum
1976 4806 2151 4859 vestri
2184 4803 2464 4877 fiat’opus
2517 4807 2576 4858 in
2626 4803 2785 4861 terra
2813 4815 2872 4861 et
2906 4803 3182 4876 in'cmlo;
3217 4811 3385 4865 decet
3415 4811 3489 4866 ad
3521 4803 3812 4867 honorem

405 4879 527 4946 Dei,
561 4877 835 4953 ordinare
870 4873 1187 4932 Ecclesium
1217 4880 1474 4953 vestram
1511 4873 1624 4952 Deo
1657 4873 2070 4953 venerabilem,
2104 4876 2165 4929 in
2191 4873 2410 4930 factum
2442 4892 2627 4953 usque
2659 4878 2884 4950 Syriam
2925 4873 3294 4950 congaudere
3325 4883 3490 4953 ipsis,
3525 4885 3813 4952 quoniam

404 4964 609 5024 pacem
643 4949 864 5024 habent
890 4957 952 5024 et
981 4952 1344 5024 acceperunt
1373 4946 1669 5015 propriam
1709 4946 2208 5024 magnitudinem,
2257 4953 2316 5001 et
2363 4946 2712 5003 restitutum
2734 4957 2823 5006 est
2843 4953 2996 5024 ipsis
3028 4946 3810 5024 propriumcorpusculum.

405 5016 605 5074 Visum
636 5028 724 5075 est
757 5022 902 5075 mihi
935 5021 1112 5091 igitur
1130 5016 1259 5073 Deo
1289 5017 1467 5087 digna
1498 5032 1613 5083 res,
1645 5016 1877 5071 mittere
1907 5017 2169 5089 aliquem
2203 5027 2529 5074 vestrorum
2573 5035 2711 5075 cum
2759 5016 3043 5093 epistola?
3078 5016 3628 5095 utconglorifi‘cent
3654 5043 3808 5093 eam,

471 5230 580 5300 (90)
612 5229 698 5303 lta
723 5227 1110 5303 Jacobsonus.
1139 5223 1344 5303 Casteri
1373 5214 1600 5295 ἀμείϐῃ.
2076 5237 2124 5303 D
2161 5298 2178 5303 Α
2227 5229 2347 5299 (95)
2375 5231 2463 5283 An
2493 5227 2651 5303 fama
2680 5229 2896 5303 solum,
2925 5246 2999 5285 an
3046 5230 3261 5303 litteris
3309 5247 3386 5286 an
3416 5231 3682 5288 effectu?
3713 5236 3811 5290 Ef-

471 5296 582 5369 (91)
606 5301 696 5375 _Cf.
730 5300 802 5356 ad
835 5297 1089 5375 Ριιὶιειείεἶ
1121 5312 1171 5351 c.
1363 5365 1377 5375 _
1522 5363 1549 5375 Α
1596 5365 1628 5375 η
1929 5365 1942 5375 _
2076 5296 2115 5303 ⁷
2154 5296 2333 5375 fectu,
2366 5299 2568 5375 procul
2599 5300 2801 5357 dubio.
2831 5303 2948 5358 JAc.
2991 5302 3074 5357 Cf.
3113 5302 3187 5358 ad
3215 5303 3472 5371 Philad.,
3505 5321 3559 5361 c.
3597 5309 3701 5360 lO:
3735 5305 3812 5361 ad

467 5363 574 5438 (92i
605 5373 645 5424 Ι.
683 5388 734 5426 e.
771 5377 878 5425 Pro
909 5367 1184 5423 omnibus
1214 5365 1332 5420 illis
1363 5363 1663 5420 beneﬁciis
1708 5365 2043 5423 mercedem
2153 5363 2382 5440 Polyc.,'
2410 5387 2460 5425 c.
2495 5374 2546 5426 7.

391 5442 710 5515 recipietis.
779 5511 792 5515 _
830 5512 868 5515 _
917 5509 930 5515 _
1183 5512 1234 5515 __
1371 5507 1386 5515 _
1421 5511 1455 5515 _
1508 5507 1522 5515 _
1773 5511 1793 5515 _
1874 5514 1878 5515 ί
1927 5511 1940 5515 Α
2221 5443 2337 5515 (96)
2370 5444 2489 5496 Νοη
2510 5443 2660 5512 quod
2687 5445 3044 5515 mihimetipsi
3080 5445 3164 5500 vel
3212 5449 3504 5501 minimum
3543 5449 3649 5502 sim
3673 5465 3811 5504 con-

464 5507 576 5584 (_93)
607 5514 688 5568 Cf.
724 5511 798 5567 ad
830 5509 1067 5584 Ephes.,
1093 5525 1143 5564 c.
1177 5512 1249 5584 2t
1269 5525 1292 5584 :_
1318 5507 1391 5584 ad
1421 5507 1650 5584 Polycl
1681 5511 1800 5584 e.___2
1831 5514 1889 5562 et
1916 5511 1967 5564 6.
2150 5507 2638 5584 scius.'quasiipse
2663 5507 2995 5573 meruissem.
3028 5517 3212 5573 Suum.

465 5581 578 5656 (94)
612 5586 654 5642 Ι.
690 5601 739 5656 e.
777 5578 890 5656 qui
911 5583 1169 5656 perfecte
1219 5580 1412 5656 ﬁdelis
1459 5578 1912 5656 est;§imiliter_:
1943 5601 2038 5656 πε,
2221 5578 2448 5656 (97)”β1“.
2483 5578 2558 5640 ad
2585 5586 2839 5654 Philad.,
2873 5604 2924 5643 c.
2953 5590 3036 5642 l0.

392 5650 516 5726 ges;
549 5650 578 5708 ὁ
609 5654 740 5715 Θεός
775 5650 959 5709 [ϐοὶ.
1016 5669 1058 5720 ι,
1116 5655 1172 5720 9,
1224 5669 1281 5723 ι,
1342 5653 1445 5719 l3;
1504 5651 1530 5704 Ι
1559 5650 1762 5706 Thess.
1790 5667 1822 5704 v
1850 5654 1945 5720 24;

1224 5669 1281 5723 ι,
1342 5653 1445 5719 l3;
1504 5651 1530 5704 Ι
1559 5650 1762 5706 Thess.
1790 5667 1822 5704 v
1850 5654 1956 5720 24;
1995 5653 2038 5707 Η
2220 5650 2332 5726 (98)
2365 5655 2453 5712 Sc.
2488 5657 2757 5713 Ecclesiae.

389 5724 590 5780 Thess.
624 5743 708 5796 ιιι,
741 5727 792 5780 3.
