3932 6304
103 416 223 478 ’117

1231 411 1617 475 EPISTULA
1659 411 1758 472 AD
1803 409 2378 474 POLYCARPUM.

3394 413 3513 475 718

105 548 196 605 ’ὅτι
227 547 456 620 λιμένος
485 544 594 618 ἤδη
636 544 922 623 ἐτύγχανεν
966 551 1036 623 τῇ
1085 549 1370 622 προσευχῇ
1425 545 1595 618 ὑμῶν.
1651 543 1790 614 Τὲη

1952 544 2225 611 ilitatem,
2249 561 2427 617 quam
2449 544 2620 617 juxta
2641 545 2741 601 Dei
2761 545 3127 602 voluntatem
3147 551 3285 603 sunt
3305 564 3516 604 conse-

107 637 252 693 λειοι
284 633 454 701 ὄντες,
492 635 673 692 τέλεια
713 637 803 691 καὶ
857 641 1124 714 φρονεῖτε.
1176 637 1289 711 (99)
1343 633 1601 690 Θὲλουσιν
1653 634 1757 709 γὰρ

111 728 241 802 ὑμῖν
276 727 597 802 εὐπράσσειν
631 727 760 792 Θεὸς
783 725 1006 800 ἓτοιμος
1039 726 1115 788 εἷς
1146 726 1210 782 τὸ
1238 731 1563 804 παρασχεῖν,

1870 637 2010 702 cuti,
2046 641 2102 688 et
2132 635 2288 706 quod
2319 635 2580 690 Ecclesia
2609 636 2715 689 illa
2745 652 2851 706 per
2881 637 3210 691 orationem
3265 644 3516 693 vestram

1870 725 2191 798 portujam
2218 726 2294 779 sit
2315 726 2518 796 potita.
2534 725 2679 780 Cum
2706 727 2952 796 perfecti
2983 727 3133 793 sitis,
3169 727 3346 782 etiam
3379 745 3519 799 per-

1870 814 2026 870 fecta
2046 815 2802 888 excogitetis.Cupientibus
2817 832 2975 871 enim
2993 817 3156 872 vobis
3178 817 3328 874 bene
3344 834 3519 890 agere

1874 905 2027 959 Deus
2059 905 2133 960 ad
2160 905 2532 976 largiendum
2563 909 2805 977 paratus
2839 911 2946 961 est.

1537 1017 1656 1071 XII.
1690 1019 2085 1078 Salutationes.

187 1127 522 1195 Ἀσπάζεται
593 1125 733 1198 ὑμᾶς
772 1125 806 1192 ἡ
859 1123 1043 1200 ἀγάπη
1103 1125 1213 1176 τῶν
1266 1119 1518 1201 ἀδελφῶν
1565 1127 1674 1177 τῶν
1721 1122 1775 1177 ἐν

113 1214 363 1290 Τρωάδι,
397 1215 513 1270 ὅθεν
551 1214 640 1268 καὶ
691 1214 884 1292 γράφω
937 1213 1065 1285 ὑμῖν
1117 1209 1206 1266 διὰ
1255 1215 1337 1285 (1)
1385 1212 1655 1286 Βούῤῥου,
1715 1213 1771 1266 δν

117 1305 480 1363 ἀπεστείλατε
513 1307 625 1378 μετ’
658 1303 795 1377 ἐμοῦ
853 1305 966 1376 ἅμα
1014 1303 1302 1380 Ἑφεσίοίς,
1350 1307 1466 1363 τοῖς
1515 1299 1776 1381 ἀδελφοῖς

121 1398 304 1470 ὑμῶν,
335 1397 396 1459 ’ὀς
426 1395 561 1450 κατὰ
589 1395 765 1450 πάντα
799 1414 865 1466 με
912 1392 1225 1447 ἀνέπαυσεν.
1283 1391 1379 1446 Καὶ
1408 1387 1604 1470 ὄφελον
1643 1391 1778 1446 πάν-

120 1507 210 1548 τες
239 1485 404 1540 αὑτὸν
446 1483 769 1556 ἐμιμοῦντο,
812 1481 942 1536 ὄντα
989 1478 1351 1554 ἐξεμπλάριον
1402 1484 1534 1535 Θεοῦ
1585 1477 1775 1534 διακο-

121 1575 264 1637 νίας.
323 1573 620 1648 Αμείψεται
685 1571 843 1626 αὐτὸν
876 1572 910 1640 ἡ
942 1570 1104 1645 χάρις
1160 1569 1295 1624 κατὰ
1342 1569 1532 1622 πάντα.
1577 1568 1778 1624 Ἀσπά-

125 1670 298 1738 {eum
344 1663 436 1717 τὸν
495 1662 739 1732 ἀξιόθεον
795 1660 1109 1726 ἐπίσκοπον,
1166 1657 1256 1713 καὶ
1313 1659 1775 1732 θεοπρεπέστατον

122 1749 546 1829 πρεσϐυτέριον,
593 1751 724 1812 τοὺς
779 1747 1110 1810 συνδούλους
1176 1769 1280 1822 μου
1331 1745 1637 1813 διακόνους,
1686 1747 1776 1802 καὶ

1956 1129 2182 1184 Salutat
2210 1146 2313 1183 vos
2343 1129 2599 1184 charitas
2628 1128 2899 1196 fratrum,
2943 1131 3043 1202 qui
3092 1131 3316 1187 Troade
3363 1135 3523 1201 sunt,

1883 1218 2041 1273 unde
2075 1224 2133 1273 et
2160 1219 2354 1274 scribo
2386 1218 2549 1273 vobis
2578 1235 2685 1289 per
2715 1220 3028 1286 Burrhum,
3062 1236 3239 1290 quem
3289 1237 3524 1276 mecum

1885 1307 2130 1362 misistis
2158 1324 2281 1363 una
2310 1323 2444 1362 cum
2476 1307 2767 1379 Ephesiis,
2819 1309 3095 1364 fratribus
3143 1310 3373 1378 vestris,
3425 1310 3526 1382 qui

1885 1397 2046 1451 omni
2063 1396 2234 1452 modo
2259 1413 2352 1451 me
2373 1397 2880 1467 recreavit.Atque
2893 1398 3119 1452 utinam
3135 1414 3342 1452 omnes
3358 1399 3527 1454 illum

1887 1485 2214 1551 imitentur,
2246 1502 2381 1540 cum
2412 1485 2489 1538 sit
2518 1485 2821 1556 exemplar
2841 1485 3023 1540 divini
3050 1486 3394 1542 ministerii!
3425 1490 3531 1543 Re-

1887 1579 2236 1630 muneretur
2264 1574 2455 1645 ipsum
2487 1574 2673 1645 gratia
2702 1590 2809 1645 per
2839 1576 3060 1630 omnia.
3092 1576 3290 1631 Saluto
3309 1577 3534 1648 episco-

1887 1678 2030 1733 pum
2060 1662 2177 1716 Deo
2209 1660 2474 1732 dignum,
2509 1667 2567 1715 et
2593 1662 2711 1716 Deo
2742 1661 3194 1718 dilectissimum
3226 1664 3531 1735 presbyte-

1888 1752 2065 1816 rium,
2099 1767 2412 1806 conservos
2444 1767 2608 1806 meos
2638 1749 2941 1820 diaconos,
2975 1753 3440 1825 singillatimque
3464 1770 3532 1810 ac

122 1844 252 1905 τοὺς
285 1846 397 1897 κατ’
428 1838 596 1916 ἄνδρα
624 1840 714 1895 καὶ
754 1845 909 1914 κοινῇ
949 1836 1198 1904 ’πάν-τας,
1230 1835 1284 1892 ἐν
1319 1837 1546 1910 ὀνόματι
1598 1838 1778 1906 Ἰησοῦ

1981 1841 2328 1894 universum
2359 1856 2587 1904 omnes,
2630 1840 2691 1895 in
2717 1842 2961 1896 nomine
2975 1843 3112 1898 Jesu
3134 1843 3370 1910 Christi,
3390 1849 3448 1898 et
3468 1844 3531 1898 in

124 1935 392 2010 Χριστοῦ,
425 1931 514 1985 καὶ
544 1933 612 2004 τῇ
663 1928 817 2003 σαρκὶ
866 1927 1033 1983 αἱ)τοῦ
1077 1926 1168 1982 καὶ
1223 1931 1303 1999 τῷ
1360 1923 1570 1999 α’ίματι,
1622 1925 1776 1980 πάθει

124 2043 188 2078 τε
219 2023 312 2076 καὶ
345 2020 648 2090 ἀναστάσει,
678 2020 910 2092 σαρκικῇ
951 2037 1011 2072 τε
1057 2017 1148 2074 καὶ
1186 2019 1546 2088 πνευματικῇ,
1595 2016 1668 2087 (2)
1723 2013 1775 2069 ἐν

129 2113 391 2184 ὀνόματι,
423 2108 476 2164 ἐν
517 2109 732 2176 ἑνότητι
764 2109 900 2162 Θεοῦ
928 2107 1015 2160 καὶ
1054 2107 1229 2180 ὑμῶν.
1253 2105 1421 2179 Χάρις
1445 2098 1777 2178 ὑμῖν,ἕλεος,

130 2202 347 2278 εἰρήνη,
380 2201 633 2272 ὑπομονὴ
667 2195 756 2254 διὰ
784 2197 1004 2259 παντός.

1889 1945 2066 1985 carne
2096 1928 2225 1999 ejus
2255 1933 2314 1983 et
2338 1930 2646 2000 sanguine,
2678 1930 2952 2000 passione
2993 1937 3053 1985 et
3098 1933 3532 1987 resurrectione

1888 2017 2177 2089 corporali
2206 2017 2383 2073 simul
2415 2023 2473 2072 et
2501 2019 2816 2089 spirituali,
2846 2020 2910 2074 in
2942 2021 3204 2087 nomine,
3230 2021 3291 2076 in
3312 2022 3533 2078 unione

1889 2106 1990 2162 Dei
2013 2107 2340 2165 vobiscum.
2371 2107 2569 2163 Gratia
2583 2108 2767 2176 vobis,
2802 2109 3232 2178 misericordia,
3265 2126 3404 2182 pax,
3425 2128 3535 2184 pa-

1890 2197 2101 2252 tientia
2130 2197 2207 2250 sit
2236 2212 2492 2268 semper.

1553 2307 1696 2362 XIII.
1730 2306 2119 2362 Salutaztiones.

200 2409 554 2481 ’Δσπάζομαι
581 2403 709 2470 τοὺς
738 2402 922 2466 οἷ’κους
951 2407 1060 2458 τῶν
1086 2400 1334 2480 ἀδελφῶν
1377 2422 1482 2476 μου
1545 2403 1636 2456 σὺν
1683 2423 1778 2477 γυ-

127 2499 266 2569 ναιξὶ
300 2499 388 2552 καὶ
423 2495 648 2562 τέκνοις,
681 2494 768 2549 καὶ
817 2495 914 2553 τὰς
974 2491 1292 2566 παρθένους,
1339 2492 1434 2554 τὰς
1481 2490 1776 2566 λεγομένας

128 2594 210 2663 (3)
245 2591 446 2662 χήρας.
480 2583 758 2659 Ἐῤῥωσθὲ
792 2605 885 2655 μοι
909 2581 960 2637 ἐν
988 2580 1780 2656 δυνάμειὶινεῦματος.Ἀσπά-

127 2686 276 2751 ζεται
317 2678 457 2748 ὑμᾶς
487 2678 562 2748 (4)
595 2673 804 2739 Φίλων,
847 2671 938 2726 σὺν
995 2671 1117 2742 ἐμοὶ
1171 2665 1266 2726 ὥν.
1319 2672 1655 2743 Ἀσπάζομαι
1684 2671 1776 2725 τὸν

125 2771 281 2823 οἷκον
311 2761 573 2830 Ταουῗας,
604 2764 669 2834 ἢν
703 2761 946 2840 εὔχομαι
975 2757 1228 2833 ἐδρᾶσθαι
1277 2760 1456 2814 πίστει
1505 2760 1594 2814 καὶ
1645 2759 1779 2834 ἀγά-

122 2880 202 2933 πῃ
237 2857 471 2930 σαρκικῇ
501 2875 560 2908 τε
600 2853 690 2907 καὶ
736 2854 1100 2925 πνευματικῇ.
1155 2849 1495 2922 Ἀσπάζομαι
1543 2848 1775 2920 "Alam,

121 2948 186 3002 τὸ
225 2943 469 3011 ποθητόν
507 2961 610 3014 μου
649 2935 844 3013 ὄνομα,
877 2939 966 2993 καὶ
999 2938 1207 3013 Δάφυον
1249 2940 1323 3013 (5)
1369 2940 1463 2994 τὸν
1517 2937 1781 3014 ἀσύγκρι-

1964 2401 2162 2456 Saluto
2188 2400 2444 2457 familias
2465 2401 2712 2457 fratrum
2735 2418 3004 2457 meorum
3025 2419 3160 2458 cum
3180 2405 3464 2460 uxoribus
3477 2409 3536 2460 et

1891 2489 2117 2554 liberis,
2151 2496 2208 2543 et
2236 2491 2510 2561 virgines,
2544 2495 2780 2545 vocatas
2810 2491 3035 2546 viduas.
3069 2492 3272 2547 Fortes
3312 2494 3440 2548 sitis
3471 2494 3533 2548 in

1893 2580 2104 2633 virtute
2136 2579 2403 2649 Spiritus.
2437 2578 2660 2633 Salutat
2684 2595 2785 2633 vos
2813 2579 2996 2647 Philo,
3031 2580 3128 2650 qui
3182 2597 3415 2636 mecum
3449 2587 3536 2636 est

1891 2667 2091 2723 Saluto
2123 2667 2358 2721 Taviam
2391 2672 2448 2720 et
2479 2667 2720 2721 domum
2753 2668 2902 2737 ejus,
2937 2684 3112 2738 quam
3138 2674 3274 2739 opto
3310 2669 3533 2724 ﬁrmari

1892 2755 2009 2811 ﬁde
2039 2759 2098 2810 et
2128 2755 2412 2808 charitate
2444 2755 2732 2825 corporali
2775 2759 2833 2809 et
2863 2755 3174 2826 spirituali.
3209 2755 3406 2811 Saluto
3436 2757 3536 2811 Al-

1892 2861 2022 2913 cen,
2051 2844 2443 2900 desiderabile
2466 2845 2611 2898 mihi
2634 2861 2873 2912 nomen,
2898 2850 2957 2898 et
2979 2845 3293 2916 Daphnum
3316 2846 3538 2902 incom-

1893 2934 2244 3006 parabilem,
2277 2938 2336 2987 et
2371 2935 2723 3002 Euteenum,
2783 2950 3111 3004 omnesque
3159 2936 3535 2992 nominatim.

122 3057 240 3104 τον,
281 3032 375 3087 καὶ
413 3027 668 3088 Εότεκνον
715 3028 805 3083 καὶ
855 3028 1058 3089 πάντας
1096 3029 1212 3082 κατ’
1254 3023 1450 3101 ὄνομα.
1505 3025 1780 3103 Ἒρῥωσθε

1948 3023 2095 3079 alete
2127 3023 2186 3078 in
2208 3022 2395 3096 gratia
2426 3022 2552 3078 Dei.

127 3127 182 3182 ἐν
212 3124 404 3204 χάριτι
437 3125 593 3178 Θεοῦ.

1594 3217 1754 3275 Vetus
1782 3221 2073 3292 interpres.

133 3349 268 3405 quea
302 3329 630 3410 secundum
661 3329 864 3410 Deum,
895 3325 1040 3410 ipsis
1065 3326 1278 3410 factam
1299 3326 1843 3410 tranquillitatem;
1873 3333 1934 3410 _et
1964 3329 2246 3410 quoniam
2278 3333 2451 3410 ponrtu
2473 3328 2618 3410 jam‘
2634 3329 2821 3398 potita
2857 3332 2964 3410 est,
3013 3329 3280 3410 oratione
3317 3334 3535 3410 vestra.

131 3397 387 3460 perfecti
410 3401 786 3464 exsistentes,
814 3399 1076 3470 perfecta
1101 3402 1155 3451 et
1187 3397 1395 3468 sapite.
1426 3397 1770 3453 Volentibus
1793 3401 1950 3455 enim
1980 3397 2141 3456 vobis
2164 3397 2318 3456 bene
2338 3397 2553 3468 facere,
2581 3397 2734 3455 Deus
2762 3405 3002 3471 paratus
3033 3406 3123 3456 est
3152 3401 3225 3457 ad
3257 3401 3539 3459 tribuere.

1647 3509 1876 3564 CAPUT
1913 3510 2038 3568 XlI.

201 3618 428 3674 Salutat
457 3633 562 3671 vos
592 3615 847 3687 charitas
874 3613 1147 3687 fratrum,
1182 3613 1281 3683 qui
1314 3613 1375 3687 in
1408 3613 1665 3687 Troade:
1688 3615 1846 3671 unde
1875 3621 1934 3670 et
1953 3615 2146 3670 scribo
2165 3615 2326 3671 vobis
2358 3632 2462 3687 per
2488 3616 2803 3684 Burrhum,
2827 3633 3004 3687 quem
3027 3618 3272 3673 misistis
3300 3634 3537 3674 mecum

127 3691 311 3747 simul
351 3687 618 3759 Ephesiis
649 3686 930 3741 fratribus
961 3685 1206 3759 vestris;
1239 3685 1929 3759 quisecundumomnia
1956 3704 2048 3741 me
2081 3685 2388 3757 quiescere
2418 3688 2575 3759 fecit.
2610 3690 2679 3741 Et
2699 3685 2923 3742 utinam
2951 3706 3160 3744 omnes
3184 3690 3378 3759 ipsum
3412 3690 3541 3744 imi-

125 3770 352 3827 tentur,
388 3755 770 3814 exsistentem
803 3756 1233 3829 exemplarium
1266 3755 1367 3810 Dei
1402 3756 1737 3829 ministerii.
1770 3755 2128 3813 Remunereﬁt
2158 3759 2350 3829 ipsum
2381 3758 2569 3829 gratia
2600 3759 2927 3813 secundum
2952 3761 3175 3814 omnia.
3205 3755 3403 3815 Saluto
3422 3763 3540 3816 Deo

127 3835 380 3906 dignum
413 3831 778 3906 episcopum,
812 3835 869 3882 et
901 3830 1016 3906 Deo
1049 3827 1274 3906 decens
1295 3827 2729 3906 presbyterium._et_conservosﬂmeos—diaconos;
2773 3835 2832 3906 et
2875 3831 3220 3906 singillatim
3280 3838 3338 3886 et
3386 3849 3542 3906 com:

126 3899 398 3961 mﬁniter
428 3899 657 3968 omnes,
692 3902 750 3955 in
783 3899 1023 3972 nomine
1052 3901 1186 3953 Iesu
1217 3899 1453 3972 Christi.
1479 3907 1536 3972 et
1558 3916 1733 3972 carne
1757 3901 1963 3972 ipsius,
1990 3907 2047 3955 et
2070 3901 2376 3971 sanguine,
2401 3906 2458 3954 et
2477 3901 2837 3972 passione,et
2859 3899 3296 3964 resurrectione
3316 3903 3539 3958 carnali

130 3983 194 4032 et
222 3975 541 4048 spirituali,
574 3973 635 4028 in
665 3972 890 4027 unitate
925 3971 1025 4026 Dei
1058 3976 1117 4025 et
1145 3971 1342 4025 vestri.
1377 3971 1573 4025 Gratia
1600 3971 1793 4037 vobis,
1821 3978 1880 4026 et
1910 3972 2340 4038 misericordia,
2373 3977 2431 4025 et
2461 3971 2595 4042 pax,
2631 3977 2690 4025 et
2717 3972 3076 4027 sustinentia
3106 3988 3360 4044 semper.

1638 4078 1868 4135 CAPUT
1905 4079 2047 4134 XIII.

204 4181 408 4238 Saluto
439 4181 644 4235 domos
676 4179 924 4234 fratrum
957 4191 1246 4238 meorum,
1279 4190 1413 4229 cum
1445 4175 1729 4229 uxoribus
1761 4181 1818 4230 et
1845 4176 2025 4240 ﬁliis;
2061 4181 2119 4231 et
2166 4175 2422 4246 virgines
2475 4179 2708 4231 vocatas
2760 4175 2985 4232 viduas.
3036 4175 3234 4230 Valete
3283 4175 3430 4229 mihi
3479 4176 3541 4231 in

127 4256 346 4310 virtute
380 4253 585 4307 Patris.
620 4251 847 4306 Salutat
877 4265 975 4302 vos
1008 4247 1238 4304 Philon.
1263 4263 1497 4300 mecum
1529 4247 1840 4302 exsistens.
1871 4248 2069 4302 Saluto
2103 4247 2346 4301 domum
2376 4247 2626 4312 Thaviaa,
2660 4263 2836 4316 quam
2896 4263 2998 4302 oro
3053 4246 3275 4301 ﬁrmari
3327 4247 3439 4302 ﬁde
3485 4253 3544 4302 et

123 4325 417 4383 charitate
450 4323 675 4378 carnali
709 4328 767 4376 et
795 4319 1111 4391 spirituali.
1141 4318 1340 4372 Saluto
1367 4317 1579 4391 Alken.
1605 4317 2006 4391 desideratum
2026 4319 2173 4391 mihi
2200 4335 2420 4373 nomen
2447 4335 2460 4384 ;
2491 4324 2548 4373 et
2575 4319 2885 4389 Daphnum
2909 4317 3458 4390 incomparabilem,
3485 4323 3545 4374 et

127 4402 482 4463 Eutecnum,
517 4400 572 4448 et
603 4389 1172 4448 omnes'secundum
1203 4405 1439 4443 nomen.
1474 4389 1670 4443 Valete
1703 4389 1762 4443 in
1791 4393 1980 4461 gratia
2016 4389 2141 4444 Dei.

416 4651 574 4744 AD
635 4645 1497 4750 POLYCARPUM.

130 4817 417 4890 Ignatius,
472 4813 570 4890 qui
621 4816 673 4863 et
733 4806 1116 4890 Theophorush
1163 4805 1486 4890 Polycorpo,
1541 4807 1794 4886 episcopo

208 4887 468 4944 Ecclesia:
497 4884 928 4951 Smyrnaeorum,
963 4882 1060 4947 qui
1095 4882 1212 4946 ipse
1250 4882 1436 4947 potius
1483 4882 1793 4948 episcopum

215 5031 329 5100 (99)
365 5025 758 5100 Huncilocum
792 5022 946 5078 male
976 5020 1548 5100 Semipelagianismi
1589 5039 1796 5100 spspe-

139 5092 510 5171 ctum'putat
543 5093 1238 5168 Baumgartem-Crusius,
1270 5092 1463 5147 Lehrb.
1511 5094 1565 5148 ά.
1602 5092 1794 5164 Βορτη.

142 5177 234 5235 6..
265 5177 339 5241 11,
378 5177 510 5226 “07

211 5249 290 5313 (1)
320 5243 405 5298 Cf.
437 5241 780 5313 adEphes.,
811 5241 882 5303 2;
915 5234 1272 5313 ad_Philad.,
1307 5237 1471 5313 calt.

323 5317 415 5388 Ἐν
445 5305 675 5388 dvenit:
709 5327 833 5388 non
866 5314 955 5363 est
979 5308 1045 5388 in
1077 5311 1186 5360 vet.
1222 5305 1513 5374 versione,
1570 5313 1628 5362 et
1669 5308 1800 5379 pla-

139 5381 220 5446 ne}
249 5380 650 5458 omittendum
683 5382 919 5458 videtur
972 5380 1198 5458 (ξλεμ--
1363 5447 1374 5458 θ

210 5462 288 5529 (3)
320 5458 405 5513 Cf.
440 5455 850 5529 Rothe,__Anf.,
884 5468 941 5522 p.
975 5451 1100 5504 253.
1137 5449 1514 5529 Diaconissm.
1564 5451 1672 5529 etsi
1704 5467 1801 5529 es—

139 5519 282 5588 sent.
304 5532 569 5594 virgines,
601 5519 783 5596 ’χῆραι
804 5519 1001 5596 tamen
1018 5519 1498 5596 appellabantur,
1522 5522 1662 5596 quia
1681 5522 1797 5596 pri-

139 5604 257 5658 mis
279 5591 560 5657 Ecclesim
580 5591 948 5666 temporibus
970 5591 1148 5647 viduae
1175 5593 1247 5647 ad
1271 5607 1488 5646 munus
1504 5591 1770 5648 diaconis
1789 5623 1803 5632 -

147 5691 343 5729 sarum
381 5671 515 5734 eli-'2':
557 5667 846 5720 solebant.

218 5750 293 5820 (4)
325 5747 408 5804 Cf.
440 5757 623 5814 supra
657 5757 704 5792 (τ.
749 5741 828 5792 ll).

1821 4650 1870 4712 θ
1985 4669 2309 4767 ΠΡΟΣ
2394 4668 3264 4767 ΠΟΑΥΚΑΡΠΟΝ
3343 4650 3442 4756 (θ).

1899 4822 2181 4897 Ἰγνάτιος,
2333 4820 2421 4897 καὶ
2478 4816 2771 4897 Θεδφόροᾼς.
2834 4819 3178 4897 Πολυκᾴρπῳ
3215 4821 3544 4897 μέπισκόπῳ

1971 4898 2046 4963 (7,)
2107 4890 2432 4961 Ἐκκλησίας
2485 4890 2832 4965 Σμυρναίων,
2912 4890 3260 4966 pana/(8)
3318 4890 3546 4949 ἐπεσκοέ

1976 5029 2052 5098 (5)
2084 5030 2172 5083 Ita
2227 5044 2337 5103 ms.
2399 5027 2687 5084 Smitbius
2747 5029 2990 5101 conjicit
3031 5026 3410 5103 Ἀσύγκριτον.
3459 5029 3542 5085 Cf.

1905 5104 2072 5157 Rom.
2104 5116 2220 5162 xvr,
2258 5101 2343 5153 14.

1978 5174 2054 5242 (6)
2087 5169 2470 5245 authentiam
2503 5169 2681 5245 hujus
2711 5170 2977 5242 epistolaa
2999 5179 3210 5245 contra
3261 5173 3548 5245 speciales

1906 5240 2333 5300 nonnullorum
2368 5240 2733 5314 objectiones
2750 5240 3106 5315 nuperrime
3148 5240 3555 5319 propugnave-

3393 5323 3552 5374 runt.

1980 5424 2057 5488 (7)
2087 5418 2746 5494 Vocabulo’ExxMaiaq
2779 5421 2930 5475 nihil
2967 5424 3290 5494 respondet
3311 5424 3371 5478 in
3397 5430 3558 5480 utro-

1909 5511 2023 5565 que
2055 5493 2255 5547 codice
2285 5492 2541 5562 Syriaco.

1981 5567 2054 5632 (8)
2091 5566 2248 5618 Hanc
2280 5561 2758 5633 paronomasiam
2795 5562 3127 5618 Vairlenius
3160 5566 3240 5619 ita
3270 5567 3556 5623 reddidit:

1910 5634 2233 5706 Inspectori,
2267 5638 2377 5690 imo
2406 5637 2504 5708 qui
2528 5636 2801 5705 inspectus
2831 5640 2907 5688 est
2937 5651 2973 5688 α
3003 5637 3127 5694 Deo.
3151 5636 3452 5695 JAcoason.
