3932 6304
410 401 528 463 719

1355 399 1636 462 SANCTI
1682 395 1985 463 IGNATll
2030 397 2436 463 EPISTOLIE
2478 395 2869 464 GENUINJE.

3697 401 3828 461 720'

479 534 639 607 habet
673 535 835 589 Deum
863 535 1085 607 Patrem
1113 540 1166 588 et
1221 533 1506 588 Dominum
1551 535 1732 590 Iesum
1781 532 2059 590 Christum
2089 534 2109 600 Α

2245 532 2474 605 πημὲνῳ
2546 531 2651 607 ὑπὸ
2715 533 2850 586 Θεοῦ
2894 531 3128 607 ’Πατρὸς
3194 528 3285 585 καὶ
3381 531 3582 605 Κυρίου
3639 531 3816 601 Ἰησοῦ

474 605 782 676 plurimam
809 605 1062 661 salutem.

2242 603 2504 680 Χριστοῦ,
2545 605 2777 659 πλεῖστα
2805 603 3043 680 χαίρειν.

1769 724 1811 778 Ι.
1845 726 1990 779 Laus
2023 730 2076 780 et
2110 724 2456 780 adhortatio.

475 841 640 896 Piam
671 845 933 895 montem
967 845 1149 909 tuam,
1183 840 1345 896 velut
1376 857 1554 912 supra
1583 846 1814 912 petram
1847 840 2051 895 immo-

399 929 580 984 bilem
614 930 938 995 fundatam,
973 931 1388 1001 comprobans,
1425 932 1672 985 summis
1709 932 1889 985 eveho
1921 931 2050 985 lau-

401 1019 594 1085 dibus,
629 1019 786 1089 quod
817 1019 1028 1091 dignus
1062 1021 1173 1073 sim
1205 1021 1441 1074 habitus
1478 1025 1683 1074 sancta
1723 1025 1824 1074 tua
1874 1020 2046 1088 facie,

401 1126 516 1182 qua
546 1110 772 1165 utinam
807 1127 1042 1181 semper
1071 1111 1184 1164 frui
1215 1111 1432 1181 possim
1468 1110 1529 1164 in
1553 1111 1687 1164 Deo.
1715 1110 1968 1166 Obsecro
1992 1115 2047 1165 te

398 1215 506 1270 per
533 1199 802 1271 gratiam,
837 1215 953 1269 qua
1003 1199 1245 1253 indutus
1298 1215 1383 1261 es,
1432 1203 1499 1253 ut
1544 1214 1759 1270 augeas
1807 1216 2047 1254 cursum

399 1293 588 1354 tuum,
621 1303 952 1357 omnesque
983 1286 1336 1351 adhorteris,
1368 1293 1433 1341 ut
1457 1287 2046 1343 salventur.Defende

399 1377 597 1432 locum
628 1383 799 1431 tuum
854 1377 915 1430 in
963 1377 1123 1430 omni
1169 1393 1312 1431 cura
1353 1377 1576 1430 carnali
1627 1382 1686 1430 et
1727 1377 2046 1447 spirituali.

399 1465 652 1520 Unitatis
684 1481 885 1519 curam
913 1465 1207 1535 habe,qua
1223 1465 1372 1518 nihil
1400 1465 1633 1520 melius.
1669 1467 1888 1521 Omnes
1910 1483 2046 1537 per-

397 1555 506 1619 fer,
537 1560 602 1608 ut
632 1559 691 1609 et
721 1560 775 1608 te
804 1553 1025 1624 perfert
1047 1553 1350 1608 Dominus.
1377 1555 1594 1609 Omnes
1627 1555 1813 1610 tolera
1836 1555 1895 1609 in
1916 1557 2043 1610 cha«

397 1644 594 1710 ritate,
630 1643 784 1697 sicut
814 1651 873 1697 et
893 1642 1060 1697 facis.
1095 1641 1376 1696 Precibus
1406 1657 1547 1696 vaca
1575 1643 1898 1712 perpetuis.
1931 1643 2046 1696 Po-

398 1732 553 1787 stula
583 1731 936 1802 sapientiam
987 1731 1298 1801 majorem,
1351 1747 1530 1801 quam
1581 1730 1782 1786 habes.
1837 1731 2044 1802 Vigila,

396 1824 731 1878 insomnem
767 1822 1041 1892 spiritum
1073 1821 1404 1892 possidens.
1433 1821 2076 1893 Singulisloqueremt.

395 1918 563 1984 potes
591 1913 708 1966 Deo
738 1912 1448 1982 adjuvante.Cunctorum
1471 1912 1883 1983 aegrotationes
1905 1927 2045 1982 por-
2069 1918 2109 1979 Β

2201 1907 2339 1969 ἐνος.
2394 1913 2524 1970 Τοῖς
2582 1909 2700 1963 κατ’
2754 1905 3112 1981 ἄνθρακατὰ
3169 1913 3282 1982 (20)

395 2007 476 2070 ta,
509 2003 660 2057 sicut
690 2001 985 2072 perfectus
1044 2000 1284 2054 athleta.
1329 1999 1436 2054 Ubi
1485 2000 1618 2071 plus
1672 1999 1915 2066 laboris,
1966 1999 2046 2054 ibi

397 2107 677 2163 magnum
708 2090 962 2145 lucrum.

2234 840 2312 911 (9)
2343 835 2786 914 Ἀποδεγόμενός
2817 858 2912 892 σου
2941 838 3040 905 τὴν
3081 836 3132 892 ἐν
3190 842 3306 910 Θεῷ
3354 838 3609 913 γνώμην,
3657 835 3822 912 ἡδρα-

2164 927 2368 1000 σμένην
2429 929 2503 988 ὡς
2571 926 2656 982 ἐπὶ
2715 925 2910 1001 πέτραν
2969 926 3222 997 ἀκίνηον,
3285 924 3626 1002 ὑπερόοξάζω
3688 930 3816 999 (10),

2157 1018 2510 1086 καταξιωθεὶς
2568 1019 2666 1071 τοὺ
2718 1020 2831 1088 (11)
2890 1017 3186 1090 προσώπου
3246 1037 3342 1070 σου
3398 1020 3496 1070 τοῦ
3551 1017 3815 1088 ἀμώμου,

2159 1107 2222 1161 οὗ
2255 1110 2368 1179 (12)
2400 1106 2636 1180 ὀναίμην
2669 1105 2719 1161 ἐν
2755 1111 2892 1178 Θεῷ.
2927 1104 3239 1180 Παρακαλῶ
3270 1126 3327 1160 σε
3355 1105 3407 1160 ἐν
3443 1108 3632 1181 χάριτι
3676 1111 3812 1181 ξ13),

2155 1196 2326 1271 ﬁuit}
2361 1193 2660 1263 ἐνδέδυπαι,
2691 1201 2804 1268 (15)
2843 1199 3157 1270 προσθεῖναι
3188 1200 3268 1267 τῷ
3309 1193 3501 1269 δρόμῳ
3551 1217 3670 1264 σου,
3721 1198 3813 1252 καὶ

2154 1287 2355 1346 πάντας
2387 1286 2742 1360 παρακαλεῖν,
2771 1285 2862 1339 ’ἱνα
2914 1286 3215 1354 σώζωνται,
3271 1289 3381 1358 (16)
3428 1283 3665 1340 Ἐκδίκει
3716 1308 3812 1341 σου

2153 1377 2246 1429 τὸν
2278 1375 2447 1429 κόπον
2478 1374 2530 1429 ἐν
2562 1376 2706 1448 πάσῃ
2770 1374 3056 1448 ἐπιμελείᾳ
3113 1378 3344 1448 σαρκικῇ
3393 1395 3452 1428 τε
3507 1376 3599 1430 καὶ
3651 1396 3815 1434 πνευ-

2157 1467 2381 1537 ματικῇ.
2426 1465 2541 1532 Τῆς
2601 1463 2844 1526 ὲνώσεως
2882 1463 3149 1539 φρόντιζε,
3211 1464 3278 1533 ἧς
3335 1462 3494 1519 οὐδὲν
3557 1463 3812 1537 ἄμεινον.

2155 1553 2364 1615 Πάντας
2411 1552 2667 1628 βάσταζε,
2721 1552 2797 1616 ὡς
2853 1554 2941 1608 καὶ
3007 1554 3066 1607 σὲ
3096 1554 3124 1607 ὁ
3159 1553 3376 1628 Κύριος.
3426 1555 3650 1608 Πάντων
3695 1555 3817 1609 ἀνέ-

2154 1661 2262 1720 χου
2295 1641 2350 1696 ἐν
2380 1642 2588 1718 ἀγάπῃ,
2623 1639 2808 1716 ὥσπερ
2863 1641 2953 1696 καὶ
3010 1647 3208 1704 ποιεῖς.
3272 1648 3612 1717 Προσευχαῖς
3677 1645 3814 1719 σχὸο

2157 1728 2288 1798 λαζε
2317 1737 2431 1800 (17)
2480 1728 2878 1792 ἀδιαλείπτοις.
2927 1734 3041 1804 (18)
3092 1733 3262 1788 Αὶτοῦ
3321 1731 3530 1786 σύνεσιν
3585 1732 3819 1788 πλείονα

2151 1820 2218 1888 ἧς
2248 1813 2416 1893 ἔχεις.
2461 1818 2754 1896 Γρηγόρει,
2813 1821 3119 1892 ἀκοίμητον
3175 1822 3284 1890 (49)
3337 1824 3549 1892 πνεῦμα
3615 1842 3816 1893 κεκτη.

3362 1910 3621 1985 βοήθειαν
3679 1917 3814 1967 Θεοῦ

2158 1998 2339 2054 λάλει’
2380 1998 2603 2055 Πάντων
2632 1999 2727 2060 τὰς
2757 2001 2946 2062 νόσους
2991 2000 3236 2075 βάσταζε,
3271 2002 3344 2062 ὡς
3371 2000 3584 2062 τέλειος
3634 2002 3817 2073 ἀθλη-

2155 2090 2276 2158 τής.
2309 2089 2484 2146 Ὅπου
2514 2088 2721 2144 πλείων
2753 2089 2948 2159 κόπος,
2979 2089 3124 2145 πολὺ
3152 2087 3365 2164 κέρδος.

1618 2196 1688 2250 ΙΙ.
1722 2198 2077 2252 Continuatio
2110 2198 2579 2253 adhortationum.

467 2315 664 2369 Bonos
691 2312 1015 2384 discipulos
1048 2313 1095 2367 si
1128 2312 1436 2379 amaveris,
1486 2313 1714 2368 nullam
1755 2312 1892 2368 inde
1923 2330 2046 2368 me-

395 2403 545 2458 reris
574 2403 825 2474 gratiam
853 2419 866 2470 ;
899 2401 1098 2474 potius
1129 2401 1573 2473 pestilentiores
1605 2402 1668 2458 in
1698 2409 2047 2459 mansuetu-

2222 2310 2440 2376 Καλοὺς
2481 2314 2728 2385 μαθητὰς
2777 2315 2889 2386 (21)
2947 2312 3034 2367 ἐὰν
3095 2311 3281 2390 φιλῇς,
3341 2313 3503 2389 χάρις
3564 2335 3656 2369 σοι
3716 2316 3817 2372 οὐκ

2149 2396 2314 2456 ἔστιν·
2380 2400 2590 2475 μᾶλλον
2654 2401 2783 2464 τοὺς
2841 2405 2954 2475 (22)
2993 2399 3352 2477 λοιμοτὲρους
3420 2401 3471 2457 ἐν
3530 2405 3811 2479 πραότητι

1857 2511 2011 2566 Vetus
2041 2509 2329 2580 interpres.

391 2619 661 2687 Ignatius,
693 2616 791 2687 qui
821 2621 872 2671 et
908 2613 1280 2686 Theophorus,
1309 2615 1616 2686 Polycarpo
1643 2618 1890 2686 episcopo
1921 2616 2171 2672 Ecclesia
2208 2618 2634 2686 Smyrnavorum,
2690 2617 2865 2686 magis
2921 2621 3102 2671 autem
3155 2614 3380 2672 visitato
3412 2634 3446 2672 a
3476 2618 3591 2673 Deo
3644 2621 3811 2674 Patre

1411 2695 1462 2742 et
1491 2687 1727 2742 Domino
1755 2689 1880 2743 Iesu
1912 2689 2149 2758 Christo,
2173 2689 2482 2759 plurimum
2512 2688 2774 2758 gaudere.

1938 2805 2167 2860 CAPUT
2204 2807 2248 2859 Ι.

461 2896 786 2976 Acceptans
819 2898 978 2976 tuam
1012 2893 1073 2976 in
1105 2895 1222 2948 Deo
1253 2894 1632 2976 sententiam,
1667 2893 1961 2976 ﬁrinatam
1983 2892 3390 2976 utsuipranpetramimmobilem,supergloriﬁco,
3416 2894 3807 2976 digniﬁcatus

393 2971 494 3021 tua
522 2965 668 3020 facie
700 2966 1097 3038 immaculata,
1132 2981 1249 3038 qua
1273 2965 1436 3019 fruar
1465 2965 1526 3038 in
1559 2966 1695 3038 Deo.
1729 2967 2024 3038 Deprecor
2057 2972 2110 3021 te
2138 2965 2198 3020 in
2231 2965 2332 3021 Dei
2363 2966 2550 3038 gratia
2577 2982 2694 3036 qua
2714 2965 2955 3020 indutus
2987 2965 3071 3028 es,
3104 2965 3648 3038 apponereicursui
3684 2974 3807 3036 tuo,

391 3044 451 3092 et
479 3054 685 3092 omnes
718 3036 1019 3107 deprecari
1053 3042 1118 3090 ut
1150 3037 1469 3091 salventur.
1497 3037 1762 3092 Justifica
1791 3037 1986 3092 locum
2019 3043 2184 3092 tuum
2219 3038 2279 3092 in
2313 3036 2473 3092 omni
2497 3053 2641 3092 cura
2661 3037 2885 3092 carnali
2908 3043 2966 3091 et
2991 3037 3614 3107 spiritual.i.Unionem
3641 3056 3804 3106 cura,

391 3125 506 3178 qua
539 3109 688 3162 nihil
719 3109 952 3162 melius.
988 3109 1204 3179 Omnes
1238 3113 1512 3178 supports
1543 3124 1554 3171 ;
1586 3114 1651 3162 ut
1680 3115 1738 3162 et
1766 3114 1822 3162 te
1853 3110 2158 3164 Dominus.
2201 3111 2419 3165 Omnes
2451 3109 2677 3164 sustine
2708 3109 2769 3162 in
2809 3109 3134 3174 charitate;
3188 3109 3704 3179 quemadmodum
3753 3119 3810 3166 et

385 3179 932 3252 facis.Orationibus
950 3195 1087 3252 vaca
1102 3178 1606 3252 indesinentibus.
1638 3182 1774 3234 Pete
1797 3180 2167 3236 intellectum
2186 3182 2536 3252 ampliorem
2560 3197 2626 3235 eo
2642 3197 2817 3252 quem
2835 3178 3376 3252 habes.Vigila,non
3395 3179 3806 3237 dormientem

388 3250 1026 3325 spiritumpossidens.
1057 3249 1320 3325 Singulis
1345 3250 1672 3325 secundum
1703 3252 2197 3325 consuetudinem
2231 3249 2333 3308 Dei
2366 3253 2629 3323 loquere.
2659 3249 2942 3307 Omnium
2974 3251 3351 3325 aegritudines
3378 3258 3653 3322 porta,ut
3676 3270 3808 3325 per-

385 3320 576 3377 fectus
611 3320 856 3378 athleta.
893 3321 996 3376 Ubi
1029 3321 1222 3392 major
1247 3320 1434 3390 labor,
1468 3321 1717 3377 multum
1749 3321 1999 3378 lucrum.

1919 3422 2146 3478 CAPUT
2185 3423 2255 3477 II.

457 3527 648 3580 Bonos
675 3523 996 3594 discipulos
1027 3524 1075 3577 si
1108 3523 1338 3595 diligas,
1371 3524 1558 3596 gratia
1587 3524 1692 3579 tibi
1726 3543 1845 3581 non
1877 3531 2002 3581 e‘st:
2037 3527 2223 3600 magis
2253 3527 2578 3582 deteriores
2599 3527 2661 3582 in
2687 3526 3144 3582 mansuetudine
3177 3525 3423 3598 subjice.
3454 3527 3586 3582 Non
3622 3545 3804 3585 omne

387 3656 533 3732 runt
559 3649 852 3732 Hutherus
876 3647 957 3732 (in
984 3647 1203 3732 lllqenii
1231 3647 1487 3732 Zeitschr.
1505 3652 1603 3732 ριν
1622 3648 1814 3732 histor.
1844 3651 2030 3719 theol.,
2070 3657 2115 3721 (ς
2145 3650 2473 3732 Θεοῦ-,ρυορ
2486 3669 2559 3732 nne
2583 3651 3240 3732 apud_in_terpolaftore_m
3263 3650 3504 3732 quidem
3518 3651 3802 3732 legimus.

387 3728 430 3776 t.
464 3721 556 3784 XI,
590 3738 647 3790 p.
680 3723 748 3774 62
779 3721 933 3791 sqq.)
982 3725 1039 3773 et
1066 3719 1472 3782 Diisterdieck,
1507 3722 1582 3773 De
1612 3721 2034 3789 lgnatianaru-m

389 3793 745 3863 epistolarum
775 3792 1083 3856 authentia,
1118 3797 1343 3863 etc.._p.
1377 3792 1446 3863 42
1477 3807 1641 3860 seqq.
1677 3792 1842 3846 Multi
1875 3795 2034 3848 enim

389 3861 846 3935 contendebant,
881 3865 974 3935 vix
1006 3878 1134 3935 esse
1167 3861 1509 3935 verisimile,
1561 3863 1719 3931 quod
1770 3865 2034 3935 lgnatius

387 3938 526 3992 duas
555 3934 836 4005 epistolas
892 3933 966 3988 ad
1024 3933 1357 4005 Smyrnaeos
1411 3933 1664 4005 miserit,
1724 3933 1902 3990 unam
1958 3935 2033 3990 ad

389 4003 721 4078 Smyrna-eos
752 4006 812 4059 in
853 4020 1190 4078 commune,
1228 4003 1498 4078 _alteram
1557 4004 1630 4058 ad
1688 4007 2031 4077 episcopum

389 4074 651 4149 Smyrnae
678 4076 1022 4149 separatim.
1053 4074 1162 4149 Sed
1194 4074 1356 4149 clare
1379 4075 1438 4128 id
1475 4080 1679 4149 narrat
1721 4074 2028 4149 Eusebius,

388 4146 530 4204 Hist.
572 4151 724 4209 eccl..
744 4146 837 4212 “in,
867 4150 953 4202 36.
987 4146 1265 4217 Epistolaa
1287 4146 1361 4219 ad
1393 4146 1782 4219 Polycarpnm
1813 4148 2032 4219 duplex

387 4226 574 4274 exstat
607 4220 794 4273 versio
819 4219 1078 4288 Syriaca,
1112 4233 1214 4271 seu
1239 4218 1433 4286 potius
1456 4217 1572 4271 duo
1597 4219 1830 4274 codices
1852 4217 2028 4275 unius

387 4290 775 4359 e'usdemque
808 4290 1114 4351 versionis,
1148 4305 1397 4357 quorum
1422 4289 1572 4343 alter
1603 4291 1818 4346 smculo
1841 4298 2025 4358 sexto,

387 4308 535 4413 alter
555 4368 755 4413 octavo
783 4368 1054 4413 exaratus
1077 4359 1324 4412 videtur.
1347 4361 1736 4413 Vetustiorem
1760 4363 2025 4413 codicem

384 4359 535 4414 alter
555 4368 755 4415 octavo
783 4368 1054 4414 exaratus
1077 4359 1324 4412 videtur.
1347 4361 1736 4414 Vetustiorem
1760 4363 2026 4418 codicem

384 4433 537 4504 typis
556 4431 1005 4504 exscribendum
1030 4431 1253 4504 curavit
1282 4431 1630 4497 Curetonus,
1661 4432 1698 4485 Ι.
1733 4449 1803 4489 c..
1823 4433 2027 4503 junio-

381 4502 462 4557 ris
494 4503 714 4557 codicis
746 4503 1031 4556 lectiones
1062 4502 1372 4573 variantes,
1408 4520 1537 4572 quas
1563 4502 1936 4573 paucissimas
1969 4511 2027 4560 et

379 4574 604 4628 nullius
637 4573 922 4648 ponderis
949 4579 1104 4648 sunt.
1139 4572 1888 4648 addens._Uterque_codex
1911 4577 2023 4648 pri-

378 4660 538 4699 mam
568 4649 799 4699 tantum
832 4644 1098 4714 epistolae
1128 4649 1354 4714 partem
1389 4646 1596 4714 (usque
1626 4646 1699 4699 ad
1723 4644 2025 4702 finem—ca-

418 4717 515 4770 itis
573 4715 742 4783 sexti)
792 4715 1077 4770 continet.
1139 4715 1180 4766 E
1227 4715 1520 4784 capitibus
1567 4722 1765 4770 autem
1813 4722 1843 4770 7
1889 4723 1948 4772 et
1988 4721 2020 4772 8

418 4733 515 4770 ius
573 4733 742 4783 sexu)
792 4733 1077 4770 continet.
1139 4733 1180 4766 is
1227 4733 1520 4784 capiunus
1567 4733 1765 4770 autem
1813 4733 1841 4770 '1
1889 4733 1948 4772 et
1988 4733 2019 4772 δ

374 4733 553 4858 Syrus
568 4787 716 4841 duas
734 4792 963 4860 tantum
995 4786 1318 4860 sententias
1348 4791 1619 4860 _mu_tatus
1651 4793 1758 4852 est,
1801 4805 2019 4860 easque

373 4855 505 4913 cum
540 4860 655 4913 ﬁne
677 4858 887 4928 capitis
910 4858 1056 4912 sexti
1082 4855 1409 4929 conjunrit.
1438 4856 1727 4929 Qaeterum
1750 4855 1939 4929 Syrus-
1957 4862 2018 4916 in

368 4931 652 4985 vertenda
680 4925 790 4983 hac
821 4929 1072 4999 epistola
1101 4925 1408 4996 exemplar
1437 4925 1701 4983 Graecum
1751 4925 1901 5000 pene
1944 4932 2020 4987 ad

366 5002 612 5054 verbum
646 5006 884 5055 secutus
910 5004 1020 5056 est.

461 5073 512 5141 9)
547 5066 924 5146 Ἀποδὲχομαι
953 5089 1055 5146 ἐξ
1106 5067 1303 5146 probo,
1357 5069 1669 5146 compropo,
1701 5079 2010 5146 “acceptum

364 5136 553 5197 Ιιαὸεό.
583 5136 861 5198 ΡΕΑιὶἐὸιιέ.
894 5141 1004 5206 Τὴν
1033 5137 1084 5192 ἐν
1106 5136 1233 5206 ίΘεῷ
1280 5136 1528 5209 γνώμην.
1575 5140 1782 5196 Similii
1832 5136 2008 5200 modo

359 5214 619 5336 Ignatius
660 5214 722 5269 in
757 5213 1007 5302 epistola
1036 5210 1110 5266 ad
1141 5212 1331 5278 Rom.,
1383 5225 1434 5264 ο.
1485 5213 1539 5277 '7,
1598 5213 1838 5269 scribit:
1891 5216 2004 5283 Τὴν

361 5303 383 5336 ε
412 5304 436 5336 ς
468 5291 596 5336 Θεον
632 5305 734 5336 μου
773 5304 1025 5336 γνώμην.

361 5284 436 5344 εἶς
468 5285 596 5338 Θεόν
631 5305 734 5356 μου
773 5284 1025 5356 γνώμην.

429 5356 542 5427 (10)
573 5350 662 5411 Sd.
697 5350 851 5421 Θεὸν,
884 5350 1044 5427 quod
1076 5352 1255 5427 Syrus
1286 5350 1442 5422 legit.

426 5423 540 5495 (⁷11)
572 5428 684 5481 Τοῦ
716 5423 1013 5491 προσώπου
1044 5441 1161 5476 σου.
1196 5423 1506 5493 Nunquam
1534 5423 1716 5497 igitur
1756 5432 1890 5483 ante
1920 5430 2002 5483 vi-

353 5496 521 5551 derat
551 5500 963 5569 Polycarpum.
987 5499 1196 5569 Pluris.

421 5570 530 5642 (l2)
562 5566 677 5642 Cfr'.
713 5566 897 5640 lgriat.
931 5568 1005 5642 ad
1037 5566 1272 5638 Ephes,
1304 5581 1354 5622 ο.
1401 5569 1472 5624 2:
1507 5567 1581 5625 ad
1629 5569 1844 5642 Magn.,
1882 5589 1931 5628 ο.
1966 5575 1998 5627 2

348 5643 407 5692 et
439 5640 503 5692 12
532 5655 546 5703 ;
580 5639 654 5694 ad
685 5639 876 5709 Rem,
911 5655 959 5694 c.
993 5641 1045 5693 ὅ.

415 5709 525 5779 (13)
586 5707 872 5767 Smithius
929 5714 1133 5767 contra
1190 5707 1606 5766 auctoritatem
1653 5728 1764 5767 ms.
1831 5714 1994 5770 addit

2214 3720 2680 3794 (14)“Ένδξδυσὰι.
2733 3720 3002 3778 Imitatur
3045 3724 3100 3777 S.
3161 3720 3428 3782 Paulum.
3493 3720 3607 3794 qui
3661 3742 3800 3780 voce

2142 3790 2313 3847 ἐνδύώ
2340 3801 2399 3850 et
2427 3790 2686 3866 ἐνδύομαι
2738 3796 2849 3850 hoc
2909 3811 3089 3850 sensu
3149 3811 3304 3865 saepe
3357 3790 3569 3857 utitur,
3635 3813 3690 3851 e.
3743 3814 3798 3867 g.

2141 3867 2353 3938 Ephes.
2383 3884 2456 3932 vn,
2493 3868 2595 3933 14;
2630 3866 2769 3922 Cod.
2804 3869 3008 3938 (11.12.
3046 3868 3246 3938 ΡΕΑΒε.

2210 3942 2325 4004 (15)
2359 3939 2676 4010 Ηροοθεῐναι
2707 3941 2784 4007 τῷ
2815 3933 3026 4010 δρόμῳ.
3057 3937 3283 3992 Similia
3308 3936 3368 3990 in
3391 3936 3447 3990 S.
3482 3936 3797 4010 Scriptura

2210 3958 2325 4004 (ιο)
2359 3958 2676 4010 ηροσυειναι
2707 3958 2784 4007 τῳ
2815 3958 3026 4062 οροὲιῳ.
3057 3958 3283 3992 almum
3308 3958 3368 3990 ιιι
3391 3958 3447 3990 δ.
3482 3958 3793 4010 scriptura

2139 4007 2427 4081 legimus:
2467 4006 2721 4081 ῃληροῦν
2777 4009 2868 4062 τὸν
2944 4008 3131 4081 ρόμον.
3183 4012 3308 4063 Act.
3361 4024 3483 4076 xm,
3534 4012 3603 4062 25
3633 4027 3646 4075 ;
3709 4031 3793 4063 τε·

2141 4077 2322 4132 λεῖοὖν
2354 4079 2443 4132 τὸν
2478 4077 2706 4152 δρόμον.
2738 4085 2863 4135 Act.
2897 4077 3128 4146 11,724;
3165 4082 3211 4134 ll
3242 4081 3399 4152 Tim.
3422 4096 3493 4145 Iv,
3518 4083 3570 4132 7.

2212 4155 2317 4216 (16)
2353 4152 2392 4205 1.
2429 4167 2478 4206 e.
2514 4151 2743 4218 defende
2760 4155 3128 4221 episcopatum
3161 4159 3332 4205 tuum.
3360 4151 3522 4205 Hanc
3544 4158 3788 4207 senten-

2136 4223 2280 4278 tiam
2316 4223 2516 4293 Syrus,
2550 4224 2746 4277 minus
2773 4239 2902 4277 eam
2934 4222 3297 4294 intelligens,
3331 4221 3414 4275 ita
3444 4227 3660 4276 vertit:
3693 4227 3791 4279 Eas

2135 4311 2220 4348 res
2246 4297 2511 4364 requires,
2543 4310 2664 4363 quae
2693 4297 3020 4349 conveniunt
3050 4311 3170 4349 cum
3211 4297 3363 4347 omni
3409 4309 3547 4347 cura
3594 4311 3790 4365 corpo-

2133 4367 2211 4420 ris
2242 4372 2292 4420 et
2322 4368 2547 4420 animae.

2206 4438 2317 4508 (17)
2351 4433 2750 4495 Ἀδιαλεῖπτοις
2783 4436 2938 4508 apud
2970 4437 3179 4508 Syrum
3211 4451 3330 4489 non
3363 4440 3573 4489 exstat.

2203 4507 2315 4579 (18)
2349 4508 2442 4562 Nil
2473 4508 2652 4580 habet
2681 4508 2775 4562 hic
2808 4507 3351 4580 locnsrusticitatis
3383 4521 3489 4560 seu
3508 4523 3786 4580 arrogan-

2133 4580 2250 4643 tiae,
2301 4578 2375 4633 'ut
2432 4579 2687 4634 Dallasus
2743 4578 3161 4634 contendebat.
3218 4579 3500 4632 Fraterno
3547 4578 3779 4634 tantum

2130 4665 2330 4704 amore
2351 4649 2560 4705 ductus
2580 4650 2786 4704 beatus
2797 4650 3079 4721 Ignatius,
3100 4649 3488 4720 Polycarpum
3511 4665 3688 4704 suum
3709 4652 3780 4704 ad

2129 4721 2452 4776 Ecclesiam
2502 4721 2764 4775 studiose
2807 4721 3118 4777 fovendam
3163 4737 3232 4774 ac
3281 4735 3487 4790 preces
3538 4721 3778 4775 assidue

2127 4791 2463 4846 fundendas
2496 4793 2763 4846 hortatus
2796 4799 2902 4847 est.
2939 4793 3366 4847 Dussrenmsca.

2198 4866 2310 4932 (19)
2336 4863 2507 4932 Apud
2540 4865 2969 4933 Damasceuum
2999 4863 3099 4933 qui
3150 4863 3307 4918 hunc
3349 4862 3550 4916 locum
3608 4864 3772 4928 citat,

2125 4929 2669 5008 legans-totam
2708 4929 2882 5005 ὄμμα,
2917 4929 3076 5005 quod
3122 4933 3278 5008 idem
3339 4939 3462 4998 est;
3497 4934 3774 5008 intelligit

2127 5001 2288 5060 enim
2320 5001 2610 5078 ὄμμαπῆς
2653 5001 2861 5078 ψυχῆς.
2908 5001 3108 5061 Puris.
3163 5005 3342 5076 Syrus
3392 5021 3525 5059 cum
3573 5001 3771 5062 Grafco

2126 5082 2284 5132 textu
2316 5083 2517 5132 nostro
2559 5076 2700 5148 legit
2727 5076 2956 5147 θωῦμα.

2187 5151 2295 5218 (20)
2327 5146 2724 5219 Interpolator
2749 5148 2928 5203 habet
2957 5147 3273 5219 ὁμοῇθειαν,
3309 5146 3554 5219 Latinus
3587 5148 3775 5202 inter-

2114 5235 2252 5341 pres
2303 5218 2770 5275 consuetudinem.
2832 5221 3011 5290 Syrus
3079 5218 3291 5289 legisse
3345 5218 3582 5273 videtur
3635 5220 3768 5272 xat‘z

2149 5287 2333 5341 ἑληιια
2372 5308 2478 5341 seu
2513 5289 2743 5341 Book-Av.
2777 5291 2949 5341 vertit
3001 5290 3203 5341 enim:
3250 5290 3604 5341 Concordans
3647 5307 3765 5341 cum

2149 5287 2333 5360 ἑλημα
2372 5308 2478 5346 seu
2513 5289 2743 5362 βουλήν,
2777 5287 2949 5345 vertit
3001 5287 3203 5344 enini:
3250 5290 3604 5345 Canem-dans
3647 5307 3765 5345 cum

2112 5362 2397 5416 voluntate
2426 5363 2542 5416 Dei.

2185 5434 2296 5502 (21)
2328 5439 2466 5488 Post
2506 5431 2750 5503 μαθητάς
2797 5431 3239 5504 Syrus_legisse
3283 5430 3512 5504 videtur
3575 5431 3764 5502 μόνον,

2112 5501 2421 5574 quodnon
2453 5501 2852 5575 interpolator
2872 5501 3114 5575 quidem
3144 5503 3432 5575 agnoscit.

2180 5577 2292 5645 (22)
2326 5572 2692 5646 Adjectivum
2725 5572 2924 5644 λοιμός
2957 5575 3175 5647 saepius
3197 5573 3413 5647 legitur
3437 5573 3599 5645 apud
3624 5573 3758 5630 LXX

2107 5645 2488 5718 Interpretes,
2522 5653 2579 5703 et
2610 5647 2767 5719 apud
2797 5647 2853 5704 S.
2887 5645 3160 5714 Barnab.,
3193 5662 3244 5701 ο.
3265 5645 3367 5700 'lO.
