3932 6304
407 386 529 457 723

1367 386 1651 459 SANCTI
1696 388 1995 457 IGNATII
2036 377 2448 452 EPISTOLIE
2492 380 2896 451 GENUINIE.

3707 385 3829 450 724

404 537 640 589 temnas
663 548 677 596 ;
702 528 808 585 sed
832 546 943 585 nec
973 527 1085 601 ipsi
1117 529 1692 601 superbiant,verum
1714 528 1788 584 ad
1808 526 2053 600 gloriam
2084 528 2135 594 Α
2163 540 2259 581 τας
2291 529 2308 588 (

2225 540 2259 581 ῖς
2291 523 2405 588 (38)
2441 520 2611 589 ζήτει.
2663 521 2778 591 (39)
2826 516 3066 581 Δούλους
3124 520 3214 573 καὶ
3269 518 3469 580 δούλας
3511 523 3587 592 μὴ
3622 521 3824 595 {may-q-

405 622 510 679 Dei
532 621 675 693 plus
708 619 985 685 serviant,
1045 623 1111 673 ut
1166 619 1458 690 potiorem
1507 619 1845 675 libertatem
1877 632 1909 671 a
1942 617 2057 670 Deo

407 714 869 781 consequantur.
906 708 1030 762 Non
1060 706 1401 763 desiderent
1437 706 1856 764 communibus
1887 720 2059 759 sum-

401 798 604 874 ptibus
637 814 667 852 ο
696 796 974 852 servitute
1005 795 1243 866 redimi,
1267 812 1343 852 ne
1364 797 1517 852 servi
1548 794 1928 851 inveniantur
1959 806 2063 846 cu-

403 887 697 962 pidita‘tis.

2168 610 2342 686 φάνεν
2375 606 2521 663 ἀλλᾶ
2553 605 2694 680 μηδὲ
2728 606 2881 662 αὐτοὶ
2929 608 3364 686 φυσιούσθωσαν,
3395 608 3520 664 ἀλλ’
3555 609 3632 670 εἷς
3665 608 3821 679 δέξειν

2169 703 2304 755 Θεοῦ
2332 696 2500 753 πλέον
2548 693 2976 766 δουλευέτωσαν,
3026 693 3115 750 ’ἱνα
3169 697 3476 770 κρείττονος
3508 699 3825 774 ἐλευθερίας

2169 786 2278 842 ἀπὸ
2331 788 2465 842 Θεοῦ
2519 784 2785 860 τύχωσιν.
2843 786 2937 853 Μὴ
2998 782 3270 859 ἰράτωσαν
3324 785 3431 842 ἀπὸ
3485 792 3586 843 τοῦ
3630 792 3825 844 κοινοῦ

2171 877 2609 952 ἐλιυθεροῦσθαι,
2634 873 2728 930 ’ἶνα
2760 874 2839 948 μὴ
2869 872 3062 930 δοῦλοι
3090 875 3381 950 εὑρεθῶσιν
3406 877 3730 953 ἓπιθομίας.

1307 995 1367 1049 V.
1400 995 1547 1060 Quid
1575 994 1850 1065 conjuges,
1877 988 2111 1059 caelibes,
2139 1002 2361 1059 sponsos
2384 991 2603 1041 moneat
2630 986 2932 1057 episcopus.

476 1103 655 1159 Malas
686 1106 843 1159 artes
896 1100 1067 1175 fuge;
1128 1100 1315 1173 magis
1370 1106 1569 1157 autem
1607 1100 1680 1155 de
1710 1098 1831 1155 illis
1862 1112 2061 1154 coram

404 1190 625 1265 populo
656 1189 922 1261 loquere.
975 1188 1285 1244 Sororibus
1333 1188 1481 1245 meis
1526 1188 1726 1257 dicito,
1758 1193 1825 1242 ut
1856 1184 2060 1242 Domi-

403 1297 551 1336 num
581 1284 803 1347 ament,
837 1284 897 1332 et
924 1278 1155 1333 maritis
1185 1283 1480 1333 contentis
1503 1278 1621 1332 sint
1642 1293 1819 1332 carne
1849 1292 1916 1330 ac
1948 1275 2061 1346 spi-

404 1370 544 1426 ritu.
581 1367 870 1422 Similiter
901 1372 960 1422 et
987 1366 1269 1422 fratribus
1304 1367 1449 1421 meis
1479 1366 1697 1422 manda
1728 1365 1787 1419 in
1816 1365 2060 1419 nomine

404 1457 546 1513 Jesu
575 1454 816 1525 Christi,
847 1461 913 1509 ut
942 1454 1193 1527 diligant
1212 1456 1495 1526 conjuges
1521 1470 1658 1509 suas
1688 1453 1840 1508 sicut
1873 1452 2063 1507 Domi-

405 1560 522 1600 nus
551 1543 877 1600 Ecclesiam
903 1542 1030 1599 “.Si
1056 1544 1187 1614 quis
1209 1548 1403 1614 potest
1421 1542 1483 1597 in
1501 1542 1771 1597 castitate
1796 1556 2057 1609 manere,

407 1633 481 1690 ad
513 1633 803 1688 honorem
835 1632 988 1703 ejus,
1012 1632 1111 1701 qui
1135 1632 1422 1686 Dominus
1449 1636 1539 1686 est
1557 1630 1843 1693 carnis,in
1871 1629 2060 1684 humi-

2240 1093 2353 1167 (40)
2384 1090 2495 1155 Τὰς
2520 1092 2876 1167 κακοτεχνίας
2906 1095 3088 1170 φεῦγεν
3119 1088 3332 1164 μᾶλλον
3367 1088 3424 1147 δὲ
3453 1094 3580 1169 περὶ
3608 1092 3827 1151 τούτων

2168 1184 2282 1255 (41)
2313 1179 2536 1255 ὁμιλίαν
2595 1183 2776 1236 ποιοῦ.
2831 1182 2966 1243 Ταῖς
3023 1178 3284 1258 ἀδελφαῖς
3345 1203 3449 1257 μου
3489 1180 3823 1257 προσλιῆει,

2169 1273 2381 1347 ἀγαπᾷν
2410 1270 2501 1325 τὸν
2535 1270 2759 1345 Κύριον,
2789 1268 2878 1324 imi
2908 1274 3024 1331 τοῖς
3064 1264 3320 1344 συμϐίοις
3351 1270 3628 1344 ἀρκεῖσθαι
3666 1273 3821 1347 σαρκὶ

2168 1360 2258 1415 καὶ
2288 1359 2576 1433 πνεύματι.
2608 1359 2848 1432 Ὁμοίως
2877 1359 2966 1414 καὶ
3014 1364 3132 1421 τοῖς
3181 1357 3435 1439 ἀδελφοῖς
3471 1382 3580 1431 μου
3613 1365 3826 1438 παράγ-

2166 1447 2332 1524 γελλε
2378 1447 2429 1502 ὲν
2482 1448 2710 1520 ὀνόματι
2761 1450 2941 1519 Ἰησοῦ
2990 1448 3248 1523 Χριστοῦ,
3303 1448 3515 1526 ἀγαπᾷν
3562 1451 3663 1513 τὰς
3696 1474 3827 1524 συμ-

2168 1534 2320 1599 ϐίους
2377 1538 2451 1599 ὡς
2483 1538 2511 1591 ὁ
2551 1537 2742 1612 Κύριος
2794 1539 2894 1607 τήν
2944 1537 3293 1608 Ἐκκλησίαν.
3353 1536 3428 1596 Εἴ
3477 1559 3565 1600 τις
3608 1537 3822 1596 δύναται

2167 1626 2221 1683 ἐν
2250 1628 2439 1703 ἁγνείᾳ
2473 1626 2644 1701 μένειν
2679 1627 2755 1690 εἷς
2785 1629 2954 1700 τιμήν
3008 1631 3108 1682 τοῦ
3165 1631 3273 1701 (42)
3330 1628 3536 1703 Κυρίου
3566 1637 3675 1700 τῆς
3709 1651 3828 1706 σαρ-

407 1722 577 1778 litate
608 1726 868 1777 maneat.
901 1721 958 1775 Si
991 1720 1295 1792 glorietur,
1328 1721 1541 1791 periit;
1587 1725 1647 1774 et
1692 1719 1740 1774 si
1773 1736 1835 1774 se
1867 1717 2058 1787 majo-
2164 1718 2281 1787 κὸς,

2225 1740 2281 1787 ις,
2314 1717 2366 1773 ἰν
2428 1716 2738 1791 ἀκαυχησῖᾳ
2799 1714 3023 1789 μενὲτω.
3083 1716 3206 1773 Ἐὰν
3262 1719 3651 1792 καυχήσηται,
3685 1720 3827 1777 ἀπώ.

407 1828 537 1869 rem
569 1810 847 1883 episcopo
864 1814 1125 1877 censeat,
1143 1808 1572 1865 interiit.Decet
1594 1824 1752 1875 vero,
1770 1812 1836 1862 ut
1856 1806 2057 1877 sponsi

413 1907 473 1957 et
488 1916 722 1973 sponsas
743 1899 816 1955 de
849 1897 1145 1954 sententia
1166 1898 1427 1970 episcopi
1448 1897 1791 1970 conjugium
1819 1896 2061 1965 faciant,

413 1995 484 2047 ut
507 1990 732 2062 nuptias
764 1987 1093 2044 secundum
1114 1987 1428 2043 Dominum
1452 1988 1716 2055 sint,non
1735 1985 2063 2042 secundum

414 2078 823 2151 cupiditatem.
855 2077 1067 2134 Omnia
1094 2076 1169 2132 ad
1198 2076 1487 2132 honorem
1514 2076 1620 2131 Dei
1646 2075 1817 2133 fiant.

2090 1854 2140 1920 B

2171 1804 2317 1863 λετο·
2349 1805 2440 1860 καὶ
2498 1803 2587 1859 ἐὰν
2617 1809 2838 1880 γνωσθῇ
2892 1804 3062 1861 πλέον
3114 1809 3214 1861 τοῦ
3266 1803 3593 1877 ἐηισκόπου,
3627 1805 3820 1886 ἔφθαρ-

2169 1916 2281 1951 ται.
2308 1897 2418 1968 (43)
2453 1896 2651 1970 υρὲπει
2709 1891 2766 1949 δὲ
2817 1899 2936 1958 τοῖς
2990 1898 3231 1971 γαμοῦσι
3267 1896 3355 1951 καὶ
3384 1902 3508 1959 ταῖς
3540 1899 3825 1974 γαμουμέ-

2172 2002 2310 2044 ναις,
2347 1981 2480 2053 μετὰ
2535 1982 2760 2055 γνώμης
2811 1985 2908 2036 τοῦ
2964 1981 3263 2037 ἐπισκόπου
3302 1982 3403 2052 τὴν
3428 1977 3629 2040 ἕνωσιν
3658 1992 3825 2042 ποιεῖ.

2181 2082 2327 2140 σθαι,
2351 2068 2441 2125 ’ἱνα
2494 2071 2522 2125 ὁ
2571 2069 2747 2145 γάμος
2803 2069 2840 2145 ᾖ
2892 2072 3027 2125 κατά
3077 2072 3224 2143 Θεὸν,
3257 2073 3346 2127 καὶ
3379 2075 3457 2145 μή
3489 2080 3611 2129 κατ’
3643 2073 3831 2131 ἐπιθυ·

2183 2163 2334 2235 μίαν.
2367 2162 2482 2234 (4-4)
2517 2159 2694 2216 Πάντα
2723 2159 2800 2221 εἷς
2828 2160 2998 2233 τιμὴν
3030 2164 3166 2216 Θεοῦ
3194 2160 3450 2236 γινέσθω.

1663 2272 1755 2327 Vl.
1797 2271 1993 2340 Ofﬁcia
2040 2273 2223 2342 gregis
2254 2269 2578 2327 Christiani.

484 2380 775 2453 Episcopo
808 2378 1117 2446 attendite,
1174 2382 1242 2434 ut
1298 2381 1355 2432 et
1396 2377 1550 2432 Deus
1579 2376 1744 2433 vobis
1776 2378 2066 2438 attendat.

421 2470 658 2526 Utinam
690 2485 794 2541 ego
824 2467 1087 2523 vicissim
1118 2482 1388 2522 recreare
1419 2467 1641 2538 possim
1669 2483 1790 2533 eos,
1815 2468 1916 2539 qui
1945 2468 2077 2523 sub-

2256 2376 2369 2450 (45)
2427 2378 2519 2447 Τῷ
2574 2372 2857 2447 ἒπισκόπῳ
2912 2376 3233 2454 προσέχετε,
3309 2372 3397 2430 ἵνα
3467 2378 3561 2431 καὶ
3620 2378 3653 2433 ὁ
3711 2380 3842 2442 Θεὸς

2184 2465 2334 2537 ὑμῖν.
2368 2466 2478 2538 (46)
2506 2464 2831 2539 Ἀντῖψυχον
2857 2463 2963 2539 ἐγὼ
2986 2467 3093 2519 τῶν
3120 2464 3578 2538 ὑποτασσομένων
3607 2472 3693 2540 τῷ
3723 2466 3837 2523 ἐπι-

419 2561 528 2617 diti
559 2566 698 2617 sunt
719 2558 1016 2632 episcopo,
1037 2559 1419 2631 presbyteris,
1442 2559 1742 2627 diaconis;
1767 2565 1826 2615 et
1846 2560 2075 2615 utinam
2182 2552 2308 2609 σκότπ

2225 2552 2391 2626 κόπῳ,
2423 2546 2833 2629 πρεσϐυτέροις,
2893 2549 3187 2616 διακόνοιςο
3219 2555 3305 2609 καὶ
3369 2557 3484 2627 μετ’
3526 2555 3711 2611 αὐτῶν
3745 2577 3837 2629 μοι

418 2651 570 2708 mihi
612 2651 916 2724 contingat
958 2665 1093 2704 cum
1148 2648 1269 2703 illis
1308 2653 1538 2721 partem
1588 2648 1806 2705 habere
1838 2650 1899 2703 in
1930 2649 2071 2708 Deo.

419 2739 788 2796 Collaborate
819 2738 983 2795 vobis
1004 2743 1211 2793 mutuo
1237 2755 1250 2805 ;
1283 2754 1401 2793 una
1422 2743 1662 2804 certate,
1688 2755 1808 2793 una
1831 2739 2071 2804 currite,

2178 2644 2243 2698 τὸ
2271 2641 2432 2718 μέρος
2470 2642 2680 2716 γένοιτο
2709 2646 2862 2716 σχεῖν
2896 2639 2946 2696 ἐν
2987 2646 3125 2714 Θεῷ.
3162 2648 3501 2720 Συγκοπιᾶτε
3533 2642 3838 2715 ἀλλήλοις.

2182 2729 2520 2798 συναθλεῖτε,
2596 2730 2932 2808 συντρὲχετε.
3000 2730 3369 2806 συμπάσχετε,
3439 2735 3839 2807 συγκοιμᾶσθε,

419 2827 850 2900 compatimini,
884 2843 1003 2882 una
1034 2826 1309 2894 dormite,
1342 2842 1464 2882 una
1506 2826 1824 2899 exsurgite,
1855 2833 1920 2881 ut
1971 2826 2074 2881 Dei
2181 2840 2306 2875 συνε

2225 2820 2571 2896 ονεγείρεσθε,
2626 2819 2702 2881 ὡς
2758 2822 2893 2873 Θεοῦ
2952 2818 3238 2893 οἰκονόμοι
3294 2820 3384 2876 καὶ
3442 2820 3715 2896 πάρεδροι
3745 2824 3833 2877 καὶ

416 2915 953 2982 administratores,
1001 2913 1331 2970 familiares
1390 2919 1448 2969 et
1501 2914 1783 2970 ministri.
1837 2915 2073 2970 Placete
2182 2907 2308 2983 ὐπηε

2225 2909 2467 2983 πηρέται.
2498 2911 2609 2979 (47)
2642 2905 2924 2984 Ἀρὲσκετε
2978 2906 3024 2980 ᾧ
3082 2909 3451 2984 στρατεύεσθε,
3492 2909 3589 2989 ἀφ’
3649 2911 3715 2966 οὗ
3745 2912 3833 2966 καί

416 3005 525 3072 illi,
559 3004 654 3059 cui
688 3002 980 3071 militatis,
1015 3019 1049 3059 a
1084 3019 1200 3073 quo
1254 3008 1313 3057 et
1342 3002 1640 3073 stipendia
1667 3002 1854 3059 fertis.
1891 3004 2071 3058 Nemo
2106 3022 2150 3088 ο
2177 2997 2245 3088 τᾷ
2307 3003 2308 3067 ι

2225 2997 2245 3052 ὶ
2307 2999 2420 3072 [48]
2476 2996 2686 3070 ὀψώνια
2743 2999 3054 3071 κομίζεσθε.
3115 2999 3295 3068 Μήτις
3356 2998 3512 3072 ὐμῶν
3561 2996 3831 3075 δεσέρτωρ

416 3098 679 3150 vestrum
701 3092 972 3147 desertor
998 3090 1353 3148 inveniatur.
1378 3090 1712 3162 Baptismus
1734 3097 1926 3146 vester
1945 3108 2070 3147 ma-

2184 3087 2397 3162 εὑρεθῇ.
2428 3087 2499 3142 Τὸ
2531 3088 2815 3161 βάπτισμα
2870 3086 3024 3162 ὑμῶν
3088 3087 3289 3162 μενέτω
3341 3093 3410 3146 49
3467 3089 3543 3151 ὡς
3593 3088 3832 3162 δπλα,ἠ

1884 3191 2049 3245 Vetus
2071 3192 2362 3260 interpres.

425 3280 552 3336 sine
578 3280 696 3336 Deo
727 3277 869 3349 quid
898 3293 1144 3351 operare
1170 3294 1183 3332 :
1217 3277 1381 3351 quod
1396 3284 1593 3351 autem
1618 3278 1911 3351 ioperaris,
1944 3279 2029 3351 sit
2048 3278 2199 3334 bene
2230 3276 2461 3351 stabile.
2489 3276 2720 3351 Smpius
2749 3278 3233 3351 congregationes
3263 3278 3445 3335 fiant:
3477 3297 3552 3336 ex
3584 3281 3836 3336 nomine

427 3348 890 3434 omnesquoinre.
923 3348 1130 3434 Servos
1144 3355 1212 3434 et
1230 3349 1479 3434 ancillas
1500 3366 1574 3434 ne
1598 3348 1910 3434 despicias,
1934 3350 2037 3434 sed
2060 3366 2254 3420 neque
2276 3348 2389 3420 ipsi
2412 3348 2699 3434 inﬂentur
2717 3366 2731 3415 ;
2752 3350 2856 3434 sed
2872 3348 2948 3433 in
2974 3348 3224 3434 gloriam
3253 3352 3354 3407 Dei
3388 3351 3518 3434 plus
3550 3354 3834 3434 serviant.

422 3427 490 3477 ut
516 3420 752 3476 melidri
780 3420 1053 3476 libertate
1078 3436 1113 3475 a
1142 3421 1260 3475 Deo
1292 3421 1615 3491 potiantur.
1647 3420 1773 3476 Non
1824 3422 2167 3477 desiderent
2202 3437 2237 3476 a
2284 3421 2587 3477 communi
2618 3420 2792 3475 liberi
2822 3421 2950 3477 fieri
2973 3420 2997 3491 ;“
3017 3427 3086 3478 ut
3112 3439 3234 3479 non
3267 3420 3418 3479 servi
3448 3425 3836 3480 inveniantur

425 3491 940 3565 concupiscentia.

1961 3582 2188 3638 CAPUT
2228 3582 2288 3635 ν.

500 3670 867 3746 Malas‘artes
906 3668 1074 3742 fuge:
1109 3668 1304 3746 magis
1326 3675 1531 3746 a_utem_
1543 3670 1753 3746 _de_1_1is
1780 3670 2117 3746 homiliam_
2138 3671 2249 3726 fac.
2284 3670 2525 3746 Sorores
2576 3688 2736 3746 meas
2767 3670 3089 3746 alloquere,
3121 3672 3365 3746 diligere
3396 3674 3749 3746 Dominum,
3781 3680 3835 3729 et

429 3742 572 3797 viris
602 3741 874 3819 sufﬁce_re
907 3740 1082 3819 carne
1109 3747 1172 3819 et
1214 3740 1450 3819 spiritu.
1484 3742 1788 3819 Similiter
1832 3750 1891 3798 et
1931 3742 2212 3819 fratribus
2263 3743 2412 3797 meis
2459 3744 2747 3819 annuntia
2776 3743 2835 3819 i_n
2867 3740 3108 3799 nomine
3137 3740 3278 3819 Iesu
3311 3745 3550 3819 Christi.
3576 3746 3832 3819 diligere

429 3830 668 3882 uxores,
698 3820 765 3868 ut
792 3813 1078 3885 Dominus
1108 3812 1451 3868 Ecclesiam.
1482 3812 1537 3867 Si
1570 3814 1703 3885 quis
1733 3818 1927 3885 potest
1956 3815 2018 3869 in
2049 3815 2318 3869 castitate
2342 3830 2624 3885 manere,
2676 3814 2738 3868 in
2785 3814 3071 3870 honorem
3117 3817 3313 3871 carnis
3353 3817 3612 3879 Domini.
3650 3812 3831 3872 invin-

427 3885 780 3960 gloriatione
810 3884 1042 3939 Domini
1073 3890 1333 3960 maneat.
1369 3885 1423 3939 Si
1457 3884 1767 3960 glorietur,
1795 3885 2065 3960 perditur
2085 3901 2114 3960 ελ
2134 3891 2192 3941 et
2222 3886 2274 3960 si
2299 3884 2483 3939 videri
2513 3886 2651 3960 velit
2679 3886 2810 3957 plus
2841 3886 3137 3960 episcopo,
3170 3894 3483 3960 corruptus
3516 3896 3628 3943 est.
3656 3891 3832 3945 Decet

439 3956 639 4013 autem
671 3956 955 4012 ducentes
986 3962 1044 4010 et
1074 3956 1301 4022 ductas,
1333 3971 1468 4010 cum
1517 3958 1813 4028 sententia
1857 3957 2119 4028 episcopi
2175 3956 2459 4012 unionem
2506 3956 2739 4024 facere;
2784 3964 2851 4012 ut
2876 3956 2975 4012 'sit
3017 3956 3581 4017 secundum—Deum.
3620 3966 3682 4016 et
3713 3978 3830 4016 non

430 4028 758 4085 secundum
786 4028 1345 4097 concupiscentiam.
1377 4027 1589 4082 Omnia
1612 4028 1674 4083 in
1705 4027 1991 4083 honorem
2022 4027 2123 4083 Dei
2154 4028 2320 4083 ﬁant.

1941 4117 2168 4172 CAPUT
2219 4118 2309 4173 Vl.

493 4208 782 4282 Episcopo
804 4204 1183 4282 atten_dite,ut
1205 4210 1263 4261 et
1283 4205 1444 4282 Deus
1456 4205 1640 4282 vobis.
1662 4206 1967 4282 {inanimis
1990 4222 2094 4282 ego
2115 4223 2249 4282 cum
2272 4206 2554 4278 subjectis
2577 4207 2874 4279 episcopo,
2894 4206 3254 4282 presbyteris
3272 4209 3552 4266 .diaconis
3577 4228 3591 4266 :
3617 4217 3679 4268 et
3697 4229 3827 4268 cum

423 4277 569 4353 ipsis
600 4277 746 4333 mihi
778 4294 914 4353 pars
948 4277 1051 4331 flat
1080 4293 1293 4353 capere
1316 4277 1379 4332 in
1415 4277 1547 4332 Deo.
1582 4278 1953 4334 Collaborate
1980 4277 2054 4333 ad
2076 4278 2349 4353 invicem,
2373 4277 2729 4353 concertate,
2754 4277 3108 4353 concurrite,
3137 4282 3826 4353 compatimini,comlur-

424 4348 589 4426 mite,
623 4349 979 4426 consurgite,
1008 4353 1076 4402 ut
1105 4348 1217 4426 Dei
1234 4348 1699 4426 dispensatores,
1734 4357 2146 4426 et_assessores
2168 4355 2227 4404 et
2252 4350 2529 4407 ministri.
2552 4350 2787 4406 Placete
2813 4352 2906 4407 cui
2930 4352 3231 4426 militatis;
3256 4348 3290 4408 εἰ
3312 4360 3514 4426 quoet
3536 4355 3828 4426 stipendia

424 4420 613 4476 fertis.
644 4418 866 4475 Nullus'
880 4426 1142 4475 vestrum
1168 4418 1391 4475 otiosus
1416 4420 2083 4492 inveniatur.Baptisma
2106 4427 2366 4477 vestrum
2391 4429 2629 4478 maneat
2657 4429 2722 4477 ut
2750 4430 3004 4491 scutum,
3040 4423 3189 4480 fides
3235 4430 3302 4479 ut
3331 4418 3540 4497 'galea,
3572 4418 3825 4483 Charitas

498 4534 546 4572 “
572 4536 786 4609 Ephes.
818 4554 872 4605 v,
893 4539 982 4592 25.

499 4661 614 4734 (38)
657 4662 703 4718 Ι.
749 4676 801 4717 e.
861 4661 1166 4738 universos
1223 4662 1580 4719 nominatim
1613 4664 1686 4720 ad
1718 4680 2070 4738 congressus
2099 4666 2155 4734 D

423 4749 620 4791 sacros
648 4748 923 4788 convoca.
952 4734 1074 4788 Jac.

494 4805 609 4879 (39)
640 4803 757 4879 er.
812 4804 1112 4879 Nean_der,_
1136 4826 1166 4855 ‹‹
1199 4804 1681 4879 Kirchengesch.,
1716 4828 1743 4857 ››
1776 4808 1820 4877 1,
1852 4825 1908 4879 p.
1942 4809 2066 4862 300.

492 4875 605 4948 (40)
639 4876 682 4930 Ι.
717 4892 768 4930 e.
807 4896 834 4926 ι(
862 4876 1050 4948 malas
1081 4875 1401 4939 doctrinas,
1434 4875 1713 4933 haereses.
1748 4900 1776 4927 »

497 4946 608 5017 (41)
642 4948 686 5020 l.
720 4962 781 5020 e._
800 4946 1195 5020 «frequenter
1215 4948 1513 5002 orationes
1536 4964 1733 5003 coram
1759 4949 1976 5020 populo
1999 4949 2072 5004 de

425 5018 520 5074 his
544 5018 719 5073 malis
749 5017 1033 5073 doctrinis
1063 5018 1414 5089 habeantur.
1450 5020 1570 5089 niln
1597 5017 1892 5089 prioribus
1923 5021 2073 5076 meis

427 5090 790 5163 editionibus
835 5106 970 5144 cum
1019 5088 1444 5163 interpolatore
1488 5088 1638 5163 legi:
1687 5089 1941 5160 Ὀμιλῖαν
1993 5093 2067 5163 μή

422 5160 609 5217 ποιοῦ.
644 5164 787 5215 Cum
817 5176 952 5215 vero
998 5159 1288 5230 particula
1331 5159 1596 5231 negativa
1625 5159 2071 5219 non’solum'in

428 5232 631 5289 codice
663 5232 925 5286 Mediceo
947 5235 1161 5301 (textus
1183 5230 1537 5295 erci).sed
1565 5233 1739 5288 etiam
1769 5235 1825 5288 in
1856 5236 2069 5289 veteri-

428 5304 540 5359 bus
570 5303 938 5378 versionibus
970 5304 1171 5378 Latina
1201 5306 1260 5354 et
1295 5301 1538 5378 Syriaca
1568 5320 1687 5359 non
1718 5306 2069 5378 reperiatur,

429 5391 592 5431 nunc
623 5390 753 5429 eam
783 5372 1169 5428 omittendam
1204 5373 1421 5441 putavi.

501 5448 614 5514 (42)
646 5447 689 5503 Ι.
723 5461 773 5500 e.
809 5467 836 5494 ‹‹
872 5443 1020 5514 ejus,
1044 5444 1144 5513 qui
1176 5458 1425 5513 corpora
1445 5451 1645 5502 nostra
1674 5448 2069 5515 resuscitat,et

428 5520 601 5590 cujus
631 5516 1171 5590 membracorpora
1191 5518 1393 5590 nostra
1414 5522 1570 5590 sunt.
1596 5541 1621 5567 ι»
1642 5520 1758 5573 Cfr.
1785 5520 1806 5572 Ι
1830 5520 1959 5576 Cor.
1992 5536 2066 5585 vr,

429 5585 518 5650 14ξ
550 5590 636 5642 15.
668 5590 790 5642 ΙΑο,
810 5587 923 5641 Alii
947 5585 1223 5653 reddunt,
1258 5606 1287 5635 «
1314 5586 1387 5641 ad
1418 5588 1704 5645 honorem
1736 5591 1931 5645 carnis
1964 5592 2070 5645 Do-

424 5660 679 5714 minicai.
715 5679 743 5728 ξ)
774 5657 914 5728 Pari,
941 5656 1114 5710 modo
1164 5657 1342 5728 etiam
1371 5658 1550 5728 Syrus
1584 5662 1774 5727 vertit,
1810 5678 1877 5716 ac
1907 5662 1955 5716 si
1990 5662 2068 5717 le-

421 5730 638 5808 gisset:
669 5726 766 5790 Εἰς
794 5727 960 5801 τιμὴν
992 5731 1093 5795 τῆς
1123 5727 1318 5805 σαρκὸς
1343 5726 1441 5784 τοῦ
1469 5731 1698 5807 Κυρίου.

2254 4664 2367 4739 (43)
2400 4665 2680 4739 Yideatur
2708 4664 3000 4735 Neander,
3019 4666 3061 4725 1.
3083 4683 3160 4737 c.,
3183 4684 3240 4739 p.
3270 4668 3394 4724 321.

2253 4736 2365 4806 (44)
2393 4736 2510 4794 Cfr.
2544 4738 2567 4791 Ι
2596 4738 2726 4794 Cor.
2760 4754 2817 4803 κ,
2852 4739 2944 4794 31.

2250 4809 2362 4880 (45)
2391 4808 2539 4873 Quia
2565 4808 2833 4884 epistola,
2868 4809 2942 4864 ad
2961 4809 3326 4884 episcopum,
3348 4811 3620 4884 Smyrna:
3650 4814 3824 4871 desti~

2182 4879 2439 4958 na'ta,__ex
2471 4879 2634 4958 more
2666 4880 2912 4958 antiquo
2961 4879 3210 4958 legenda
3253 4883 3431 4938 etiam
3454 4879 3596 4958 ierat
3626 4888 3826 4958 Smyr-

2182 4951 2490 5020 nensibus,
2537 4951 2670 5026 ideo
2727 4951 3137 5026 sanctissimus
3185 4961 3411 5026 martyr
3459 4951 3827 5013 intermiscet

2181 5029 2476 5094 praecepta
2503 5022 2576 5077 ad
2608 5024 2913 5094 populum.
2948 5024 3077 5078 Cor.

2253 5093 2508 5162 (46)'Cfr.
2553 5093 2751 5165 supra,
2810 5111 2861 5149 c.
2912 5097 2993 5160 2;
3053 5093 3127 5150 ad
3183 5095 3441 5168 Smyrn..
3501 5115 3551 5153 c.
3616 5102 3716 5167 l0;
3759 5099 3827 5155 ad

2181 5165 2418 5219 Enhes..
2452 5182 2502 5219 c.
2536 5168 2625 5219 21.

2311 5181 2418 5232 es.,
2452 5182 2502 5220 c.
2536 5172 2625 5219 2|.

2227 5182 2813 5311 p(illi?:SyfiiuzsIbabet:
2845 5237 3060 5311 Placete
3089 5239 3145 5311 ei
3177 5244 3229 5293 et
3258 5239 3499 5296 militnte
3521 5259 3629 5311 pro
3657 5260 3740 5299 eo.
3775 5251 3829 5299 ut

2168 5308 2458 5382 stipendia
2487 5309 2554 5362 ab
2584 5324 2646 5362 eo
2674 5309 2983 5382 accipiatis.
3016 5308 3249 5382 Legisse
3296 5308 3535 5367 videtur
3570 5331 3707 5369 cum
3744 5318 3829 5370 in-

2180 5380 2540 5449 terpolatore
2561 5378 2867 5449 κομίσξσθε.

2238 5452 2364 5522 (48)
2394 5450 2654 5521 lgnatius
2685 5450 3089 5521 compluribus
3118 5453 3306 5507 utitur
3335 5455 3637 5511 vocabulis
3686 5458 3826 5513 Lali-

2177 5522 2291 5590 nis,
2314 5538 2396 5598 ex_
2413 5538 2475 5577 re
2495 5522 3119 5598 _mi_litari_desumptis,
3151 5526 3432 5598 aliraecis
3456 5542 3698 5598 quoque
3720 5546 3823 5584 usu

2176 5589 2452 5663 receptis,
2486 5590 2718 5665 ὀψώνια,
2752 5589 3041 5665 δεσὲρτωρ,
3082 5589 3360 5665 δεπόσιτα,
3394 5589 3653 5654 hiem}.

2248 5640 2629 5747 (iifii'ev'ééli.
2649 5640 3360 5747 ’ξιόξςᾶξὸᾇῦἷιιὸίιὶῐίὶίιῗ
3377 5640 3561 5742 ιὲἱῖἇιὲ
3570 5640 3662 5744 ἐιὲζ
3686 5673 3820 5747 quia

2177 5733 2508 5792 desertores
2538 5751 2705 5794 arma
2725 5735 3107 5810 abjiciebant.
3138 5737 3340 5799 Pinus.
