3932 6304
146 374 258 432 725

1255 385 1646 448 EPISTOLA
1686 384 1789 445 AD
1831 383 2398 450 POLYCARPUM.

3445 392 3559 453 726

145 505 326 568 πίστις
350 507 440 600 Δὡς
474 511 889 587 περικεφαλαία,
948 516 982 584 ἡ
1038 515 1220 591 ἀγάπη
1279 517 1354 580 ὦς
1411 514 1624 593 δόρυ,ἡ
1660 519 1759 574 ὑπο

1970 528 2050 578 aat
2075 524 2236 580 velut
2263 525 2603 595 arma,fldes
2632 532 2698 581 ut
2727 527 2912 599 galea,
2959 527 3216 584 Charitas
3267 533 3334 583 ut
3362 528 3560 600 hasta,

151 601 288 666 μονῆ
332 595 411 657 ὡς
445 600 742 655 πανοπλία.
780 604 858 658 Τὰ
889 600 1145 660 δεπόσιτα
1179 606 1331 680 ὑμῶν
1363 609 1430 662 τὰ
1459 602 1592 685 ἔργα
1622 607 1798 681 ὑμῶν,

145 683 328 741 ἳνατᾶ
357 685 603 744 ὅίκκεπτα
661 690 813 764 ὑμῶν
874 691 996 761 ἄξια
1051 695 1371 769 κομίσησθε.
1415 698 1800 772 Μακροθυμή-

147 793 268 828 σατε
327 775 424 829 οὗν
498 783 612 850 μετ’
672 778 938 851 ἀλλήλων
997 782 1049 838 ἰν
1103 784 1398 859 πραότητι,
1463 786 1536 840 ὡς
1597 787 1626 840 ὁ
1667 786 1796 847 Θεὸς

146 865 304 938 [(50)
341 867 488 940 μεθ’]
523 867 674 941 ὑμῶν
707 873 848 944 (51).
883 872 1145 946 Ὀναίμην
1198 873 1351 948 ὑμῶν
1381 871 1472 930 διὰ
1500 875 1720 938 παντός.

1909 613 2198 683 patientia
2221 621 2286 669 ut
2316 621 2438 670 tota
2493 622 2813 672 armatura.
2867 617 3142 688 Deposita
3197 623 3391 672 vestra
3440 619 3562 671 sint

1911 717 2091 772 opera
2112 709 2324 772 vestra,
2358 709 2424 759 ut
2451 711 2692 776 accepta
2749 711 2939 761 vestra
3004 706 3178 777 digne
3219 705 3557 778 reportetis.

1911 791 2302 864 Longanimes
2332 795 2510 866 igitur
2541 800 2728 850 estote
2749 796 2901 850 alter
2921 797 2992 852 ad
3023 797 3276 852 alterum
3312 797 3375 850 in
3399 811 3560 850 man-

1910 881 2244 952 suetudine,
2269 889 2335 939 ut
2365 890 2424 940 et
2442 885 2596 940 Deus
2624 900 2761 957 erga
2780 903 2898 941 vos.
2937 887 3172 943 Utinam
3198 887 3363 942 fruar
3393 884 3555 940 vobis

1905 977 2216 1042 perpetuo.

952 1071 1067 1125 VII.
1099 1075 1304 1130 Mittite
1325 1075 1567 1144 legatum
1593 1077 1667 1131 ad
1694 1076 2062 1134 Antiochenos
2089 1082 2156 1135 ob
2178 1098 2371 1152 pacem
2398 1084 2732 1140 restitutam.

216 1177 328 1249 (52)
359 1176 588 1248 Ἐπειδὴ
621 1182 655 1249 ἡ
691 1180 990 1252 Ἐκκλησία
1017 1188 1051 1254 ἠ
1085 1184 1136 1240 ἐν
1165 1190 1477 1264 Ἀντιοχείᾳ
1535 1195 1637 1258 τῆς
1699 1197 1804 1244 Συ-

149 1263 264 1340 ρίας
298 1266 592 1342 εἰρηνεύει,
627 1269 702 1333 ὡς
730 1268 984 1344 ἐδηλώθη
1033 1295 1148 1348 μοι,
1208 1273 1296 1331 διὰ
1350 1263 1452 1346 τῆν
1483 1281 1802 1354 προσευχὴν

153 1355 328 1427 ὑμῶν,
388 1357 548 1433 κάγὼ
602 1359 960 1434 εὐθυμότερος
1044 1361 1307 1438 ἐγενόμην
1376 1365 1428 1420 ἐν
1507 1366 1806 1442 ἆμεριμνίᾳ

147 1449 298 1512 Θεοῦ,
331 1445 421 1499 ἐάν
452 1467 555 1522 περ
592 1445 681 1503 διὰ
709 1455 806 1504 τοῦ
837 1458 1024 1515 παθεῖν
1086 1458 1218 1508 Θεοῦ
1275 1453 1544 1530 ἐπιτύχω,
1604 1456 1682 1518 εἷς
1739 1460 1802 1512 τὸ

145 1533 426 1606 εὑρεθῆναί
463 1557 530 1607 με
559 1535 610 1592 ἐν
667 1541 736 1611 τῇ
792 1542 901 1612 (53)
958 1542 1235 1598 ἀναστάσει
1292 1545 1443 1618 ὑμῶν
1479 1549 1592 1618 (54)
1625 1557 1800 1618 μαθη-

142 1624 277 1708 vivs
328 1626 465 1697 (55),
547 1628 766 1701 Πρέπει,
855 1629 1180 1706 Πολύκαρπε
1247 1636 1798 1708 θεομακαριστὸτατε,

147 1707 482 1783 συμϐούλιον
517 1716 729 1790 ἀγαγεῖν
787 1719 1268 1794 θεοπρεήστᾶτον,
1327 1724 1416 1777 καὶ
1469 1731 1796 1802 χειροτονῆ-

1985 1196 2130 1260 Quia
2159 1213 2296 1251 vero
2329 1198 2610 1267 Ecclesia,
2639 1217 2769 1271 quae
2800 1204 2889 1255 est
2914 1201 3238 1256 Antiochiae
3277 1200 3339 1255 in
3361 1199 3548 1271 Syria,

1912 1289 1978 1338 ut
2008 1285 2153 1340 mihi
2184 1286 2436 1341 relatum
2469 1294 2578 1355 est,
2608 1305 2749 1360 pace
2781 1288 2996 1343 fruitur
3049 1306 3155 1360 per
3208 1306 3413 1360 preces
3454 1307 3554 1345 ve-

1912 1378 2062 1428 stras
2087 1395 2102 1439 ;
2134 1380 2193 1428 et
2222 1392 2326 1447 ego
2354 1393 2512 1431 nunc
2552 1377 2962 1449 tranquilliore
2990 1379 3188 1432 animo
3217 1395 3348 1433 sum
3378 1379 3438 1433 in
3461 1395 3552 1434 se-

1912 1463 2160 1518 curitate
2193 1465 2294 1518 Dei
2329 1482 2342 1531 ;
2377 1466 2424 1519 si
2456 1467 2632 1520 modo
2664 1483 2771 1538 per
2797 1467 3135 1538 passionem
3166 1469 3349 1522 Deum
3393 1484 3555 1523 asse-

1912 1567 2079 1622 quar,
2111 1553 2265 1607 utin
2297 1555 2731 1610 resurrectione
2773 1555 3096 1627 discipulus
3153 1562 3344 1611 vester
3400 1558 3554 1612 inve-

1909 1640 2061 1695 niar.
2096 1641 2290 1709 Decet,
2326 1643 2666 1714 Polycarpe,
2717 1645 2780 1699 in
2811 1646 2928 1700 Deo
2960 1645 3320 1710 beatissime,
3353 1645 3554 1700 conci~

1908 1728 2053 1784 lium
2073 1746 2281 1802 cogere
2313 1732 2428 1785 Deo
2448 1731 3021 1796 decentissimum,et
3036 1734 3252 1805 eligere
3267 1733 3551 1803 aliquem,

145 1801 228 1855 σαί
256 1825 404 1870 τινα,
440 1802 500 1858 δν
533 1806 814 1882 ἀγαπητὸν
853 1807 973 1863 λίαν
1031 1804 1186 1884 ἔχετε
1235 1811 1325 1866 καὶ
1357 1801 1576 1880 ἄοκνον,
1608 1814 1668 1873 ’ὀς
1699 1811 1759 1868 δυ

146 1893 285 1914 ,ΛΙμκκ
418 1905 439 1914 Α
493 1892 542 1914 I5
881 1896 901 1914 ς
948 1904 970 1914 η.
1007 1901 1031 1914 Α
1247 1905 1271 1914 υ
1580 1906 1598 1914 μ
1634 1907 1662 1914 ..

1970 1835 2082 1874 lem
2115 1801 2281 1874 valde
2314 1820 2558 1874 charum
2591 1821 2857 1876 habeatis
2888 1827 2945 1876 et
2971 1801 3416 1894 impigrum,qui
3441 1801 3550 1893 po?-

145 1893 357 1960 νῆσεται
415 1892 720 1969 θεόόρομος
808 1896 1112 1953 καλεῖσθαιο
1177 1905 1371 1956 τοῦτον
1439 1906 1788 1975 καταξιῶσαι,

138 1977 226 2034 ’ίνα
256 1985 544 2056 πορευθεὶς
578 1985 654 2046 είς
713 1985 912 2060 Συρίαν
970 1985 1166 2063 δοξάσῃ
1225 1990 1378 2062 ὑμῶν
1431 1993 1532 2061 τὴν
1597 1990 1786 2048 ἄοκνον

138 2069 340 2144 ἀγάπην
373 2072 451 2134 εἰς
490 2070 650 2144 δόξαν
707 2078 966 2151 Χριστοῦ.
1031 2080 1348 2153 Χριστιανὸς
1404 2081 1594 2135 ἑαυτοῦ
1635 2081 1784 2152 ἐξου-

144 2157 254 2212 σίαν
287 2160 387 2216 οὐκ
415 2157 558 2238 ἔχει,
592 2162 740 2219 ἀλλὰ
778 2169 894 2237 Θεῷ
933 2163 1216 2236 σχολάζει.
1273 2170 1450 2225 Τοῦτο
1506 2171 1568 2225 τὸ
1625 2168 1784 2246 ἔργον

144 2251 269 2302 Θεοῦ
297 2247 442 2305 ἐστιν
481 2252 574 2306 καὶ
636 2253 812 2326 ὑμῶν,
873 2255 996 2310 ὅταν
1053 2258 1167 2330 (56)
1229 2256 1374 2330 αὐτῷ
1431 2259 1780 2334 ἆπαρτίσητε.

138 2339 372 2395 Πιστεύω
404 2342 512 2417 γὰρ
570 2345 678 2417 (57)
738 2347 806 2417 τῇ
863 2346 1074 2424 χάριτι,
1137 2346 1219 2402 ὅτι
1267 2343 1482 2422 ἕτοιμοί
1535 2349 1652 2405 ἐστε
1707 2350 1783 2412 εἷς

135 2425 365 2485 εὐποιίαν
399 2436 518 2504 Θεῷ
547 2433 876 2503 ἀνήκουσαν.
919 2432 1095 2499 Εἰδὼς
1155 2435 1250 2491 οὖν
1295 2437 1447 2512 ὑμῶν
1497 2439 1560 2493 τὸ
1592 2439 1782 2496 σύντο-

131 2536 214 2570 νον
239 2525 336 2589 τῆς
371 2519 660 2592 ἀληθείας,
693 2521 764 2578 δι’
795 2522 994 2601 ὀλίγων
1038 2527 1178 2599 ὑμᾶς
1210 2527 1551 2602 γραμμάτων
1601 2549 1777 2604 παρε-

130 2606 225 2662 κάλ
232 2628 337 2666 εσα.

1902 1909 2039 1962 terit
2067 1909 2302 1964 divinus
2328 1927 2535 1964 cursor
2552 1910 2836 1981 appellari
2863 1928 2878 1974 ;
2912 1910 3198 1981 illumque
3230 1927 3298 1966 eo
3313 1911 3542 1983 dignari

1899 1997 2145 2064 honore,
2178 2004 2243 2053 ut
2272 1999 2332 2052 in
2366 2000 2594 2070 Syriam
2651 2000 2948 2070 profectus
2979 2001 3290 2071 impigram
3347 2001 3544 2055 chari-

1897 2091 2076 2140 tatem
2107 2094 2358 2142 vestram
2387 2088 2458 2142 ad
2483 2089 2583 2143 Dei
2614 2088 2862 2160 gloriam
2885 2089 3540 2144 celebret.Christianus

1895 2176 1985 2229 sui
2027 2182 2380 2247 potestatem
2413 2194 2534 2232 non
2565 2177 2760 2242 habet,
2795 2177 2897 2233 sed
2928 2179 3043 2232 Deo
3069 2183 3253 2233 vacat.
3304 2179 3420 2232 Hoc
3451 2184 3540 2234 est

1893 2281 2042 2335 opus
2073 2266 2174 2320 Dei
2206 2272 2265 2320 et
2291 2271 2574 2332 vestrum,
2605 2267 2843 2337 quando
2866 2266 2926 2320 id
2957 2268 3017 2321 in
3059 2267 3219 2322 illius
3248 2267 3536 2323 honorem

1891 2355 2280 2425 perfeceritis.
2315 2355 2556 2409 Confido
2590 2355 2747 2410 enim
2775 2356 2996 2428 gratias,
3018 2373 3118 2410 vos
3150 2362 3386 2427 paratos
3407 2373 3536 2412 esse

1889 2443 1963 2497 ad
1994 2460 2141 2515 opus
2171 2443 2282 2498 hoc
2302 2443 2546 2512 bonum,
2577 2443 2652 2499 ad
2682 2445 2865 2499 Deum
2898 2445 3221 2516 pertinens.
3251 2447 3394 2500 Cum
3426 2445 3537 2500 ita-

1890 2548 2002 2602 que
2029 2532 2242 2587 scirem
2272 2533 2589 2588 vehemens
2609 2537 2866 2588 vestrum
2901 2550 3037 2606 erga
3073 2535 3378 2590 veritatem
3411 2539 3536 2590 stu-

1888 2620 2074 2688 dium,
2102 2619 2266 2674 brevi
2303 2621 2554 2692 epistola
2591 2638 2690 2676 vos
2719 2622 3065 2678 adhortatus
3096 2639 3247 2678 sum.

621 2729 758 2784 VIII.
789 2731 858 2786 Et
887 2732 1012 2787 alia.v
1041 2732 1295 2789 Ecclesia
1335 2733 1533 2805 legatos
1556 2733 1642 2789 vel
1671 2733 1929 2804 epistolas
1958 2735 2310 2790 Antiochiam
2358 2738 2605 2792 mittant.
2638 2735 3027 2792 Salutationes.

194 2833 300 2905 (58)
334 2834 481 2890 Ἐπεὶ
522 2837 634 2909 (59)
667 2836 862 2899 πάσαις
893 2842 1010 2900 ταῖς
1044 2837 1398 2909 Ἐκκλησίαις
1432 2840 1535 2894 οὐκ
1566 2835 1772 2910 ἠδυνή-

1955 2843 2097 2897 Cum
2127 2841 2404 2898 omnibus
2435 2842 2711 2898 Ecclesiis
2740 2842 2997 2898 scribere
3054 2858 3176 2898 non
3231 2841 3529 2914 potuerim

1549 2954 1710 3008 Vetus
1741 2952 2032 3024 interpres.

127 3057 184 3132 ut
212 3053 831 3132 lancea,_sustinentia_
847 3063 914 3113 ut
943 3059 1136 3114 omnis
1154 3064 1479 3132 armatura.
1509 3060 1784 3132 Deposita
1813 3067 2026 3132 vestra,
2053 3076 2232 3132 opera
2251 3066 2444 3115 vestra
2471 3076 2485 3127 ;
2511 3065 2577 3114 ut
2599 3065 2841 3132 accepta
2869 3059 3267 3132 vestra,digna
3288 3059 3514 3117 feratis.

131 3123 557 3199 Longanimiter
585 3129 731 3184 ferte
759 3130 939 3202 igitur
966 3147 1068 3186 vos
1099 3131 1171 3186 ad
1204 3132 1458 3188 invicem
1489 3131 1550 3186 in
1578 3123 2056 3197 mansuetudine,
2091 3123 2157 3187 ut
2184 3133 2337 3187 Deus
2363 3123 2481 3187 vos;
2510 3133 2693 3187 Fruar
2721 3123 2882 3186 vobis
2913 3123 3167 3203 semper:

1605 3240 1836 3295 CAPUT
1865 3241 1978 3296 VII.

188 3331 608 3408 Quia_Ecclesia
643 3353 773 3406 quas
805 3335 864 3390 in
896 3336 1207 3392 Antiochia
1240 3336 1442 3408 Syrias,
1473 3353 1680 3408 pacem
1711 3336 1909 3400 habet,
1951 3343 2017 3391 ut
2046 3343 2348 3392 ostensum
2383 3342 2474 3391 est
2502 3336 2668 3397 mihi.
2711 3354 2817 3408 per
2846 3337 3173 3392 orationem
3217 3341 3472 3391 vestram
3499 3351 3512 3402 ;

128 3409 177 3456 et
203 3421 299 3480 ego
328 3405 524 3480 laetior
553 3405 741 3480 factus
768 3426 897 3462 sum
932 3409 991 3462 in
1021 3405 1418 3480 sollicitudine
1451 3405 1553 3463 Dei
1591 3424 1603 3462 :
1637 3409 1682 3463 si
1711 3409 1972 3478 quidem.
2005 3425 2112 3480 per
2143 3410 2260 3479 pati
2293 3409 2410 3462 Deo
2441 3409 2654 3479 potiar,
2679 3405 2736 3462 in
2762 3409 3011 3464 inveniri
3033 3425 3124 3463 me
3155 3410 3214 3463 in
3245 3409 3512 3480 oratione

127 3477 281 3529 vestri
315 3477 694 3561 discipulum.
727 3480 920 3561 Decet,
951 3479 1271 3561 Polycarpe
1303 3477 1819 3561 Deo-beatissime,
1848 3477 2168 3560 concilium
2200 3477 2555 3561 congregare
2588 3480 3250 3561 Deo—decentissimum,
3275 3479 3511 3561 etordi-

128 3561 254 3622 nare
284 3547 750 3622 aliquem,quem
784 3547 1073 3605 dilectum
1099 3547 1266 3606 valde
1299 3551 1529 3605 habetis
1561 3556 1619 3604 et
1648 3552 1987 3622 impigrum.
2011 3551 2111 3621 qui
2144 3547 2361 3622 poterit
2392 3547 2728 3606 D'ei-cursor
2753 3552 2942 3606 vocari
2981 3558 3078 3606 :et
3107 3554 3262 3606 hunc
3285 3550 3512 3622 dignifi-

129 3618 326 3673 cariut
346 3618 569 3676 vadens
595 3618 669 3694 in,
690 3623 1248 3692 Syriam,gloriﬁcet
1279 3629 1530 3676 vestram
1563 3618 1872 3692 impigram
1907 3618 2255 3678 charitatem
2285 3624 2344 3676 in
2376 3622 2778 3694 gloriamDei.
2815 3623 3181 3679 Christianus
3215 3623 3302 3678 sui
3327 3618 3512 3694 ipsius

126 3694 460 3764 potestatem
500 3709 616 3747 non
658 3693 854 3760 habet,
891 3695 993 3747 sed
1026 3695 1144 3748 Deo
1175 3699 1360 3748 vacat.
1396 3695 1514 3748 Hoc
1545 3709 1691 3764 opus
1722 3695 1824 3748 Dei
1855 3700 1945 3749 est
1975 3699 2032 3747 et
2061 3695 2259 3756 vestri,
2293 3693 2575 3764 quOniam
2635 3693 2748 3763 ipsi
2808 3695 3052 3764 perfecti
3113 3695 3274 3749 estis.
3336 3693 3522 3748 Credo

131 3760 273 3835 enim
293 3765 519 3833 gratim,
553 3765 832 3834 quoniam
865 3766 1050 3834 parati
1081 3765 1224 3820 estis
1245 3765 1318 3820 ad
1349 3760 1804 3820 beneficentiam
1825 3766 1942 3820 Deo
1975 3760 2530 3822 decentemeciens
2561 3760 2826 3819 vestrum
2847 3765 3270 3835 compendium
3303 3765 3523 3819 verita—

130 3830 216 3900 tis,
245 3830 346 3904 per
375 3830 595 3907 paucas
637 3852 737 3890 vos
770 3830 996 3892 litteras
1029 3836 1365 3892 consolatus
1397 3851 1549 3891 sum.

1607 3937 1830 3991 CAPUT
1887 3937 2028 3991 VIII.

1607 3937 1647 3991 C
1695 3938 1737 3991 P
1887 3937 2028 3991 VIII.

191 4020 330 4086 Quia
357 4024 538 4097 igitur
567 4025 846 4081 omnibus
875 4025 1154 4081 Ecclesiis
1185 4042 1306 4081 non
1336 4024 1500 4097 potui
1530 3937 2057 4097 scrigengpropter
2086 4027 2329 4094 repente
2362 4021 2635 4095 navigare
2668 4039 2760 4078 me
2800 4039 2834 4078 a
2861 4022 3084 4078 Troade
3107 4024 3167 4078 in
3191 4023 3530 4094 Neapolim,

192 4193 293 4263 (50)
327 4195 660 4268 Legendum
697 4195 815 4268 μεθ’
847 4195 1016 4268 ὑμῶν.
1064 4203 1131 4251 ut
1188 4198 1344 4268 apud
1376 4197 1759 4268 interpolato-
1795 4197 1838 4264 ο
1867 4189 2050 4260 addit,
2086 4193 2203 4247 loco
2243 4195 2366 4258 mei,
2391 4195 2539 4268 Asicut
2570 4196 2854 4268 _pra'cepi
2884 4193 3005 4262 tibi,
3057 4193 3118 4248 in
3151 4194 3346 4248 Graeco
3382 4212 3519 4268 Anon

129 4278 262 4340 rem.
292 4267 446 4340 apud
483 4268 695 4340 Syrum
728 4273 787 4322 et
816 4268 877 4321 in
897 4290 923 4317 «
944 4267 1306 4340 Fragmentis
1325 4267 1763 4325 Damascenicis

131 4334 622 4405 Rupefu'caldinis.
661 4361 688 4388 ››

193 4407 301 4485 (5t)
330 4410 665 4485 Cfr.‘lgnat.
693 4409 766 4465 ad
797 4411 1033 4481 Ephes.,
1067 4428 1115 4466 c.
1152 4414 1184 4464 2
1219 4429 1232 4478 ;
1272 4413 1344 4467 ad
1380 4415 1590 4485 Magn,
1652 4429 1701 4467 c.
1732 4415 1765 4464 2

131 4481 184 4528 et
217 4480 274 4530 l2
305 4497 319 4543 ;
353 4481 424 4535 ad
454 4480 650 4540 Rom..
685 4498 716 4536 c
771 4485 821 4535 5.

192 4548 294 4638 (5})
325 4553 364 4604 E
395 4553 589 4638 capite
618 4553 869 4638 septimo
903 4553 1079 4638 Syrus
1109 4553 1204 4638 nil,
1224 4555 1338 4609 nisi
1359 4555 1604 4638 ‘un‘i‘cam
1625 4571 1762 4638 seu:

131 4620 358 4676 tentiam
393 4620 745 4691 εΧριστιανός
779 4620 969 4676 ἑαυτοῦ
1029 4622 1267 4691 ἐξουσίαν
1315 4624 1414 4678 οὐκ
1443 4623 1584 4691 ἔχει,
1619 4623 1764 4678 ἀλλά

131 4692 233 4768 Θεῷ
263 4692 543 4768 σχολᾴζει,
571 4701 1011 4768 mutuatusest.
1068 4698 1147 4750 De
1204 4697 1411 4768 legatis
1464 4697 1537 4752 ad
1571 4698 1765 4752 Antio-

129 4759 332 4886 :hegos
355 4759 660 4822 mittendis
694 4766 800 4823 efr.
828 4767 901 4822 ad
933 4767 1189 4837 Smyrn.,
1213 4759 1353 4823 cf“
1380 4787 1393 4836 ;
1416 4769 1490 4822 ad
1507 4768 1758 4834 Philad.,

129 4845 172 4883 Ο.
204 4845 284 4887 1υ.

163 4904 293 4983 “(5.3)
326 4908 443 4983 Vet.
478 4911 586 4964 int.
619 4912 678 4964 in
709 4912 978 4966 oratione.
1014 4909 1340 4965 Cotelerius
1398 4910 1530 4966 ideo
1579 4911 1761 4983 conji-

131 4972 207 5048 cit
226 4972 464 5048 ἀναιτήσε
475 5001 510 5034 ι.

328 5046 414 5124 με
445 5052 585 5124 legit
615 5059 781 5106 vetus
817 5052 1110 5124 interpres
1143 5055 1242 5108 Ms.
1279 5053 1433 5108 male
1484 5054 1758 5122 παθητήν,

195 5120 669 5244 (1553.)gsigr'efert
694 5125 750 5178 S.
810 5120 1172 5195 Polycarpus
1230 5125 1290 5178 in
1349 5141 1438 5196 ep.
1473 5124 1546 5180 ad
1578 5120 1759 5194 Phil.,

131 5201 174 5239 c.
209 5201 287 5244 t3.
319 5201 514 5250 Puns.

196 5261 296 5337 l§§l
322 5267 415 5337 ita
441 5283 578 5330 ms.,
604 5283 722 5320 non
753 5263 907 5331 αὐτό,
939 5267 1026 5320 uti
1061 5267 1120 5320 in
1153 5265 1256 5337 lib.
1292 5267 1465 5337 impr.
1492 5267 1611 5337 Jac.

188 5332 295 5414 ν(5⁸])
321 5335 658 5414 Transpone
691 5339 887 5405 verba,
913 5337 995 5390 ὅτι
1025 5341 1096 5410 τῇ
1127 5336 1338 5410 χάριτι,
1373 5332 1428 5392 h.
1457 5354 1507 5393 e.
1543 5335 1630 5392 διὰ
1657 5343 1758 5406 τῆς

133 5408 365 5473 χάριτος.
392 5408 579 5464 Smru.

173 5473 297 5551 .(58)
327 5477 519 5549 Syrus.
541 5487 605 5534 ut
633 5496 662 5534 e
687 5480 878 5551 capite
910 5479 1395 5542 antecedenti.ita
1415 5481 1592 5536 etiam
1612 5497 1641 5535 e
1659 5497 1753 5536 ca.

1873 4270 2125 4329 exstant,
2161 4280 2354 4334 neque
2388 4264 2448 4317 in
2481 4264 2679 4318 codice
2714 4264 2989 4324 Mediceo.
3018 4282 3210 4335 neque
3243 4266 3399 4336 apud
3427 4269 3516 4321 in-

1872 4336 2315 4407 terpolatorem.
2351 4337 2528 4406 Syrus
2561 4337 2686 4390 haec
2718 4353 2748 4390 e
2787 4337 2909 4390 suis
2940 4336 3234 4391 addidisse
3268 4338 3514 4393 videtur.

1871 4410 2162 4462 Praeterea
2175 4409 2502 4461 Curetonus
2517 4408 2739 4477 absque
2756 4409 2894 4462 ullis
2908 4409 3274 4463 argumentis
3293 4411 3514 4477 omnia,

1870 4496 2000 4549 quas
2034 4481 2091 4532 in
2124 4479 2392 4532 versione
2423 4479 2661 4547 Syriaca
2711 4497 2828 4533 non
2879 4479 3174 4550 leguntur,
3210 4497 3242 4534 a
3274 4481 3512 4536 falsario

1869 4549 2126 4620 quodam
2159 4551 2552 4620 posteriorum
2585 4549 3167 4606 saeculorumaddita
3186 4554 3512 4608 contendit.

1869 4621 1980 4694 Sed
2013 4621 2138 4694 haac
2169 4622 2362 4691 capita
2393 4625 2421 4674 7
2455 4628 2514 4694 et
2566 4622 2600 4673 8
2656 4621 2801 4676 adeo
2859 4623 3020 4676 omni
3080 4626 3516 4694 oppugnatione

1865 4693 2302 4755 haereticorum,
2339 4693 2621 4762 omnique
2655 4693 2918 4747 muneris
2949 4693 3304 4764 episcopalis
3347 4712 3508 4750 com-

1864 4763 2245 4818 mendatione
2277 4769 2498 4824 carent,
2539 4770 2604 4816 ut
2632 4781 2828 4821 causa.
2862 4765 3020 4834 quod
3078 4763 3351 4820 falsarius
3386 4768 3511 4821 haec

1865 4836 2165 4906 adjecerit.
2202 4834 2389 4906 detegi
2421 4850 2540 4887 non
2575 4835 2777 4905 possit.
2813 4836 3062 4889 Maxima
3093 4853 3266 4906 porro
3291 4837 3510 4905 injuria

1863 4907 2192 4960 Curetonus
2218 4906 2496 4968 affirmat,
2532 4906 2708 4960 verba
2746 4907 3022 4974 genuina,
3055 4923 3185 4975 qum
3219 4908 3398 4976 Syrus
3425 4908 3510 4962 le-

1863 4977 2147 5048 gerit,nec
2169 4993 2285 5032 non
2322 4976 2720 5048 narrationem
2749 4977 2984 5031 Eusebii
3016 4977 3326 5048 (lgnatium
3341 4978 3512 5033 beato

1862 5047 2184 5119 Polycarpo
2217 5047 2567 5119 EcclesiamA
2598 5047 2979 5102 Antiochense
3037 5047 3510 5114 commendasse,

1861 5117 2003 5174 Hist.
2047 5117 2200 5182 ποίη
2234 5137 2318 5181 ιιι,
2353 5121 2462 5191 36},
2498 5117 2742 5191 falsario
2767 5119 2841 5191 ad
2900 5119 3266 5191 conficienda
3317 5121 3512 5191 capita

1863 5194 1894 5243 7
1953 5195 2011 5245 et
2067 5192 2098 5243 8
2157 5207 2362 5245 ansam
2417 5189 2670 5244 dedisse.
2730 5189 2793 5243 Id
2851 5190 3016 5244 nullo
3082 5189 3258 5244 modo
3309 5189 3510 5245 verisi-

1864 5261 2005 5315 mile
2029 5267 2135 5315 est.
2155 5263 2485 5316 Curetonus
2516 5259 2772 5330 denique
2805 5265 2861 5315 et
2892 5261 2950 5314 in
2985 5277 3053 5314 eo
3085 5261 3320 5324 erravit,
3353 5261 3508 5331 quod

1863 5331 2156 5398 capitibus
2214 5336 2243 5385 7
2301 5339 2356 5386 et
2413 5334 2444 5386 8
2501 5335 2576 5386 De
2621 5333 2880 5386 elemione
2923 5333 3053 5386 novi
3105 5334 3503 5402 ρρίςοορίΑη-

1862 5405 2275 5458 tiochenorum
2309 5404 2486 5457 verba
2519 5403 2644 5457 fieri
2679 5409 2843 5474 putet
2899 5403 3155 5474 lgnatius
3201 5405 3356 5457 enim
3388 5421 3509 5459 non

1863 5475 1935 5529 de
1968 5490 2116 5545 novo
2149 5474 2559 5545 episcopo,sed
2592 5475 2664 5528 de
2696 5475 2903 5545 legatis
2956 5491 2988 5529 a
3013 5474 3271 5544 pluribus
3328 5476 3512 5530 Eccle-

135 5544 242 5610 pite
279 5544 470 5606 Octavo
502 5552 738 5631 unicam
760 5544 1000 5631 tantum
1048 5552 1404 5631 sententiam
1427 5552 1496 5631 in
1527 5553 1750 5607 versio-
1783 5566 1828 5631 ο
1861 5544 2357 5631 siisnantiochiam
2378 5545 2692 5631 ‘mitle'n‘d‘is
2716 5544 2998 5631 loquitur.

131 5626 262 5695 nem
280 5634 438 5695 suam
462 5622 797 5695 transtulit:
825 5621 1159 5695 '_Acnai§oy.qt
1189 5621 1279 5695 τὸν
1317 5619 1592 5695 μέλλοντα
1621 5641 1752 5675 κατ-

134 5683 384 5755 αξιοῦσθαι
437 5697 531 5747 τοῦ
584 5692 659 5753 εἰς
712 5692 911 5769 Συρίαν
969 5683 1492 5768 πορεύεσθαιοὪιιω
1573 5694 1752 5768 Syrus

1931 5618 2040 5689 (59)
2075 5615 2470 5686 lnterpolator
2488 5614 2652 5670 addit
2681 5615 2793 5671 οὖν.
