3932 6304
385 401 497 472 721

1332 400 1615 472 SANOTI
1661 401 1967 472 IGNATII
2012 407 2419 473 EPISTOLE
2462 407 2878 477 GENUINE.

3687 407 3808 471 728

385 548 544 620 quod
578 551 822 619 repente
855 563 888 602 a
917 545 1140 602 Troade
1173 547 1498 619 Neapolim,
1524 550 1697 621 jussu
1731 550 1811 604 ita
1836 553 2037 620 postu-
2069 551 2120 617 Α
2154 557 2251 616 θην

2229 568 2251 600 ν
2280 547 2503 622 γράψαι,
2538 544 2626 602 διὰ
2661 548 2724 602 τὸ
2755 545 3001 626 ἐξαίφνης
3048 547 3208 602 πλεῖν
3271 566 3340 619 με
3377 547 3482 600 ἀπὸ
3541 542 3805 622 Τρωάδος

384 637 971 708 lante,navigaverim
1006 655 1019 703 ;
1055 641 1137 705 tu,
1171 637 1270 708 qui
1303 638 1610 692 sententia:
1643 639 1744 693 Dei
1776 639 1856 693 sis
1875 655 2036 693 com-

383 744 513 799 pos,
547 726 770 781 scribes
803 725 1010 780 vicinis
1041 724 1341 794 Ecclesiis,
1372 732 1438 782 ut
1469 733 1526 781 et
1584 727 1696 799 ipsi
1745 728 1905 783 idem
1955 727 2039 782 fa-

385 816 560 884 ciant,
622 815 723 885 qui
783 815 1050 886 possint,
1110 815 1342 887 pedites
1425 816 1684 884 mittant,
1746 816 1848 872 alii
1904 832 2040 872 vero

391 905 673 977 epistolas
698 919 805 975 per
835 919 956 970 eos,
991 905 1090 975 qui
1123 921 1158 960 a
1196 911 1252 960 te
1284 905 1596 961 mittentur
1625 926 1639 973 ;
1671 912 1738 961 ut
1759 906 2039 978 gloriﬁce-

385 995 471 1050 ris
504 999 728 1049 aeterno
756 993 1466 1064 opere,quemadmodum
1494 995 1703 1066 dignus
1727 1013 1808 1050 es.
1842 994 2041 1050 Saluto

389 1100 600 1140 omnes
630 1083 1010 1152 nominatim,
1046 1089 1106 1137 et
1155 1084 1416 1155 Epitropi
1467 1099 1712 1140 uxorem
1757 1101 1890 1139 cum
1921 1091 2044 1139 tota

387 1173 564 1228 domo
597 1189 703 1228 sua
734 1179 790 1226 et
820 1172 1044 1227 liberis.
1077 1172 1277 1228 Saluto
1307 1173 1566 1228 Attalum
1595 1173 1742 1228 mihi
1774 1174 2040 1229 charum.

387 1261 587 1318 Saluto
629 1277 786 1326 eum,
825 1261 925 1332 qui
967 1261 1331 1333 profectione
1362 1262 1425 1316 in
1456 1262 1680 1333 Syriam
1712 1262 1924 1335 dignus
1945 1262 2044 1318 ha-

384 1350 857 1406 bebitur.Gratia
888 1350 948 1404 in
975 1356 1325 1422 perpetuum
1357 1367 1491 1406 cum
1522 1352 1622 1407 illo
1653 1353 1787 1421 erit,
1821 1359 1880 1407 et
1907 1368 2043 1408 cum

386 1441 660 1495 mittente
693 1439 864 1494 illum
896 1440 1239 1512 Polycarpo.
1274 1442 1420 1512 Opto
1452 1459 1553 1496 vos
1586 1458 1820 1513 semper
1851 1441 2042 1496 valere

388 1529 450 1584 in
483 1530 599 1584 Deo
631 1533 834 1584 nostro
864 1530 998 1584 Jesu
1025 1529 1279 1598 Christo,
1337 1547 1444 1602 per
1497 1548 1672 1602 quem
1731 1532 1792 1585 in
1823 1532 2044 1586 unione

391 1635 526 1674 cum
551 1619 668 1673 Deo
709 1625 766 1673 et
797 1619 1142 1690 episcopatu
1177 1621 1592 1692 permaneatis.
1613 1621 1814 1676 Saluto
1836 1621 2044 1690 Alcen,

393 1707 785 1764 deiderabile
818 1709 964 1764 mihi
996 1725 1236 1766 nomen.
1273 1710 1471 1766 Valete
1529 1711 1592 1766 in
1625 1711 1898 1768 Domino.

2147 637 2223 698 εἰς
2245 637 2542 707 Νεάπολιν,
2596 638 2670 700 ὡς
2725 639 2788 692 τὸ
2849 638 2964 711 (60)
3015 636 3233 710 θέλημα
3262 637 3613 711 προστάσσειο
3669 635 3802 710 γρά-

2150 728 2270 799 ψεις
2298 731 2416 787 ταῖς
2455 725 2757 801 ἔμπροσθιν
2810 725 3188 796 Ἐκκλησίαις,
3239 727 3316 788 ὡς
3381 729 3514 780 Θεοῦ
3572 725 3805 799 γνώμην

2148 816 2506 888 κεκτημένος,
2539 815 2616 878 εἷς
2645 817 2707 870 τὸ
2737 815 2829 870 καὶ
2889 815 3086 877 αὐτοὺς
3140 815 3202 870 τὸ
3254 813 3388 869 αὐτὸ
3444 819 3696 882 ποιῆσαι,
3756 813 3809 867 οἱ

2155 903 2249 976 μὶν
2283 901 2573 977 δυνάμενοι
2603 903 2802 974 πεζοὺς
2841 904 3078 979 πὲμψαι,
3138 905 3190 959 οἱ
3252 901 3308 958 δὲ
3367 901 3660 964 ἐπιστολὰς
3719 899 3810 956 διὰ

2149 998 2258 1049 τῶν
2299 992 2402 1048 ὑπὸ
2434 997 2530 1048 σοῦ
2560 993 2950 1068 πεμπομένων·
2983 991 3076 1048 ’ἕνα
3103 996 3212 1067 (61)
3273 991 3566 1064 ἓοξασθῆτε
3596 989 3808 1063 αἰωνίῳ

2150 1080 2310 1157 ἔργῳ,
2345 1083 2418 1146 ὡς
2447 1081 2594 1152 ἄξιος
2616 1081 2712 1138 ὢν.
2763 1083 3110 1156 Ἀσπάζομαι
3166 1082 3370 1144 πάντας
3425 1080 3477 1152 ἐξ
3509 1081 3805 1152 ὀνόματος,

2149 1171 2240 1226 καὶ
2269 1171 2368 1240 τὴν
2402 1174 2498 1226 τοῦ
2521 1171 2852 1248 Ἐπιτρόπου
2885 1171 2978 1226 σὺν
3007 1169 3125 1245 ὅλῳ
3180 1175 3261 1243 τῷ
3313 1169 3450 1242 οἷ’γῳ
3506 1169 3680 1239 αὐτῆς
3718 1168 3807 1223 καὶ

2152 1265 2260 1316 τῶν
2318 1261 2535 1316 τέκνων.
2613 1262 2957 1333 ’Λσπάζομαι
3013 1259 3283 1319 ’Ἄτταλον
3368 1259 3460 1314 τὸν
3521 1253 3806 1335 ἀγαπητόν

2157 1370 2282 1422 μου.
2317 1349 2656 1423 Ἀσπάζομαι
2683 1351 2777 1405 τὸν
2813 1347 3090 1424 μέλλοντα
3143 1349 3523 1420 καταξιοῦοθαι
3573 1352 3675 1402 τοῦ
3734 1346 3810 1408 εἷς

2155 1440 2354 1513 Συρίαν
2382 1441 2722 1514 πορεύεσθαι.
2774 1447 2966 1499 "Eam.
2998 1442 3032 1510 ἡ
3101 1440 3266 1514 χάρις
3325 1440 3439 1514 μετ’
3494 1437 3663 1493 αὐτοῦ
3724 1435 3810 1491 διὰ

2153 1529 2373 1599 παντὸς,
2405 1528 2622 1584 καὶτοῦ
2671 1528 2982 1602 πέμποντος
3031 1529 3191 1584 αὐτὸν
3248 1528 3636 1602 Πολυκάρπου.
3688 1527 3809 1602 Ἐβ-

2153 1617 2357 1691 ῥῶσθαι
2395 1618 2534 1690 ὑμᾶς
2595 1615 2685 1672 διὰ
2749 1619 2952 1680 παντὸς
3011 1616 3060 1672 ὲν
3104 1623 3222 1690 Θεῷ
3263 1617 3425 1689 ἡμῶν
3455 1620 3646 1687 Ἰησοῦ
3680 1621 3812 1691 Χρι-

2155 1711 2264 1780 στῷ
2295 1703 2557 1786 εῧχομαι,
2590 1705 2642 1762 ἐν
2703 1707 2748 1779 ᾦ
2807 1705 3131 1782 διαμείνητε
3161 1707 3213 1764 ἄν
3275 1708 3493 1778 ἔνότητι
3525 1711 3667 1762 Θεοῦ
3723 1706 3814 1760 καὶ

2155 1800 2271 1869 (62)
2305 1795 2600 1870 ἐπισκοπῇ.
2640 1799 2989 1870 Ἀσπάζομαι
3024 1801 3138 1872 (63)
3167 1796 3404 1869 Ἀλκην,
3459 1797 3523 1852 τὸ
3571 1795 3814 1866 παθητόν

2161 1907 2266 1959 μου
2288 1884 2483 1960 ὄνομα.
2513 1882 2791 1960 Ἕῤῥωσθε
2820 1883 2872 1940 ἒν
2913 1886 3126 1961 Κυρίῳ.

1855 2009 2020 2062 Vetus
2058 2007 2348 2076 interpres.

389 2119 458 2172 ut
480 2113 746 2172 voluntas

826 2115 1091 2187 raacipit;
1124 2115 1346 2170 scribes
1369 2113 1497 2170 aliis
1527 2114 1897 2187 Ecclesiis,ut
1926 2113 2027 2168 Dei
2059 2112 2415 2187 sententiam
2445 2113 2950 2187 possidens,idem
2968 2120 3026 2170 et
3047 2115 3207 2186 ipsos
3227 2114 3465 2187 facere;
3488 2111 3808 2187 hiquidern

390 2195 664 2260 potentes
687 2184 922 2260 pedites
954 2184 1209 2250 mittere,
1230 2187 1287 2240 hi
1322 2194 1518 2260 autem
1553 2185 1832 2257 epistolas
1872 2201 1978 2260 per
2006 2202 2039 2239 a
2067 2190 2136 2260 te_
2158 2185 2390 2260 missos,
2413 2191 2478 2239 ut
2507 2185 2852 2260 glorificeris
2881 2184 3102 2260 aeterno
3124 2185 3630 2260 opereptdignus
3655 2184 3814 2260 exsi-

391 2257 574 2338 stens.
608 2257 808 2314 Saluto
839 2275 1054 2338 omnﬂes
1080 2275 1149 2338 ex
1181 2258 1422 2338 npmine
1447 2276 1460 2323 ;
1484 2263 1856 2338 etnearnquaa
1879 2257 2162 2338 Epitropi,
2189 2273 2322 2337 cum
2355 2257 2530 2338 dpmo
2564 2263 2710 2338 tota;
2718 2257 2905 2338 ipsius
2935 2264 2991 2338 et
3021 2259 3298 2338 ﬁliorum:
3325 2257 3527 2312 Saluto
3551 2259 3816 2338 Attalum

393 2330 679 2385 dilectum
712 2347 933 2384 meum.
965 2329 1164 2384 Saluto
1213 2331 1478 2384 futurum
1512 2328 1842 2396 digniﬁcari
1889 2327 1964 2383 ad
1996 2328 2257 2382 eundum
2289 2327 2349 2382 in
2381 2327 2632 2400 Syriam.
2669 2327 2793 2382 Erit
2835 2330 3023 2400 gratia
3079 2345 3216 2385 cum
3285 2329 3410 2400 ipso
3464 2345 3728 2400 semper,
3759 2333 3819 2400 et

393 2401 894 2474 mittenteiipsum
923 2400 1496 2474 Polycarpo._Valere
1525 2417 1624 2474 vos
1656 2399 1982 2474 sempe_r_in
2015 2405 2132 2454 Deo
2166 2404 2366 2474 nostro
2396 2398 2531 2454 Jesu
2562 2400 2790 2474 Christo
2823 2398 2925 2474 oro
2954 2417 2974 2474 ;7
3004 2401 3060 2455 in
3117 2417 3232 2472 quo
3291 2398 3700 2472 permaneatis
3756 2398 3817 2452 in

398 2473 630 2528 unitate
661 2473 764 2526 Dei
798 2477 855 2526 et
884 2470 1240 2526 visitation‘e.
1270 2471 1472 2526 Saluto
1505 2471 1714 2539 Alken,
1748 2470 2150 2526 desideratum
2182 2471 2329 2526 mihi
2362 2487 2602 2526 nomen.
2638 2471 2834 2527 Valete
2862 2472 2922 2528 in
2954 2470 3223 2528 Domino.

465 2615 580 2687 (60)
610 2616 654 2670 Ι.
687 2615 1094 2687 αληαηάαιωη
1115 2615 1482 2687 imperatoris,
1515 2632 1620 2671 seu
1649 2617 1910 2687 militum,
1945 2615 2046 2687 qui

395 2685 690 2761 Ignatium
727 2686 1042 2761 ducebant,
1064 2704 1181 2761 seu
1197 2685 1463 2742 ‘voluntas
1486 2689 1599 2761 Dei.
1632 2685 1862 2761 Θὲλημα
1883 2685 2050 2743 abso-

395 2757 516 2815 lute
543 2759 786 2830 ponitur
815 2775 886 2831 ep
900 2801 922 2831 ,ί
953 2759 1026 2814 ad
1056 2757 1395 2831 Smyrn_.,c.
1431 2762 1514 2814 Η.
1536 2759 1656 2815 hc.

466 2827 579 2901 (6f)
608 2827 880 2890 Fortasse
909 2827 1226 2904 legendum
1257 2827 1549 2905 δοξασθῇς.
1575 2831 1763 2888 ειη-ιιι.

2229 2617 2337 2681 (62)
2370 2614 2516 2684 Lege
2549 2610 2870 2684 ἐπισκόπου,
2903 2621 2968 2671 ut
3002 2615 3224 2672 habent
3263 2615 3498 2671 codices
3531 2619 3822 2684 Augusta-

2159 2703 2273 2760 nuﬁs
2300 2692 2363 2760 et
2391 2687 2811 2760 Leicestrensis
2840 2688 3131 2760 (epistola)
3163 2688 3580 2760 interpolata).
3622 2687 3816 2743 Suum.

2231 2757 2343 2831 (63)
2373 2757 2488 2814 Cfr.
2525 2758 2708 2831 lgnat.
2741 2758 2815 2814 ad
2847 2757 3104 2831 Sinyrn.,
3137 2775 3187 2817 c.
3224 2761 3310 2815 13.
