3932 6304
367 351 483 417 735

1103 359 1206 422 AD
1247 358 1680 424 EPISTOLAS
1724 361 1789 420 S.
1837 357 2129 422 IGNATII
2175 357 2570 420 GENUINAS
2611 353 3037 421 APPENDIX.

3655 353 3774 414 736

364 490 475 561 ipsi
509 492 723 561 facitis,
756 491 1000 550 edoctia
1030 495 1282 566 Spiritu;
1305 513 1445 552 nam
1465 495 1854 552 memorabile
1876 512 1981 568 pre

2187 495 2290 554 ιῖιὶς⁸
2325 489 2458 568 ὅπερ
2488 492 2577 547 xvi
2626 496 2835 548 ποιεῖτε
2889 489 3067 560 αὑτοὶ,
3127 482 3467 566 σοφισθὲντες
3519 483 3624 541 ὕπὸ
3681 489 3776 540 τοῦ

370 580 716 652 sbyterium,
765 582 1004 654 dignum
1049 589 1183 646 Deo,
1236 587 1316 642 ita
1364 592 1453 642 est
1501 592 1836 658 coaptatum
1889 586 2015 656 epi-

372 686 570 742 scopo,
598 677 663 726 ut
691 673 926 727 chordae
961 675 1239 730 citharas:
1289 677 1373 731 ita
1416 676 1675 748 colligati
1721 691 2018 731 consensu

373 766 431 814 et
460 762 737 816 concordi
771 763 1078 832 charitate,
1111 765 1280 836 cujus
1299 772 1383 820 est
1416 765 1533 820 dux
1556 772 1614 821 et
1631 771 1828 821 custos
1851 766 2017 820 Jesus

373 850 656 908 Christus.
691 853 762 906 Et
789 870 923 907 vero
955 855 1170 926 singuli
1230 872 1385 910 unus
1433 857 1647 911 chorus
1698 863 1904 920 estote,
1953 859 2020 909 ut

372 941 614 995 consoni
648 958 752 1012 per
768 943 1166 1010 concordiam,
1185 950 1428 1016 accepta
1448 946 1578 1016 conj
1591 946 1868 1000 unctione
1881 961 2018 1000 cum

371 1028 490 1084 Deo
523 1047 628 1100 per
657 1032 968 1100 unitatem,
1001 1050 1185 1088 unum
1219 1034 1348 1089 sitis
1371 1041 1682 1102 concentu,
1702 1035 1818 1089 Deo
1836 1033 2015 1105 Patri,

373 1136 438 1174 ac
469 1120 680 1177 dilecto
713 1122 856 1178 Filio
889 1123 1021 1194 ejus
1049 1125 1186 1180 Jesu
1216 1124 1447 1180 Christo
1499 1126 1743 1182 Domino
1790 1130 2014 1181 nostro.

369 1209 454 1265 Da
483 1211 638 1265 enim
673 1212 838 1282 ipsis,
871 1213 1084 1284 inquit,
1119 1215 1286 1269 Pater
1311 1222 1520 1282 sancte,
1549 1222 1610 1269 ut
1664 1219 1804 1272 sicut
1840 1232 1940 1284 ego
1969 1221 2020 1270 et

373 1305 429 1354 tu
459 1317 628 1356 unum
657 1317 860 1366 sumus,
893 1309 944 1357 et
973 1305 1080 1372 ipsi
1108 1306 1166 1357 in
1197 1305 1356 1358 nobis
1385 1321 1554 1359 unum
1599 1307 1708 1359 sint
1756 1304 1820 1360 ¹⁵.
1867 1304 2018 1359 Utile

371 1389 569 1459 itaque
585 1389 747 1445 vobis
760 1391 922 1445 estin
939 1392 1242 1463 inculpata
1259 1393 1485 1448 unitate
1504 1394 1858 1464 conjunctos
1876 1394 2016 1462 Deo,

299 1545 303 1548 ,
369 1477 698 1533 imitatores
731 1496 856 1534 esse
889 1480 1124 1549 Christi,
1158 1481 1328 1551 cujus
1361 1487 1418 1536 et
1449 1482 1717 1537 membra
1747 1483 1908 1538 estis.

442 1743 502 1796 V.
541 1743 596 1797 Si
628 1743 788 1797 enim
820 1758 924 1815 ego
955 1743 1115 1798 brevi
1149 1743 1432 1814 temporis
1464 1743 1654 1815 spatio
1678 1743 1856 1798 talem
1879 1760 2017 1799 con-

2127 585 2464 654 Πνεύματος·
2496 582 2559 636 τὸ
2610 582 2714 656 γὰρ
2774 581 3161 652 ἀξιονόμαστον
3209 571 3594 652 πρεσϐυτέριον
3646 577 3776 648 (19),

2127 668 2271 739 ἂξιον
2302 668 2359 724 ὄν
2394 673 2489 725 τοῦ
2517 673 2674 737 Θεοῦ,
2721 669 2891 731 οὕτως
2936 669 3309 740 συνήρμοσται
3360 669 3438 736 τῷ
3474 663 3777 736 ἐπισκόπῳ,

2126 759 2201 820 ὠς
2232 755 2432 834 χορδαὶ
2477 758 2674 835 κιθάρᾳ
2721 762 2852 831 (20)·
2905 754 3283 831 συνδεδεμένοι
3334 752 3479 809 οὕτω
3523 757 3594 827 τῇ
3652 754 3785 826 ὁμο-

2125 847 2248 920 νοίᾳ
2275 849 2366 903 καὶ
2391 850 2667 922 συμφώνῳ
2699 848 2904 924 ἀγάπῃ,
2937 847 3003 916 ἧς
3035 846 3180 902 ἐστιν
3212 844 3458 922 ἀρχηγὸς
3483 843 3574 898 καὶ
3604 841 3779 922 φύλαξ

2128 940 2341 1010 Ἰησοῦς
2372 941 2400 996 6
2436 939 2671 1014 Χριστός
2702 942 2835 1012 (21).
2870 939 2973 994 Καὶ
3027 937 3078 991 οἱ
3126 936 3242 990 κατ’
3292 932 3460 1008 ἄνδρα
3507 931 3563 988 δὲ
3613 934 3785 1008 χορὸς

2127 1029 2345 1106 γίνεσθε
2370 1030 2474 1098 εἷς,
2504 1030 2598 1084 ἳνα
2626 1028 2914 1104 σύμφωιοι
2945 1021 3093 1088 ὄντες
3127 1025 3180 1082 ἔν
3209 1024 3462 1099 ὁμονοίῃ,
3494 1022 3784 1100 συνάφειαν

2127 1123 2262 1175 Θεοῦ
2294 1113 2557 1181 λαϐόντες
2589 1116 2640 1173 ἐν
2675 1117 2887 1188 ἒνότητι
2923 1114 2975 1172 ἔν
3006 1113 3234 1194 γένησθε
3267 1117 3311 1151 ¹³
3352 1115 3419 1187 τῇ
3473 1110 3786 1192 συμφωνίᾳ,

2127 1209 2208 1279 τῷ
2235 1213 2351 1281 Θεῷ
2385 1208 2554 1280 Πατρὶ
2586 1205 2676 1262 καὶ
2705 1211 2784 1279 τῷ
2839 1205 3187 1283 ἠγαπημένῳ
3237 1203 3350 1274 Υἶῷ
3395 1201 3562 1256 αὐτοῦ
3605 1203 3786 1271 Ἰησοῦ

2125 1300 2353 1371 Χριστῷ
2382 1301 2464 1368 τῷ
2497 1294 2681 1370 Κυρίῳ
2711 1297 2896 1368 ἡμῷνο
2930 1293 3030 1354 Δὸς
3062 1293 3168 1370 γὰρ
3196 1291 3400 1361 αὐτοῖς,
3424 1289 3585 1366 φησὶ,
3608 1289 3784 1364 Πάτερ

2127 1387 2268 1460 ἅγιε,
2298 1386 2392 1440 ἳνα
2447 1385 2522 1448 ὡς
2575 1385 2684 1460 ἐγὼ
2739 1383 2830 1439 καὶ
2890 1382 2952 1437 σὺ
3011 1380 3062 1436 ἕν
3122 1381 3304 1456 ὶσμεν,
3365 1380 3455 1435 καὶ
3513 1377 3672 1434 αὐτοὶ
3734 1376 3780 1432 ἐν

2127 1480 2265 1551 ἡμῖν
2295 1476 2346 1532 ἔν
2376 1478 2498 1532 ὦσι·
2554 1479 2836 1556 χρήσιμον
2873 1473 2963 1531 οὖν
3019 1474 3161 1530 ἔστιν
3226 1475 3388 1547 ὑμᾶς,
3455 1473 3508 1528 ἐν
3561 1472 3784 1545 ἀμώμῳ

2127 1568 2346 1638 ὲνότητι
2406 1565 2788 1640 συνημμένους
2827 1570 2966 1638 Θεῷ,
3027 1562 3272 1639 μιμητάς
3329 1563 3462 1617 εἶναι
3520 1563 3784 1637 Χριστοῦ,

2126 1657 2189 1712 οὗ
2221 1656 2312 1710 καὶ
2348 1654 2496 1730 ,μέλη
2535 1654 2826 1730 ὑπάρχετε.

2201 1749 2264 1801 ν.
2302 1745 2364 1800 Εἰ
2395 1745 2497 1820 γὰρ
2530 1744 2640 1822 ἐγὼ
2673 1743 2723 1799 ἐν
2757 1748 2937 1819 μικρῷ
2965 1742 3152 1819 χρόνῳ
3184 1739 3442 1813 τοιαύτην
3502 1741 3785 1810 συνήθειαν

372 1832 746 1887 suetudinem
774 1833 1039 1887 contraxi
1065 1850 1196 1888 cum
1217 1834 1492 1904 episcopo
1510 1838 1723 1901 vestro,
1742 1849 1872 1904 quas
1896 1849 1984 1887 n01

2187 1854 2292 1910 χον
2349 1835 2486 1907 πρὸς
2539 1834 2631 1889 τὸν
2689 1832 2982 1889 ἐπίσκοπον
3045 1832 3219 1905 ὑμῶν,
3282 1830 3382 1886 οὐκ
3436 1828 3786 1905 ἀνθρωπίνην

370 1922 651 1988 humana,
687 1920 788 1975 sed
821 1922 1150 1992 spiritualis
1180 1929 1307 1986 est;
1342 1928 1561 1992 quanto
1593 1940 1692 1977 vos
1721 1921 2016 1977 beatiores

358 2010 566 2081 judico
600 2010 698 2080 qui
730 2010 1080 2080 dependetis
1113 2011 1185 2065 ab
1217 2011 1336 2080 illo,
1371 2011 1524 2066 sicut
1553 2012 1814 2066 Ecclesia
1844 2027 1878 2066 a
1901 2012 2016 2065 Do-

367 2099 528 2154 mino
560 2100 718 2165 Jesu,
771 2105 829 2154 et
881 2101 1160 2155 Dominus
1192 2116 1226 2154 a
1259 2101 1504 2154 Domino
1557 2105 1614 2155 et
1656 2102 1828 2155 Patre
1887 2116 2014 2164 suo,

367 2194 432 2242 ut
461 2189 663 2243 omnia
694 2205 800 2259 per
830 2189 1118 2244 unitatem
1155 2189 1576 2244 consentiant?
1613 2191 1794 2244 Nemo
1828 2195 2014 2254 erret;

367 2277 482 2330 nisi
515 2278 648 2347 quis
680 2279 838 2332 intra
867 2279 1047 2333 altare
1099 2279 1194 2346 sit,
1255 2279 1520 2349 privatur
1575 2295 1725 2350 pane
1776 2279 1901 2334 Dei.
1959 2277 2016 2332 Si

366 2367 526 2420 enim
556 2367 731 2421 unius
764 2374 942 2438 atqne
975 2368 1220 2423 alterius
1253 2369 1516 2439 precatio
1566 2373 1789 2423 tantam
1839 2367 2018 2423 habet

367 2455 665 2520 virtutem,
693 2460 760 2511 ut
789 2456 1088 2512 Christum
1121 2457 1276 2512 inter
1298 2457 1432 2513 illos
1455 2463 1675 2513 statuat
1695 2455 1769 2526 ‘7;
1795 2463 2014 2528 quanto

363 2544 496 2616 plus
528 2545 787 2618 episcopi
818 2551 876 2601 et
926 2547 1108 2602 totius
1161 2547 1438 2603 Ecclesiae
1487 2547 1675 2604 oratio
1728 2564 2014 2616 consona,

367 2633 698 2689 ascendens
727 2635 802 2690 ad
833 2637 1039 2702 Deum,
1075 2637 1344 2692 exorabit
1371 2643 1436 2692 ut
1466 2637 1670 2692 omnia
1699 2653 1831 2707 quae
1861 2637 2010 2708 peti-

364 2721 558 2778 verint
587 2724 648 2778 in
679 2724 932 2792 Christo,
964 2725 1180 2780 dentur
1209 2726 1352 2797 ipsis
1373 2726 1400 2780 ‘l
1431 2726 1710 2797 Quisquis
1740 2726 1920 2798 igitur
1939 2725 2012 2782 ab

365 2812 708 2884 hujusmodi
731 2820 965 2886 separat
985 2831 1186 2883 se,nec
1207 2815 1483 2870 convenit
1528 2815 1589 2870 in
1612 2821 1765 2872 coetu
1794 2814 2014 2872 sacriﬁ-

363 2901 612 2970 ciorum,
648 2905 706 2958 ét
735 2905 959 2960 ecclesia
976 2904 1391 2975 primitivorum
1421 2904 1522 2976 qui
1550 2904 1857 2976 conscripti
1884 2911 2014 2961 sunt

359 2991 422 3046 in
452 2993 580 3047 caelo
612 2991 678 3059 ‘3,
710 2991 884 3066 lupus
915 2999 1021 3061 est,
1055 2993 1164 3049 sub
1209 2994 1382 3049 ovina
1427 2994 1583 3066 pelle
1636 3000 2010 3050 mansuetam

360 3081 750 3152 prmseferens
785 3083 1056 3155 ﬁguram.
1089 3083 1417 3149 Enitimini,
1460 3083 1818 3147 cbarissimi,
1871 3084 2008 3139 sub-

2127 1923 2310 1991 οὖσαν,
2341 1920 2492 1978 ἀλλά
2522 1923 2911 1994 πνευματικήν,
2943 1921 3100 1994 πόσῳ
3146 1919 3360 1993 μᾶλλον
3415 1920 3559 1991 ὑμᾶς
3610 1939 3787 1990 μακα-

2127 2013 2264 2088 ρίζω
2295 2011 2422 2074 τοὺς
2473 2014 2515 2050 ¹⁸
2547 2011 3018 2085 ἀνακρεμαμένους
3073 2007 3242 2082 αὒτῴ,
3292 2010 3367 2070 ὡς
3409 2011 3446 2077 ἡ
3476 2005 3787 2077 Ἐκκλησία

2125 2106 2205 2174 τῷ
2238 2101 2420 2177 Κυρίῳ
2453 2104 2658 2173 Ἰησοῦ,
2689 2103 2781 2156 καὶ
2813 2100 2840 2154 6
2873 2098 3070 2175 Κύριος
3119 2102 3199 2171 τῷ
3233 2101 3278 2136 ¹⁶
3307 2101 3423 2168 Θεῷ
3465 2096 3559 2151 καὶ
3607 2095 3788 2171 Πατρὶ

2127 2189 2315 2257 αὐτοῦ,
2368 2188 2462 2245 ’ίνα
2516 2191 2686 2246 πάντα
2743 2189 2794 2245 ἐν
2856 2189 3073 2260 ἱνότητι
3131 2186 3502 2262 σύμφωναῇς
3567 2181 3790 2254 Μηδεὶς

2125 2280 2444 2337 πλιίνάσθω⁸
2493 2280 2580 2336 ὲάν
2643 2282 2719 2352 μή
2778 2301 2862 2342 τις
2921 2276 3072 2343 me;
3125 2277 3162 2353 ᾗ
3214 2281 3310 2333 τοῦ
3367 2275 3784 2345 θυσιαστηρίου,

2128 2371 2428 2446 ὑστερεῖται
2456 2375 2553 2426 τοῦ
2588 2369 2751 2446 ἄρτου
2780 2373 2877 2426 τοῦ
2908 2373 3062 2426 Θεοῦ·
3124 2368 3170 2424 εἰ
3209 2369 3312 2444 γὰρ
3362 2367 3477 2430 ἑνὸς
3524 2365 3615 2421 καὶ
3669 2361 3786 2420 δευ-

2123 2458 2283 2535 τέρου
2317 2459 2603 2538 προσευχὴ
2633 2458 2900 2529 τοσαύτην
2932 2457 3087 2534 ἰσχὺν
3116 2455 3255 2534 ἔχει,
3308 2457 3446 2513 ὥστε
3493 2456 3587 2511 τὸν
3641 2457 3780 2528 Χρι-

2126 2549 2249 2604 στὸν
2282 2549 2334 2603 ἐν
2367 2549 2554 2610 αότοῖς
2602 2545 2836 2616 ἑστάναι,
2876 2548 3031 2620 πόσῳ
3086 2543 3300 2621 μᾶλλον
3330 2545 3365 2616 ἢ
3395 2565 3452 2600 τε
3508 2547 3606 2600 τοῦ
3657 2541 3779 2597 ἔπι.

2125 2639 2330 2693 σκόπου
2359 2637 2449 2692 καὶ
2498 2636 2674 2708 πάσης
2729 2643 2832 2706 τῆς
2888 2633 3216 2706 Ἐκκλησίας
3263 2633 3572 2708 προσευχὴ,
3633 2631 3781 2705 σύμ-

2122 2749 2300 2807 φωνος
2331 2729 2445 2801 (22)
2475 2727 2699 2782 ἀνιοῦσα
2728 2726 2864 2801 πρὸς
2919 2725 3071 2794 Θεὸν,
3129 2723 3300 2780 πείσει
3357 2727 3778 2798 παρασχεθῇαι

2121 2817 2306 2880 αὐτοῖς
2337 2817 2510 2872 πάντα
2537 2815 2604 2872 τὰ
2651 2815 2704 2871 ἐν
2751 2819 2980 2890 Χριστῷ
3035 2813 3360 2888 αἶτήματας
3416 2814 3444 2868 6
3509 2809 3601 2867 οὖν
3665 2814 3775 2866 τῶν

2120 2907 2386 2964 τοιούτων
2473 2905 2873 2983 χωριζόμενος,
2961 2905 3053 2960 καὶ
3113 2905 3188 2979 μή
3248 2901 3652 2979 συνερχόμενος
3724 2900 3778 2955 ἐν

2124 2995 2302 3072 βουλῇ
2335 2998 2535 3051 θυσιῶν
2581 2999 2686 3068 (23)
2737 2995 2829 3050 καὶ
2885 2992 3153 3065 ἐκκλησίᾳ
3207 2994 3574 3067 πρωτοτόκων
3634 2991 3776 3046 ἀπο-

2117 3084 2511 3160 γεγραμμίνων
2545 3083 2598 3140 ἐν
2654 3084 2896 3160 οὐρανῷ,
2951 3080 3119 3145 λύκος
3178 3081 3320 3138 ἐστὶν
3379 3079 3432 3136 ἐν
3486 3074 3776 3154 προϐάτου

355 3169 501 3241 jecti
535 3186 665 3226 esse
695 3171 971 3243 episcopo
1003 3176 1062 3226 et
1084 3171 1444 3242 presbyteris
1476 3177 1534 3228 et
1577 3171 1866 3228 diaconis.
1898 3173 1984 3238 Qu

2187 3173 2512 3248 ρᾷ,ἢμερον
2553 3169 2856 3234 ἐπιδεικνὺς
2918 3173 3157 3249 μορφήν·
3221 3168 3580 3237 σπουδάσατε,
3639 3170 3777 3246 ἀγα-

367 3260 526 3314 enim
551 3259 644 3314 his
668 3259 969 3332 subjectus
991 3265 1079 3316 est
1099 3258 1303 3315 obedit
1321 3259 1574 3330 Christo,
1600 3261 1701 3332 qui
1724 3260 1832 3316 hos
1863 3278 2004 3317 con-

365 3348 597 3404 stituit:
630 3350 731 3420 qui
760 3365 895 3405 vero
927 3349 1019 3403 his
1050 3365 1171 3404 non
1204 3348 1414 3417 credit,
1436 3366 1556 3404 non
1577 3349 2009 3406 creditChristo

361 3436 529 3492 Jesu:
556 3457 584 3486 ‹‹
609 3437 717 3500 Qui
744 3436 1294 3493 autemincredulus
1326 3442 1416 3493 est
1443 3438 1610 3508 Filio,
1642 3455 1761 3494 non
1791 3439 2015 3495 videbit

361 3525 562 3590 vitam,
588 3526 693 3581 sed
707 3527 794 3582 ira
815 3526 917 3581 Dei
944 3532 1145 3582 manet
1167 3542 1344 3598 super
1361 3543 1496 3583 eum
1517 3526 1563 3563 ¹⁹
1579 3549 1631 3582 ιι.
1660 3528 2011 3584 Praafractus

368 3616 550 3682 enim,
575 3617 979 3672 contentiosus
1009 3621 1069 3671 et
1097 3616 1389 3689 superbus
1411 3623 1499 3673 est
1520 3617 1620 3690 qui
1649 3635 1770 3674 non
1792 3618 2013 3674 obtem-

367 3709 537 3775 perat
567 3705 991 3776 superioribus.
1028 3726 1057 3756 ‹‹
1087 3705 1363 3777 Superbis
1396 3714 1578 3761 autem
1619 3708 1822 3777 inquit,
1857 3707 2011 3764 Deus

368 3794 633 3863 resistit;
678 3795 1006 3851 humilibus
1057 3799 1257 3850 autem
1305 3795 1407 3851 dat
1451 3796 1702 3868 gratiam
1727 3796 1772 3834 ²ι
1806 3817 1858 3850 ››.
1904 3799 2010 3854 Et:

370 3906 400 3938 ιι
435 3884 680 3957 Superbi
713 3885 918 3957 inique
955 3884 1208 3958 agebant
1247 3901 1438 3957 usque
1484 3883 1651 3941 valde
1681 3884 1728 3920 ³³
1758 3906 1809 3943 ».
1860 3886 2015 3944 Dicit

369 3990 606 4048 quoque
634 3975 920 4032 Dominus
951 3975 1027 4031 ad
1066 3973 1440 4032 sacerdotes:
1497 3994 1520 4024 ι
1552 3975 1663 4042 Qui
1706 3992 1807 4032 vos
1849 3977 2015 4034 audit

2119 3262 2314 3334 πητοὶ,
2350 3263 2687 3338 ὑποταγῆναι
2717 3266 2794 3334 τῷ
2824 3260 3104 3334 ἑπισκόπῳ
3161 3263 3276 3333 (24)
3320 3260 3410 3316 καὶ
3442 3263 3562 3322 τοῖς
3614 3279 3778 3332 πρεσ-

2119 3347 2366 3427 ϐυτέροις
2393 3351 2483 3407 καὶ
2511 3356 2629 3416 τοῖς
2657 3349 2956 3413 διακόνοις·
2989 3351 3017 3406 ὁ
3047 3350 3150 3424 γάρ
3192 3349 3414 3412 τούτοις
3467 3346 3777 3402 ὑποτασσό-

2123 3460 2300 3514 μενος,
2335 3439 2592 3496 ὑπακούει
2624 3440 2846 3514 Χριστῷ
2867 3443 2946 3511 τῷ
2975 3435 3454 3514 προχειρισαμένῳ
3493 3435 3712 3499 αὐτούς·
3748 3436 3777 3488 6

2121 3525 2178 3584 δὲ
2233 3531 2472 3585 ἀπειθῶν
2531 3528 2738 3601 αὐτοῖς,
2794 3526 3009 3583 ἀπειθεῖ
3061 3530 3288 3602 Χριστῷ
3346 3527 3552 3596 Ἰησοῦ.
3608 3525 3672 3581 Ὀ
3721 3521 3781 3578 δὶ

2121 3619 2356 3673 ἀπειθῶν
2414 3621 2496 3691 τῷ
2549 3618 2686 3690 Υἱῷ,
2755 3616 2855 3672 οὐκ
2912 3617 3102 3690 ὖψεται
3157 3617 3260 3686 τὴν
3317 3616 3488 3685 ζωὴν,
3553 3611 3685 3668 ἀλλ’
3743 3614 3779 3680 ἡ

2121 3707 2260 3782 ὀργὴ
2291 3711 2388 3762 τοῦ
2419 3711 2554 3762 Θεοῦ
2587 3705 2731 3780 μὲνει
2799 3704 2882 3761 ἐπ’
2941 3703 3122 3760 αὒτόν.
3181 3702 3439 3774 Λύθάδης
3495 3704 3601 3778 γάρ
3663 3701 3780 3756 ἐστι

2117 3796 2209 3851 καὶ
2242 3793 2479 3871 δύσερις,
2503 3796 2869 3873 ὑπερήφανος,
2903 3795 2930 3850 6
2965 3795 3042 3868 μὴ
3073 3797 3389 3868 πειθαρχῶν
3425 3797 3545 3855 τοῖς
3588 3792 3779 3867 κρείτ-

2120 3905 2290 3942 τοσιν.
2321 3886 2716 3963 Ὑπερηφάνοις
2748 3880 2807 3939 δὲ
2860 3883 2928 3951 ³ο,
2986 3881 3174 3964 φησὶν,
3233 3882 3261 3936 6
3330 3881 3462 3944 Θεὸς
3517 3881 3776 3936 ἀντιτάσ-

2125 3995 2300 4046 σεται,
2347 3978 2621 4037 ταπεινοῖς
2673 3970 2730 4029 δὲ
2781 3969 2968 4028 δίδωσι
3030 3973 3215 4048 χάριν.
3272 3971 3398 4028 Καί.
3457 3970 3778 4048 Ὑπερήφα-

439 4112 484 4148 ¹²
515 4127 626 4186 ms.
658 4105 767 4186 ἒν.-
817 4108 863 4146 ¹⁴
888 4109 1339 4186 Joan._1_rvn,“ll,
1375 4109 1460 4164 12.
1489 4179 1500 4186 .
1538 4107 1585 4145 ¹⁵
1614 4108 1980 4186 ιιιεζάνακεκρ

2187 4131 2288 4173 ιυς.
2366 4109 2411 4147 ¹⁶
2449 4127 2560 4186 ms.
2594 4106 2803 4186 Κυρίῳ.
2881 4108 2924 4145 ιτ
2955 4106 3156 4186 Matth.
3188 4121 3350 4174 xvm,
3380 4105 3472 4162 20.
3527 4104 3575 4140 ¹⁸
3595 4104 3774 4162 Hebr.

367 4199 470 4253 xu,
501 4185 589 4238 23.
668 4180 716 4219 ¹⁹
739 4182 904 4238 Joan.
937 4198 1021 4254 ιιι,
1052 4183 1141 4239 36.
1207 4179 1266 4216 ⁷³⁸
1294 4196 1407 4236 ms.
1435 4179 1560 4257 γάρ.
1638 4181 1681 4215 ²¹
1714 4181 1878 4238 Prov.
1909 4179 1984 4250 ni,

2187 4186 2190 4238 ζ
2219 4187 2374 4241 Petr.
2407 4199 2459 4255 γ,
2491 4185 2544 4240 5.
2620 4179 2804 4236 "'Ps.
2835 4196 3025 4249 cxvm,
3051 4179 3142 4234 51.

368 4300 584 4373 glican.
611 4313 625 4353 :
657 4321 686 4348 ‹‹
722 4315 1074 4373 concurrere
1096 4298 1356 4373 episcopi
1385 4299 1716 4373 sententias.
1748 4301 1866 4355 Vet.
1895 4303 2017 4356 vul-

367 4371 484 4443 ραι.
521 4373 828 4443 Ρειειονιιῐιι
859 4371 1312 4443 dispasitionem
1343 4371 1511 4440 sequi
1542 4391 1594 4422 ››.
1643 4372 1835 4426 Ussn.

2127 4301 2451 4372 interprete
2479 4298 2752 4372 redditur
2777 4299 2838 4372 in
2868 4298 3344 4372 cpngregationern
3374 4295 3485 4364 (vel
3533 4313 3773 4367 congre-

2128 4367 2370 4444 gatione,
2402 4377 2469 4428 ut
2498 4371 2635 4426 libri
2657 4369 2799 4452 editi
2822 4368 3062 4439 habent)
3091 4367 3493 4450 sacriﬁciorum
3515 4384 3537 4430 ;
3560 4385 3777 4494 suppo-

2129 4446 2307 4500 situm
2341 4443 2670 4499 exsistimat
2695 4441 2970 4496 Nicolaus
2993 4439 3266 4495 Vedelius
3288 4455 3414 4509 pro,
3435 4437 3489 4491 ἐν
3519 4438 3625 4509 βου
3666 4459 3705 4509 ῃ
3726 4441 3774 4502 θ’

443 4422 490 4512 (ι
501 4422 555 4512 ό)
569 4422 1052 4515 ᾝρέσξιῖτέρῖοτνῗ
1064 4422 1398 4513 negligas;
1409 4422 1447 4496 :V‘
1465 4422 1710 4497 tam};
1721 4422 1984 4514 Eésbya

2187 4422 2682 4515 assistant
2695 4422 3272 4515 insigni/saeuus
3286 4422 3414 4511 pro,
3435 4437 3489 4491 ιν
3504 4422 3625 4515 fg...

407 4516 534 4568 ium.
568 4514 646 4567 In.

367 4531 699 4668 n_tzg‘d)lq§¢
765 4581 991 4668 lopSizb
1029 4583 1241 4668 κιθάρᾳ,
1276 4584 1526 4668 “Ea-dem
1571 4662 1582 4668 -
1619 4585 2011 4668 similitudine

368 4656 558 4712 utitur
585 4656 856 4713 etiamin
887 4657 1137 4727 Epistola
1167 4657 1241 4728 ad
1270 4656 1748 4726 Philadelphenos,
1781 4657 1852 4712 de
1886 4659 2013 4728 epi-

368 4745 545 4801 scopo
585 4729 848 4801 ipsorum
905 4728 1080 4801 verba
1135 4727 1403 4801 faciens:
1465 4731 1847 4801 Συνήρμοσται
1878 4727 2014 4801 Δταῖς

367 4795 626 4873 ἐντολαῖξ
649 4799 858 4873 Κυρίου
889 4799 980 4852 καὶ
1008 4803 1126 4859 τοῖς
1159 4796 1539 4873 δικαιώμασιν,
1693 4795 1893 4873 χορδαὶ
1940 4802 2010 4872 τῇ

366 4871 585 4955 accipi}.
627 4869 818 4955 {Sese
868 4871 1201 4955 composuit
1243 4869 1338 4955 ad_
1370 4869 1915 4955 Christi-mandata
1955 4869 2015 4927 et

361 4940 846 5016 justiflcationes,
868 4949 936 5016 ut
964 4940 1128 5016 nervi
1160 4940 1507 5016 aptati_sunt
1535 4943 1778 5016 citharas
1797 4965 1860 5016 Δη.
1895 4943 1974 4996 In.

441 5018 551 5087 (21)
604 5011 998 5087 ῨΣυνδεδεμὲνολι
1068 5011 1216 5087 οὕτω
1295 5014 1375 5087 τῇ
1441 5011 1815 5087 ὁμονοίᾳ-καῖ.
1873 5032 2013 5087 συμ-

373 5081 547 5163 stiva»:
589 5085 788 5163 ἐγάπῃε
847 5081 913 5163 ἧς
971 5082 1110 5163 έςῖιν
1169 5081 1417 5163 item?“
1473 5081 1602 5163 *αῆ
1648 5081 1840 5163 φύλαξ·
1898 5081 2012 5154 ’l'n-

369 5155 556 5218 ἀοῦςὸ
589 5155 837 5230 Χριστός.
873 5157 1178 5228 Anglican.
1207 5155 1283 5230 τξά
1321 5159 1564 5230 Propter
1588 5155 1700 5211 hoc
1748 5156 1808 5230 in
1862 5173 2011 5230 con-

368 5246 549 5285 sensu
579 5227 770 5284 vestro
802 5235 860 5284 et
891 5227 1150 5283 consona
1202 5227 1488 5280 charitate
1538 5227 1702 5281 Jesus
1748 5227 2013 5282 Christus

369 5303 601 5357 canitur
638 5325 682 5357 ο.
718 5303 951 5355 Graecus
984 5306 1177 5371 textus
1207 5297 1608 5371 uberior_est_;
1644 5297 1747 5352 sed
1793 5300 2014 5371 imper-

365 5373 517 5428 fecta
551 5380 750 5429 tamen
781 5373 842 5426 in
873 5389 941 5426 eo
972 5369 1191 5443 pendet
1219 5369 1534 5422 sententia.
1569 5369 1646 5422 lo.

436 5447 560 5526 (22)¹
641 5435 991 5526 limae-ixi“:
1053 5438 1366 5526 σύμφωνος,
1464 5447 1552 5493 etc
1576 5483 1599 5526 _,
1708 5435 2011 5526 ξπιξεικνὺς

373 5509 450 5586 po
488 5509 615 5588 φῆν.
654 5509 760 5570 Ρίὀ
792 5509 944 5579 istis,
973 5515 1036 5567 in
1081 5509 1407 5590 Anglicano
1461 5517 1661 5565 nostro
1713 5512 2008 5584 legimus:

376 5609 397 5636 ι
434 5534 542 5664 Qui
574 5587 752 5658 igitur
779 5603 900 5664 non
929 5582 1088 5664 venit
1109 5583 1170 5634 in
1187 5579 1349 5664 idem
1373 5581 1475 5664 sic,
1492 5583 1620 5664 jam
1645 5584 1930 5664 superbit,
1955 5589 2014 5664 et

369 5651 629 5729 seipsum
659 5655 1092 5729 condemnavit.
1124 5673 1153 5702 κ
1183 5651 1350 5729 Quod
1369 5651 1566 5711 autem
1589 5651 1745 5729 inter
1766 5656 2013 5729 miniata

368 5723 478 5790 illi
503 5730 742 5804 legitur,
771 5723 1037 5803 ινβουλῇ
1076 5725 1294 5794 θυσιῶν.
1345 5733 1407 5782 οι
1455 5742 1490 5782 a
1529 5724 1759 5798 vulgato
1807 5726 2011 5797 Latino

2125 4515 2314 4583 ὁσίων,
2344 4518 2404 4570 in
2430 4513 3014 4583 consiliasanctomm,
3045 4512 3303 4566 Joannes
3329 4526 3468 4583 vero
3501 4512 3770 4567 Halesius

2123 4605 2252 4659 pro,
2279 4581 2334 4641 ἔν
2362 4583 2525 4640 πόλει
2555 4581 2693 4659 Θεοῦ
2724 4587 2966 4659 ζῶντως,
2997 4584 3057 4659 in
3096 4581 3469 4659 civitate___Dei
3510 4583 3770 4638 viventis.

2124 4652 2540 4714 Contractione
2571 4656 2634 4709 θῦ
2665 4659 2822 4723 ζῶντ.
2858 4654 3015 4709 haud
3045 4655 3188 4726 satis
3218 4654 3292 4709 ab
3330 4652 3430 4708 illo
3462 4661 3768 4726 percepta,

2167 4731 2224 4784 ui
2256 4747 2376 4785 non
2423 4727 2856 4792 animadvertit,
2917 4742 2989 4780 ex
3047 4725 3256 4781 eodem
3313 4724 3768 4797 Apostoliloco

2167 4749 2224 4784 111
2256 4749 2376 4785 non
2423 4749 2856 4792 ammauverut,
2917 4749 2989 4780 ΘΧ
3047 4749 3256 4781 6008111
3313 4749 3579 4797 Δρυειοιι
3634 4749 3768 4781 I060

2124 4749 2322 4873 (cl-Iebr.
2356 4804 2454 4872 χιι)
2475 4799 2651 4873 verba
2702 4797 3046 4873 istafuisse
3078 4797 3436 4873 desumpta,
3497 4796 3655 4853 unde
3709 4803 3770 4873 et

2122 4864 2391 4945 proxime
2436 4864 2880 4945 subsequentia
2928 4884 2944 4945 ξ
2998 4867 3094 4945 Kaj
3150 4864 3422 4945 ξκκλησίᾳ
3479 4868 3773 4942 πρωτοτό-

2119 4937 2231 4998 κων
2273 4937 2770 5018 ἀπογεγραμμένων
2803 4937 2856 5018 ξν
2889 4937 3229 5018 ούρανῷσΙι).

2194 5018 2306 5087 (23)
2338 5011 2427 5070 ’E'v
2457 5011 2648 5087 ’βουλῇ
2678 5013 2898 5087 θυσιῶν.
2919 5011 3000 5087 _ln
3029 5016 3183 5066 coetu
3228 5011 3659 5067 sacriﬁciorum
3716 5020 3778 5068 et

2122 5084 2387 5160 precum.
2426 5084 2489 5141 In
2523 5084 3038 5160 Synaxibus._Gor.

2193 5161 2300 5229 (24)
2395 5151 2766 5223 Σπουὸάσατε,
2861 5151 3153 5229 ἀγαπητοὶ,

2123 5224 2421 5301 ἑπισκὸπῳ.
2453 5229 2801 5302 Anglican.:
2858 5224 3215 5302 Festinamus
3240 5224 3419 5302 igitur
3453 5224 3585 5282 'non
3630 5224 3779 5282 resil-

2121 5308 2262 5357 stere
2289 5297 2582 5373 episcopo}
2610 5306 2672 5354 ut
2713 5301 2879 5373 simus
2927 5300 3036 5352 Deo
3091 5297 3357 5373 subjecti:
3397 5304 3450 5352 et
3499 5306 3777 5373 quantum

2120 5375 2267 5428 videt
2297 5368 2419 5444 duis
2453 5368 2720 5444 tacentem
2766 5371 3096 5444 episcopum,
3147 5368 3292 5444 plus
3329 5371 3508 5444 ipsum
3560 5372 3779 5444 timeat.

2122 5440 2413 5500 Antonius
2471 5443 2722 5505 Melissa,
2783 5440 2883 5495 lib.
2944 5456 3005 5502 Il,
3075 5455 3204 5510 cap.
3268 5440 3319 5506 3,
3379 5441 3590 5495 eodem
3652 5443 3783 5497 fere

2119 5516 2298 5570 modo
2331 5517 2528 5570 locum
2560 5517 2716 5568 hunc
2763 5511 2970 5584 lgnatii
3010 5509 3318 5584 producit;
3370 5512 3612 5584 omissis
3657 5514 3783 5569 illis

2122 5587 2420 5670 omnibus,
2453 5602 2583 5670 qua)
2633 5585 2696 5639 in
2743 5581 3403 5656 vulgatiseditiouibus
3456 5583 3784 5658 interjecu

2121 5673 2438 5716 cernimus.
2477 5671 2514 5712 U
2525 5671 2670 5713 εειε.

3264 5151 3605 5228 ὑποταγῆναι
3693 5158 3777 5226 τῷ
