3932 6304
193 428 313 509 isi

1043 431 1453 506 EPISTULA;
1493 422 2098 502 INTERPOLATB.
2144 426 2224 482 —'
2267 433 2376 496 AD
2419 428 2862 496 EPHESIOI.‘

3493 432 3614 492 738

198 559 668 660 νοιπαρηνόμουν
715 577 822 644 ἓως
881 577 1106 662 σφόδρα.
1161 576 1313 655 Δὲγει
1365 573 1423 632 δὶ
1474 573 1565 631 καὶ
1595 576 1624 630 6
1654 571 1857 662 Κύριος

2049 588 2064 626 3
2095 571 2278 641 audit,
2311 575 2370 626 et
2398 571 2500 643 qui
2532 587 2627 626 me
2650 563 2835 626 audit
2865 571 3122 639 Patrem,
3155 567 3254 639 qui
3290 566 3453 624 misit
3499 585 3616 624 me.

199 675 341 750 πρὸς
388 659 519 736 τούς
578 672 760 746 ἱερεῖς’
821 671 880 725 Ὀ
926 659 1096 744 *ὑμῶν
1155 666 1391 738 ἀκούων,
1448 664 1585 738 ἐμοῦ
1650 659 1861 717 ἀκούειο

205 763 300 818 καὶ
358 762 386 817 6
445 759 582 835 ἐμοῦ
647 760 881 828 ἀκούων,
963 757 1153 815 ἀκούει
1224 759 1320 812 αοῦ
1403 751 1717 827 πέμψαντός
1796 771 1863 822 με

213 851 447 928 [ἰατρός
497 851 526 906 6
580 850 720 924 ὑμᾶς
768 849 997 918 ἀθετῶν,
1055 845 1152 920 ἰμὶ
1200 847 1396 901 ἀθετεῖ·
1429 844 1457 898 6
1490 839 1548 898 δὶ
1595 841 1694 914 ἐμὲ
1741 840 1862 904 ἄθε-

203 945 339 1012 τῶν,
371 942 552 996 ἀθεσεῖ
587 939 679 995 τὸν
710 937 1002 1013 πέμψαντά
1035 957 1121 1009 με.

278 1034 348 1089 νι
404 1033 559 1103 Ὀσῳ
610 1029 703 1083 οὗν
761 1026 993 1103 βλέπετε
1050 1028 1342 1082 σιωπῶντα
1397 1023 1489 1079 τὸν
1547 1019 1859 1091 ἐπίσκοπον,

205 1117 402 1174 πλεῖον
434 1118 599 1174 αὐτὸν
631 1112 902 1197 φοϐεῖσθε·
936 1115 1105 1172 πάντα
1125 1116 1228 1192 γὰρ
1255 1113 1312 1169 ὅν
1335 1115 1540 1187 πὲμπει
1563 1113 1590 1166 6
1618 1107 1861 1166 οἰκοδεσ-

203 1207 382 1278 πότης
416 1207 490 1269 εἰς
524 1204 664 1261 ίδίαν
700 1206 1040 1278 οἰκονομίαν,
1075 1205 1250 1265 οὕτως
1292 1203 1454 1259 αὐτὸν
1512 1198 1594 1256 δεῖ
1632 1203 1780 1272 ἡμᾶς
1815 1199 1863 1235 ²⁴

206 1294 485 1371 δέχεσθαι,
519 1296 595 1360 ὧς
623 1296 784 1350 αὐτὸν
811 1295 903 1349 τὸν
933 1295 1240 1368 πέμψανταο
1271 1293 1362 1347 τὸν
1397 1292 1490 1345 οῦν
1541 1288 1860 1358 ἐπίσκοπον,

207 1383 383 1455 δῆλον
417 1384 500 1440 ὅτι
534 1385 608 1447 ὡς
638 1384 798 1439 αὐτὸν
831 1383 922 1439 τὸν
959 1383 1161 1458 Κύριον
1218 1379 1300 1436 δεῖ
1346 1374 1738 1456 προσϐλέπειν,
1783 1382 1862 1448 τῷ

205 1473 402 1549 Κυρίῳ
456 1478 775 1550 παρεστῶτα
1029 1471 1312 1547 Ὁρατικὸν
1400 1469 1457 1525 6‘s
1542 1465 1706 1542 ἄνδρα
1770 1468 1861 1522 καὶ

207 1564 333 1637 ὀξὺν
399 1569 516 1626 τοῖς
572 1561 778 1638 ἔργοις,
837 1560 1122 1638 βασιλεῦσι
1209 1557 1291 1615 δεῖ
1356 1557 1704 1634 παρεστάναι,
1768 1558 1860 1610 καί

212 1655 294 1727 μή
356 1653 678 1728 παρεστάναι
736 1652 1042 1726 ἀνθρώποις
1100 1652 1350 1722 νωθροῖς.
1435 1648 1601 1709 Αὐτὸς
1680 1645 1859 1720 μέντοι

198 1744 512 1817 Ὀνησιμος
570 1743 918 1816 ὑπερεπαινεῖ
963 1741 1117 1814 ὑμῶν
1170 1740 1269 1808 τὴν
1320 1737 1372 1792 ἐν
1418 1741 1536 1809 Θεῷ
1595 1735 1858 1806 εὐταξίαν,

204 1833 294 1889 ὅτι
323 1832 515 1894 πάντες
542 1831 676 1886 κατὰ
705 1829 967 1902 ἀλήθειαν
1001 1831 1149 1900 ζῆτε,
1184 1827 1274 1882 καὶ
1307 1825 1388 1882 ὅτι
1421 1825 1473 1882 ἐν
1524 1825 1652 1898 ὑμῖν
1707 1821 1862 1879 οῦδε-

1969 661 2078 726 Qui
2094 677 2198 716 vos
2222 661 2470 733 Spernit,
2493 676 2588 715 me
2611 659 2875 732 spernit:
2901 657 3002 729 qui
3034 663 3231 714 autem
3253 674 3344 713 me
3368 658 3615 730 spernit,

1970 750 2196 822 spernit
2226 767 2362 806 eum
2394 750 2494 822 qui
2525 749 2689 805 misit
2722 765 2816 804 me
2845 749 2890 784 ³³
2925 770 2974 802 ››.

2046 1015 2131 1070 VI.
2155 1016 2384 1079 Quanto
2417 1014 2615 1086 itaque
2636 1013 3086 1071 taciturniorem
3109 1013 3372 1069 videritis
3397 1014 3616 1087 episco-

1966 1120 2130 1176 pum,
2160 1110 2327 1160 tanto
2357 1104 2543 1176 magis
2570 1120 2706 1159 eum
2737 1103 3146 1159 revereamini.
3193 1104 3616 1174 Quemcunque

1966 1195 2125 1249 enim
2157 1194 2587 1266 paterfamilias
2617 1194 2802 1247 mittit
2829 1193 2904 1248 ad
2934 1193 3382 1264 gubernandam
3443 1194 3615 1249 fami-

1965 1282 2109 1338 liam
2141 1299 2330 1350 suam,
2364 1284 2524 1338 hunc
2555 1283 2636 1338 ita
2667 1282 2935 1353 accipere
2975 1281 3281 1349 debemus,
3335 1288 3403 1337 ut
3449 1283 3616 1338 illum

1964 1370 2161 1441 ipsum
2193 1373 2293 1443 qui
2329 1372 2508 1427 misit.
2538 1373 2892 1444 Episcopum
2924 1372 3103 1444 igitur
3125 1372 3502 1427 manifestum
3528 1379 3619 1428 est

1966 1461 2126 1531 quod
2155 1463 2421 1533 aspicere
2451 1468 2722 1533 oporteat
2751 1466 2816 1516 ut
2846 1461 3040 1533 ipsum
3091 1462 3429 1528 Dominum,
3480 1479 3616 1518 cum

1966 1552 2215 1607 Domino
2247 1554 2518 1608 assistat:
2551 1554 2930 1608 Pervidentem
2952 1559 3150 1608 autem
3172 1556 3352 1608 virum
3398 1561 3449 1608 et
3482 1571 3616 1624 ope—

1964 1642 2116 1696 ribus
2155 1641 2376 1697 aeutum
2418 1650 2635 1713 oportet
2687 1644 2905 1712 regibus
2951 1647 3220 1707 assistere,
3273 1651 3323 1699 et
3367 1661 3478 1699 non
3526 1663 3616 1700 as-

1965 1737 2154 1792 sistere
2180 1734 2490 1788 hominibus
2504 1733 2821 1788 socordibus
2837 1733 2898 1786 ²¹⁵.
2934 1735 3003 1787 Et
3033 1733 3157 1803 ipse
3191 1734 3430 1804 quidem
3463 1736 3619 1790 One-

1965 1825 2152 1880 simus
2166 1839 2343 1894 supra
2358 1822 2597 1877 modnm
2617 1821 2817 1876 laudat
2829 1827 3086 1876 vestrum
3105 1822 3167 1876 in
3183 1824 3298 1877 Deo
3313 1823 3617 1893 pulchrum

210 1922 316 1995 μία
344 1921 550 1995 αἳρεσις
583 1923 850 1974 κατοικεῖ·
884 1916 1011 1973 ἀλλ’
1042 1913 1169 1972 οὐδὲ
1217 1913 1436 1970 ἀκούετέ
1480 1934 1660 1982 τινος,
1685 1909 1722 1982 ἤ
1757 1911 1854 1986 μό-

2049 1910 2428 1981 dinem,quod
2454 1927 2661 1965 omnes
2673 1910 2998 1966 secundum
3022 1911 3328 1967 veritatem
3342 1913 3619 1983 vivitis,et

204 2031 308 2064 νου
337 2011 520 2080 Ἰησοῦ
549 2011 816 2083 Χριστοῦ,
845 2010 944 2061 τοῦ
974 2003 1240 2076 ἀληθινοῦ
1270 2002 1530 2077 ποιμένος
1569 2001 1660 2057 καὶ
1704 1999 1858 2057 διδα-

203 2094 415 2152 σκάλου
446 2097 559 2171 (26)
614 2096 707 2150 καί
733 2094 872 2165 ἐστε,
924 2095 999 2156 ὡς
1053 2096 1270 2154 Παῦλος
1329 2092 1457 2165 ὑμῖν
1503 2087 1755 2168 ἔγραφεν,
1805 2084 1857 2144 ἔν

205 2191 393 2259 σῶμα,
434 2186 523 2240 καὶ
582 2180 635 2240 ἔν
693 2188 926 2256 πνεῦμα,
995 2180 1084 2238 διὰ
1141 2182 1201 2237 τὸ
1259 2181 1348 2236 καὶ
1407 2181 1459 2236 ἒν
1521 2185 1619 2253 μιᾷ
1674 2176 1859 2235 ἐλπίδι

199 2276 508 2344 κεκλῆσθαι
570 2281 669 2344 τῆς
730 2274 988 2335 πίστεως.
1050 2271 1302 2346 Ἐπείπερ
1341 2270 1432 2325 καὶ
1485 2271 1564 2334 εἷς
1639 2269 1861 2344 Κύριος,

210 2364 315 2440 μία
379 2365 584 2434 πίστις,
654 2362 709 2418 ἔν
773 2363 1076 2440 βάπτισμα,
1147 2363 1229 2424 εἷς
1320 2361 1449 2422 Θεὸς
1523 2359 1614 2414 καὶ
1677 2361 1863 2434 Πατὴρ

1971 2002 2132 2075 quod
2165 2002 2322 2056 inter
2350 2018 2450 2055 vos
2481 2000 2683 2054 nullus
2717 2005 2806 2054 est
2824 2000 3036 2055 haeresi
3059 1999 3252 2068 locus;
3273 2001 3376 2057 sed
3393 2020 3501 2058 nec
3519 2020 3615 2058 au-

1966 2091 2105 2145 ditis
2137 2089 2421 2162 aliquem,
2449 2089 2562 2144 nisi
2596 2089 2788 2144 solum
2829 2090 3028 2145 Iesum
3057 2091 3376 2157 Christum,
3409 2109 3611 2149 verum

1965 2184 2266 2252 pastorem
2299 2182 2358 2233 et
2386 2179 2732 2251 magistrum
2759 2195 2772 2245 ;
2806 2184 2982 2249 atque
3015 2179 3176 2244 estis,
3209 2185 3273 2234 ut
3295 2181 3509 2236 Paulus
3540 2183 3614 2238 ad

1966 2285 2068 2324 vos
2100 2267 2360 2338 scripsit,
2409 2284 2582 2322 unum
2631 2283 2845 2337 corpus,
2897 2274 2949 2322 et
2994 2284 3136 2323 unus
3181 2269 3430 2339 spiritus,
3479 2289 3618 2342 pro-

1970 2364 2176 2431 pterea
2205 2355 2362 2427 quod
2395 2358 2578 2411 vocati
2607 2359 2732 2412 estis
2754 2359 2811 2410 in
2833 2373 2943 2411 una
2960 2372 3055 2426 spe
3072 2359 3220 2425 ﬁdei.
3248 2360 3622 2432 Quandoqui-

208 2455 454 2525 πάντων,
514 2456 542 2510 6
601 2453 691 2510 ἐπὶ
749 2454 986 2522 πάντων,
1045 2452 1135 2507 καὶ
1194 2449 1283 2506 διὸ.
1363 2451 1604 2519 πάντων,
1661 2449 1752 2505 καὶ
1809 2448 1863 2504 ἐν

2049 2464 2105 2502 m
2137 2453 2196 2502 et
2225 2462 2366 2502 unus
2412 2445 2693 2514 Dominus,
2744 2463 2860 2502 una
2894 2447 3046 2516 ﬁdes,
3101 2465 3272 2503 unum
3323 2451 3617 2520 baptisma,

207 2550 398 2602 πᾶσιν.
429 2545 612 2618 Ὑμεῖς
678 2544 772 2619 μὶν
833 2540 924 2598 οῦν
978 2541 1096 2598 ἐστε
1151 2545 1415 2611 τοιοῦτοι,
1477 2541 1580 2597 ὑπὸ
1636 2537 1864 2595 τοιῶνδε

2049 2553 2109 2592 us
2139 2537 2276 2592 Deus
2307 2543 2359 2591 et
2388 2538 2556 2591 Pater
2585 2539 2847 2604 omnium,
2882 2540 2982 2607 qui
3033 2544 3110 2592 est
3157 2555 3321 2608 super
3357 2554 3541 2596 omnes
3569 2549 3620 2596 et

208 2631 524 2690 παιδευτῶν
557 2631 1016 2708 ποιχειωθὲντες,
1076 2628 1297 2686 Παύλου
1343 2629 1440 2686 τοῦ
1483 2626 1864 2707 Χριστοφόρου

2049 2643 2067 2671 ι·
2096 2625 2302 2693 omnia,
2334 2631 2383 2679 et
2407 2624 2468 2679 in
2501 2626 2748 2679 omnibus
2777 2623 2841 2682 ³⁸.
2878 2627 2988 2680 Vos
3019 2626 3219 2696 itaque
3264 2628 3406 2682 estis
3457 2630 3619 2700 ejus-

207 2723 306 2778 καὶ
337 2723 609 2796 Τιμοθὶοο
637 2724 734 2776 τοῦ
763 2719 1114 2779 πιστοτάτου.

291 2958 408 3012 VII.
443 2955 602 3018 Τινὲς
633 2951 692 3010 δὶ
717 2953 1052 3030 φαυλότατοι
1084 2956 1304 3012 εἰώθασι
1347 2954 1500 3030 δὸλῳ
1547 2962 1778 3032 πονηρῷ
1806 2958 1868 3013 τὸ

210 3045 393 3116 ὄνομα
421 3045 755 3121 περιφέρειν,
796 3042 943 3099 ἀλλά
971 3065 1093 3099 τινα
1121 3047 1451 3121 πράσσοντες
1484 3047 1664 3116 ἀνάξια
1711 3051 1868 3117 Θεοῦ,

210 3137 308 3190 καὶ
349 3139 676 3213 φρονοῦντες
706 3133 915 3190 ἐναντία
943 3139 1156 3201 τῆςτοῦ
1206 3140 1447 3211 Χριστοῦ
1496 3134 1868 3206 διδασκαλίας,

211 3225 302 3281 ἱπ¹
333 3222 551 3298 ἀλὲθρφ
579 3224 783 3279 ἑαυτῶν
809 3225 903 3280 καὶ
934 3230 1042 3280 τῶν
1069 3226 1404 3300 πειθομένων
1437 3225 1642 3288 αὐτοῖς·
1678 3225 1769 3290 οῦς
1790 3225 1872 3281 δεῖ

1971 2715 2155 2783 modi,
2208 2731 2243 2770 a
2295 2714 2513 2770 talibus
2553 2714 3010 2770 instructoribus
3058 2716 3296 2783 eruditi,
3350 2733 3385 2772 a
3435 2719 3616 2774 Paulo

1973 2802 2318 2860 Christifero
2346 2808 2404 2858 et
2434 2803 2785 2858 ﬁdelissimo
2815 2804 3141 2859 Timotheo.

2047 2895 2166 2950 VII.
2199 2894 2482 2950 Nonnulli
2514 2899 2713 2949 autem
2745 2894 3170 2965 improbissimi
3217 2896 3416 2952 solont
3466 2897 3619 2953 malo

1975 2984 2112 3039 dolo
2144 2999 2363 3038 nomen
2404 2983 2822 3050 circumferre;
2856 2984 2959 3038 sed
2989 2989 3224 3055 patrant
3241 2986 3510 3056 quaedam
3533 2986 3622 3042 in-

1977 3074 2156 3147 digna
2186 3073 2324 3139 Deo,
2361 3079 2419 3126 et
2444 3074 2708 3127 sentiunt
2735 3089 2803 3128 ea
2833 3090 2963 3144 quae
3011 3081 3278 3146 pugnant
3329 3093 3460 3132 cum
3521 3077 3623 3133 Dei

1977 3163 2267 3230 doctrina,
2300 3162 2363 3216 in
2401 3162 2646 3217 exitium
2678 3163 2986 3234 proprium
3016 3179 3339 3235 eorumque
3370 3167 3469 3236 qui
3503 3165 3623 3222 illis

1978 3252 2258 3317 credunt;
2288 3268 2436 3322 quos
2467 3256 2701 3323 oportet
2727 3269 2848 3319 vos,
2871 3257 2936 3306 ut
2965 3252 3139 3321 feras,
3170 3255 3406 3310 evitare.
3433 3257 3621 3312 Justus

211 3315 381 3387 ὑμᾶς,
444 3312 521 3375 ὡς
579 3312 742 3388 θηρία
796 3311 1084 3372 ἐκκλίνειν.
1147 3313 1365 3377 Είκαιος
1433 3316 1539 3391 γὰρ
1594 3312 1863 3381 ἐκκλίνας,

2049 3342 2142 3396 lim
2174 3341 2475 3405 declinans,
2507 3341 2756 3396 salvetur
2785 3344 2843 3397 in
2873 3343 3167 3398 saeculum:
3204 3343 3399 3412 facilis
3440 3353 3624 3401 autem

208 3405 450 3473 σώζεται
506 3401 585 3464 εἰς
646 3401 740 3456 τὸν
798 3403 971 3458 αἰῶνα
1031 3403 1350 3479 ’πρόχειρος
1403 3401 1460 3459 δὲ
1513 3404 1716 3482 γίνεται
1770 3404 1862 3459 ’καὶ

206 3490 516 3565 ἐπίχαρτος
561 3485 770 3546 ἀσεϐῶν
829 3490 1099 3548 ἀπώλεια.
1159 3492 1277 3548 Εἰσὶ
1339 3493 1444 3568 γὰρ
1501 3493 1657 3556 κύνες
1707 3491 1864 3563 ἔνεοὶ,

213 3579 280 3636 οὗ
341 3577 628 3653 δυνάμενοι
709 3579 977 3651 ὑλακτεῖν,
1060 3579 1389 3653 λυσσῶντες,
1477 3579 1864 3658 λαθρόδηκτοι,

209 3665 311 3732 οῦς
364 3667 731 3734 φυλάσσεσθαι
774 3671 913 3747 χρή⁶
966 3668 1154 3725 ἀνίατα
1189 3671 1290 3745 γὰρ
1334 3676 1602 3728 νοσοῦσιν.
1664 3673 1867 3747 Ἰατρὸς

210 3755 274 3812 δὲ
302 3759 465 3830 ἡμῶν
496 3757 639 3813 ἐστιν
673 3759 701 3813 6
732 3758 899 3830 μόνος
930 3761 1044 3833 (27)
1073 3758 1337 3830 ἀληθινὸν
1371 3760 1524 3832 Θεὸς,
1559 3761 1587 3816 6
1629 3761 1864 3839 ἀγέννη-

206 3867 310 3921 γος
338 3846 432 3901 καὶ
462 3847 782 3922 ἀπρόσιτος,
813 3848 842 3902 6
879 3854 987 3903 τῶν
1012 3848 1158 3904 ὸλων
1194 3848 1410 3924 Κύριος,
1441 3855 1536 3904 τοῦ
1591 3847 1648 3906 δὲ
1686 3857 1864 3906 Μονο-

209 3939 410 4010 γενοῦς
444 3937 627 4008 Πατὴρ
658 3935 747 3990 καὶ
775 3939 1075 4012 γεννήτωρ,
1125 3940 1370 4014 Ἔχομεν
1416 3939 1598 4014 ἱατρὸν
1636 3940 1724 3994 καὶ
1770 3941 1862 3996 τὸν

211 4025 422 4098 Κύριον
477 4026 638 4098 ἡμῶν
698 4025 828 4080 Θεὸν
886 4027 1095 4096 Ἰησοῦν
1150 4027 1242 4080 τὸν
1298 4028 1552 4102 Χριστὸν,
1612 4029 1703 4084 τὸν
1759 4029 1865 4100 πρὸ

209 4113 435 4170 αἰώνων
467 4115 593 4170 Υἱὸν
651 4122 912 4190 μονογενῆ
971 4118 1061 4170 καὶ
1125 4116 1322 4192 Λόγον,
1381 4118 1600 4192 ὕστερον
1661 4116 1718 4174 δὲ
1775 4119 1865 4174 καὶ

206 4202 506 4277 ἄνθρωπον
544 4204 604 4260 ὲκ
643 4205 861 4281 Μαρίας
917 4214 1020 4276 τῆς
1067 4210 1364 4284 Παρθένου.
1419 4210 1481 4266 Ὀ
1529 4211 1708 4287 Λόγος
1763 4212 1866 4287 γὰρ

207 4294 348 4365 σὰρξ
380 4295 617 4368 ἐγένετοο
665 4296 694 4350 6
741 4295 1034 4368 ἀσώματος
1087 4295 1138 4352 ἐν
1187 4299 1424 4372 σώματι,
1474 4300 1502 4354 6
1553 4300 1764 4370 ἀπαθὴς
1813 4301 1866 4356 ἐν

209 4383 450 4455 παθητῷ
481 4383 720 4458 σώματι,
754 4385 782 4440 6
812 4384 1080 4450 ἀθάνατος
1110 4384 1162 4440 ἐν
1197 4392 1379 4459 θνητῷ
1404 4388 1640 4460 σώματι,
1683 4391 1718 4459 ἠ
1754 4391 1866 4458 ζωή

205 4471 268 4526 ἐν
299 4474 498 4550 φθορᾷ,
532 4473 682 4535 ὅπως
715 4474 948 4537 θανάτου
995 4474 1086 4529 καὶ
1135 4477 1341 4550 φθορᾶς
1391 4475 1731 4552 ἐλευθερώσῃ
1781 4478 1869 4532 καὶ

209 4559 480 4634 ἱατρεύσῃ
511 4561 606 4623 τὰς
637 4563 821 4637 ψυχάς
852 4563 1037 4635 ἡμῶν,
1086 4564 1177 4619 καὶ
1229 4564 1444 4634 ἰάσηται
1495 4564 1656 4628 αὐτὰς
1702 4587 1871 4638 νοση-

207 4649 498 4714 λευθείσας
527 4652 580 4707 ἐν
623 4650 840 4726 ἀσεϐείᾳ
866 4655 957 4710 καὶ
988 4661 1254 4728 πονηραῖς
1283 4655 1616 4732 ἐπιθυμίαις.

288 4760 433 4815 VIII.
465 4759 558 4829 Μὴ
605 4759 697 4815 οὖν
745 4781 828 4822 τις
878 4762 1018 4834 ὑμᾶς
1073 4762 1408 4833 ἐξαπατάτω,
1454 4762 1634 4839 ὥσπερ
1667 4767 1712 4802 ³ο
1741 4763 1866 4820 οὐδὲ

1975 3431 2038 3500 ﬁt
2080 3437 2133 3486 et
2178 3431 2461 3501 jucundus
2515 3431 2816 3501 impiorum
2863 3431 3120 3488 interitus
3167 3433 3232 3487 ³⁸⁸.
3274 3435 3416 3490 Sunt
3463 3436 3624 3490 enim

1975 3536 2134 3575 canes
2176 3521 2340 3585 muti,
2386 3536 2498 3574 non
2545 3521 2780 3575 valentes
2836 3520 3042 3576 latrare
3093 3521 3159 3592 ²⁸,
3204 3523 3417 3592 rabidi,
3475 3524 3628 3580 clam

1976 3609 2320 3665 mordentes
2345 3623 2359 3674 ;
2391 3625 2538 3679 quos
2560 3609 2740 3664 vitare
2765 3615 2998 3680 oportet
3021 3627 3034 3665 :
3059 3611 3332 3668 laborant
3351 3615 3509 3668 enim
3536 3616 3626 3670 in-

1975 3698 2221 3754 curabili
2249 3697 2486 3754 morbo.
2515 3697 2772 3753 Medicus
2813 3705 3011 3753 autem
3067 3707 3272 3756 noster
3320 3710 3412 3758 est
3463 3704 3623 3760 solus

1973 3804 2146 3843 verus
2177 3788 2352 3850 Deus,
2385 3786 2683 3857 ingenitus
2715 3791 2772 3842 et
2803 3786 3138 3844 inaccessus
3165 3807 3178 3856 ;
3211 3792 3619 3849 universorum

1975 3876 2282 3941 Dominus,
2316 3874 2611 3946 unigeniti
2642 3881 2840 3930 autem
2872 3877 3044 3932 Pater
3065 3894 3132 3932 ac
3162 3880 3411 3950 genitor.
3438 3882 3629 3938 Habe-

1974 3982 2106 4021 mus
2137 3964 2317 4019 etiam
2350 3962 2645 4017 medicum
2675 3964 2992 4019 Dominum
3023 3971 3289 4020 nostrum
3323 3969 3507 4023 Deum
3529 3972 3623 4025 Je-

1976 4070 2108 4110 sum
2141 4053 2460 4119 Christum,
2493 4057 2628 4106 ante
2660 4053 2876 4108 saecula
2906 4052 3122 4108 Filium
3163 4056 3534 4128 unigenitum
3567 4065 3627 4114 et

1977 4145 2229 4200 Verbum
2255 4162 2267 4210 ;
2293 4149 2498 4215 postea
2516 4159 2651 4198 vero
2667 4149 2725 4199 et
2747 4145 3054 4200 hominem
3069 4162 3138 4200 ex
3161 4148 3340 4202 Maria
3367 4149 3622 4221 Virgine.

1985 4235 2220 4290 Verbum
2251 4232 2410 4287 enim
2451 4249 2578 4289 caro
2629 4235 2840 4301 factum
2887 4240 2964 4289 est
2993 4234 3082 4301 ’9;
3131 4235 3512 4308 incorporeus
3561 4239 3624 4296 in

1978 4339 2244 4394 corpore,
2279 4321 2663 4392 impassibilis
2694 4323 2754 4376 in
2794 4339 3039 4394 corpore
3067 4326 3350 4395 passibili.
3376 4326 3626 4383 immor-

1981 4411 2116 4466 talis
2146 4412 2208 4465 in
2239 4427 2483 4480 corpore
2515 4411 2773 4479 mortali,
2805 4412 2924 4466 vita
2954 4413 3013 4467 in
3044 4415 3444 4485 corruptione,
3496 4423 3561 4472 ut
3590 4435 3624 4474 a

1980 4506 2169 4558 morte
2201 4507 2260 4556 et
2289 4503 2666 4572 corruptione
2699 4502 2979 4558 liberaret
3012 4508 3070 4558 et
3117 4511 3352 4560 curaret
3391 4508 3620 4564 animas

1980 4596 2235 4658 nostras,
2269 4595 2329 4644 et
2358 4596 2600 4646 sanaret
2619 4606 2738 4658 eas,
2763 4591 3065 4662 impietate
3088 4594 3377 4666 malisque
3405 4612 3620 4652 concu-

1903 4681 1944 4745 υ
1975 4679 2282 4752 piscentiis
2313 4683 2584 4751 mgrotas.

2054 4767 2196 4836 Vill,
2231 4769 2310 4821 Ne
2343 4767 2476 4837 quis
2507 4767 2684 4838 igitur
2712 4784 2810 4822 vos
2842 4767 3102 4839 seducat,
3134 4770 3287 4825 sicut
3308 4789 3416 4828 nec
3447 4772 3622 4829 sedu-

285 4917 336 4954 ²³
367 4919 502 5001 huc.
533 4937 590 4986 κ,
625 4922 710 4978 16.
737 4996 748 5001 _
771 4921 835 5001 _*‘
865 4922 942 5001 al.
980 4923 1142 5001 ὑμᾶς3
1214 4924 1262 4959 ’⁵
1287 4923 1456 4981 Prov.
1478 4941 1618 4998 xm,
1649 4930 1738 4986 29.
1819 4928 1863 4964 ³⁸

2049 4945 2102 4984 ιε.
2139 4945 2210 4994 ιν,
2242 4929 2295 4994 4,
2329 4929 2382 4995 5,
2414 4929 2468 4981 6.
2544 4925 2590 4962 ³⁷
2625 4928 2786 4983 Prov.
2816 4944 2875 4996 χ,
2907 4931 3014 4998 25;
3048 4943 3130 4997 xx,
3161 4930 3214 4985 3.
3293 4929 3339 4964 ²⁸
3369 4931 3616 5001 Isa.Lv1,

209 4993 305 5046 10.
384 4991 432 5026 ³⁸
456 4991 624 5049 Joan.
656 5009 693 5064 ι,
728 4996 814 5051 14.
891 4994 939 5030 ³ο
967 4991 1078 5052 ms.
1111 4993 1265 5069 ὅπερ.

286 5149 402 5214 (25)
443 5147 568 5221 _T6v
624 5147 714 5221 06v
773 5147 1089 5221 ἐπίσκοπον,
1172 5147 1344 5221 δῆλον
1403 5152 1486 5207 ὅτι
1566 5153 1641 5214 ὡς
1706 5154 1868 5210 αὐτὸν

202 5217 315 5297 τὸν
377 5218 578 5297 Κύριον
643 5217 726 5297 δεῖ
804 5216 1238 5297 Απροσόλὲπεινξ
1295 5227 1374 5294 τῷ
1469 5224 1648 5297 Κυρίῳ
1708 5246 1867 5297 παρε-

207 5291 415 5365 ρτῶτα.
449 5291 864 5365 Antonius._in
893 5294 1038 5365 loco
1074 5296 1271 5365 citato,
1322 5291 1557 5365 brevius
1586 5291 1742 5353 ε’Τὸν
1773 5291 1864 5351 ὸῦν

204 5359 530 5440 ἐπίσκοπον,
550 5361 638 5440 φώς
655 5362 826 5440 αὐτὸν
857 5365 947 5440 τὸν
973 5364 1168 5440 Κύριον
1190 5359 1271 5419 δεῖ
1290 5362 1618 5440 προϐλὲπειν
1667 5371 1862 5426 USSER.

281 5435 400 5507 (2_6_)
465 5434 578 5489 Τοῦ
645 5433 911 5505 ἀληθινοῦ
977 5433 1238 5507 ποιμένος
1329 5433 1415 5493 καὶ
1510 5435 1862 5496 διδασκάλου.

203 5503 519 5578 Anglican.
555 5503 859 5578 loquentem
891 5508 951 5565 in
983 5503 1231 5566 veritate.
1270 5512 1346 5567 In.

280 5574 395 5647 (27)
428 5574 635 5656 Ἰατρὸς
673 5574 728 5656 ξὶ
774 5581 936 5656 ᾖμῶν
973 5577 1116 5636 ἐστιν
1165 5581 1195 5636 6
1225 5581 1433 5656 _p6v0¢,
1486 5589 1624 5650 etc.,
1675 5600 1866 5656 usque

202 5646 306 5715 ad,
352 5646 1013 5724 novnpazeintotiplatc.
1060 5657 1172 5709 Pro
1220 5646 1373 5724 istis,
1419 5646 1624 5712 noster
1675 5646 1867 5713 inter-

201 5733 345 5793 pres
375 5721 610 5778 tantum
642 5721 858 5780 habet:
892 5745 921 5774 «
954 5724 1116 5780 Unus
1144 5721 1410 5783 medicus
1449 5730 1558 5791 est,
1609 5727 1866 5784 carnalis

1977 5159 2036 5210 et
2065 5153 2413 5227 spiritualis,
2445 5155 2679 5227 genitus
2708 5160 2766 5211 et
2796 5155 3115 5224 ingenitus.
3150 5157 3210 5212 in
3233 5173 3410 5213 carne
3431 5158 3621 5216 factus

1976 5225 2149 5291 Deus,
2186 5228 2245 5298 in
2279 5225 2509 5298 mortali
2544 5226 2645 5291 (ita
2675 5227 2833 5280 enim
2867 5227 3200 5298 legendum)
3232 5229 3348 5284 vita
3377 5247 3528 5288 vera.
3565 5239 3625 5288 et

1976 5316 2046 5353 ex
2081 5297 2257 5353 Maria
2287 5302 2346 5351 et
2377 5313 2446 5350 ex
2480 5297 2618 5364 Deo,
2651 5298 2842 5421 primo
2875 5297 3196 5369 passibilis,
3232 5307 3287 5354 et
3317 5307 3459 5356 tunc
3509 5304 3618 5357 im-

1976 5367 2590 5421 nassibilis.Dominus
2611 5367 2651 5421 C
2702 5369 2878 5421 ristus
2905 5376 3123 5421 noster.
3160 5394 3186 5421 »
3214 5372 3476 5421 Relimiis
3495 5391 3618 5421 nm-

1975 5367 2590 5442 passibilis,Dominus
2611 5367 3123 5442 Christusinoster.
3160 5394 3186 5421 ››
3214 5372 3476 5442 Reliquis
3495 5391 3622 5429 om-

1975 5439 2151 5514 nibus
2183 5439 2634 5514 praetermissis;
2669 5440 3006 5514 quinetiam
3058 5441 3130 5514 ab
3180 5439 3623 5514 exemplaribus

1975 5512 2191 5582 quibus
2223 5510 2363 5582 olim
2396 5511 2486 5582 usi
2519 5511 2763 5567 fuerunt
2791 5511 3166 5578 Athanasius,
3218 5510 3620 5573 Theodoretus

1975 5581 2035 5640 et
2065 5581 2350 5650 Gelasius,
2383 5581 2662 5649 abfuisse,
2695 5583 2756 5637 in
2787 5583 3161 5651 Prolegomen.
3195 5600 3323 5655 cap.
3357 5588 3387 5638 3
3419 5586 3622 5645 decla-

1975 5655 2252 5707 ravimus.
2285 5655 2365 5707 In.

1974 5670 2252 5711 rav1mus.
2285 5670 2365 5710 Π).
