3932 6304
207 353 326 412 75⁸1

248 714 258 731 ,
362 619 690 716 ΠΡΟΣ
851 622 1702 728 ΜΑΓΝΗΣΙΟΥΣ.

211 773 503 847 Ἰγνάτιος,
564 774 592 828 ὁ
647 775 736 828 καὶ
793 775 1070 852 Θεοφόρος
1127 781 1238 846 (12)
1285 782 1354 852 τῇ
1409 774 1754 852 εὐλογημένη
1816 777 1868 833 ἐν

292 862 480 937 χάριτι
513 867 647 918 Θεοῦ
707 866 941 937 Πατρὸς,
970 865 1024 920 ἐν
1055 865 1276 940 Χριστῷ
1335 868 1514 935 Ἰησοῦ
1569 871 1647 939 τῷ
1681 874 1868 936 Σωτῆ-

291 971 367 1023 ρι,
394 949 447 1005 ἐν
479 952 526 1022 ᾦ
556 951 871 1027 ἀσπάζομαι
928 955 1028 1023 τὴν
1073 953 1404 1026 Ἐκκλησίαν
1458 958 1558 1026 τήν
1621 956 1778 1012 οὖσαν
1812 955 1866 1012 ἐν

288 1040 573 1114 Μαγνησίᾳ
623 1045 692 1115 τῇ
752 1043 890 1116 πρὸς
946 1043 1238 1119 Μαιάνδρῳ
1271 1089 1284 1114 ,
1371 1045 1462 1100 καὶ
1529 1045 1767 1120 εὔχομαι
1818 1046 1869 1102 ἐν

288 1132 406 1200 Θεῷ
439 1129 632 1201 Πατρὶ,
671 1130 761 1184 καὶ
811 1135 1032 1205 Χριστῷ
1091 1134 1271 1204 Ἰησοῦ
1329 1137 1408 1206 τῷ
1463 1135 1652 1209 Κυρίῳ
1683 1138 1865 1209 ἡμῶν*

284 1216 338 1271 ἐν
367 1219 413 1290 ᾦ
443 1223 675 1273 πλεῖστα
707 1220 922 1294 χαίρειν
955 1221 1094 1294 ὑμᾶς
1127 1220 1235 1292 εἵη.

286 1359 329 1412 Ι.
366 1356 533 1416 Γνοὺς
566 1356 718 1428 ὑμῶν
741 1356 802 1412 τὸ
835 1357 1238 1415 πολυεῦτακτον
1273 1366 1373 1430 τῆς
1403 1361 1537 1416 κατᾶ
1595 1362 1722 1416 Θεὸν
1757 1364 1868 1435 (13)

206 1442 912 1521 ἆγάπης,ἀγαλΛιώμενος
965 1447 1315 1523 προειλόμηῦ
1347 1447 1402 1503 ἒν
1455 1450 1630 1505 πίστει
1691 1453 1870 1522 Ἰησοῦ

206 1538 458 1610 Χριστοῦ
506 1535 891 1611 προσλαλῆσαι
948 1539 1098 1612 ὑμῖν.
1133 1539 1412 1612 Ἀξιωθεὶς
1439 1541 1544 1617 γὰρ
1604 1540 1869 1616 ὀνόματος

213 1624 366 1688 θείου
424 1625 514 1679 καὶ
581 1631 835 1689 ποθεινοῦ
899 1631 1029 1697 (14),
1090 1627 1140 1684 ἐν
1185 1631 1270 1691 οἷς
1311 1628 1585 1708 περιφέρω
1625 1628 1870 1706 δέσμοῖς,

211 1711 333 1785 ᾅδω
363 1719 474 1777 (15)
503 1714 597 1776 τὰς
655 1715 1004 1787 Ἐκκλησίας,
1036 1717 1088 1773 ἐν
1123 1719 1204 1782 αἶς
1235 1716 1427 1774 ’ἐνωσιν
1486 1719 1722 1796 εὔχομαι
1761 1723 1870 1794 (16)

217 1802 420 1875 σαρκὸς
453 1805 540 1858 καὶ
597 1805 903 1880 πνεύματος
964 1809 1142 1877 Ἰησοῦ
1199 1809 1453 1884 Χριστοῦ·
1505 1808 1563 1872 ὅς
1608 1810 1718 1865 ἐστι
1752 1819 1873 1866 Σω-

219 1895 335 1968 τὴρ
390 1894 604 1948 πάντων
677 1893 976 1970 ἀνθρώπων
1014 1943 1028 1965 ,
1092 1896 1328 1970 μάλιστα
1383 1898 1440 1954 δὲ
1495 1905 1701 1955 πιστῶν
1735 1920 1748 1934 ο
1810 1902 1872 1956 οὗ

218 1986 304 2053 τῷ
353 1979 541 2054 α’ίματι
600 1986 710 2048 (17)
777 1983 1145 2060 ἐΛυτρώΘητεο
1208 1984 1276 2041 δι’
1347 1988 1409 2042 οὗ
1466 1985 1663 2063 ἔγνωτε
1721 1990 1873 2058 Θεὸν,

225 2069 536 2145 μᾶλλονδὲ
568 2073 655 2128 ὑπ’
725 2073 888 2128 αὐτοῦ
945 2074 1252 2150 ἐγνὼσοητε
1312 2079 1441 2150 (18)·
1507 2078 1558 2133 ἐν
1589 2081 1634 2152 ᾦ
1667 2079 1874 2152 ὑπομέ-

212 2181 421 2229 νοντες,
454 2163 555 2230 τὴν
587 2166 759 2218 πᾶσαν
811 2161 1068 2236 ἐπήρειαν
1120 2169 1215 2220 τοῦ
1272 2165 1470 2230 αἰῶνος
1526 2168 1722 2224 τούτου
1754 2167 1870 2225 δια-

214 2247 470 2326 φεύξεσθε
516 2254 645 2315 (19).
705 2251 903 2314 Πίστος
956 2253 1083 2328 γὰρ,
1117 2253 1175 2315 ὃς
1207 2252 1306 2309 οὐκ
1359 2254 1498 2310 ἐάσει
1552 2256 1691 2330 ὑμᾶς
1747 2277 1871 2312 πει-

218 2345 487 2413 ρασθῆναι
523 2338 654 2411 ὑπὲρ
681 2340 709 2393 ’ὀ
739 2337 982 2404 δύνασθε.

288 2431 363 2484 ΙΙ.
398 2427 548 2483 Ἐπεὶ
579 2428 671 2482 οὖν
723 2431 966 2503 ἠξιώθην
997 2429 1126 2487 ἰδεῖν
1163 2431 1302 2507 ὑμᾶς
1333 2431 1423 2490 διὰ
1453 2440 1606 2509 Δαμᾶ
1637 2443 1743 2508 (20)
1773 2441 1872 2493 τοῦ

215 2516 468 2589 ἆξιοθέου
531 2519 683 2590 ὑμῶν
740 2517 1042 2576 ἐπισκόπου
1077 2565 1092 2593 ,
1167 2523 1257 2578 καὶ
1310 2520 1688 2602 πρεσϐυτέρων
1739 2532 1872 2582 Θεοῦ

216 2605 385 2678 ἀξίων
433 2607 644 2663 Βάσσου
693 2609 780 2663 καὶ
826 2610 1208 2667 Ἀπολλωνίου
1260 2613 1350 2669 καὶ
1406 2620 1504 2670 τοῦ
1555 2611 1873 2690 συμϐιωτοῦ

217 2717 330 2767 μου
352 2693 604 2750 διακόνου
637 2699 888 2760 Ζωτίνως
918 2699 942 2734 ⁸
989 2703 1120 2770 (2Ι),
1181 2704 1243 2756 οὗ
1302 2702 1412 2778 ἐγὼ
1472 2705 1702 2777 ὀναίμην
1737 2711 1871 2777 (22),

214 2784 303 2840 ὅτι
355 2785 709 2841 ὑποτάσσεται
740 2792 820 2859 τῷ
851 2786 1131 2863 ἐπισκόπῳ
1188 2793 1279 2846 καὶ
1335 2798 1414 2865 τῷ
1475 2790 1872 2869 πρεσϐυτερίῳ,

215 2875 412 2950 χάριτι
453 2878 608 2944 Θεοῦ,
649 2874 700 2930 ἐν
733 2876 886 2950 νόμῳ
918 2879 1025 2944 (23)
1069 2881 1250 2949 Ἰησοῦ
1280 2883 1542 2956 Χριστοῦ.

299 2967 400 3020 ΠΙ.
435 2965 540 3022 Καὶ
571 2963 701 3049 ὑμῖν
743 2963 801 3020 δὲ
857 2967 1048 3041 πρέπει
1111 2972 1185 3041 μή
1243 2971 1598 3049 καταφλονεῖν
1631 2977 1740 3042 (24)
1774 2980 1873 3044 τῆς

215 3050 450 3123 ἡλικίας
479 3058 583 3108 τοῦ
614 3047 938 3118 ἔπισκόπου·
1002 3057 1061 3112 ἀ)
1077 3057 1147 3113 λὰ
1177 3059 1312 3114 κατᾶ
1341 3047 1566 3135 γνώμην
1595 3067 1728 3117 Θεοῦ
1761 3070 1870 3118 lla-

211 3144 350 3220 τρὸς
381 3148 552 3198 πᾶσαν
601 3143 867 3220 ἐντροπὴν
923 3148 1072 3219 αὖτῷ
1106 3149 1418 3224 ἀπονέμειν,
1477 3153 1655 3216 καθὼς
1703 3147 1869 3228 ἔγνων

209 3232 305 3286 καὶ
343 3230 471 3293 τοὺς
510 3230 696 3304 ἁγίους
721 3227 1140 3309 πρεσϐυτέρους,
1176 3235 1238 3292 οῦ
1290 3239 1426 3313 πρὸς
1482 3241 1581 3308 τήν
1614 3227 1872 3320 φαινομέ-

992 353 1402 418 EPIS'I‘OLJE
1445 354 2051 418 INTERPOLATAI.
2099 390 2173 403 —
2215 358 2320 420 AD
2365 360 2830 424 MAGNESIOS.

1897 599 1952 668 Α

3505 365 3626 424 758

2307 606 2470 697 AD
2541 604 3281 700 MAGNESIOS.

1981 807 2009 835 ‹‹
2040 783 2320 856 lgnatius,
2354 784 2454 855 qui
2479 792 2537 840 et
2564 786 2968 856 Theophorus,
2998 785 3329 842 benedictae
3362 805 3468 859 per
3497 804 3624 860 gra-

2051 875 2193 928 tiam
2225 874 2329 929 Dei
2357 875 2568 940 Patris,
2628 875 2689 928 in
2720 875 2950 930 Christo
3007 876 3142 930 Jesu
3201 876 3526 944 Servatore,
3558 878 3620 932 in

2052 980 2168 1033 quo
2201 963 2389 1018 saluto
2419 963 2745 1018 Ecclesiam
2787 981 2918 1033 quae
2950 964 3259 1035 Magnesiae
3292 971 3400 1034 est,
3443 966 3619 1037 juxta.

2049 1051 2434 1116 Menandrum,
2467 1058 2525 1106 et
2554 1070 2656 1106 oro
2680 1053 2740 1106 in
2775 1054 2892 1108 Deo
2925 1054 3121 1120 Patre,
3151 1058 3210 1108 et
3239 1054 3470 1108 Christo
3493 1056 3632 1110 Jesu

2053 1139 2302 1194 Domino
2335 1143 2536 1194 nostro
2564 1156 2576 1194 :
2611 1140 2674 1194 in
2717 1157 2834 1210 quo
2883 1140 3207 1211 plurimum
3238 1158 3340 1196 vos
3369 1141 3627 1213 gaudere

2053 1229 2375 1300 contingat.
2409 1251 2437 1278 ››

2052 1363 2096 1419 Ι.
2131 1363 2238 1418 Ubi
2266 1363 2670 1435 cognovissem
2701 1362 3049 1420 charitatem
3097 1369 3351 1421 vestram
3407 1382 3630 1422 secun-

1982 1449 2123 1507 dum
2160 1453 2338 1507 Deum
2385 1452 2709 1508 admodum
2750 1453 2902 1509 bene
2936 1454 3288 1518 ordinatam,
3329 1455 3631 1511 exsultans

1982 1541 2214 1597 decrevi
2247 1543 2307 1597 in
2341 1543 2454 1597 ﬁde
2489 1544 2626 1597 Jesu
2677 1542 2894 1598 Christi
2949 1543 3172 1615 alloqui
3230 1560 3350 1600 vos.
3414 1545 3633 1617 Dignus

1985 1633 2144 1687 enim
2168 1632 2405 1687 habitus
2463 1631 2662 1687 divino
2708 1638 2765 1687 et
2813 1638 3088 1704 exoptato
3148 1634 3413 1701 nomine,
3446 1634 3506 1688 in
3539 1633 3630 1688 his

1984 1739 2114 1794 qua:
2143 1722 2494 1777 circumfero
2526 1721 2796 1791 vinculis,
2831 1722 3006 1777 laudo
3025 1722 3350 1788 Ecclesiae;
3415 1722 3630 1792 quibus

1984 1819 2120 1884 opto
2147 1812 2431 1870 unionem
2464 1813 2659 1868 carnis
2691 1819 2748 1868 et
2778 1813 3028 1884 spiaitus
3082 1815 3219 1868 Jesu
3248 1814 3498 1868 Christi:
3531 1814 3630 1883 qui

1987 1910 2066 1957 est
2091 1904 2345 1959 Salvator
2375 1906 2614 1957 omnium
2672 1903 2977 1965 hominum,
3009 1904 3246 1957 maxime
3292 1909 3473 1957 autem
3496 1903 3628 1972 ﬁde-

1984 1995 2158 2049 lium"
2183 2015 2195 2061 ;
2217 1994 2387 2064 cujus
2419 1995 2703 2066 sanguine
2749 1993 3038 2064 redempti
3069 1994 3249 2059 estis;
3283 2011 3389 2065 per
3441 2009 3621 2064 quem

1980 2083 2332 2155 cognovistis
2352 2085 2557 2150 Deum,
2590 2083 2708 2138 imo
2741 2082 2955 2152 cogniti
2989 2083 3129 2137 estis
3159 2083 3382 2149 abeo‘;
3415 2083 3476 2137 in
3503 2099 3621 2153 quo

1980 2172 2366 2238 sustinentes,
2400 2170 2690 2242 eﬂ‘ugietis
2738 2186 2977 2226 omnem
3017 2170 3132 2224 vim
3163 2170 3342 2241 hujus
3399 2171 3626 2226 seaculi.

1979 2262 2182 2314 Fidelis
2213 2261 2371 2315 enim
2403 2266 2498 2327 est,
2533 2263 2632 2330 qui
2660 2276 2769 2314 non
2803 2260 3053 2330 patietur
3080 2275 3172 2315 vos
3205 2262 3410 2314 tentari
3457 2273 3629 2330 supra

1978 2351 2040 2404 id
2068 2351 2215 2420 quod
2239 2352 2461 2420 potestis
2480 2347 2520 2402 ⁵.

2045 2440 2125 2510 ll.
2149 2438 2439 2504 Quoniam
2464 2438 2663 2508 itaque
2693 2437 2904 2510 dignus
2934 2436 3018 2492 fui
3039 2437 3277 2492 habitus
3300 2437 3498 2494 videre
3529 2454 3630 2493 vos

1979 2543 2087 2598 per
2116 2529 2359 2582 Damam
2394 2527 2737 2598 episcopum
2784 2533 3043 2582 vestrum
3097 2528 3214 2582 Deo
3251 2527 3514 2598 dignum,
3570 2532 3630 2582 et

1980 2617 2096 2670 Deo
2127 2617 2336 2688 dignos
2369 2617 2743 2688 presbyteros
2802 2617 3044 2670 Bassum
3096 2621 3153 2670 et
3184 2615 3626 2686 Appollonium,

1979 2707 2467 2761 contubernalem
2522 2721 2718 2759 meum
2779 2706 3079 2759 Sotionem
3129 2704 3465 2772 diaconum,
3509 2721 3626 2775 quo

1978 2797 2204 2852 utinam
2240 2796 2422 2861 fruar,
2456 2797 2596 2866 quia
2627 2794 2898 2848 subditus
2931 2800 3020 2848 est
3061 2794 3337 2865 episcopo
3370 2801 3428 2848 et
3456 2811 3626 2866 pres-

1979 2887 2229 2958 byterio,
2261 2885 2449 2955 gratia
2477 2885 2600 2951 Dei,
2624 2884 2685 2937 in
2717 2883 2844 2955 lege
2874 2884 3010 2938 Jesu
3038 2883 3275 2937 Christi.

2049 2975 2150 3030 III.
2183 2973 2292 3030 Sed
2328 2980 2386 3028 et
2413 2990 2513 3028 vos
2545 2971 2714 3026 decet
2769 2989 2888 3026 non
2946 2976 3329 3026 contemnere
3387 2977 3622 3028 aetatem

1955 3117 1958 3125 ,
1980 3063 2240 3136 episcopi
2265 3082 2279 3131 ;
2298 3077 2500 3118 verum
2516 3062 2689 3133 juxta
2706 3060 2809 3115 Dei
2829 3060 3019 3116 Patris
3041 3060 3624 3126 arbitrium,omnem

1979 3152 2270 3224 impertiri
2305 3151 2390 3205 illi
2413 3150 2826 3214 reverentiam,
2851 3147 3353 3220 quemadmodum
3373 3151 3507 3204 novi
3537 3149 3623 3204 fa-

1979 3258 2114 3299 cere
2141 3246 2377 3297 sanctos
2399 3239 2774 3311 presbyteros
2803 3256 2816 3293 :
2851 3254 2972 3293 non
2992 3237 3378 3309 respicientes
3399 3239 3473 3293 ad
3495 3255 3625 3295 eam

207 3342 313 3391 νην
342 3319 662 3397 ἀφορῶντας
720 3322 969 3393 νεότητα,
1023 3323 1169 3380 ἀλλὰ
1197 3328 1331 3402 πρὸς
1360 3328 1460 3398 τὴν
1491 3329 1544 3383 ἐν
1576 3317 1694 3402 Θεῷ
1724 3331 1865 3408 φρό-

2039 3349 2105 3386 iae
2127 3329 2360 3386 videtur
2385 3327 2876 3397 adolescentiam,
2911 3326 3015 3383 sed
3038 3326 3113 3382 ad
3151 3326 3531 3397 prudentiam
3566 3327 3630 3383 in

286 3495 314 3529 ⁸
343 3494 362 3548 l
398 3495 545 3550 Tim.
578 3509 650 3561 ιν,
685 3499 769 3551 10.
846 3495 869 3530 ⁴
899 3497 1022 3556 Gal.
1057 3515 1153 3569 1v.,
1187 3503 1238 3554 9.
1315 3499 1339 3534 ⁵
1368 3502 1389 3555 l
1421 3502 1550 3557 Cor.
1583 3516 1641 3557 κ.
1678 3503 1763 3558 13.
1838 3502 1860 3537 ⁸

2039 3499 2308 3563 ιωτίωνος.

210 3699 652 3776 tem_Latinum
713 3703 1101 3776 inveniuntur
1131 3705 1251 3766 illa,
1312 3722 1506 3776 neque
1573 3706 1635 3760 in
1669 3708 1866 3762 Graeco

208 3770 672 3841 NydPrucciano
707 3774 944 3829 codice:
983 3781 1038 3830 et
1097 3777 1338 3832 omnino
1397 3770 1705 3833 subdititia
1736 3794 1866 3833 esse

209 3850 466 3914 apparet
505 3845 700 3899 Ussea.
1303 3861 1316 3867 ’

287 3914 500 3992 (t2)_ln
531 3915 793 3987 epistolae
840 3917 1236 3992 inscriptione
1291 3920 1866 3992 voqemecclesim]

207 3983 590 4062 inclusimus,
617 4004 751 4062 non
769 3987 962 4042 solum
1018 3983 1178 4058 quod
1209 4007 1243 4044 a
1274 3983 1628 4061 quibusdam
1680 3983 1866 4062 ipsius

207 4055 464 4136 vulgata)
497 4059 788 4136 versionis
824 4076 988 4127 mss.,
1023 4055 1125 4116 sed
1157 4055 1436 4136 a_GrEecis
1468 4055 1777 4136 praeterea,
1811 4068 1870 4116 et

211 4128 424 4208 Latino
451 4136 657 4185 nostro
696 4131 1040 4208 interprete,
1076 4149 1144 4188 ea
1173 4133 1428 4208 abesset.
1463 4128 1866 4208 Supplendam

208 4198 457 4269 quidem
485 4216 614 4254 eam
637 4198 974 4257 necessario
996 4203 1301 4258 fatendum
1326 4210 1448 4269 est;
1473 4198 1867 4260 sed-hiulcam

208 4277 271 4324 et
303 4269 398 4324 hic
430 4276 488 4326 et
516 4271 678 4334 alibi,
716 4289 1024 4329 occurrere
1057 4275 1376 4330 lectionem
1409 4293 1528 4330 non
1557 4276 1868 4330 mirabitur

206 4341 313 4468 qui
346 4341 419 4395 ab
458 4343 699 4397 homine
726 4345 972 4414 captivo,
1015 4346 1168 4400 inter
1215 4347 1482 4400 militum
1541 4347 1862 4415 custodias,

234 4413 569 4468 estinanter
588 4431 620 4468 a
651 4415 821 4468 beato
852 4422 1109 4468 martvre
1132 4419 1346 4468 effusas
1378 4418 1482 4468 has
1504 4417 1686 4468 fuisse
1707 4418 1831 4468 eois
1849 4447 1862 4458 -

234 4413 569 4489 estinanter
585 4431 620 4489 a
651 4413 825 4489 beato
852 4422 1109 4487 martyre
1132 4419 1346 4473 effusas
1378 4418 1482 4473 has
1504 4417 1686 4473 fuisse
1707 4413 1862 4489 epis-

206 4483 366 4539 tolas
399 4485 878 4544 consideraverit.
912 4489 990 4542 ID.

285 4553 878 4653 Effluit
914 4557 1106 4653 Icodex
1163 4559 1647 4653 Nydpruccjianu's
1679 4565 1736 4614 et
1764 4576 1860 4614 ve-
1895 4589 1941 4653 Β

203 4634 309 4682 tus
329 4633 579 4697 uterque
601 4627 893 4699 interpres
914 4630 1151 4685 Latinus
1176 4647 1187 4684 :
1211 4627 1237 4679 ἱ‹
1265 4627 1589 4686 secundum
1607 4633 1812 4689 Deum.
1835 4653 1863 4680 ››

201 4703 594 4768 Augustanus
621 4716 632 4752 :
664 4701 801 4752 κατὰ
830 4703 983 4757 Θεοῦ.
1021 4702 1098 4756 ID.

284 4771 397 4837 (14)
452 4768 755 4844 ’ίξνόματος
813 4769 960 4844 Θείου
1026 4771 1114 4844 διαὶ
1179 4773 1464 4844 ποθεινοῦ.
1523 4772 1865 4844 Conjuctio-

201 4855 349 4916 pem
386 4841 684 4916 ex_Gra3co
740 4843 1183 4916 Nydprucciano
1236 4851 1294 4898 et
1324 4843 1584 4900 editione
1633 4841 1866 4916 vulgata

202 4911 419 4966 Latina
447 4911 936 4994 interposuimiis.
969 4917 1210 4994 ’ΝΟ-γρου
1270 4921 1468 4994 autem
1496 4939 1550 4994 _«
1576 4911 1861 4994 Chris'tia:

200 4999 355 5038 num
381 5005 407 5056 ι)
444 4982 740 5056 intelligit,
775 4991 840 5039 ut
892 4985 1015 5039 vult
1071 4985 1256 5040 Faber
1312 4985 1714 5056 Stapulensis;
1774 4985 1863 5040 vel

199 5077 230 5105 κ
258 5053 620 5128 confessoris
646 5053 672 5103 ἷ›
694 5063 795 5110 aut
817 5079 844 5104 «
872 5057 1170 5128 martyris,
1196 5078 1222 5107 ››
1281 5053 1519 5128 etalii.‘
1550 5075 1622 5112 ex
1668 5057 1862 5111 verbis

197 5125 912 5201 proxime‘sequentibus.
948 5125 1001 5180 ἒν
1030 5123 1116 5187 οἷς
1159 5123 1440 5201 περιφὲρω
1499 5123 1743 5197 δεσμοῖς.
1783 5135 1858 5182 ID.

276 5199 392 5270 (15)
416 5193 825 5265 “ᾼδω.“Νοεῐοῐ·
845 5200 1156 5270 interpres.
1182 5193 1256 5254 ad
1275 5193 1523 5265 verbum,
1551 5223 1574 5249 α
1600 5193 1771 5255 canto
1796 5217 1810 5254 :
1831 5221 1859 5249 ››

197 5268 578 5341 etvulgatus,
614 5291 642 5316 ‹‹
670 5285 817 5324 cano
854 5286 922 5335 ;»
981 5268 1085 5341 pro
1132 5287 1249 5340 quo
1300 5271 1608 5326 substituit
1653 5271 1856 5340 Faber,

199 5363 230 5391 α
270 5338 471 5412 laudo.
509 5361 537 5389 υ
571 5357 750 5412 εβιιςιιι
781 5338 1080 5412 expresso.
1111 5338 1191 5396 In.

279 5413 392 5489 (16)
426 5411 514 5489 Ἐν
548 5410 638 5471 αἷς
669 5407 1141 5489 ἓνῳσινέῦχομαι.
1179 5415 1264 5489 Ιζᾷ
1293 5417 1496 5489 noster
1526 5414 1856 5489 interpres:

205 5503 237 5555 gr
273 5482 347 5555 ln_
384 5482 598 5552 quibus
656 5482 1094 5539 unionem'oro.
1147 5505 1176 5533 »
1213 5484 1466 5555 Vulgat.:
1492 5508 1516 5532 «ε
1549 5485 1613 5538 In
1645 5482 1862 5554 quibus

202 5552 458 5628 laudare
489 5559 629 5628 opto
656 5576 693 5628 _»_
723 5555 840 5628 (Sic
863 5556 1022 5611 enim
1057 5573 1196 5628 mss.
1231 5552 1452 5628 legunt,
1477 5571 1619 5616 non,
1644 5552 1860 5625 «(juni-

203 5625 370 5700 lare;
396 5647 424 5675 »
447 5631 514 5700 ut
535 5624 729 5700 edidit
737 5626 953 5700 _Fa_ber)
985 5629 1094 5700 Pro
1119 5624 1523 5700 εὔχομαιᾲνειο
1537 5624 1862 5700 responen-

204 5696 352 5753 dum
377 5697 680 5754 existimat
708 5694 1004 5767 Vedelius,
1036 5697 1167 5770 εὕρη
1180 5694 1274 5769 μαι
1295 5697 1389 5754 vel
1408 5694 1755 5771 εὑρίσκομαι.
1780 5698 1860 5756 In.

2046 3707 2155 3778 (l7)
2186 3702 2265 3778 Οῦ
2293 3699 2619 3778 τῷ-αἵματι.
2647 3703 2820 3771 Illud,
2854 3703 2936 3773 οὗ,
2967 3704 3039 3759 ab
3058 3707 3399 3778 Augustano
3423 3719 3622 3761 exem-

1977 3773 2126 3848 plari
2150 3775 2304 3848 male
2335 3773 2554 3848 aberat.
2585 3777 2662 3828 In.

2049 3845 2278 3919 (ιδιΔυ
2338 3843 2399 3919 οῦ
2455 3838 2656 3919 ξγγωτε
2712 3844 2864 3913 Θεὸν,
2927 3843 3140 3919 μᾶλλον
3203 3842 3261 3898 δὲ
3315 3845 3404 3899 ὑπ’
3446 3845 3623 3919 ,αὐτοῦ

1977 3915 2309 3993 ἐγνώσθη-τε.
2343 3917 2424 3969 Ex
2444 3915 2629 3993 Calat.
2658 3932 2732 3993 iv,
2754 3920 2818 3993 9._
2839 3915 2943 3988 pro
2975 3917 3188 3987 quibus
3219 3923 3421 3993 noster
3442 3918 3624 3993 inter-

1977 3986 2112 4061 p'res
2142 3989 2354 4061 habet:
2394 3986 2534 4061 τι-Αᾴ
2567 4003 2695 4061 nos
2715 3986 2970 4061 (νε-ιξνοε)
2999 3986 3236 4061 semper
3262 3987 3454 4061 vivere
3487 3988 3622 4061 fide,

1975 4057 2134 4128 quod
2161 4067 2220 4115 et
2248 4057 2572 4116 charitatis.
2605 4057 2699 4111 cui
2731 4058 2880 4112 nihil
2931 4059 3262 4128 praefertur,
3317 4057 3622 4128 principa-

1977 4131 2091 4186 lius
2122 4137 2326 4186 uutem
2357 4131 2492 4183 Jesu
2523 4136 2581 4184 et
2611 4130 2823 4183 Patris.
2854 4152 2874 4178 ι
2919 4130 2996 4184 Ιι).

2008 4193 2159 4278 ’.(19)
2208 4199 2577 4278 Διαφειὸξεσθε.
2639 4200 2829 4254 Codex
2885 4194 3618 4278 Nydprucci‘anus,8mp‘-

1975 4272 2216 4344 ῥήξεσθε.
2253 4271 2358 4327 8έά
2396 4287 2499 4344 pro
2532 4274 2872 4342 Augustana
2914 4271 3167 4326 lectione
3199 4271 3341 4325 facit
3370 4275 3619 4341 uterque

1973 4343 2138 4398 vetus
2171 4344 2410 4398 Latinus
2440 4343 2754 4413 interpres.
2798 4343 2874 4396 In.
3035 4375 3043 4381 -

2043 4417 2158 4484 (20)
2197 4415 2408 4484 ΙὙμᾶς]
2436 4408 2524 4464 διὰ
2555 4408 2727 4481 Δαμᾶ.
2759 4415 2838 4467 Ex
2869 4419 3123 4484 utroque
3167 4413 3266 4468 illo
3299 4413 3621 4484 interprete

1974 4491 2033 4539 et
2061 4502 2386 4557 pronomen
2421 4485 2514 4539 hic
2572 4485 2910 4540 restitutum
2943 4491 3052 4552 est,
3088 4491 3147 4538 et
3174 4487 3617 4557 proprium_A&-

1979 4551 2302 4626 μαίιοιῐιριι
2329 4574 2341 4621 ;
2379 4573 2481 4626 pro
2513 4575 2629 4626 quo
2663 4551 3091 4628 inAAugustano
3115 4551 3315 4610 codice
3349 4552 3418 4608 δι’
3449 4551 3620 4628 ἀδαγ-

1978 4623 2071 4697 μα,
2106 4629 2167 4682 in
2224 4623 2676 4697 Nydp'rucc'iano
2731 4623 2999 4698 διάδεγμα
3049 4633 3324 4698 corrupte
3376 4623 3616 4692 legeba-

1975 4706 2088 4752 tur.
2131 4700 2418 4770 lgnatium
2453 4715 2585 4753 vero
2643 4697 2912 4753 nostrum
2948 4699 3033 4770 in
3090 4697 3339 4770 Epistola
3394 4699 3467 4751 ad
3497 4700 3616 4751 Ma-

1973 4768 2258 4841 gnesiahos
2282 4771 2462 4824 Dama
2487 4771 2743 4841 episcopi
2774 4769 3139 4824 mentionem
3188 4768 3422 4841 fecisse,
3467 4784 3612 4841 con-

1975 4840 2172 4914 firmat
2203 4841 2378 4914 etiam
2429 4839 2734 4896 Eusebius.
2770 4841 2870 4914 lib.
2905 4857 2960 4894 ιιι
2988 4842 3193 4905 Hister,
3224 4839 3339 4914 κεφ’
3367 4840 3542 4914 γ’.)ι).

2045 4913 2158 4982 (2t)
2191 4912 2492 4974 Ζωτίωνος,
2532 4914 2608 4967 al.
2666 4911 2976 4978 Σωτίωνος,
3008 4928 3112 4981 pro
3170 4910 3309 4980 quo,
3367 4932 3394 4958 «
3428 4910 3616 4965 Zono-

1970 4981 2424 5055 nem,'»_r_io_ster
2453 4981 2630 5055 habet
2660 4984 2976 5055 interpres.
3006 4984 3084 5036 In.

2041 5057 2150 5121 (22)
2179 5050 2258 5125 ,οῦ
2297 5050 2406 5125 ἐγὼ
2445 5051 2708 5124 ὀναίμην.
2749 5050 2873 5109 νεὶ.
2939 5055 3154 5125 vulgat.
3212 5073 3240 5102 «
3273 5068 3450 5122 quem
3511 5068 3616 5121 ego
3686 5107 3694 5114 ,

1972 5124 2210 5198 nutrivi.
2249 5124 2543 5198 {idl‘loster
2601 5126 2906 5198 Anglican.
2970 5124 3189 5180 reetius
3222 5139 3251 5196 εἰ
3299 5146 3328 5173 (ι
3363 5140 3478 5194 quo
3511 5139 3618 5194 ego

1969 5195 2150 5250 fruar.
2191 5217 2216 5243 ››
2253 5195 2358 5249 Vid
2413 5196 2586 5249 infra.
2626 5197 2703 5250 lo.

2042 5267 2299 5340 (ἵζω-Τῷ-
2336 5264 2637 5340 ἐπισκὸπῳ,
2669 5266 2755 5319 καὶ
2811 5267 2890 5336 τῷ
2940 5260 3330 5340 πρεσϐυτερίῳ.
3392 5262 3616 5340 χάαριτι

1969 5335 2207 5403 Geo-3,23.
2241 5336 2415 5407 νόμῳ.
2470 5335 2821 5408 Anglican:
2866 5335 2910 5386 ⁷‹‹
2943 5335 3229 5408 Episcopo
3284 5335 3354 5391 ut
3395 5335 3615 5408 gratiae

1968 5409 2093 5535 Dei),
2128 5415 2184 5462 et
2207 5406 2706 5531 lpresbytero—(vel
2739 5406 3104 5480 presbyterio
3147 5406 3359 5480 potius)
3391 5413 3454 5461 ut
3502 5406 3615 5478 legi

2006 5522 2014 5532 .
2098 5521 2109 5533 .
2145 5501 2172 5528 »
2231 5497 2281 5533 ι).

2006 5522 2014 5532 .
2049 5482 2109 5533 C.
2145 5501 2172 5528 »
2207 5482 2281 5533 In.

2039 5553 2150 5626 (24)
2183 5555 2542 5626 Καταφρονεῖν
2605 5549 2904 5626 Anglican.
2943 5566 2956 5603 :

3008 5573 3038 5600 «
3098 5552 3296 5606 couti:
3355 5567 3460 5622 pro
3492 5564 3610 5619 quo

1970 5621 2195 5678 editum
2228 5629 2318 5678 est
2341 5621 2377 5673 ’ἀ
2408 5623 2718 5678 concuti.»
2751 5625 2828 5678 In.
