3924 6310
339 353 460 418 855

1075 352 1180 413 AD
1223 351 1646 414 EPISTOLAS
1689 353 1754 414 S.
1802 347 2099 414 lGNATIl
2141 349 2554 413 GENUINAS
2595 348 3030 413 APPENDIX.

3632 346 3761 406 856

344 494 434 544 est
463 487 622 560 quod
674 491 734 543 et
793 487 895 559 qui
951 488 1207 542 honorat
1255 485 1517 540 vinctum
1572 486 1714 540 Jesu
1755 485 1994 554 Christi,

2197 481 2295 538 λον
2327 481 2410 538 ὅτι
2440 482 2529 538 καὶ
2561 483 2591 537 ὁ
2619 487 2796 556 τιμῶν
2841 479 3063 556 δέσμιον
3093 482 3273 552 Ἰησοῦ
3319 481 3575 554 Χριστοῦ,
3613 499 3764 554 μαρ-

344 585 680 650 martyrum
710 577 962 649 accipiet
991 575 1329 631 mercedem
1358 573 1425 629 ⁷⁸.

419 669 485 725 Χ.
519 667 685 732 Quod
708 666 1020 721 Philonem
1041 671 1098 718 et
1117 665 1323 719 Caium
1345 669 1405 719 et
1422 664 2002 736 Agathopodein,qui

348 774 443 814 me
474 757 662 812 secuti
696 761 836 810 sunt
884 755 946 809 in
989 754 1164 810 verbo
1196 755 1322 823 Dei,
1347 760 1604 823 suntque
1633 754 1850 808 Christi
1877 753 2006 808 dia-

349 845 483 902 coni
517 851 574 902 et
606 845 888 912 ministri,
918 849 986 898 ut
1013 843 1228 899 Christi
1283 843 1592 898 ministros
1633 843 2004 914 cxceperitis,

347 937 500 991 bene
531 934 779 1002 fecistis,
807 934 908 1004 qui
935 939 993 988 et
1016 932 1306 1004 plurimas
1327 933 1444 987 Deo
1467 949 1574 1004 pro
1599 932 1764 986 vobis
1789 933 2009 1003 gratias

349 1029 552 1097 agunt,
585 1023 743 1095 quod
773 1022 1052 1078 omnibus
1084 1021 1276 1076 modis
1308 1021 1445 1075 illos
1470 1020 1818 1075 refeceritis.
1853 1021 2010 1075 Nihil

351 1113 516 1169 vobis
547 1129 670 1167 non
701 1111 1142 1183 computabitur
1171 1127 1374 1164 eorum
1403 1126 1534 1181 qua;
1555 1109 1617 1163 in
1639 1109 1776 1166 illos
1807 1114 2009 1164 contu-

351 1205 534 1259 liotis.
589 1205 682 1258 Det
730 1203 894 1256 vobis
952 1202 1212 1258 Dominus
1242 1203 1486 1255 invenire
1515 1201 1947 1255 misericordan
1976 1217 2012 1254 α

277 1347 281 1352 ,
356 1292 584 1348 Domino
613 1295 673 1346 in
704 1293 806 1346 illa
834 1291 926 1345 die
945 1289 1014 1344 "9.
1058 1291 1168 1344 Pro
1198 1289 1510 1344 animabus
1538 1289 1750 1344 vestris
1781 1290 1857 1343 sit
1890 1289 2012 1360 spi-

355 1382 507 1435 ritus
536 1397 728 1450 meus,
753 1385 812 1434 et
830 1378 1064 1434 vincula
1087 1394 1240 1447 mea,
1263 1395 1396 1449 qum
1418 1395 1538 1432 non
1560 1377 2013 1442 fastidistis,nec

357 1467 704 1536 erubuistis,
741 1483 923 1538 quare
954 1482 1066 1520 nec
1091 1465 1164 1519 de
1219 1465 1380 1520 vobis
1412 1465 1722 1520 erubescet
1750 1467 2014 1537 perfecta

361 1573 521 1628 spes,
545 1557 713 1610 Jesus
741 1555 1030 1610 Christus.

433 1645 524 1698 XI.
558 1643 938 1698 Precationes
960 1648 1168 1697 vestrae
1193 1643 1564 1714 pertigerunt
1594 1643 1667 1697 ad
1693 1642 2016 1698 Antioche-

358 1749 574 1788 norum
605 1731 950 1797 Ecclesiam,
987 1739 1045 1786 et
1074 1747 1280 1803 pacem
1311 1731 1528 1800 habet;
1575 1731 1730 1786 unde
1763 1731 2015 1799 vinctus,

2109 571 2288 646 τύρων
2321 570 2555 645 λήψεται
2589 571 2778 644 μισθόν
2813 573 2946 646 (22).

2185 665 2257 718 Χ.
2291 659 2538 729 Φίλωνα,
2571 661 2662 716 καὶ
2693 661 2879 730 Γάϊον,
2935 661 3023 716 καὶ
3075 655 3438 735 Ἀγαθόποδα,
3467 655 3520 712 οἳ
3545 657 3764 726 ἐπηκο-

2114 748 2390 820 λούθησάν
2428 771 2521 822 μοι
2552 749 2628 811 είς
2661 747 2827 827 λόγον
2851 753 3006 818 Θεοῦ,
3030 747 3277 804 διάκονοι
3318 749 3550 822 Χριστοῦ
3579 745 3770 816 ὄντες,

2115 839 2298 900 καλῶς
2353 839 2645 910 ἐποιήσατε
2706 836 3096 912 ὑποδεξάμενοι
3153 839 3229 899 ὡς
3279 834 3560 891 διακόνους
3619 841 3769 910 Χριο

2115 933 2264 982 στοῦ.
2297 926 2367 986 Οἳ
2421 929 2511 983 καὶ
2575 925 2780 1008 σφόδρα
2837 929 3223 1002 εὐχαριστοῦσι
3277 930 3359 998 τῷ
3414 925 3599 1000 Κυρίῳ
3627 924 3768 995 ὑπὲρ

2117 1017 2294 1088 ὓμῶν,
2355 1015 2437 1072 ὅτι
2495 1016 2692 1078 αὐτοὺς
2749 1015 3082 1072 ἀνεπαύσατε
3135 1016 3271 1071 κατὰ
3327 1014 3500 1070 πάντα
3532 1011 3770 1088 τρόπον.

2118 1103 2285 1163 Οὐδὲν
2345 1107 2470 1179 ὑμῖν
2527 1105 3056 1182 παραλογισθήσεται
3114 1107 3228 1178 (23)
3285 1105 3360 1158 ὧν
3418 1103 3493 1164 εἷς
3562 1101 3774 1161 αὐτοὺς

2119 1195 2434 1266 ἐποιήσατε.
2502 1196 2625 1268 Δῲη
2689 1196 2813 1268 ὑμῖν
2863 1196 2892 1249 6
2951 1194 3145 1270 Κύριος
3199 1194 3372 1268 εὑρεῖν
3428 1189 3579 1255 ἔλεος
3619 1192 3776 1266 παρᾶ

2123 1285 2320 1360 Κυρίου
2376 1283 2428 1339 ἐν
2482 1284 2659 1358 ἐκείνῃ
2719 1287 2788 1357 τῇ
2855 1285 3054 1358 ἡμέρᾳ.
3113 1284 3442 1361 Ἀντίψυχον
3500 1282 3660 1353 ὑμῶν
3707 1282 3776 1336 τὸ

2121 1375 2330 1446 πνεῦμά
2361 1393 2465 1447 μου
2508 1376 2644 1446 (24),
2701 1373 2791 1428 καὶ
2837 1373 2904 1428 τὰ
2962 1370 3134 1446 δεσμά
3171 1393 3299 1445 μου,
3353 1371 3387 1426 ἂ
3423 1371 3531 1446 οὐχ
3557 1371 3776 1444 ὑπερη-

2122 1465 2414 1542 φανήσατε,
2445 1459 2572 1517 οὐδὲ
2600 1460 3004 1540 ἐπῃσχύνθητε.
3029 1463 3122 1517 Διὸ
3153 1458 3280 1516 οὐδὲ
3305 1462 3444 1534 ὑμᾶς
3477 1459 3780 1537 ἐπαισχυν-

2124 1554 2345 1622 θήσεται
2377 1555 2411 1620 ἡ
2442 1549 2622 1607 τελεία
2650 1550 2827 1621 ἐλπὶς,
2856 1553 3067 1622 Ἰησοῦς
3097 1553 3125 1606 ὁ
3159 1551 3410 1624 Χριστός.

2198 1647 2288 1698 ΧΙ.
2321 1641 2388 1698 Αἱ
2418 1641 2722 1716 προσευχαὶ
2781 1641 2932 1712 ὑμῶν
2988 1637 3222 1717 ἤγγισαν
3278 1639 3355 1702 εἰς
3413 1641 3512 1708 τὴν
3559 1639 3778 1696 Ἀντιο-

2127 1731 2271 1808 χὲων
2331 1725 2687 1800 Ἐκκλησίαν,
2747 1727 2837 1783 καί
2893 1727 3246 1802 εἶρηνεύεται·
3307 1726 3426 1783 ὅθεν
3455 1724 3778 1800 δεδεμένος,

361 1838 568 1877 omnes
602 1821 815 1886 saluto,
851 1822 951 1891 qui
984 1837 1108 1876 non
1139 1837 1270 1874 sum
1304 1820 1516 1892 dignus
1549 1820 1687 1874 inde
1713 1836 1861 1886 esse,
1882 1836 2016 1874 cum

2197 1839 2327 1879 ιντας
2383 1817 2718 1891 ἀσπάζομαι,
2777 1817 2878 1872 οὐκ
2931 1815 3008 1872 ὢν
3061 1815 3213 1890 ἄξιος
3271 1815 3490 1885 ἐκεῖθεν,
3541 1812 3780 1892 ἔσχατος

367 1917 666 1966 extremus
692 1910 803 1965 sim
838 1927 1082 1976 eorum;
1144 1908 1247 1964 sed
1307 1909 1410 1964 Dei
1467 1908 1771 1964 voluntate
1802 1908 2020 1980 dignus

367 2004 616 2058 effectus
648 2017 779 2056 sum
805 2017 818 2066 ;
850 2017 969 2056 non
992 2001 1168 2072 juxta
1195 1999 1626 2054 conscientiam
1666 2015 1884 2067 meam,
1919 1997 2020 2053 sed

367 2108 439 2146 ex
465 2091 654 2162 gratia
685 2091 810 2156 Dei,
844 2105 1024 2160 quam
1055 2094 1192 2158 opto
1223 2089 1547 2160 perfectam
1596 2088 1744 2142 mihi
1775 2087 1926 2154 dari,
1957 2083 2024 2144 ιιι

369 2195 474 2250 per
502 2179 802 2234 orationes
833 2183 1056 2232 vestras
1089 2179 1273 2231 Deum
1328 2193 1633 2246 assequar.
1667 2177 1790 2240 Quo
1821 2177 2022 2246 itaque

368 2283 516 2337 opus
545 2272 806 2321 vestrum
855 2266 1195 2320 absolutum
1258 2266 1336 2318 sit
1387 2281 1567 2336 super
1621 2271 1840 2320 terram
1873 2270 1931 2319 et
1961 2265 2024 2320 in

365 2354 540 2421 coelo,
571 2353 743 2408 decet
771 2353 844 2407 ad
887 2354 991 2408 Dei
1021 2353 1307 2408 honorem
1338 2353 1598 2409 Ecclesia
1626 2359 1819 2408 vestra
1847 2352 2026 2426 eligat

363 2457 599 2498 sacrum
629 2441 926 2515 legatum;
957 2447 1022 2496 ut
1043 2459 1176 2498 cum
1206 2443 1268 2496 in
1291 2443 1459 2514 Syria
1479 2443 1680 2512 fuerit,
1705 2447 2024 2514 congratu-

355 2531 516 2587 letur
545 2529 854 2601 illis,quod
883 2547 1091 2602 pacem
1123 2531 1430 2588 consecuti
1453 2532 1598 2600 sint,
1616 2547 1906 2602 suamque
1927 2547 2028 2586 re-

357 2621 626 2692 ceperint
645 2621 1142 2693 magnitudinem,
1157 2638 1224 2678 ac
1249 2624 1592 2678 restitutum
1617 2624 1695 2677 sit
1717 2622 1836 2678 illis
1858 2638 2026 2678 suum

361 2709 774 2781 corpus.Quod
802 2710 1048 2782 dignum
1079 2711 1227 2766 mihi
1260 2711 1454 2766 visum
1488 2711 1619 2781 fuit,
1654 2711 1802 2766 illud
1823 2716 1934 2781 est,
1961 2715 2027 2764 ut

360 2797 624 2869 aliquem
651 2803 912 2854 vestrum
949 2800 1202 2855 mittatis
1255 2816 1392 2856 cum
1436 2799 1725 2871 epistola;
1755 2815 1871 2870 quo
1905 2815 2027 2854 una

363 2903 499 2945 cum
529 2887 651 2942 illis
678 2887 970 2960 gloriﬁcet
989 2888 1278 2954 Deum,de
1305 2888 1730 2959 tranquillitate
1753 2905 1932 2959 quam
1963 2888 2025 2942 in

365 2978 485 3033 Deo
507 2976 813 3032 consecuti
833 2982 974 3032 sunt
998 2993 1012 3044 ;
1041 2983 1100 3032 et
1119 2977 1278 3048 quod
1308 2977 1860 3033 commodissimum
1889 2995 2024 3049 por-

369 3071 520 3136 tum,
554 3066 876 3121 Christum.
911 3065 1271 3122 obtinuerim
1309 3083 1416 3137 per
1447 3067 1747 3122 orationes
1777 3072 2019 3124 vestras.

2129 1908 2306 1963 αὐτῶν
2335 1901 2408 1961 ὤν
2466 1909 2600 1980 (25)·
2660 1909 2796 1961 κατὰ
2852 1905 2910 1961 δὲ
2965 1907 3183 1979 θέλημα
3209 1911 3306 1962 τοῦ
3339 1911 3471 1962 Θεοῦ
3501 1911 3614 1978 (26)
3648 1927 3780 1961 κατ-

2127 1999 2368 2067 ηξιώθην
2397 1998 2466 2063 ⁸ο,
2516 1997 2618 2051 οὐκ
2667 1995 2728 2050 ἐκ
2782 1993 3142 2067 συνειδήσεως
3173 1995 3332 2070 ἐμῆς,
3365 1995 3494 2052 ἀλλ’
3522 1995 3585 2050 ἐκ
3615 1996 3785 2070 χάρι-

2126 2107 2218 2148 τος
2252 2090 2384 2141 Θεοῦ
2433 2084 2500 2154 ἥν
2533 2083 2771 2160 εὔχομαι
2800 2085 3011 2142 τελείαν
3047 2107 3141 2160 μοι
3171 2083 3428 2154 δοθῆναι,
3450 2085 3548 2139 ’ἱνα
3573 2083 3633 2140 ἐν
3665 2092 3784 2146 ταῖς

2125 2180 2461 2248 προσευχαῖς
2517 2175 2692 2248 ὑμῶν,
2752 2179 2886 2232 Θεοῦ
2942 2173 3210 2250 ἐπιτύχω.
3268 2175 3454 2237 Ὅπως
3499 2175 3594 2229 οὖν
3631 2174 3781 2246 ὑμῶν

2125 2263 2187 2316 τὸ
2239 2261 2394 2337 ἔργον
2431 2261 2638 2318 τὲλειον
2695 2264 2912 2338 γενηται
2969 2261 3056 2318 ἐπὶ
3117 2270 3220 2333 τῆς
3274 2269 3398 2340 γῆς,
3457 2263 3553 2318 καὶ
3614 2261 3670 2318 ὲν
3709 2268 3783 2334 τῷ

2127 2350 2360 2425 οὐρανῷ,
2415 2351 2609 2426 πρέπει
2665 2351 2740 2412 εἰς
2798 2355 2932 2406 Θεοῦ
2994 2353 3164 2425 τιμὴν
3224 2358 3623 2430 χειροτονῆσαι
3685 2354 3784 2421 τὴν

2127 2437 2454 2509 Ἐκκλησίαν
2513 2441 2665 2512 ὑμῶν
2718 2435 3119 2514 θεοπρεσϐύτην
3170 2445 3306 2514 (27),
3348 2439 3428 2502 εἰς
3479 2441 3572 2510 τὸ,
3633 2441 3786 2514 γενό-

2130 2545 2289 2604 μενον
2319 2528 2370 2584 ἐν
2401 2528 2596 2602 Συρίᾳ,
2655 2535 2999 2604 συγχαρῆναι
3053 2529 3262 2601 αὐτοῖς,
3293 2531 3376 2584 ὅτι
3408 2529 3784 2604 εἰρηνεύουσι,

2126 2618 2216 2674 καὶ
2275 2613 2551 2674 ἀπέλαϐον
2613 2620 2676 2673 τὸ
2735 2615 2870 2673 ἴδιον
2911 2617 3160 2692 μέγεθος,
3217 2619 3305 2674 καὶ
3365 2617 3786 2690 ἀποκατεστάθη

2127 2707 2316 2772 αὐτοῖς
2347 2709 2410 2764 τὸ
2443 2705 2582 2764 ζ’διον
2616 2707 2916 2781 σωμάτιον.
2958 2709 3026 2766 Ὃ
3077 2708 3243 2786 ἐφάνη
3281 2729 3376 2783 μοι
3408 2707 3594 2780 ἄξιον,
3626 2710 3786 2764 τοῦτὸ

2127 2797 2288 2867 ἐστιν,
2343 2795 2485 2854 ὥστε
2538 2799 2752 2872 πέμψαι
2810 2798 2932 2854 τινὰ
2994 2803 3102 2852 τῶν
3164 2797 3439 2872 ὑμετέρων
3501 2803 3618 2868 (28)
3679 2801 3788 2872 μετ’

2126 2886 2563 2959 ἐπιστολῆς,⁶ίνα
2594 2885 2889 2962 συνδοξάσῃ
2945 2889 3048 2956 τὴν
3103 2889 3239 2944 κατὰ
3287 2889 3418 2944 Θεὸν
3467 2890 3670 2952 αὐτοῖς
3704 2911 3790 2964 γε-

2125 2977 2362 3052 νομένην
2396 2975 2600 3048 εὐδίαν,
2634 2977 2722 3033 καὶ
2779 2977 2864 3032 ὅτι
2923 2975 3146 3050 λιμὲνος
3205 2977 3446 3052 εὐόρμου
3480 2979 3786 3054 τετύχηκε,

2127 3070 2382 3142 Χριστοῦ,
2441 3063 2530 3122 διὰ
2583 3071 2690 3122 τῶν
2747 3071 3070 3142 προσευχῶν
3137 3068 3309 3140 ὑμῶν’
3367 3065 3786 3137 Τέλειοιόντες,

370 3155 515 3211 Cum
553 3155 800 3226 perfecti
830 3155 981 3220 sitis,
1003 3155 1265 3225 perfecta
1287 3161 1346 3210 et
1365 3155 1602 3210 sentite.
1637 3156 2022 3226 Cupientibus

2197 3157 2311 3211 λεια
2339 3156 2428 3211 καὶ
2467 3161 2714 3235 φρονεῖτε
2751 3159 2874 3228 (29).
2927 3157 3156 3212 Θέλουσι
3209 3157 3314 3233 γάρ
3361 3157 3492 3228 ὑμῖν
3522 3157 3582 3212 εὗ
3615 3161 3790 3232 πράτ-

369 3244 532 3300 enim
561 3244 726 3300 vobis
753 3245 909 3299 bene
929 3243 1146 3312 facere,
1166 3243 1344 3298 etiam
1365 3243 1522 3299 Deus
1550 3243 1748 3315 largiri
1781 3249 2022 3315 paratus

2197 3268 2264 3314 ιν,
2295 3247 2383 3301 καὶ
2415 3243 2644 3319 ἕτοιμός
2673 3244 2814 3300 ἐστιν
2847 3247 2874 3301 ὁ
2907 3247 3035 3309 Θεὸς
3069 3245 3146 3310 εἰς
3173 3247 3215 3282 ⁸¹
3237 3245 3300 3301 τὸ
3323 3253 3634 3321 παρασχεῖν
3661 3251 3788 3320 (30).

369 3339 481 3390 est.

438 3423 559 3477 XII.
585 3421 810 3478 Salutat
825 3439 926 3477 vos
949 3422 1270 3478 charitatas
1286 3423 1536 3480 fratrum
1565 3431 1894 3480 vestrorum
1921 3425 2022 3496 qui

374 3515 516 3565 sunt
537 3510 599 3564 in
619 3511 843 3566 Troade
870 3527 884 3564 :
915 3510 1076 3566 unde
1107 3517 1166 3566 et
1191 3512 1384 3567 scribo
1415 3513 1577 3568 vobis
1607 3531 1714 3586 per
1745 3515 2022 3586 Burgum,

369 3614 551 3669 quem
582 3599 828 3654 misistis
855 3615 1242 3671 mecum,una
1272 3619 1408 3656 cum
1439 3603 1708 3675 Ephesiis
1739 3603 2024 3658 fratribus

369 3689 620 3755 vestris;
653 3689 704 3744 is
732 3707 838 3761 per
867 3691 1068 3746 omnia
1123 3709 1219 3747 me
1272 3693 1640 3750 refocillavit.
1676 3697 1758 3750 Ac
1795 3695 2023 3749 utinam

446 3815 490 3848 ⁷⁸
519 3815 700 3889 ροηδε.
733 3832 826 3886 ap.
862 3833 914 3882 ν,
953 3823 1000 3871 1.
1075 3817 1123 3852 ’⁷⁸
1148 3818 1196 3872 Π
1225 3818 1370 3874 Tim.
1405 3836 1440 3889 ι,
1477 3822 1562 3875 18.
1639 3818 1686 3855 ⁸ο
1715 3819 1792 3876 al.
1820 3817 1956 3872 κατὰ
1985 3826 2022 3880 es

2197 3836 2203 3870 ι
2249 3815 2621 3886 κατηξιώθην.

380 3881 759 3962 συναδέλφοις.

449 4000 654 4076 (22)ξο
708 3997 1181 4076 τιμῶν-δέσμιον,
1226 4001 1408 4072 Ἰησοῦ
1489 4007 1744 4076 Χριστοῦ,
1807 4001 2022 4076 μαρτῦς-

381 4069 488 4146 ρῳν
523 4069 1002 4146 λήψεταίμισθῗόν.
1035 4069 1123 4146 Ita
1168 4075 1230 4130 in
1291 4069 1739 4132 Constitzitionib.
1792 4069 2018 4146 ἀρόειοι.

379 4145 480 4202 lib.
515 4161 568 4206 ν,
601 4161 728 4216 cap.
791 4149 840 4212 1,
865 4183 871 4188 ι
897 4145 967 4199 de
1024 4145 1397 4216 visitantibus
1454 4148 1671 4202 Christi
1700 4145 1930 4202 vinetos
1961 4145 2024 4200 in

378 4214 754 4290 carceribus:
789 4217 958 4290 τοῦτο
984 4214 1328 4290 ποιησάντων
1359 4215 1537 4290 ὐμῶν.
1573 4217 1867 4290 μαρτύριον
1897 4216 2024 4290 ὑμῖν

381 4286 782 4359 λογισβῄσεται.
809 4307 848 4359 ιι
867 4287 987 4342 Hoc
1018 4288 1066 4342 si
1098 4287 1380 4356 feceritis,
1402 4286 1584 4344 vobis
1601 4286 1724 4344 vice
1754 4286 2022 4359 martYrii

377 4356 713 4413 habebitur.
749 4377 776 4404 ››
807 4357 1000 4412 ΠΒΒΕΒ.

451 4421 785 4502 (23)__06§‘s_v
839 4425 965 4496 ὖμῖν
1025 4425 1578 4502 παραλογισθήσεται.
1633 4433 1756 4486 Vet.
1808 4431 2022 4502 vulgat.

379 4521 410 4550 «
443 4477 601 4579 ifilli;
630 4477 794 4579 vobis
818 4477 1632 4579 re'piitaiiifdilga‘pateﬁat.
1650 4477 2024 4574 '.;'Xn.',ﬁ'.§’;ril

385 4591 410 4622 σ
443 4567 596 4624 Nihil
627 4567 790 4642 vobis
818 4567 1025 4641 utique
1048 4567 1362 4642 deperibit.
1399 4593 1428 4621 ››
1463 4575 1540 4629 In.

455 4642 571 4716 (24)
637 4638 960 4716 Ἀντίψυχον
1039 4638 1190 4716 ὑμῶν
1263 4641 1326 4696 τὸ
1395 4645 1614 4716 ,πνεῦμά
1694 4665 1820 4715 μου.
1897 4643 2026 4698 Vet.

384 4712 598 4788 vulgat.
633 4735 660 4761 ι(
691 4712 804 4788 Ρφ
861 4712 1190 4788 animabus
1231 4713 1440 4770 vestris
1489 4712 1740 4788 spipitus
1779 4732 1966 4770 meus.
2005 4737 2026 4764 ι

385 4783 688 4858 Anglican.
702 4805 728 4858 (ι
749 4783 1079 4858 conformis
1095 4785 1310 4858 animas
1328 4783 1533 4841 vestrai
1549 4783 1791 4858 spiritus
1811 4803 2030 4842 meus.»

388 4856 493 4908 Vid
551 4859 672 4925 not.
708 4855 974 4925 inJEpis‘t.
1007 4855 1080 4908 ad
1107 4857 1386 4925 Ephesios.
1421 4859 1497 4911 In.

460 4929 573 4994 (25)
605 4924 718 5000 φύκ
775 4920 1078 5000 6i{_5igtog_
1111 4920 1334 5000 ἐκεῖθεν,
1394 4925 1624 5000 ἔσχατος
1701 4925 1877 4980 αὐτῶν
1937 4923 2030 4982 ὢν.

387 4997 512 5050 Vet.
545 4997 762 5067 vulgat.
788 5019 814 5042 κ
847 4995 1008 5050 Unde
1044 4997 1218 5066 (hanc
1239 4999 1402 5052 enim
1432 4995 1632 5054 vocem
1665 5015 1735 5052 ex
1767 5016 1906 5053 mss.
1942 5015 2034 5052 re-

385 5067 717 5141 posuimus)
743 5072 936 5141 etnon
959 5084 1089 5141 sum
1116 5069 1326 5141 dignus
1347 5085 1476 5126 esse
1499 5069 1746 5125 ultimus
1771 5085 2034 5125 eorum.»

387 5138 694 5210 Anglican.
729 5159 755 5187 ‹‹
790 5138 917 5192 Non
949 5138 1207 5210 existens
1229 5140 1442 5210 dignus
1465 5141 1604 5196 inde
1636 5157 1765 5196 esse
1797 5158 1810 5207 ;
1843 5149 2035 5196 extre-

387 5209 521 5284 mus
553 5209 1158 5284 ipsorumnexsistens.
1186 5233 1212 5258 »
1246 5209 1419 5284 Unde
1452 5214 1536 5284 ita
1563 5211 2039 5284 interpungenda

389 5273 635 5356 Graeca,“
658 5278 771 5356 οὐκ
806 5273 880 5332 ὤν
929 5279 1075 5356 egw;
1123 5277 1319 5356 ἐκεῖθεν
1353 5284 1482 5356 (pro
1514 5273 1772 5352 ἐκείνων),
1807 5273 2036 5356 ἔὲχατος

386 5352 566 5406 αὐτῶν
599 5347 693 5404 ὢν.
729 5347 1054 5411 Ἀντιογξων
1085 5353 1332 5408 scilicet.
1361 5347 1444 5411 Ϊῐ).

461 5423 585 5496 (26),
608 5420 757 5477 Κατὰ
815 5416 871 5474 δὲ
915 5416 1146 5496 ’θέλημα
1199 5426 1294 5478 τοῦ
1344 5427 1498 5482 Θεοῦ.
1532 5427 1616 5481 Ita
1645 5425 1830 5481 codex
1885 5422 2042 5495 Nyd-

387 5495 749 5568 pruccianus
773 5495 1184 5568 consentiente
1209 5502 1460 5568 utroque
1496 5503 1690 5552 vetere
1715 5497 1919 5568 Latino
1947 5497 2042 5568 in-_-

392 5562 854 5638 terprete._Nam
900 5565 971 5638 ab
1019 5562 1382 5638 Augustano,
1412 5584 1532 5623 non
1583 5569 1774 5624 solum
1828 5562 1904 5633 δὲ,
1940 5565 2043 5622 sed

393 5633 574 5689 etiam
603 5636 700 5687 τοῦ
727 5633 1140 5702 8306,_aberat:
1171 5639 1247 5692 In.

403 5704 578 5780 ,,(²Ἱ)
637 5699 1065 5780 Θεοπρεσᾷύτην.
1126 5707 1244 5780 Vel‘
1311 5701 1746 5780 Θεοπρεσϐευτήν
1788 5709 2042 5780 potius;

399 5769 461 5822 id
482 5769 602 5838 est,
635 5769 869 5828 sacrum
893 5769 1148 5843 legatum
1181 5793 1196 5830 :
1227 5775 1312 5831 ita
1367 5769 1612 5847 dictum,
1649 5769 1821 5850 quod.
1836 5769 2047 5833 Antio;

2205 3428 2326 3481 XII.
2361 3423 2685 3494 Ἀσπάζεται
2743 3425 2884 3498 ὑμᾶς
2914 3427 2948 3493 ἡ
2984 3423 3168 3499 ἅγάπη
3209 3429 3317 3478 τῶν
3351 3421 3607 3503 ἀδελφῶν
3641 3428 3794 3498 ὑμῶν

2133 3517 2241 3568 τῶν
2275 3512 2326 3568 ἐν
2357 3509 2600 3584 Τρωάδι,
2629 3513 2748 3568 ὅθεν
2767 3515 2855 3568 καὶ
2882 3513 3075 3592 γράφω
3101 3513 3229 3586 ὑμῖν
3257 3509 3348 3566 διὰ
3373 3514 3630 3590 Βοὺργου
3663 3519 3793 3583 (3i),

2135 3604 2192 3657 ὃν
2227 3603 2576 3658 ἀπεστείλατε
2621 3608 2738 3675 μετ’
2789 3601 2946 3675 ἐμοῦ,
3005 3604 3120 3678 ἃμα
3176 3601 3445 3680 Ἐφεσίοις
3476 3609 3598 3666 τοῖς
3631 3601 3796 3659 ἀδελ-

2135 3696 2256 3766 φοῖς
2286 3691 2334 3727 ⁸³
2366 3690 2538 3764 ὑμῶν·
2599 3689 2657 3752 ὅς
2703 3691 2839 3746 κατὰ
2885 3691 3054 3746 πάντα
3107 3711 3174 3764 με
3204 3688 3486 3746 ἀνέπαυσε.
3525 3692 3631 3747 Καὶ
3663 3687 3796 3768 6'39:-

2723 3817 2769 3852 ’ί
2818 3818 2894 3872 al.
2927 3815 3017 3871 καὶ
3049 3817 3076 3871 6
3108 3815 3240 3877 Θεὸς
3266 3810 3493 3888 ἕτοιμος
3526 3815 3604 3878 είς
3633 3819 3682 3852 ⁸³
3711 3819 3768 3875 al

2132 4003 2684 4076 chiammittendus
2717 4010 2892 4074 esset,
2922 4001 2998 4064 εἰς
3054 4003 3117 4076 τὸ
3155 3996 3487 4076 πρεσϐεῦσαι
3514 4001 3628 4058 ἐκεῖ
3659 4011 3790 4060 Θεοῦ

2130 4067 2440 4151 πρεσϐείαν,
2472 4081 2538 4130 ut
2567 4076 2639 4151 _in
2694 4067 2946 4146 Epistota
2997 4075 3071 4130 ad
3125 4067 3596 4145 Philadelphenos
3623 4079 3795 4151 Igna-

2136 4146 2250 4200 tius
2281 4146 2528 4202 dixerat.
2565 4148 2644 4202 In.

2350 4217 2569 4290 Πέμψαι
2628 4217 2749 4271 τινὰ
2805 4221 2914 4290 τῶν
2973 4215 3268 4290 ὑμετέρων.
3301 4217 3794 4290 lSydpruccianus

2136 4285 2340 4364 cedet,
2381 4285 2686 4364 ἡμετέρων,
2720 4305 2840 4344 non
2899 4289 2982 4344 ita
3010 4285 3196 4344 'recte
3228 4285 3451 4364 habet;
3478 4293 3794 4364 Anglican,

2137 4381 2164 4409 ‹‹
2198 4359 2435 4436 mittere
2491 4359 2754 4436 aliquem
2811 4368 3163 4436 vestrorum.
3195 4382 3222 4409 ›ι
3286 4366 3368 4436 et_
3397 4362 3530 4436 _Vet.
3574 4359 3792 4436 vulgat.

2136 4453 2165 4480 ‹‹
2199 4431 2434 4486 mittere
2465 4431 3028 4506 aliquem_vestrum_
3053 4431 3216 4506 illuc,
3251 4453 3278 4480 »
3310 4431 3434 4506 ubi.
3467 4455 3496 4482 α
3533 4431 3796 4506 διιψῖεῐιι

2135 4507 2419 4564 vestrum.
2449 4524 2479 4574 η
2505 4519 2574 4574 ex
2599 4503 3032 4574 Magdalenensi
3056 4510 3116 4558 et
3140 4503 3454 4558 Petaviano
3477 4521 3592 4560 ms.
3629 4503 3797 4560 resti-

2139 4575 2382 4629 tuimus.
2417 4573 2564 4629 Vide
2595 4573 2717 4629 noti.
2753 4575 2813 4628 in
2873 4574 3183 4646 Polycarpi
3214 4576 3527 4644 Epistolam
3559 4577 3632 4631 ad
3663 4577 3796 4632 Phi-

2140 4644 2429 4698 lippenses.
2464 4647 2542 4698 In.

2161 4647 2429 4701 innenses.
2464 4647 2542 4701 In.

2177 4661 2429 4715 ppenses.
2464 4661 2542 4701 ω.

2213 4716 2325 4790 (29)
2357 4712 2583 4790 Ἱίέλειοι
2631 4710 2800 4785 ὄντες,
2855 4714 3038 4790 τέλεια
3097 4715 3184 4768 καὶ
3246 4721 3520 4790 φρονεῖτε.
3575 4719 3800 4774 Citatur

2144 4787 2205 4842 in
2263 4787 2497 4842 Maximi
2554 4789 2706 4842 Locis
2761 4789 3114 4849 communib.,
3169 4787 3346 4842 serm.
3407 4791 3460 4852 2,
3497 4791 3649 4844 etin
3683 4791 3796 4844 alio

2146 4859 2344 4913 Grmco
2365 4857 2632 4914 locorum
2652 4860 3058 4914 communium
3083 4859 3232 4914 libro
3261 4876 3367 4914 ms.
3394 4859 3484 4928 (in
3505 4860 3802 4918 Oxonien-

2143 4929 2224 5002 sis
2259 4929 2976 5002 AcademimBibliotheca
3020 4931 3302 5002 publica),
3336 4947 3464 5002 cap.
3489 4935 3545 4999 9,
3579 4933 3798 4988 omissa

2142 5000 2203 5054 in
2235 5005 2487 5072 utroque
2517 4999 2608 5053 καί
2639 4999 3082 5072 conjunctione.
3114 5003 3195 5056 In.

2216 5069 2591 5145 (30)_9_élo_uat
2632 5069 2936 5145 ’γὰρ’-ὑμῖν
2995 5071 3053 5125 εὗ
3111 5072 3384 5145 πράττειν,
3443 5071 3538 5126 καὶ
3575 5069 3802 5144 ἕτοιμός

2143 5138 2358 5217 εστιν-’ὁ
2386 5143 2544 5217 ,Θεὸς
2603 5138 2680 5200 εἰς
2720 5138 2800 5196 πὸ
2845 5138 3177 5217 παρασχεῖν.
3211 5143 3438 5198 Ibidem
3471 5138 3714 5216 quoque
3747 5151 3800 5199 et

2145 5213 2258 5286 ista
2287 5213 2819 5286 lcgiturﬁsententia
2841 5231 2855 5270 :
2881 5213 3294 5286 et'utrobique.
3315 5231 3436 5271 non
3456 5213 3590 5286 conj
3601 5213 3800 5271 unctio

2147 5285 2340 5339 solum
2395 5285 2708 5360 omittitur,
2763 5286 2866 5342 sed
2921 5285 3191 5360 παρέχειν
3212 5287 3392 5342 etiam
3442 5285 3667 5360 legitur
3693 5303 3798 5360 pro

2145 5361 2472 5433 παρασχεῖν.
2517 5357 2762 5433 Citat_qr_
2802 5363 2950 5433 et__a
3002 5357 3398 5433 'Damasceno,
3438 5357 3796 5433 ἱηῬανᾳιιει.

2145 5427 2249 5502 lib.
2280 5427 2480 5502 _1,'cap.
2603 5451 2628 5476 «
2663 5427 3012 5484 Volentibus
3041 5429 3212 5484 nobis
3243 5429 3393 5484 bene
3419 5445 3617 5502 agere,
3652 5429 3801 5502 Deus

2149 5498 2223 5553 ad
2264 5497 2652 5624 .ltargliendum
2676 5541 2684 5580 ς
2712 5507 3022 5572 promptus
3079 5507 3187 5567 est,
3222 5521 3250 5550 »
3308 5497 3483 5570 ἡμῖνξ
3509 5517 3618 5572 pro
3652 5500 3799 5570 ὑμῖν,

2150 5586 2276 5624 nos:
2307 5586 2360 5624 ο.
2423 5588 2470 5624 ι).
2677 5583 2683 5614 ε

2191 5578 2360 5624 osuo.
2395 5578 2470 5625 lo.
2677 5578 2683 5614 Ξ

2149 5586 2622 5724 Ροῗέίῖῦέίίργρυ.
2659 5607 2984 5724 _it_ng_l_ican.
3004 5713 3018 5724 _
3041 5665 3072 5694 «
3099 5641 3350 5724 Burrum
3415 5665 3437 5692 ι
3471 5641 3634 5716 legit.
3671 5643 3795 5698 Vid.

2149 5717 2273 5766 not.
2306 5713 2368 5768 in
2388 5713 2570 5784 Epist.
2600 5713 2675 5768 ad
2700 5713 3120 5783 Philadelphen.
3158 5715 3239 5769 In.
