3924 6310
106 423 227 482 857

109 550 210 605 λον
240 551 432 610 πάντες
462 547 622 604 αὐτὸν
672 547 970 621 ἐμιμοῦντο
1025 548 1161 618 (32),

112 643 248 694 Θεοῦ
305 636 598 698 διακονίας.
664 634 980 708 Ἀμείψεται
1038 634 1262 702 αὐτὸνὴ
1297 635 1459 708 χάρις
1518 635 1632 706 (33)
1678 638 1774 687 τοῦ

112 729 321 804 Κυρίου
379 728 516 781 κατά
574 725 770 780 πάντα.
829 724 1172 795 Ἀσπάζομαι
1227 724 1320 777 τὸν
1375 723 1616 792 ἁξιόθεον
1653 722 1772 776 ἐπί-

115 838 323 873 σκοπον
358 818 511 890 ὑμῶν
547 813 933 888 ΙΙολύκαρπον,
965 813 1055 867 καὶ
1108 813 1170 867 τὸ
1215 813 1506 887 θεοπρεπὲς
1538 805 1770 885 πρεσϐυ-

109 910 318 982 τὲριον,
367 905 459 960 καὶ
514 902 641 964 τοὺς
695 901 1106 980 Χριστοφόρους
1156 897 1438 963 διακόνους
1491 900 1616 961 τοὺς
1651 921 1772 952 συν-

114 995 358 1056 δούλους
415 1015 520 1067 μου
577 995 714 1066 (34),
778 991 866 1046 καὶ
927 990 1054 1054 τοὺς
1103 990 1237 1045 κατὰ
1293 987 1460 1066 ἄνδρα
1497 989 1586 1043 καὶ
1616 992 1772 1061 κοινῇ

113 1083 407 1152 πάντας,ἒν
444 1083 675 1154 ὀνόματι
729 1084 965 1155 Χριστοῦ
1017 1083 1220 1150 Ἰησοῦ,
1252 1079 1342 1134 καὶ
1371 1085 1470 1148 τῆς
1501 1077 1699 1153 σσρκὸς
1730 1078 1778 1113 ⁸³

116 1177 308 1241 αὐτοῦ,
341 1174 428 1227 καὶ
461 1177 540 1244 τῷ
573 1169 784 1244 ατίματι,
848 1172 1008 1234 πάθει
1066 1191 1123 1224 τε
1179 1170 1265 1223 καὶ
1310 1169 1612 1238 ἀναστάσει,
1647 1188 1777 1242 σαρ-

113 1269 248 1338 κικῇ
310 1283 369 1317 τε
427 1261 518 1316 καὶ
575 1263 942 1334 πνευματιγῇ,
1003 1259 1049 1294 ⁸⁸
1080 1257 1287 1328 ἐνότητι
1343 1261 1452 1331 (35)
1511 1262 1642 1313 Θεοῦ
1684 1259 1772 1312 καὶ

119 1357 296 1428 ὑμῶν.
332 1353 502 1422 Χάρις
559 1352 710 1424 ὑμῖν,
744 1348 920 1418 ἔλεος,
963 1348 1178 1424 εἷρήνη,
1211 1349 1488 1421 ὒπομονή,
1523 1345 1612 1402 διὰ
1643 1368 1776 1402 παν-

112 1445 212 1506 τὸς
248 1443 300 1497 ἐν
330 1445 574 1517 Χριστῷ.

190 1533 334 1591 ΧΙΙΙ.
369 1530 715 1602 Ἀσπάζομαι
773 1530 904 1591 τοὺς
963 1525 1148 1590 οἷ’κους
1201 1532 1308 1582 τῶν
1365 1524 1614 1606 ἀδελφῶν
1649 1548 1775 1600 μου,

119 1620 219 1673 σὺν
249 1617 461 1692 γυναιξὶ
517 1615 608 1670 καὶ
664 1615 898 1684 τέκνοις,
957 1616 1047 1668 καὶ
1107 1613 1484 1689 ἀειπαρθὲνους
1541 1615 1631 1669 καὶ
1680 1614 1774 1676 τὰς

117 1709 305 1783 χήρας
335 1709 473 1778 (36).
507 1701 788 1778 ’Έρῥωσθὲ
849 1725 941 1776 μοι
1000 1703 1052 1758 ἐν
1113 1701 1335 1777 δυνάμει
1365 1706 1410 1740 ⁸⁸
1439 1704 1773 1776 Πνεύματος.

118 1798 452 1864 Ἀσπαζεται
488 1795 626 1866 ὑμᾶς
677 1792 864 1848 Φίλων
923 1793 950 1846 ὁ
1009 1791 1373 1864 συνδιάκονος,
1406 1790 1479 1846 ὥν
1509 1794 1598 1846 σὺν
1629 1791 1772 1864 ἒμοί.

117 1887 469 1958 ’Δσπάζομαι
527 1886 618 1938 τὸν
679 1884 832 1938 οἷκον
892 1884 1088 1944 Γαυῖας
1147 1885 1191 1919 ⁸⁷
1251 1887 1385 1955 (37),
1433 1884 1494 1951 ἣν
1535 1879 1774 1960 εὔχομαι

121 1973 399 2048 ήδρᾶοθαι
454 1973 633 2028 πίστει
690 1973 779 2027 καὶ
836 1973 1015 2048 ἀγάπῃ
1077 1975 1187 2046 (38)
1246 1976 1475 2047 σαρκικῇ
1554 1992 1614 2026 τε
1689 1956 1790 2026 καί

117 2067 488 2136 πνευματικῇ.
553 2061 892 2134 Ἀσπάζομαι
951 2061 1193 2132 “Ἀλκην,
1257 2062 1321 2116 τὸ
1385 2057 1623 2131 ποθητὸν
1683 2082 1773 2132 μοι

116 2153 320 2226 ὄνομα,
380 2151 468 2206 καὶ
528 2149 730 2230 Δάφνον
786 2149 877 2204 τὸν
938 2150 1256 2225 ἀσύγκριτον
1290 2152 1420 2223 (39),
1453 2147 1774 2208 213E313):-

111 2265 208 2297 νον
241 2243 382 2315 (40),
412 2243 502 2294 καὶ
542 2242 746 2302 πάντας
796 2240 910 2294 κατ’
975 2235 1168 2311 ὄνομα.
1200 2237 1475 2315 Ἐρῤωσθε
1506 2239 1557 2294 ἐν
1591 2242 1775 2315 χάριτι

115 2335 255 2388 Θεοῦ
286 2330 380 2384 καὶ
420 2327 626 2403 Κυρίου
657 2331 814 2401 ἡμῶν
849 2332 1032 2399 Ἰησοῦ
1061 2329 1317 2404 Χριστοῦ,
1351 2328 1778 2404 πεπληρωμένοι

113 2419 436 2492 Πνεῦματος
476 2417 652 2494 ἁγίου,
711 2417 798 2472 καὶ
856 2417 1046 2495 σοφίας
1105 2417 1247 2480 θείας
1304 2419 1397 2472 καὶ
1444 2419 1592 2494 ἱερᾶς
1643 2423 1773 2494 (41).

258 2685 376 2759 (⁴²)
455 2708 707 2804 ΠΡΟ
791 2707 1654 2806 ΠΟΛΥΚΑΡΠΟΝ

567 2861 902 2917 Ἐπίσκοπον
931 2860 1186 2936 Σμύρνης
1227 2865 1356 2932 (43).

832 414 1244 478 EPISTOLIE
1285 412 1891 476 INTEBPOLATE.
1938 443 2016 461 -ι
2058 414 2167 473 ΑΒ
2210 410 2769 472 POLYCARPUM.

1221 540 1347 598 ὅντα
1401 543 1759 618 ἒξεμπλάριοι

1950 561 2091 600 nnes
2123 544 2287 598 illum
2320 543 2649 611 imitentur,
2710 543 2811 612 qui
2869 546 2958 598 est
3017 541 3322 614 exemplar
3351 541 3535 598 divini

3412 410 3540 471 858

1880 633 2218 689 ministerii.
2244 633 2548 688 ltetribuet
2579 633 2662 686 illi
2700 649 2807 703 per
2836 632 3037 686 omnia
3065 632 3252 704 gratia
3277 633 3532 689 Domini.

1881 723 2076 778 Saluto
2112 726 2230 778 Deo
2262 724 2506 794 dignum
2561 723 2904 794 episcopum
2963 728 3224 777 vestrum
3255 721 3533 793 Polycar-

1880 830 2042 885 pum,
2099 815 2218 868 Deo
2287 813 2567 868 decorum
2625 813 3087 885 presbyterium,
3169 812 3536 867 christiferos

1883 903 2164 958 diaconos
2195 919 2510 957 conservos
2537 919 2722 968 meos,
2756 906 2813 956 et
2845 901 3186 972 singillatim
3219 917 3284 956 ac
3310 901 3372 954 in
3403 901 3537 955 uni—

1880 1010 2114 1048 versum
2148 1010 2375 1057 omnes,
2411 994 2473 1048 in
2522 995 2768 1049 nomine
2827 993 3042 1047 Christi
3082 993 3239 1060 Jesu,
3274 997 3331 1046 et
3361 1008 3536 1046 carne

1882 1084 2088 1154 ipsius,
2149 1084 2454 1155 sanguine,
2515 1083 2811 1154 passione,
2847 1089 2904 1137 et
2933 1082 3368 1137 resurrectione
3413 1087 3535 1136 tam

1880 1171 2176 1243 corporali
2209 1188 2385 1243 quam
2417 1171 2730 1242 spirituali,
2755 1172 2816 1226 in
2837 1171 3066 1225 unitate
3097 1171 3198 1226 Dei
3231 1176 3290 1224 et
3320 1176 3532 1227 vestra.

1881 1264 2078 1319 Gratia
2106 1262 2291 1328 vobis,
2321 1262 2750 1329 misericordia,
2799 1277 2930 1332 pax,
2973 1260 3259 1331 patientia
3291 1276 3528 1331 semper

1883 1353 1976 1421 sit,
2014 1353 2075 1406 in
2105 1351 2357 1407 Christo.

1951 1531 2099 1586 XIII.
2135 1531 2336 1586 Saluto
2361 1530 2620 1586 familias
2638 1529 2890 1586 fratrum
2918 1546 3211 1597 meorum,
3234 1547 3367 1585 cum
3388 1547 3535 1586 uxo-

1879 1621 2046 1676 ribus
2077 1625 2135 1674 et
2164 1620 2405 1684 liberis;
2466 1625 2523 1675 et
2577 1625 2864 1691 perpetuo
2895 1620 3173 1693 virgines,
3206 1636 3274 1674 ac
3305 1619 3535 1676 viduas.

1887 1709 2082 1764 Valete
2113 1708 2259 1762 mihi
2281 1709 2341 1762 in
2371 1709 2585 1764 virtute
2607 1708 2651 1744 ⁸⁸
2673 1709 2947 1780 Spiritus.
2975 1709 3203 1764 Salutat
3232 1727 3329 1764 vos
3359 1709 3528 1763 Philo

1882 1798 2302 1865 condiaconus,
2337 1799 2436 1869 qui
2487 1813 2722 1852 mecum
2754 1803 2860 1852 est.
2896 1798 3097 1853 Saluto
3127 1799 3359 1853 'l‘aviam
3391 1815 3528 1853 cum

1884 1887 2264 1954 domesticis;
2307 1903 2485 1957 quam
2543 1892 2680 1957 Opto
2737 1885 2980 1941 solidari
3013 1886 3128 1941 fide
3160 1891 3217 1940 et
3241 1886 3526 1942 charitate

1895 1976 2187 2047 corporali
2210 1982 2385 2046 atque
2409 1975 2924 2046 spirituali.Saluto
2939 1976 3120 2031 Alcen
3138 1975 3535 2031 desiderabile

1889 2067 2033 2121 mihi
2065 2083 2305 2133 nomen,
2341 2072 2398 2120 et
2429 2066 2742 2136 Daphnum
2764 2065 3316 2137 incomparabilem,
3340 2082 3407 2120 ac
3429 2069 3539 2121 Eu-

1892 2161 2151 2224 tecnum,
2213 2171 2540 2225 omnesque
2597 2155 2972 2210 nominatim.
3028 2156 3228 2210 Valete
3259 2156 3320 2210 in
3353 2155 3540 2226 gratia

1887 2245 1990 2299 Dei
2017 2260 2085 2299 ac
2113 2245 2346 2300 Domini
2394 2244 2579 2299 nostri
2635 2244 2770 2298 Jesu
2799 2243 3034 2310 Christi,
3065 2243 3276 2315 repleti
3313 2245 3535 2316 Spiritu

1887 2338 2112 2398 sancto,
2149 2338 2205 2388 et
2235 2333 2431 2388 divina
2461 2337 2781 2403 sanctaque
2810 2333 3121 2404 sapientia.

2172 2711 2334 2802 AD
2429 2712 3254 2807 POLYCARPUM

2374 2872 2726 2944 Episcopum
2767 2874 3052 2946 Smyrnae.

114 3025 384 3104 Ἰγνάτιος
443 3023 737 3085 ἐπίσκοπος
793 3021 1138 3100 Ἀντιοχείας
1195 3026 1331 3096 (4-4),
1389 3025 1417 3079 ὁ
1473 3026 1564 3080 καὶ
1623 3028 1759 3104 μάρ.

1950 3034 2132 3088 natius
2180 3037 2461 3106 episcopus
2507 3037 2838 3106 Antiochiae,
2887 3039 2984 3108 qui
3039 3045 3090 3093 et
3143 3045 3360 3110 martyr
3406 3042 3531 3095 Jesu

188 3157 240 3192 ⁸³
272 3157 317 3212 f.
349 3159 420 3228 τῇ
452 3150 630 3226 capri.
708 3151 754 3186 ⁸⁴
783 3152 823 3208 f.
860 3169 1124 3224 praepon.
1156 3148 1230 3206 ἐν.
1307 3151 1354 3186 ⁸⁸
1378 3154 1588 3209 Patris.
1664 3155 1711 3191 ⁸⁸
1740 3160 1759 3209 Ι

1960 3202 1971 3214 .
2005 3159 2051 3196 ⁸⁷
2079 3161 2120 3216 f.
2154 3160 2376 3223 Ταυῗας.

346 3273 584 3348 Ὄφελον
641 3267 832 3348 πάντες
871 3265 1030 3348 αὐτον
1077 3265 1424 3348 _é_p.ip06v10._
1434 3342 1447 3348 _
1472 3271 1779 3348 Anglican.

120 3372 149 3400 (ι
187 3340 440 3402 utinam'
471 3357 698 3415 omnes
731 3341 927 3411 ipsum
987 3340 1315 3415 imitentur.
1349 3342 1530 3415 »_Vet.
1559 3340 1776 3415 vulgat.

119 3440 145 3472 α
186 3417 526 3473 Debuerant
561 3412 802 3481 quidem
834 3427 1040 3481 omnes
1070 3413 1256 3481 (eum)
1287 3413 1532 3477 imitari,
1569 3436 1594 3462 ιι
1628 3412 1695 3470 ac
1729 3415 1776 3470 si

115 3491 404 3561 legisset:
438 3480 669 3561 Ὤξρελον
702 3482 904 3561 πάντας
943 3480 1120 3561 ,αὖτᾷν
1171 3487 1476 3561 μιμεῖσθαι.
1515 3505 1542 3534 ››
1578 3486 1774 3542 Ηεδεῃ,

193 3552 312 3631 (33)
355 3552 679 3638 ’ᾼμείψεται
728 3552 885 3638 αυτὸν
1011 3552 1192 3638 χάρις.
1246 3556 1636 3638 ...ηειξςᾶξιεει
1667 3561 1778 3638 Be-

117 3626 404 3690 muneret
427 3626 620 3698 ipsum
647 3627 852 3698 gratia.
881 3649 901 3674 ι
921 3628 1054 3698 γετί.
1084 3626 1302 3698 vulgat.
1349 3648 1374 3676 ι
1407 3627 1780 3685 Retribuetur

117 3705 180 3784 ei_
209 3701 419 3784 gratia.
454 3697 485 3748 ὦ
528 3699 617 3784 Sic
646 3697 814 3784 epim‘
841 3697 1018 3784 habet
1047 3697 1229 3778 codex
1273 3699 1777 3784 Magdalenensis:

115 3768 241 3832 ubi
263 3772 432 3837 editi,
471 3793 490 3818 ι
533 3770 824 3824 retribuet
853 3768 903 3840 ej
939 3769 1219 3825 Dominus
1249 3768 1516 3840 gratiam.
1552 3793 1582 3840 _»
1615 3773 1692 3826 ln.

199 3847 316 3916 (34)
395 3835 801 3916 Χριστοφόρους
879 3835 1163 3899 διακόνους
1247 3835 1374 3916 τοῦς
1452 3838 1779 3916 συνδούλους

123 3912 261 3990 μου.
299 3912 630 3990 Anglican.
676 3912 704 3962 ὶι
741 3913 1064 3990 Conservos
1111 3927 1274 3990 meos
1321 3912 1622 3990 diaconos.
1661 3935 1680 3961 ι
1715 3915 1780 3990 I_n

119 3983 388 4059 vulgatis
410 3985 653 4059 alterius
671 3983 895 4059 veteris
904 3983 1251 4059 interpretis
1273 3983 1596 4059 codicibus,
1629 3984 1780 4039 male

118 4054 353 4132 legitur
375 4055 779 4132 singulariter:
805 4077 831 4104 «
859 4054 1315 4124 Christophorus
1339 4055 1621 4111 diaconus
1647 4073 1782 4110 con-

117 4129 333 4189 servus
365 4144 552 4183 meus.
589 4149 616 4176 »
652 4129 730 4180 In.

197 4205 312 4271 (35)
343 4198 615 4266 Ἐνότητι.
672 4199 770 4271 Ἐν
822 4193 1061 4265 ἐνότητι,
1112 4195 1254 4268 legit
1303 4203 1553 4268 uterque
1614 4203 1780 4252 vetus

117 4269 373 4330 Latinus
405 4271 718 4340 interpres.
751 4269 833 4325 ID.

196 4347 333 4420 (36)_
368 4337 790 4420 Ἀειπαρθγὲνους.
817 4409 831 4420 1
864 4337 950 4390 καὶ
1037 4337 1133 4397 τὰς
1190 4339 1392 4420 χήρας.
1469 4340 1776 4420 ᾼηείἰοξη.

118 4441 149 4468 «ι
190 4409 448 4480 virgines
481 4409 713 4467 voéatas
743 4409 982 4464 viduas:
1023 4431 1048 4458 »
1084 4425 1152 4464 ac
1183 4409 1252 4474 si,
1278 4409 1506 4480 promi
1540 4411 1660 4471 τάς.
1695 4411 1776 4466 le-

116 4479 313 4562 gisset
333 4481 624 4562 κληθείσας
677 4485 745 4562 Et
769 4481 945 4562 paulo
969 4486 1121 4562 post,
1140 4479 1782 4562 proiilvsﬁnatogidgm

119 4551 153 4609 ῖῖ
189 4557 386 4612 Patris
423 4578 442 4604 ιι
482 4555 640 4626 legit,
671 4561 728 4608 et
757 4558 920 4607 vetus
957 4551 1227 4623 vulgatus
1268 4553 1583 4623 interpres,
1617 4577 1644 4603 «
1680 4554 1781 4607 Dei

115 4629 340 4686 Patris.
381 4649 401 4675 ι
437 4628 516 4680 In.

196 4701 312 4770 (3‘7)
347 4697 449 4752 Τὸν
483 4695 644 4770 οἶκον,
699 4694 925 4770 Fadiae.
974 4695 1184 4748 Noster
1208 4695 1532 4770 __interpres
1563 4695 1775 4770 habet:

119 4796 146 4825 α
193 4765 439 4826 Domum
474 4769 722 4823 Thaviaa.
764 4789 790 4814 ››
825 4765 1104 4836 Vulgatus
1154 4765 1366 4822 editus.
1405 4789 1431 4814 ‹‹
1464 4768 1713 4829 Gramia,
1751 4792 1772 4818 ι

114 4861 237 4899 ms.
278 4841 646 4903 Baliolensis,
681 4861 706 4886 «
743 4837 1018 4892 Graeviae:
1053 4837 1203 4908 used
1239 4838 1702 4908 Magdalenensis
1723 4844 1782 4892 et

115 4913 502 4978 Petavianus,
537 4933 564 4961 ι(
596 4909 850 4973 ϐνᾶνὶω;
886 4929 912 4956 ››
947 4907 1102 4978 quod
1136 4925 1263 4975 nos,
1297 4907 1362 4962 ut
1403 4926 1535 4963 cum
1581 4910 1779 4963 Graeco

118 4984 534 5042 consentiens.
561 4980 939 5036 retinuimus.
967 4981 1066 5032 Est
1095 4985 1291 5032 autem
1319 5002 1346 5028 ‹‹
1373 4980 1577 5034 Gavias
1610 5002 1637 5029 »
1662 4980 1778 5045 hic,

118 5059 285 5114 alius
316 5073 350 5110 a
377 5079 401 5103 ‹‹
435 5055 574 5108 Gaio
608 5076 636 5102 »
690 5051 835 5113 illo;
897 5050 1067 5120 cujus
1126 5050 1349 5104 mentio
1409 5052 1466 5104 in
1516 5051 1625 5106 hac
1657 5052 1782 5120 epi-

121 5107 286 5186 stola
309 5107 604 5196 jﬁamiante
637 5124 793 5196 facta
816 5107 1228 5196 estzl'icetpro
1260 5121 1398 5175 Gaio
1423 5122 1529 5196 illo
1559 5122 1621 5176 in
1655 5107 1783 5196 E'pi-

116 5201 271 5257 stota
311 5193 389 5252 ad
433 5195 911 5264 Philadelphenos,
946 5193 1134 5264 Gavim
1165 5209 1383 5264 nomen
1420 5194 1477 5248 in
1510 5194 1782 5264 qumdam

121 5268 498 5340 exemplaria
529 5263 875 5340 irrepSerit,
905 5270 971 5318 ut
1003 5263 1543 5340 ibi_a_dnotavimus_l
1577 5267 1655 5318 In.

196 5335 322 5412 (38)
350 5339 566 5412 Ἀγάπη
592 5409 601 5412 _
627 5335 751 5390 νει.
785 5335 998 5412 vulgat.
1027 5357 1053 5385 ‹‹
1080 5335 1418 5412 dilectione.
1446 5358 1486 5412 »_
1509 5336 1592 5390 Ita
1621 5336 1781 5412 enim

119 5407 212 5472 ex“
231 5407 344 5467 ms.
381 5407 819 5473 M'agdalenensi
843 5413 900 5460 et
921 5407 1237 5460 Petaviano
1264 5407 1623 5462 restituimus
1645 5425 1658 5472 ;
1683 5407 1782 5462 ubi

121 5492 308 5542 antea
337 5481 664 5566 legebatur,
699 5501 726 5528 «
764 5477 1091 5566 devotione.
1128 5485 1264 5566 n‘lD.

203 5559 314 5622 (39)
347 5548 454 5607 Tir:
507 5549 848 5622 ἀσῦγκριτον.
872 5620 882 5622 ξ
914 5551 1036 5622 γει.
1096 5548 1310 5622 vulgat.
1339 5620 1346 5622 _
1372 5551 1457 5622 (ut
1496 5555 1554 5604 et
1584 5554 1787 5602 noster

124 5620 452 5696 interpres)
479 5647 499 5670 ι
518 5620 1075 5696 incomparabilem.
1100 5642 1126 5669 »
1150 5620 1414 5696 Ita_enim
1446 5620 1504 5674 in
1535 5627 1783 5696 utroque

125 5701 236 5756 illo
269 5691 382 5752 ms.
415 5695 705 5764 legimus;
738 5708 881 5759 non,
938 5697 1004 5746 ut
1060 5691 1123 5746 in
1181 5691 1374 5759 editis,
1430 5711 1460 5742 «
1507 5691 1786 5762 spiritua-

1891 3276 2028 3332 lem.
2065 3301 2091 3328 »
2124 3281 2197 3334 ID.

1961 3367 2074 3440 (40)
2121 3363 2400 3425 Εὕτεκνον.
2462 3370 2768 3441 Anglican.
2833 3393 2860 3421 «
2887 3371 3237 3436 Eutecnum,
3273 3392 3299 3420 »
3331 3376 3398 3425 ut
3427 3387 3537 3425 no-

1887 3453 2027 3563 inen
2081 3442 2409 3512 proprium.
2469 3442 2594 3496 Vet.
2658 3441 2882 3514 Vulgat.
2945 3465 2972 3492 «
3004 3443 3229 3497 bonum
3259 3442 3470 3498 ﬁlium.
3503 3465 3531 3492 ››

1915 3527 1962 3563 ο.

1915 3527 1962 3563 D.

1959 3582 2252 3656 (41γ)βείας
2308 3585 2396 3656 καί
2452 3583 2619 3654 ἱερᾶς.
2677 3587 2741 3639 In
2797 3585 3018 3640 Latinis
3049 3585 3296 3656 vulgatis
3327 3591 3385 3640 et
3415 3602 3527 3640 ms.

1888 3653 2322 3726 magdalenensi
2355 3655 2481 3726 (sed
2506 3653 2632 3710 non
2665 3657 2727 3711 in
2757 3657 3076 3712 Baliolensi
3107 3653 3177 3712 et
3198 3657 3532 3726 Petaviano)

1889 3725 2146 3787 additur.
2186 3747 2206 3773 ι
2243 3725 2448 3780 Amen.
2485 3747 2512 3774 ››
2545 3728 2622 3781 In.

1961 3796 2073 3868 (42)
2107 3798 2183 3851 De
2216 3797 2324 3851 hac
2355 3797 2427 3851 ad
2460 3797 2849 3870 Polycarpum
2876 3799 3151 3870 Epistola,
3181 3801 3241 3854 in
3272 3803 3306 3853 2
3331 3801 3534 3855 Prole-

1890 3883 2184 3941 gomenon
2209 3874 2554 3941 nostrorum,
2567 3869 2757 3940 capite
2781 3869 3200 3941 disseruimus;
3220 3870 3320 3925 ubi
3340 3878 3396 3924 et
3419 3870 3530 3941 ipsi

1891 3941 1953 4011 Ρ.
1987 3938 2274 4011 Halloixio
2308 3939 2598 3994 nonnulla
2620 3938 2680 3994 in
2703 3957 2772 3994 ea
2797 3940 2979 3994 fuisse
3002 3947 3274 4011 suSpecta
3305 3938 3534 3996 indica—

1889 4009 2371 4082 vimus.lllarvero
2394 4011 2602 4080 partim
2621 4009 3314 4082 inscriptionempartim
3337 4013 3532 4082 ipsum

1891 4097 2102 4152 corpus
2127 4081 2396 4153 Epistolm
2420 4083 2810 4151 spectant.Ait
2831 4083 2990 4137 enim
3013 4081 3271 4153 primum
3290 4107 3315 4132 ‹‹
3342 4081 3534 4153 ipsam

1891 4153 2163 4223 Epistolze
2213 4152 2663 4223 inscriptionem
2720 4153 2975 4208 alienam
3015 4152 3156 4208 "esse
3202 4152 3442 4223 amore
3475 4154 3530 4207 S.

1888 4221 2118 4296 Ignatii,
2153 4221 2467 4298 imo_et'_a
2520 4224 2828 4298 modestia.
2867 4245 2892 4272 »
2953 4225 3211 4298 Ἰγνάτιος
3244 4221 3535 4298 ἐπίσκοπος

1892 4293 2248 4367 ’Ᾰντιοχείας,
2285 4294 2312 4345 ὁ
2342 4293 2428 4369 καὶ
2449 4293 2668 4369 ,μάρτυς
2692 4294 2879 4369 Ῐιησοῦ
2910 4293 3178 4368 Χρίστοῦ.
3216 4320 3243 4348 ι(
3274 4297 3535 4369 Ignatius

1893 4369 2202 4440 episcopus
2231 4367 2579 4440 Antiochiae,
2604 4367 2704 4438 qui
2729 4373 2786 4422 et
2825 4367 3048 4440 martyr
3070 4370 3202 4423 Iesu
3233 4367 3470 4423 Christi.
3507 4390 3528 4416 ιι

1894 4438 2020 4494 Non
2051 4438 2209 4493 enim
2233 4455 2361 4492 esse
2383 4438 2620 4492 solitum
2645 4454 2779 4493 suas
2798 4438 3076 4509 epistolas
3105 4441 3188 4494 sic
3211 4440 3536 4496 inscribere

1895 4510 2326 4566 «humillimum
2349 4515 2404 4564 et
2422 4509 2925 4564 modestissimum
2943 4512 3289 4580 lgnatium,»
3300 4513 3399 4566 sed
3415 4512 3545 4565 sim-

1893 4582 2164 4653 pliciter:
2201 4605 2224 4628 ‹‹
2267 4582 2540 4653 lgnatius,
2572 4581 2673 4650 qui
2707 4586 2762 4635 et
2793 4582 3201 4651 Theophorus.
3237 4606 3262 4631 ››
3295 4583 3540 4651 Deinde,

1892 4669 2026 4706 cum
2058 4652 2187 4706 alim
2214 4652 2627 4722 inScriptiones
2651 4653 2840 4721 plenae
2866 4653 2984 4705 sint
3005 4671 3208 4708 eorum
3243 4654 3539 4713 laudibus.

1888 4725 1961 4778 ad
1993 4740 2141 4792 quos
2172 4724 2376 4778 scribit
2401 4743 2413 4780 :
2442 4725 2591 4778 hanc
2616 4723 2810 4777 nullas
2832 4723 3142 4794 rl’olycarpi
3178 4725 3385 4779 laudes
3410 4723 3536 4794 (qui

1889 4801 2088 4849 tamen
2120 4811 2190 4847 ex
2222 4796 2499 4850 omnibus
2531 4811 2629 4848 eas
2661 4793 2998 4849 merebatur
3026 4793 3203 4865 quam
3237 4793 3536 4865 maxime),

1891 4866 1992 4920 sed
2025 4872 2308 4919 terrorem
2345 4867 2539 4936 potius
2570 4867 2897 4927 continere,
2923 4864 3063 4920 dum
3095 4867 3287 4936 ipsum
3322 4864 3535 4936 inspici

1889 4955 1923 4992 a
1956 4939 2071 4992 Deo
2107 4937 2290 5007 magis
2322 4954 2498 5007 quam
2526 4938 2668 4992 alios
2697 4938 2987 5008 inspicere
3015 4943 3359 4992 commonet.
3393 4959 3423 4987 υ

1961 5009 2024 5062 In
2059 5009 2254 5079 priore
2287 5009 2560 5078 Epistolm
2579 5015 2763 5079 parte.
2791 5026 2907 5063 non
2939 5009 3207 5063 arrident
3237 5008 3320 5062 illi
3354 5030 3380 5056 ‹‹
3403 5024 3533 5063 mo-

1890 5079 2014 5134 nita
2044 5081 2326 5151 ipsa,qua:
2347 5081 2534 5150 magis
2557 5079 2765 5136 decere
2787 5081 3094 5136 videantur
3113 5081 3393 5150 juvenem
3417 5079 3536 5150 epi-

3263 5167 3530 5221 scopum,

1961 5261 2068 5329 (43)
2105 5255 2379 5327 Σμύρνης.
2414 5280 2442 5329 (ς
2476 5258 2556 5312 De
2614 5259 2983 5326 illuminatis,
3017 5280 3044 5308 »
3091 5258 3328 5313 additur
3367 5258 3429 5312 in
3460 5259 3533 5313 ti-

1891 5331 2013 5386 tulo
2047 5329 2325 5384 editionis
2357 5328 2602 5399 vulgatze
2634 5331 2871 5386 Latinae.
2906 5333 2982 5386 In.

1962 5399 2383 5474 (44)_'lyvai~c_io<_
2424 5397 2717 5474 ἐπίσκοπος
2755 5400 3130 5474 λΑντιογείας.
3190 5403 3274 5456 Ita
3326 5406 3382 5454 et
3408 5400 3534 5455 edi-

1893 5474 1973 5527 tio
2004 5471 2231 5544 vulgata
2267 5471 2500 5536 Latina;
2533 5471 2635 5544 sed
2665 5471 2851 5526 codex
2882 5471 3196 5538 Mediceus,
3221 5479 3278 5526 et
3307 5489 3440 5544 cum
3461 5488 3532 5544 eo

1893 5543 2438 5612 nosterinterpres,
2472 5543 2680 5615 eodem
2722 5559 2838 5610 quo
2881 5544 2940 5615 in
2991 5545 3219 5600 caeteris
3251 5543 3535 5615 epistodis

1893 5616 2105 5688 modo:
2168 5611 2427 5688 Ἰγνάτιος
2485 5614 2513 5666 ὁ
2569 5613 2656 5665 καὶ
2715 5611 3009 5688 Θερφόρος.
3041 5615 3183 5670 Vide
3245 5611 3431 5670 Vbssii
3471 5614 3532 5668 in

1891 5687 2045 5742 hanc
2070 5683 2520 5759 inscriptionem
2551 5689 2742 5740 notas.
2780 5683 2858 5739 In'.
