3924 6310
477 380 596 442 943
1199 379 1304 439 AD
1347 379 1777 441 EPISTOLAS
1821 383 1888 442 S.
1936 382 2232 444 IGNATII
2273 384 2692 446 GENUINAS
2736 387 3158 450 APPENDIX.
3767 394 3851 453 911

478 513 688 571 fideles
717 512 1242 584 omniumoperum
1258 513 2128 585 pietatisministra.Humilibus
2160 523 2206 590 Α
2244 523 2430 582 ratur,
2463 517 2524 574 in
2554 520 2734 575 Maria
2759 525 2948 576 matre
2975 524 3092 594 (94)
3117 523 3278 593 Jesu,
3331 524 3615 582 humanas
3669 532 3849 582 natura

478 603 723 676 quidem
755 607 845 659 est
873 603 1102 670 devota,
1126 608 1185 658 et
1213 603 1439 659 devotis
1462 603 1729 659 devotius
1750 603 2128 660 humiliatur:
2239 612 2455 663 natura
2483 609 2813 666 sanctitatis
2841 611 3121 684 angelicae
3154 615 3430 670 sociatur.
3478 617 3553 670 Et
3585 615 3710 670 hac
3749 616 3849 670 talia

477 699 536 749 et
557 694 776 749 mirum
797 692 841 730 τι
869 693 979 765 (91)
999 692 1072 749 ab
1090 692 1368 748 omnibus
1390 692 1832 764 magniﬁcatur:
1857 693 2121 766 cum(9.’.)
2231 697 2636 756 excitaverunt
2693 701 2920 756 viscera
2967 703 3082 774 (95)
3111 708 3354 772 nostra;
3388 710 3445 759 et
3477 711 3699 779 cogunt
3724 707 3847 761 valde

473 799 509 839 a
551 783 771 840 Scribis
785 789 842 839 et
856 782 1168 838 Pharismis
1187 782 1237 836 ei
1263 782 1929 839 detrahaturPrmterea
1949 783 2120 840 multi
2231 785 2572 843 desiderare
2604 796 2910 861 aspectum
2961 791 3140 863 hujus
3187 793 3260 865 [si
3290 793 3377 848 fas
3409 794 3488 850 sit
3521 796 3636 850 fari
3659 793 3705 829 ²²
3729 795 3842 865 (θὸὶί

473 873 664 930 multa
686 874 800 945 (93)
821 873 935 929 alia
964 871 1136 928 nobis
1181 873 1452 928 referunt
1482 872 1554 928 de
1613 872 1860 941 eadem;
1927 879 2124 930 tamen
2231 875 2486 931 cmlestis
2544 879 2652 950 (97)
2685 879 2960 953 prodigii,
3012 887 3071 936 et
3128 882 3516 940 sacratissimi
3577 885 3847 956 (98)mon-

472 963 754 1020 omnibus
775 979 882 1035 per
901 962 1105 1018 omnia
1125 979 1246 1018 non
1275 961 1564 1018 audemus
1582 961 1760 1018 fidem
1793 963 2121 1020 concedere
2233 967 2338 1022 stri
2371 968 2504 1038 (99).
2536 971 2618 1025 Tu
2649 977 2848 1026 autem
2880 971 3150 1044 diligenti
3192 974 3368 1030 modo
3415 973 3704 1048 disponas
3749 991 3849 1030 cum

470 1069 582 1110 nec
615 1052 721 1109 tibi
746 1052 986 1111 referre.
1017 1051 1153 1121 Sed,
1187 1052 1338 1108 sicut
1359 1051 1530 1108 nobis
1561 1069 1596 1108 a
1625 1051 1742 1107 fide
1763 1051 1956 1124 dignis
1985 1069 2120 1110 nar~
2232 1055 2529 1114 desiderio
2562 1065 2766 1114 nostro
2799 1061 2895 1132 (1),
2925 1065 2982 1116 et
3015 1062 3229 1120 valeas.
3261 1066 3448 1119 Amen
3483 1066 3586 1137 (2).

1796 1424 1962 1518 AD
2024 1425 2578 1522 EUMDEM.

684 1677 888 1733 Joanni
908 1681 1098 1731 sancto
1126 1675 1353 1742 seniori,
1383 1690 1510 1732 suus
1535 1675 1609 1746 (3‘,
1631 1677 1898 1746 Ignatius.

544 1857 603 1914 Si
632 1856 864 1913 licitum
889 1860 979 1911 est
1027 1854 1174 1911 mihi
1216 1854 1370 1926 apud
1427 1860 1506 1922 te,
1565 1853 1638 1910 ad
1700 1855 2120 1928 Hierosolyma:

473 1952 672 2021 partes
703 1945 834 2002 volo
865 1945 1206 2012 ascendere,
1230 1950 1287 2000 et
1317 1943 1514 1999 videre
1547 1943 1754 2000 fideles
1775 1945 1850 2017 (4)
1886 1953 2122 2002 sanctos

473 2038 576 2110 qui
607 2036 688 2092 ibi
713 2041 888 2104 sunt;
925 2035 1223 2108 praecipue
1282 2035 1525 2089 Mariam
1579 2040 1828 2090 matrem
1859 2035 1932 2108 (5)
1958 2037 2118 2104 Jesu,

473 2145 654 2200 quam
679 2127 888 2184 dicunt
905 2127 1194 2183 universis
1225 2125 1658 2194 admirandam,
1683 2131 1740 2182 et
1757 2127 1986 2183 cunctis
2020 2127 2124 2182 de—

473 2217 1064 2282 siderabilem.Quem
1088 2215 1249 2270 enim
1268 2214 1344 2286 (6)
1364 2231 1482 2269 non
1497 2213 1750 2271 delectet
1773 2216 1968 2272 videre
1994 2234 2123 2272 eam

478 2311 536 2360 et
563 2304 808 2376 alloqui,
843 2321 974 2376 quas
1003 2319 1206 2359 verum
1237 2304 1422 2358 Deum
1456 2302 1527 2358 de
1567 2319 1628 2358 se
1660 2303 1739 2376 (7)
1789 2306 2040 2376 peperit,
2075 2305 2122 2360 si

475 2398 696 2450 nostris
741 2393 818 2448 sit
847 2391 984 2447 ﬁdei
1017 2397 1074 2447 et
1104 2391 1408 2465 religionis
1441 2391 1666 2447 amicus
1692 2392 1720 2447 ?
1749 2393 2036 2449 Similiter
2066 2399 2126 2450 et

2227 1677 2393 1734 illum
2429 1679 2822 1736 venerabilem
2853 1681 3155 1753 Jacobum,
3179 1683 3278 1755 qui
3310 1687 3855 1758 cognominaturlu-

2233 1774 2392 1833 slus;
2427 1786 2604 1840 quem
2634 1771 2905 1826 referunt
2941 1771 3170 1827 Christo
3223 1774 3360 1830 Jesu
3395 1776 3472 1847 (8)
3503 1776 3850 1832 simillimum

2230 1856 2380 1912 facie
2405 1858 2504 1931 (9),
2537 1859 2654 1914 vita
2685 1865 2743 1914 et
2786 1861 2962 1916 modo
3020 1863 3508 1933 conversationis,
3567 1883 3638 1922 ac
3667 1869 3713 1922 si
3743 1868 3857 1938 ejus-

2233 1947 2368 2001 dem
2408 1948 2561 2003 uteri
2593 1947 2776 2004 frater
2806 1955 2964 2005 esset
3008 1951 3320 2024 gemellus.
3379 1955 3577 2019 Quem
3613 1955 3798 2011 dicunt
3823 1955 3854 2009 si

2233 2038 2454 2109 videro,
2481 2039 2646 2096 video
2671 2044 2729 2095 et
2759 2040 2950 2112 ipsum
2969 2041 3082 2113 (l0)
3111 2043 3310 2098 Jesum
3333 2045 3676 2102 secundum
3695 2051 3854 2102 omnia

2234 2127 2498 2198 corporis
2532 2128 2660 2198 ejus
2686 2127 3068 2186 lineamenta.
3101 2131 3396 2187 Praeterea
3424 2139 3684 2190 caeteros
3721 2152 3852 2190 sanc-

2234 2221 2324 2271 tos
2357 2222 2415 2272 et
2440 2223 2692 2273 sanctas.
2728 2219 2872 2288 Heu,
2923 2219 3064 2291 quid
3109 2237 3310 2275 moror
3339 2220 3368 2276 ?
3415 2223 3571 2293 quid
3628 2224 3854 2280 detineor

2235 2306 2578 2376 (li)?Bune
2637 2315 2984 2378 praceptor,
3048 2325 3367 2381 properare
3415 2327 3511 2367 me
3567 2312 3854 2384 jubeas,et

2237 2394 2436 2450 valeas
2467 2396 2599 2467 (12).
2646 2398 2840 2453 Amen
2863 2397 2998 2468 (13).

1389 2781 1551 2874 AD
1621 2781 1715 2874 S.
1786 2780 2270 2874 ΜΑΡιΙΑΜ
2335 2779 2983 2874 VIRGlNEM.

1431 2977 1726 3034 MATREM
1782 2979 2033 3034 DOMINI
2086 2979 2339 3036 NOSTRI
2393 2980 2552 3034 JESU
2613 2979 2904 3035 CHRISTI.

699 3188 1037 3256 Christifera
1068 3186 1175 3257 (14)
1209 3185 1424 3248 Mariae,
1453 3199 1578 3238 suus
1607 3183 1878 3253 Ignatius.

538 3280 623 3334 Me
655 3276 1020 3348 necphytum
1054 3275 1190 3345 (lii),
1220 3272 1580 3342 Joannisque
1617 3273 1698 3327 tui
1729 3273 2113 3344 discipulum,

466 3367 801 3422 confortare
827 3371 888 3418 et
915 3361 1212 3418 consolari
1243 3361 1534 3416 debueras
1576 3362 1656 3416 De
1676 3363 1811 3416 Jesu
1837 3362 1996 3416 enim
2018 3369 2116 3415 tuo

469 3454 704 3526 percepi
739 3469 892 3506 mira
921 3455 1033 3518 (16)
1064 3449 1246 3517 dictu,
1270 3455 1329 3504 et
1359 3450 1720 3520 stupefactus
1751 3467 1882 3506 sum
1913 3468 1984 3506 ex
2015 3467 2114 3504 an-

2161 3185 2204 3252 C
2235 3188 2287 3236 et
2318 3182 2637 3254 conjuncta
2668 3182 2802 3255 (i7),
2830 3188 2890 3236 et
2917 3187 3280 3237 secretorum
3329 3182 3464 3253 ejus
3495 3184 3756 3248 conscia,
3781 3181 3852 3235 de-

2230 3272 2423 3326 sidero
2457 3289 2526 3326 ex
2547 3271 2746 3326 animo
2777 3271 2889 3340 (l8)
2909 3271 3036 3325 ﬁeri
3067 3271 3286 3326 certior
3301 3269 3374 3326 de
3398 3269 3654 3326 auditis.
3677 3270 3851 3340 Scripsi

2227 3361 2332 3416 tibi
2360 3361 2536 3415 etiam
2570 3361 2712 3415 alias
2745 3363 2876 3429 (19),
2912 3367 2969 3415 et
3001 3359 3192 3430 rogavi
3225 3359 3296 3414 de
3345 3359 3612 3416 eisdem.
3650 3360 3853 3416 Valeas:

2229 3457 2287 3502 et
2319 3449 2603 3519 Neophyti
2639 3449 2752 3520 (20)
2787 3449 2887 3519 qui
2921 3463 3155 3502 mecum
3189 3455 3349 3510 sunt,
3415 3464 3492 3502 ex
3527 3454 3590 3503 te
3619 3455 3680 3504 et
3707 3466 3798 3520 per
3820 3456 3852 3498 ιε

469 3542 617 3598 ditu.
653 3551 695 3597 Δ
733 3547 788 3596 te
816 3544 1036 3605 autem,
1075 3555 1205 3609 quae
1237 3554 1472 3610 semper
1501 3537 1550 3594 ei
1585 3537 1744 3593 fuisti
1801 3537 2114 3594 familiaris
2227 3543 2286 3592 et
2317 3537 2377 3592 in
2409 3542 2464 3592 te
2495 3537 2926 3593 confortentur.
2962 3538 3151 3591 Amen
3183 3537 3321 3606 (21).

543 3696 585 3732 ²¹
617 3697 696 3767 αι,
727 3697 945 3752 mirum
977 3695 1040 3750 in
1072 3693 1335 3750 modum.
1413 3693 1460 3728 “
1490 3695 1566 3750 al.
1602 3697 1691 3750 est
1730 3695 1831 3749 ita.

543 3851 652 3920 (91)
683 3849 898 3906 Mirum.
927 3849 1032 3905 Ms.
1065 3847 1330 3904 Lincoln.
1365 3869 1392 3898 ‹‹
1425 3848 1644 3904 mirum
1685 3848 1748 3904 in
1795 3846 2060 3904 modum.
2086 3865 2111 3897 ι

477 3924 676 3980 Usszn.

545 3994 656 4066 (92)
691 3994 843 4066 Cum.
874 3993 1098 4066 in._ms.
1129 4012 1156 4042 «
1191 3996 1636 4066 cumtamen.»
1671 3991 1807 4046 iam.

547 4060 660 4134 (93)
691 4064 890 4120 Multa.
921 4062 998 4117 ld.
1033 4080 1144 4118 ms.
1178 4070 1238 4117 et
1265 4060 1448 4134 edit.”
1473 4062 1654 4118 Paris.
1716 4083 1744 4112 ‹‹
1785 4060 1972 4116 multa
2011 4077 2121 4115 no-

473 4134 589 4191 bis.
625 4132 651 4188 ό
685 4137 786 4190 Ms.
821 4135 1064 4204 Magdal.
1102 4157 1129 4183 ‹‹
1163 4133 1353 4204 multa
1375 4132 1511 4188 alia.
1546 4155 1577 4204 )3
1612 4135 1742 4204 lein.

554 4205 659 4276 (94)
689 4209 880 4260 Matre.
916 4202 1178 4260 Habetur
1200 4205 1258 4259 in
1290 4203 1430 4258 edit.
1458 4203 1730 4258 Halloixii
1761 4209 1820 4256 et
1847 4221 1956 4258 ms.
1993 4202 2122 4256 Lin-

475 4276 636 4332 eoln.
673 4277 845 4331 Deest
877 4276 934 4330 in
965 4276 1121 4331 aliis.
1169 4277 1302 4331 Isin.

549 4347 662 4416 (95)
700 4348 937 4402 Viscera.
971 4349 1072 4402 Ms.
1109 4346 1373 4402 Lincoln.
1408 4368 1435 4394 «
1464 4345 1660 4403 corda.
1695 4367 1722 4395 ››
1746 4344 1900 4400 Edit.
1933 4344 2119 4411 Paris,

475 4434 789 4490 perperam
819 4441 847 4466 α
881 4418 943 4473 in
970 4425 1193 4474 sancta.
1230 4441 1256 4466 »
1284 4419 1418 4490 Isin.

477 4486 494 4490 ⁷
548 4486 660 4558 (95)
689 4488 750 4542 Si
778 4492 866 4558 fas
895 4491 965 4544 sit
1001 4490 1138 4557 fari.
1190 4491 1291 4544 Ms.
1350 4487 1613 4543 Lincoln.
1667 4512 1693 4539 (ι
1730 4488 1776 4544 si
1808 4487 1896 4544 fas
1923 4493 2011 4542 est
2043 4487 2123 4542 ita

473 4558 606 4614 fari.
645 4581 672 4608 ››
702 4560 836 4614 ΙΒιι).

498 4576 606 4614 ari.
645 4581 672 4608 ι»
703 4576 836 4614 lBlD.

2235 3865 2256 3895 ι
2295 3846 2540 3902 Domino
2571 3846 2824 3901 Christo.
2860 3866 2888 3894 »
2932 3843 3072 3900 inin.

2306 3921 2481 3973 Facie.
2516 3919 2690 3974 Deest
2720 3917 2778 3972 in
2811 3917 2950 3972 edit.
2986 3914 3169 3972 Paris.
3203 3915 3338 3970 IBID.

2302 3989 2410 4061 (10)
2443 3991 2506 4044 Ει
2539 3990 2734 4059 ipsum.
2769 3987 3116 4061 Conjunctio
3174 4002 3294 4041 non
3327 3985 3616 4061 habetur
3646 3991 3707 4046 in
3749 3988 3852 4052 edit.

2302 4004 2410 4061 (ιυ)
2443 4004 2506 4044 m
2539 4005 2734 4059 ipsum.
2769 4004 3116 4114 uonéuncuo
3174 4004 3294 4041 non
3343 4004 3616 4044 nanetur
3646 4007 3707 4046 in
3749 4004 3849 4052 eui;

2228 4061 2824 4133 Pariszt-iviiuieque
2917 4059 3074 4133 olon.
3132 4073 3227 4115 an.
3292 4060 3454 4128 1557,
3521 4077 3726 4133 neque
3773 4075 3849 4114 ms.

2230 4130 2562 4202 Cantabr-ig.
2599 4137 2655 4186 et
2683 4133 2997 4186 Montacut.
3031 4131 3168 4184 lmn.

2303 4204 2343 4268 (1
2368 4203 2412 4274 I)
2445 4198 2590 4268 Quid
2614 4203 2860 4274 dctineor
2881 4205 2910 4256 ?
2934 4203 3157 4274 ltams.
3188 4198 3519 4274 .‘iiagdalen.
3561 4208 3628 4257 et
3665 4205 3728 4258 P.
3755 4200 3852 4256 [lal-

2229 4273 2347 4328 loix
2376 4271 2636 4344 {reliqui
2672 4289 2685 4326 :
2725 4297 2749 4325 α
2783 4290 2877 4328 ειη
2916 4271 3228 4344 detineor?
3256 4293 3283 4318 ι»
3315 4271 3455 4344 lnzn.

2303 4348 2416 4414 (12)
2447 4347 2516 4400 Et
2557 4342 2754 4399 ualeas.
2796 4366 2824 4394 «
2880 4345 2946 4398 In
2977 4342 3227 4410 Christo,
3260 4364 3288 4391 »
3355 4342 3614 4399 additur
3662 4346 3724 4401 in
3772 4360 3847 4400 ms;

2232 4415 2490 4472 Lincoln.
2528 4417 2640 4470 inin

2231 4558 2253 4611 Ι
2303 4489 2412 4554 (13)
2444 4487 2628 4542 Amen.
2662 4488 2788 4542 Non
2819 4484 3149 4541 habeturin
3172 4483 3311 4539 edit.
3348 4483 3559 4540 Colon.
3599 4503 3702 4545 an.
3735 4488 3848 4542 1557.

2259 4575 2368 4611 BID.

2259 4575 2368 4613 BID.

974 4631 1146 4686 Deest
1177 4629 1238 4686 in
1285 4645 1393 4685 ms.
1429 4629 1692 4686 Lincoln.
1747 4635 1806 4685 et
1837 4630 1976 4686 edit.
2011 4631 2116 4685 Pa-
2155 4595 2201 4661 Π
2233 4595 2414 4698 mal)
2450 4629 2810 4696 Christi/“crae.
2847 4627 3434 4701 Vidul’rolegomen;
3457 4643 3602 4701 cap.
3643 4633 3723 4701 19,
3753 4630 3831 4683 Isi:

475 4700 578 4756 ris.
611 4702 752 4756 Isin.

545 4773 655 4841 (98)
688 4773 1080 4828 Sacratissimi.
1113 4773 1176 4825 In
1210 4769 1342 4826 iisd.
1377 4794 1404 4820 «
1440 4771 1819 4828 sanctissimi.
1848 4795 1875 4820 »
1910 4771 2044 4826 lBlD.

542 4843 656 4911 (99)
686 4845 937 4899 Monstri.
980 4843 1126 4897 Edit.
1166 4843 1369 4898 Colon.
1423 4860 1518 4899 an.
1583 4847 1716 4898 1:557
1751 4850 1810 4899 et
1840 4842 2117 4898 llalloixii

473 4935 500 4964 ‹‹
536 4915 880 4984 spectaculi.
918 4939 939 4966 ι
969 4916 1104 4969 lein.

543 4983 618 5052 (1)
658 4985 786 5042 Cum
819 4985 1090 5040 desiderio
1124 4990 1329 5040 nostro.
1362 4985 1512 5040 Ibid.
1549 5006 1574 5036 α
1607 5001 1786 5055 super
1823 4983 2117 5039 desiderio

472 5063 694 5111 nostro.
724 5080 744 5104 ι
784 5057 886 5111 Ms.
922 5055 1187 5111 Lincoln.
1211 5079 1236 5104 α
1262 5072 1398 5111 cum
1429 5057 1720 5112 desiderio
1745 5072 1897 5110 meo.
1935 5081 1960 5104 »
1980 5055 2113 5110 ΙΒιυ.

570 5127 624 5196 2)
657 5131 852 5183 Amen.
885 5128 1012 5182 Non
1045 5127 1296 5181 habetur
1325 5128 1386 5182 in
1419 5145 1508 5182 ms
1566 5126 1826 5182 Lincoln.
1862 5126 2007 5181 Ibid.

571 5201 624 5262 3)
654 5199 816 5253 Suus.
850 5199 975 5252 Non
1008 5199 1260 5254 habetur
1288 5199 1348 5253 in
1379 5199 1517 5254 edit.
1551 5199 1753 5255 Colon.
1807 5215 1948 5253 ann.
1984 5200 2116 5252 12557

473 5273 532 5322 et
559 5269 622 5323 P.
657 5268 907 5324 Halloix.
951 5269 1086 5325 lam.

2301 4697 2412 4768 (15)
2441 4703 2525 4756 Mc
2569 4701 2924 4770 neaphylum.
2964 4698 3086 4754 Vid.
3142 4697 3480 4770 Christoph.
3534 4697 3629 4758 ‘de
3683 4700 3849 4756 Castra

2233 4773 2438 4826 Hister.
2477 4773 2741 4842 Dciparz,
2775 4787 2919 4842 cap.‘
2951 4771 3040 4824 23.
3071 4771 3203 4826 Iam.

2295 4845 2408 4914 (16;
2440 4839 2584 4898 Mira
2639 4841 2791 4896 Edit.
2824 4839 3028 4897 Colon.
3055 4857 3150 4896 an.
3191 4843 3324 4896 1557
3370 4843 3432 4895 et
3463 4840 3712 4912 Bivarii,
3749 4863 3766 4888 -
3789 4844 3832 4895 in

2227 4929 2494 4969 numera.
2530 4914 2664 4969 IBlD.

2300 4987 2405 5054 (l7)
2436 4984 2750 5040 Familiarit
2782 4988 2832 5038 et
2864 4983 3177 5053 conjuncta.
3211 4982 3574 5054 conjunctio
3630 4984 3791 5040 deest
3813 4987 3851 5034 i:.

2229 5053 2604 5112 edit.'Colon.
2667 5071 2762 5110 an.
2803 5055 2936 5108 1536
2967 5060 3024 5109 et
3063 5056 3214 5110 1557.
3262 5053 3500 5108 incdit.
3567 5057 3760 5112 Paris.
3789 5071 3853 5108 an.

2231 5129 2365 5180 1493
2424 5131 2482 5182 et
2529 5143 2639 5181 ms.
2704 5125 2992 5192 Lincoln.,
3047 5122 3377 5196 Cantabrig.
3441 5130 3498 5180 et
3565 5129 3839 5183 Monlaczl

2228 5221 2253 5248 «ι
2292 5197 2641 5253 familiarius
2681 5196 3021 5265 conjuncta.
3057 5217 3084 5245 »
3111 5197 3248 5251 Isin.

2299 5269 2413 5338 (18)
2444 5271 2527 5324 Ea:
2557 5270 2759 5324 animo.
2795 5270 2896 5322 Ms.
2927 5266 3262 5335 Cantabrig.
3295 5271 3356 5338 et
3392 5269 3728 5325 Montacut.
3761 5293 3782 5316 ι
3812 5282 3854 5318 ex

541 5341 617 5408 (4)
649 5341 1088 5414 Ιπίάᾳζεεεῡθρεῐ
1116 5340 1179 5395 in
1227 5358 1336 5396 ms.
1371 5340 1662 5406 l.incoln.,
1695 5339 2026 5410 Cantabrig.
2061 5344 2119 5394 et
2227 5337 2403 5414 nunc
2431 5361 2458 5390 »
2490 5339 2751 5414 l3ivarius
2782 5339 2865 5410 (in
2897 5337 3093 5394 Dextri
3115 5337 3372 5395 Chronic
3416 5354 3517 5395 an.
3559 5342 3690 5414 116)
3719 5354 3858 5396 «oar

469 5409 830 5466 Montacutii.
880 5412 1016 5467 Iam.

468 5549 493 5604 Ι
540 5481 619 5552 (ὅ)
651 5485 900 5538 Matrem.
933 5487 1020 5538 Ita
1049 5498 1160 5538 ms.
1193 5482 1439 5539 Lincoln
1493 5483 1669 5538 Deest
1725 5483 1786 5538 in
1839 5480 2112 5551 reliquis.

496 5567 606 5604 κιο.

496 5567 606 5606 BID.

539 5621 619 5691 (6)
648 5624 833 5677 Enim.
866 5623 998 5679 Edit
1049 5624 1233 5679 Paris.
1269 5641 1364 5679 an.
1389 5641 1484 5679 an.
1519 5627 1654 5680 1495
1687 5651 1706 5672 ιι
1738 5640 1892 5678 vero.
1929 5645 1948 5670 ι
1981 5625 2113 5678 lam.

537 5695 616 5754 (7)
647 5693 721 5746 De
749 5708 820 5747 se.
858 5695 1010 5750 Edit.
1070 5694 1256 5749 Paris.
1319 5711 1456 5750 cum
1514 5712 1625 5750 ms.
1687 5693 2024 5762 Cantabrig.
2059 5698 2118 5748 et

468 5757 784 5816 Montacut.
819 5785 847 5812 ‹‹
879 5765 1152 5820 deorum.
1187 5787 1215 5814 ››
1246 5765 1380 5820 Isin.

541 5829 617 5896 (8)
648 5829 860 5886 Christo
909 5835 1058 5889 Iesu.
1119 5836 1222 5899 Ms,
1289 5833 1620 5906 Cantabrig.
1680 5842 1739 5891 et
1796 5837 2112 5894 Montacut.

2227 5553 2338 5622 vel,
2372 5551 2402 5604 ‹ἑ
2443 5553 2614 5622 aliis;
2651 5573 2678 5601 »
2710 5558 2776 5608 ut
2805 5551 2866 5607 in
2899 5569 3009 5607 ms.
3044 5553 3130 5607 Ma

2227 5567 2338 5622 vel,
2372 5577 2398 5604 ‹‹
2443 5567 2612 5608 alus'
2651 5573 2678 5601 »
2710 5567 2776 5608 ut
2805 5569 2866 5607 in
2899 5569 3009 5607 ms.
3044 5567 3130 5607 ma
3173 5567 3279 5608 uall

2226 5625 2540 5680 Montacut.
2572 5595 2677 5678 V‘id
2706 5623 3113 5695 Prolegomen.
3135 5567 3279 5680 ﬁam.

2229 5413 2392 5466 nino.
2428 5433 2455 5462 »
2489 5413 2624 5466 IBID.
3674 5413 3679 5414 '

2297 5483 2411 5554 (19)
2442 5484 2625 5554 Etiam
2649 5481 2819 5554 alias._
2841 5480 2994 5536 Edit.
3046 5481 3302 5554 inari_s._«
3337 5483 3397 5537 et
3427 5480 3616 5554 etiam
3655 5483 3816 5540 alias.
3847 5503 3853 5510 ’

3173 5551 3398 5620 dalen.,
3431 5551 3766 5628 Cantabrig
3791 5597 3802 5610 .
3821 5563 3854 5602 ξι

2299 5699 2406 5764 (20,
2441 5695 2731 5768 Neaphuti.
2773 5694 2929 5768 Edit1
2966 5695 3155 5768 Paris.
3187 5718 3216 5745 «
3245 5694 3333 5750 tui
3357 5695 3654 5768 neophyti
3708 5698 3848 5752 aliis»

2297 5768 2630 5855 {2.1)}?an
2650 5766 2777 5855 (von
2837 5765 3088 5824 habetur
3142 5767 3203 5822 in
3265 5782 3376 5823 ms.
3437 5765 3877 5855 Magdalenn"1

2225 5837 2559 5909 Cuntabrig.
2597 5837 2728 5892 Isin.
