3924 6310
384 326 497 389 951

1104 335 1208 399 AD
1252 337 1688 401 EPISTOLAS
1735 342 1800 402 S.
1845 339 2150 402 IGNATll
2197 337 2589 402 GENUINAS
2630 336 3058 400 APPENDIX.

3685 338 3814 402 952

381 459 644 528 Patrem,
676 466 735 516 et
761 463 1195 536 presbyterium
1225 473 1291 523 ut
1347 470 1647 540 apostolos
1674 487 1687 538 ;
1747 471 2004 527 diacono:

2211 467 2267 530 ὸς
2323 465 2404 538 τῷ
2458 467 2650 540 Πατρί,
2706 465 2796 521 καὶ
2833 471 2914 540 τῷ
2968 461 3346 542 πρεσϐυτερίῳ
3389 469 3465 528 ὡς
3505 472 3626 529 τοῖς
3659 467 3806 526 ἀποο

386 552 588 605 autem
619 557 684 606 ut
715 553 816 607 Dei
848 555 1216 613 mandatum.
1249 559 1430 612 Nemo
1464 560 1593 615 sine
1625 561 1902 632 episc0po
1933 559 2038 615 ali-

387 639 532 708 quid
563 646 698 712 agat
727 659 934 699 eorum
966 661 1097 714 qua:
1141 645 1216 702 ad
1263 647 1583 704 Ecclesiam
1616 655 1904 720 spectant.
1931 649 2037 704 Illa

383 729 742 786 eucharistia
775 733 948 788 firma
995 742 1329 806 censeatur,
1361 755 1493 810 quas
1533 739 1604 794 ab
1636 741 1914 811 episcopo
1947 739 2032 805 ﬁt,

381 821 484 871 aut
513 819 606 873 cui
639 819 766 890 ipse
795 823 1156 893 permiserit.
1195 825 1297 880 Ubi
1329 829 1671 898 apparuerit
1697 828 2033 900 episcopus,

380 904 500 960 illic
531 908 847 965 multitudo
899 912 1007 978 sit;
1059 915 1561 985 quemadmodum
1593 917 1692 971 ubi
1743 923 1833 972 est
1867 919 2037 972 Jesus

379 995 668 1066 Christus,
690 999 810 1054 illic
835 1007 922 1056 est
953 1003 1216 1059 Ecclesia
1245 1005 1553 1062 catholica.
1582 1009 1706 1062 Non
1737 1007 1879 1061 licet
1909 1007 2035 1062 sine

381 1086 678 1158 episcopo,
738 1106 930 1160 neque
981 1091 1295 1163 baptizare,
1330 1112 1523 1167 neque
1554 1113 1770 1168 agapas
1798 1097 1991 1152 facere
2019 1114 2032 1165 ;

381 1175 485 1230 sed
517 1177 674 1247 quod
706 1177 808 1234 ille
839 1180 1196 1252 probaverit,
1255 1184 1366 1239 hoc
1413 1187 1549 1240 Jesu
1607 1185 1838 1240 Christo
1874 1202 2037 1241 corn—

379 1264 666 1335 placitum
696 1273 803 1336 est,
838 1275 901 1324 ut
939 1276 1129 1326 tutum
1179 1276 1536 1344 [ﬁrmumque
1568 1275 1643 1330 sit
1673 1290 1849 1330 omne
1879 1275 2036 1346 quod

380 1355 593 1425 agitur.
623 1357 703 1410 De
734 1362 947 1414 caetero
970 1377 1203 1431 aequum
1229 1368 1318 1418 est
1339 1369 1402 1418 ut
1425 1363 2034 1437 evigilemus,quando

381 1447 615 1514 tempus
647 1445 958 1517 habemus,
985 1453 1050 1503 ut
1079 1467 1188 1506 nos
1210 1453 1312 1507 Dei
1336 1469 1513 1508 causa
1543 1455 1845 1526 pceniteat.
1872 1454 2036 1524 Opti-

382 1547 546 1590 mum
577 1537 686 1602 est,
721 1534 906 1590 Deum
953 1541 1129 1608 atque
1176 1541 1520 1612 episcOpum
1552 1558 1750 1598 nosse.
1787 1542 1895 1607 Qui
1929 1542 2036 1597 ho-

378 1625 551 1676 norat
582 1623 949 1696 episcopum,
973 1645 1006 1682 a
1033 1629 1150 1683 Deo
1175 1629 1500 1686 honoratur
1523 1647 1536 1696 ;
1572 1633 1670 1703 qui
1697 1633 1756 1687 in
1773 1633 1894 1688 scio
1919 1632 2037 1702 epi-

385 1729 567 1785 scopo
597 1713 825 1788 aliquid
856 1719 994 1790 agit,
1030 1719 1350 1777 hicdiaboli
1385 1722 1579 1779 cultor
1611 1729 1720 1779 est.
1753 1724 1882 1794 Epis
1914 1723 2037 1780 t.ad

385 1803 620 1876 Smyrn.
654 1823 814 1878 capp.
849 1811 880 1862 8
910 1816 961 1864 et
992 1814 1044 1866 9.

2144 553 2388 617 στόλοις·
2453 556 2580 618 τοὺς
2638 552 2696 610 δὲ
2751 552 3039 618 διακόνους
3093 557 3404 630 ἐντρέπεσθε
3447 557 3524 622 ὡς
3552 561 3695 614 Θεοῦ
3723 557 3804 613 ἐνο

2141 641 2334 714 τολήν.
2393 641 2603 714 Μηδεὶς
2663 643 2839 718 χωρὶς
2894 643 3199 700 ἐπισκόπου
3251 665 3303 698 τι
3352 646 3637 720 πρασσέτω
3687 652 3798 701 τῶν

2143 733 2452 805 ἀνηκόντων
2487 731 2538 786 ἐν
2585 731 2903 804 Ἐκκλησία.
2943 728 3151 788 Βεϐαία
3209 733 3528 810 εὐχαριστία
3557 735 3798 810 ἡγείσθω

2142 825 2178 894 ἡ
2218 823 2315 878 τοῦ
2364 821 2663 877 ἐπισκόπου
2709 820 2861 888 οὖσα,
2925 825 2960 892 ἢ
3029 821 3075 894 ᾧ
3133 821 3221 876 ἐάν
3287 821 3449 884 αὐτὸς
3509 822 3796 898 ἐπιτρέψῃ.

2143 913 2318 970 Ὅπου
2349 910 2412 966 ἄν
2443 914 2586 989 φανῇ
2636 911 2664 966 6
2713 909 3031 979 ἐπίσκοπος,
3065 909 3184 966 ἐκεῖ
3228 911 3291 967 τὸ
3341 910 3576 980 πλῆθοςο
3613 913 3800 986 ὥσπερ

2145 999 2282 1056 ὅπου
2316 1000 2402 1056 ἐάν
2430 999 2467 1074 ᾖ
2500 1001 2710 1071 Ἰησοῦς
2744 1002 3002 1076 Χριστὸς,
3042 999 3154 1054 ἐκεῖ
3182 1003 3216 1070 ἡ
3247 999 3522 1068 καθολική
3555 1000 3801 1072 Ἐκκλη-

2144 1091 2252 1148 σία.
2303 1089 2418 1147 Οὐκ
2474 1088 2584 1159 ἐξόν
2643 1087 2755 1144 ἐστι
2817 1088 2991 1166 χωρῖς
3048 1089 3370 1154 ἐπισκόπου,
3430 1086 3554 1144 οὔτε
3604 1089 3802 1165 βαπτί-

2147 1190 2274 1254 ζειν,
2331 1178 2454 1236 οὔτε
2509 1181 2716 1256 ἀγάπαις
2767 1187 2966 1248 ποιεῖν,
3016 1179 3144 1238 ἀλλ’
3175 1181 3204 1236 6'
3244 1181 3333 1236 ἐὰν
3379 1180 3584 1242 ἐκεῖνος
3641 1179 3801 1236 δοκι-

2149 1272 2318 1346 μάσῃ,
2366 1275 2530 1326 τοῦτο
2578 1269 2670 1324 καὶ
2717 1274 2798 1342 τῷ
2848 1271 3030 1341 Ἰησοῦ
3084 1273 3312 1346 Χριστῷ
3351 1269 3658 1345 εὐάρεστον,
3710 1271 3804 1324 ἳνα

2146 1361 2386 1436 ἀσφαλὲς
2515 1361 2603 1415 καὶ
2669 1354 2890 1436 βέϐαιον
2945 1365 3048 1415 πᾶν
3102 1359 3134 1416 6'
3189 1360 3507 1436 πράσσεται.
3549 1357 3798 1430 Εὖλογόν

2145 1453 2255 1507 ἐστι
2288 1449 2480 1506 λοιπὸν
2537 1450 2803 1522 ἀνανῆψαι
2863 1450 3036 1524 ἡμᾶς,
3094 1449 3168 1511 ὡς
3227 1450 3416 1524 καιρὸν
3471 1444 3674 1524 ἔχομεν
3722 1449 3801 1511 εἰς

2146 1541 2274 1598 Θεὸν
2334 1545 2636 1614 μετανοεῖν.
2695 1537 2896 1602 Καλῶς
2959 1535 3080 1614 ἔχει
3163 1539 3291 1595 Θεὸν
3349 1539 3442 1595 καὶ
3498 1538 3798 1594 ἐπίσκοπον

2147 1629 2363 1688 εἰδέναι.
2425 1633 2482 1682 ‘0
2538 1631 2716 1702 τιμῶν
2764 1627 3076 1697 ἐπίσκοπον,
3133 1628 3235 1684 ὑπὸ
3295 1632 3430 1684 Θεοῦ
3483 1627 3796 1702 τετίμηταν

2145 1721 2174 1776 ὁ
2205 1719 2380 1794 λάθρα
2444 1717 2744 1774 ἐπισκόπου
2805 1737 2857 1772 τι
2923 1718 3203 1794 πράσσων,
3272 1717 3352 1790 τῷ
3418 1711 3665 1791 διαϐόλῳ
3696 1716 3798 1773 λα-

2063 1799 2110 1862 Β
2139 1811 2338 1886 τρεόει.

460 1874 852 1978 Ibidem.p__ag.
887 1902 1012 1971 514,
1045 1900 1251 1959 eadem
1285 1909 1605 1959 occurrunt
1633 1903 1694 1958 in
1720 1903 1980 1960 Parallel.
2012 1874 2216 1971 Vatici,
2237 1899 2454 1957 alicubi
2489 1905 2687 1956 tamen
2711 1899 2942 1958 diversa
2971 1874 3248 1958 nonnihil
3276 1916 3312 1956 a
3337 1879 3802 1972 Rupe/acuminis

387 1965 484 2024 hic
513 1965 843 2042 descriptis.

1485 2140 1616 2192 IDEM
1650 2137 1807 2206 ibid.,
1836 2136 1944 2192 litt.
1979 2154 2032 2205 α,
2065 2137 2154 2192 tit.
2198 2152 2262 2203 ιι,
2297 2153 2434 2208 pag.
2467 2138 2593 2208 747,
2625 2137 2687 2192 C.

978 2261 1170 2315 Sancti
1206 2261 1439 2316 10mm.

453 2362 561 2426 Qui
592 2362 837 2434 perfecti
871 2365 1032 2434 estis,
1067 2367 1324 2436 perfecta
1356 2367 1564 2439 sapite.
1598 2368 1721 2424 Illis
1747 2369 1907 2424 enim
1936 2369 2036 2440 qui

380 2451 531 2506 bene
562 2468 735 2524 agere
765 2454 990 2525 volunt,
1042 2457 1192 2512 Deus
1250 2456 1322 2512 ad
1381 2457 1646 2516 dandum
1678 2466 1896 2531 praesto
1925 2464 2036 2515 est.

380 2541 472 2594 Ad
503 2539 740 2613 Smyrn.
775 2559 898 2614 cap.
933 2547 1020 2603 11.

2605 2263 2716 2317 Τοῦ
2763 2257 2919 2336 ἁγίου
2955 2260 3326 2320 ἸΓΝΑΤΙΟΥ.

2218 2367 2434 2425 Τέλειοι
2476 2365 2646 2438 ὄντες,
2695 2365 2878 2424 τέλεια
2923 2373 3190 2448 φρονεῖτε.
3243 2368 3474 2424 Θέλουσι
3522 2365 3631 2443 γὰρ
3660 2369 3797 2441 ἡμῖν

2148 2455 2205 2512 εὖ
2235 2457 2506 2532 πράττειν,
2541 2457 2670 2518 Θεὸς
2698 2453 2920 2531 ἕτοιμος
2951 2458 3029 2523 εἷς
3055 2457 3118 2513 τὸ
3147 2457 3428 2533 παρέχειν,

913 2660 1140 2720 Ibidem
1169 2681 1300 2738 pag.
1335 2668 1460 2739 314,
1490 2666 1769 2723 Parallela
1800 2665 1978 2722 Valic.
2014 2663 2295 2721 exhibent
2324 2667 2556 2721 tantum
2585 2664 2881 2738 posterius
2911 2664 3268 2722 membrum.

1459 2793 1592 2849 low
1623 2793 1787 2864 ibid.,
1821 2793 1924 2848 litt.
1972 2810 2017 2859 ε,
2050 2791 2136 2848 tit.
2175 2807 2310 2860 xvn,
2329 2808 2468 2862 pag.
2501 2793 2625 2860 515,
2657 2795 2723 2846 Α.

603 2904 860 2972 Ejusdem
894 2907 929 2958 ἒ
947 2909 1078 2978 pist.
1105 2910 1179 2964 ad
1201 2911 1574 2966 Pom'canrun
1598 2911 1812 2980 Smyrn.

454 3009 672 3065 Omnes
693 3019 995 3084 supporta,
1017 3017 1310 3086 quomodo
1330 3023 1382 3072 et
1410 3022 1463 3071 te
1484 3017 1789 3072 Dominus.
1815 3018 2032 3074 Omnes

381 3099 566 3153 suffer
605 3101 666 3155 in
727 3102 1084 3160 dilectione:
1137 3106 1506 3162 orationibus
1562 3107 1816 3162 assiduis
1867 3123 2026 3162 vaca.

377 3187 750 3258 Ampliorem
783 3208 961 3263 quam
1006 3194 1226 3250 habeas
1285 3194 1741 3266 intelligentiam
1773 3194 2026 3267 postula.

380 3275 588 3348 Vigila,
613 3279 850 3336 oculum
873 3297 994 3338 non
1024 3283 1418 3339 dormientem
1452 3283 1782 3354 possidens.
1809 3285 1900 3340 Ad
1916 3287 2028 3340 Po-

375 3363 597 3438 lycarp.
633 3383 756 3439 cap.
791 3371 841 3425 1.

1063 3571 1338 3640 Ejusdem.

451 3683 729 3739 Omnium
795 3685 1175 3756 aagritudines
1241 3692 1434 3760 porta,
1489 3689 1671 3745 veluti
1735 3691 2033 3762 perfectus

379 3771 620 3830 athleta.
652 3772 758 3828 Ubi
789 3773 980 3843 major
1023 3775 1205 3830 fuerit
1243 3776 1429 3846 labor,
1481 3778 1560 3832 ibi
1613 3783 1668 3834 et
1721 3779 1910 3850 majus
1941 3779 2033 3834 lu-

380 3878 546 3917 crum
579 3868 686 3918 est.
724 3864 918 3918 Bonos
949 3865 1276 3936 discipulos
1310 3867 1358 3922 si
1390 3867 1620 3940 diligas,
1654 3885 1775 3924 non
1807 3875 1897 3924 est
1923 3868 2031 3924 tibi

379 3952 604 4022 gratia:
657 3953 846 4024 magis
895 3953 987 4008 fac
1035 3960 1100 4009 ut
1151 3956 1624 4011 contumaciores
1676 3957 1739 4012 in
1786 3957 2030 4016 lenitate

377 4041 678 4112 subjicias.
711 4043 839 4096 Non
869 4059 1046 4098 omne
1077 4043 1293 4100 vulnus
1325 4045 1534 4100 eodem
1573 4047 1896 4116 emplastro
1928 4065 2030 4104 cu-

373 4135 560 4185 ratur.
619 4131 943 4187 Acredines
999 4132 1442 4204 perfusionibus
1499 4135 1658 4190 seda.
1711 4137 2032 4208 Propterea

377 4235 554 4274 carne
588 4219 767 4276 simul
795 4225 854 4276 et
883 4221 1098 4292 spiritu
1127 4229 1386 4290 constas,
1419 4229 1484 4278 ut
1525 4241 1656 4295 quae
1687 4228 2032 4298 conspectui

379 4312 480 4364 tuo
511 4308 830 4365 manifesta
855 4315 1014 4380 sunt,
1061 4310 1280 4367 blande
1339 4313 1596 4385 corrigas
1621 4330 1634 4380 ;
1667 4331 1800 4385 quas
1831 4320 2032 4372 autem

378 4401 684 4468 aspectum
709 4403 879 4454 tuum
907 4400 1160 4473 fugiunt,
1185 4406 1318 4472 pete
1345 4405 1410 4456 ut
1439 4401 1546 4457 tibi
1575 4407 1938 4473 retegantur,
1967 4409 2034 4460 ut

380 4484 443 4542 in
473 4485 641 4547 nullo
671 4486 938 4544 deﬁcias.
972 4490 1052 4545 Ad
1077 4489 1386 4562 Polycarp.
1419 4507 1580 4561 capp.
1617 4492 1643 4546 1
1679 4499 1730 4547 ct
1760 4495 1816 4550 2.

2287 2911 2396 2962 Τοῦ
2445 2905 2611 2963 αὐτοῦ
2668 2908 2802 2984 πρὸς
2857 2908 3320 2966 ΠΟΛΥΚΔΡΗΟΝ
3369 2907 3654 2980 Σμύρνης.

2213 3014 2424 3076 Πάντας
2481 3013 2732 3089 βάσταζε,
2801 3015 2876 3078 ὡς
2941 3016 3031 3072 καὶ
3095 3035 3153 3070 σε
3219 3015 3248 3070 6
3309 3015 3535 3089 Κύριος.
3579 3016 3795 3072 Πάντων

2142 3102 2340 3180 ἀνέχου
2368 3102 2420 3158 ἐν
2451 3104 2649 3178 ἀσάπῃ·
2709 3111 3047 3180 προσευχαῖς
3104 3103 3346 3179 σχόλαζε
3397 3101 3796 3168 ἀδιαλείπτοις.

2143 3195 2314 3248 Αἰτοῦ
2364 3194 2574 3249 σύνεσιν
2627 3192 2858 3250 πλείονα
2900 3193 2964 3269 ᾗς
3014 3192 3182 3270 ἔχεις.
3239 3193 3530 3270 Γρηγόρει,
3562 3195 3798 3268 ἀκοίμη-

2139 3303 2234 3338 τον
2278 3279 2432 3356 ὄμμα
2464 3283 2814 3356 κεκτημένος.

2791 3576 2904 3632 Τοῦ
2932 3576 3122 3634 αὐτοῦ.

2216 3694 2435 3751 Πάντων
2465 3697 2563 3760 τὰς
2601 3697 2794 3760 νόσους
2849 3697 3099 3774 βάσταζε,
3153 3699 3229 3762 ὥς
3276 3699 3487 3764 τέλειος
3518 3701 3788 3774 ἀθλητής.

2141 3789 2314 3839 ’Ὅπου
2345 3783 2551 3840 πλείων
2579 3785 2774 3858 κόπος,
2832 3785 2978 3842 πολὺ
3028 3784 3239 3862 κέρδος.
3303 3787 3513 3853 Κάλοίις
3547 3793 3793 3865 μαθητὰς

2143 3873 2231 3930 ἐὰν
2265 3875 2454 3954 φιλῇς,
2507 3877 2670 3955 χάρις
2713 3899 2797 3934 σοι
2848 3877 2950 3934 οὐκ
2997 3873 3168 3936 ἔσται’
3229 3881 3442 3955 μᾶλλον
3473 3881 3606 3946 τοὺς
3637 3883 3790 3938 ἀπει-

2143 3965 2423 4040 θεστέρους
2481 3964 2532 4021 ἐν
2593 3969 2864 4042 πραότητι
2943 3968 3230 4028 ὑπότασσε.
3289 3970 3367 4030 Οὔ
3417 3977 3522 4026 πᾶν
3581 3976 3792 4046 τραῦμα

2139 4057 2208 4128 τῇ
2277 4054 2414 4130 αὐτῇ
2491 4053 2827 4132 ἐμπλάστρῳ
2903 4059 3274 4135 θεραπεύεται.
3349 4058 3494 4123 Τοὺς
3569 4063 3794 4136 παροξυ-

2141 4141 2313 4216 σμοὺς
2363 4139 2670 4222 ἐμϐροχαῖς
2722 4151 2879 4205 παῦε.
2941 4148 3040 4202 Διά
3094 4152 3262 4204 τοῦτο
3321 4149 3582 4224 σαρκικὸς
3625 4148 3792 4204 εἶκαὶ

2139 4234 2524 4306 πνευματικὸς,
2577 4231 2670 4290 ἵνα
2715 4235 2782 4290 τὰ
2837 4235 3142 4312 φαινόμενά
3197 4257 3283 4293 σοι
3353 4237 3429 4298 εἷς
3497 4239 3793 4314 πρόσωπον

2137 4321 2468 4398 κολακεόῃςο
2525 4323 2592 4378 τὰ
2631 4321 2690 4378 δὲ
2746 4322 2971 4400 ἀόρατα,
3027 4323 3164 4382 α’ίτει
3197 4327 3290 4384 ἳνα
3345 4347 3433 4382 σοι
3481 4329 3790 4406 φανερωθῇ,

2135 4410 2228 4467 ἳνα
2261 4409 2494 4486 μηδενὸς
2525 4410 2708 4488 λείπῃ.

1447 4617 1580 4672 Ini-3M
1609 4615 1770 4685 ibid.,
1809 4619 1918 4675 litt.
1950 4621 2006 4689 υ,
2031 4621 2119 4676 tit.
2165 4629 2296 4688 xm,
2328 4635 2462 4691 pag.
2497 4622 2621 4678 788.
2655 4622 2716 4677 Β.

392 4799 404 4806 -
513 4763 704 4822 Sancti
730 4759 966 4836 IGNATII,
995 4779 1064 4818 ea:
1090 4761 1332 4835 Epistola
1371 4763 1446 4822 ad
1481 4763 1874 4822 Ponrcanrun.

453 4967 550 5022 Sta
571 4965 730 5022 velut
749 4963 920 5023 incus
941 4977 1073 5039 quae
1095 4959 1444 5040 percutitur.
1469 4963 1663 5040 Magni
1685 4959 1918 5024 athletas
1939 4968 2030 5025 est

373 5055 672 5112 verberari
703 5062 761 5111 et
791 5057 1044 5114 vincere.
1067 5059 1318 5114 Maxime
1340 5064 1538 5114 autem
1569 5063 1811 5130 propter
1841 5058 2027 5113 Deum

2065 4769 2115 4835 Β
2147 4765 2260 4821 Τοῦ
2318 4762 2480 4840 ἁγίου
2537 4765 3010 4844 ΙΓΝΛΪΙῚῼῙμέκ
3089 4787 3190 4844 της
3243 4767 3382 4844 πρὸς
3439 4769 3790 4828 ΠΟΑΥΚΑΡ-

2695 4840 2842 4896 IlON
2876 4837 3234 4910 Ἐπιστολῆς.

2208 4965 2387 5034 Στῆκε
2443 4961 2518 5028 ὡς
2567 4963 2756 5040 ἄκμων
2814 4967 3173 5042 τυπτόμενος.
3233 4966 3490 5044 Μεγάλου
3547 4967 3788 5038 ἀθλητοῦ

2137 5051 2248 5108 ἐστι
2303 5051 2540 5128 δέρεσθαι
2590 5055 2684 5110 καὶ
2742 5059 2918 5129 νικᾷν.
2973 5055 3232 5114 Μάλιστα
3287 5053 3347 5112 δὲ
3399 5053 3584 5113 ἕνεκεν
3631 5059 3786 5125 Θεοῦ,

375 5145 579 5202 omnia
606 5161 715 5202 nos
747 5147 1039 5202 sustinere
1069 5151 1322 5220 oportet,
1353 5152 1420 5204 ut
1447 5151 1508 5204 et
1549 5145 1676 5220 ipse
1709 5163 1818 5202 nos
1843 5147 2004 5205 susti-

2211 5163 2308 5198 ντα
2354 5145 2502 5218 ἡμᾶς
2577 5144 2863 5220 ὑπομένειν
2907 5143 3008 5217 δεῖ,
3081 5145 3172 5202 ἳνα
3239 5145 3331 5202 καὶ
3404 5145 3571 5208 αὐτὸς
3635 5147 3787 5219 ἡμᾶς

373 5239 530 5292 neat.
564 5233 651 5290 Ad
681 5233 990 5308 Polycarp.
1023 5251 1148 5308 cap.
1181 5238 1232 5292 3.

2134 5231 2398 5308 ὓπομείνῃ
2411 5277 2424 5292 .

1403 5387 1538 5443 IDEM
1565 5385 1729 5457 ibid.,
1763 5386 1867 5442 litt.
1904 5381 1956 5457 δ,
2007 5389 2096 5443 tit.
2139 5404 2330 5458 xxnv,
2359 5404 2494 5458 pag.
2529 5391 2656 5456 7'78,
2687 5389 2747 5443 C.

513 5563 707 5622 Sancti
741 5564 971 5632 IGNATII,
1006 5579 1075 5619 ea:
1106 5565 1358 5636 Epistola
1395 5566 1468 5622 ad
1497 5566 1890 5622 Ponrcaaruw

450 5760 616 5817 Servi
649 5775 772 5815 non
799 5759 1139 5816 desiderent
1193 5779 1228 5816 a
1278 5765 1578 5820 communi
1619 5763 1795 5821 liberi
1851 5763 2020 5834 fieri;

2129 5568 2242 5624 Τοῦ
2301 5566 2452 5645 ἁγίου
2504 5567 2972 5648 ΙΓΝΑἹΙΙῼΥηέκ
3035 5575 3171 5648 τῆς,
3213 5571 3351 5648 πρὸς
3418 5569 3785 5634 ΠΟΛΥΚΔΡ-

2689 5641 2829 5702 0οΝ
2867 5641 3222 5714 Ἐπιστολῆς.

2203 5759 2272 5816 Oi.
2337 5754 2528 5815 δοῦλοι
2595 5761 2674 5835 μὴ
2741 5759 3011 5838 ἐράτωσαν
3074 5761 3179 5820 ἀπὸ
3229 5765 3418 5821 κοινοῦ
3458 5760 3779 5842 ἐλευθεροῦ-
