3924 6310
208 413 335 476 933

1463 413 1956 477 FRAGMENTA
2001 416 2042 475 G
2055 415 2150 474 EN
2163 414 2375 475 UINA.

3511 408 3631 469 954

215 549 366 614 σθαι,
397 545 525 603 ἀλλ’
552 548 629 612 είς
658 544 811 616 δόξαν
841 548 938 602 τοῦ
996 545 1129 601 Θεοῦ
1178 545 1242 601 τὸ
1297 542 1490 600 πλεῖον
1539 541 1851 600 δουλευέτω

2034 546 2089 601 ξι]
2119 546 2193 602 ad
2224 545 2469 617 gloriam
2503 544 2604 599 Dei
2655 544 2841 616 magis
2889 541 3168 610 serviant,
3218 544 3284 596 ut
3334 539 3626 612 potiorem

214 659 336 708 σαν,
368 635 463 692 ’ίνα
519 637 828 714 κρείττονος
885 633 1193 712 ἐλευθερίας
1251 636 1356 690 ὕπὸ
1413 639 1547 691 Θεοῦ
1599 635 1860 712 τύχωσιν.

1972 637 2307 691 libertatem
2365 652 2400 691 a
2459 633 2578 690 Deo
2637 637 3100 704 consequantur.
3170 629 3248 685 Ad
3316 628 3622 702 Polycarp.

1972 743 2096 796 cap.
2130 728 2181 784 4.

1289 908 1419 961 Imm
1451 903 1608 975 ibid.,
1645 905 1752 960 litt.
1786 921 1831 972 ε,
1865 906 1952 961 tit.
1985 920 2116 971 XLII,
2143 920 2278 974 pag.
2313 906 2442 970 779,
2474 902 2538 956 D.

586 1083 680 1133 Ἐκ
705 1085 806 1147 τῆς
837 1079 972 1153 πρὸς
1007 1080 1490 1136 ΙῘΟΑΓΚΑΡΠΟΝ.

288 1186 386 1254 Τῷ
441 1181 721 1256 ἐπισκόπῳ
777 1205 1098 1262 προσεχετε,
1152 1183 1240 1241 ’ἱνα
1296 1185 1385 1241 καὶ
1445 1186 1570 1257 ὑμῖν
1630 1185 1658 1238 ὁ
1715 1181 1868 1245 Θεός.

213 1272 361 1346 Ἐγὼ
439 1271 740 1348 ἀντίψυχον
831 1279 938 1328 τῶν
1026 1275 1476 1346 ὑποτασσομένων
1563 1273 1866 1343 ἐπισιόπῳ,

204 1354 611 1436 πρεσϐυτερίῳ,
674 1360 972 1426 διακόνοις·
1037 1365 1150 1437 μετ’
1205 1363 1380 1419 αὐτῶν
1435 1383 1528 1436 μοι
1577 1361 1640 1416 τὸ
1702 1357 1865 1436 μέρος

201 1448 456 1526 γένοιντο
489 1449 542 1505 ἐν
573 1457 708 1524 Θεῷ.

2349 1076 2431 1129 Em
2459 1071 2703 1143 Epistula
2732 1069 2800 1124 ad
2832 1071 3224 1124 POLYCARPUM-

2050 1185 2337 1256 Episcopo
2369 1180 2675 1247 attendite,
2708 1183 2772 1232 ut
2802 1183 2859 1231 et
2888 1177 3040 1231 Deus
3080 1175 3260 1230 vobis.
3312 1174 3624 1246 Uuanimis~

1979 1291 2082 1346 ego
2118 1291 2246 1328 sum
2275 1289 2409 1328 cum
2443 1272 2512 1326 iis
2544 1270 2641 1340 qui
2678 1266 2926 1338 subjecti
2959 1270 3097 1320 sunt
3152 1264 3448 1335 episcopo,
3482 1281 3618 1334 pre-

1979 1364 2258 1435 sbyterio,
2302 1361 2600 1418 diaconis:
2635 1375 2767 1414 cum
2800 1356 2889 1413 his
2921 1372 3057 1427 pars
3084 1354 3229 1409 mihi
3265 1355 3340 1408 sit
3369 1353 3431 1408 in
3477 1353 3614 1409 Deo.

1978 1455 2066 1508 Ad
2104 1453 2410 1525 Polycarp.
2446 1467 2566 1521 cap.
2605 1451 2656 1503 6.

1282 1626 1413 1679 IDEM
1445 1625 1605 1692 ibid.,
1640 1626 1745 1681 litt.
1777 1644 1827 1696 υ,
1863 1627 1954 1680 tit.
1986 1641 2122 1687 xvn,
2151 1639 2279 1693 pag.
2316 1623 2441 1691 788,
2474 1623 2534 1675 Β.

809 1767 902 1822 Ἐκ
931 1773 1034 1834 τῆς
1067 1765 1252 1832 αὐτῆς.

279 1891 696 1965 Μακροουμεῖτε
754 1892 871 1964 μετ’
926 1891 1192 1962 ἀλλήλων
1252 1891 1302 1947 ἐν
1366 1905 1655 1970 πραΰτητι,
1709 1894 1782 1955 ὡς
1825 1895 1854 1949 ὁ

194 1981 332 2042 Θεὸς
369 1982 486 2054 μεθ’
522 1979 674 2055 ὑμῶν
706 1977 795 2035 διὰ
823 1981 1043 2043 παντός.

2623 1765 2706 1818 Ea:
2736 1764 2940 1820 eadem.

1968 1877 1980 1885 ”
2037 1893 2288 1948 Patienti
2323 1892 2521 1948 animo
2550 1891 2797 1946 invicem
2821 1907 2924 1944 vos
2951 1891 3096 1944 ferte
3116 1905 3249 1943 cum
3278 1893 3615 1944 mansuetu-

1882 1966 1928 2030 Β
1961 1983 2118 2051 dine,
2153 1983 2237 2037 uti
2273 1984 2424 2037 Deus
2455 1997 2556 2036 vos
2585 1996 2838 2051 semper.
2875 1979 2962 2035 Ad
2992 1979 3295 2049 Polycarp.
3331 1994 3453 2047 cap.
3487 1979 3538 2030 6.

1304 2161 1436 2214 IDEM
1465 2155 1622 2224 ibid.,
1654 2156 1760 2210 litt.
1796 2172 1856 2229 χ,
1891 2158 1976 2210 tit.
2011 2171 2083 2225 Iv,
2113 2171 2246 2225 pag.
2281 2155 2406 2219 724,
2436 2155 2498 2210 Ε.

837 2315 1200 2370 ’1ΓΝΑΤΙΟΥ.

269 2431 585 2502 Χριστιανὸς
642 2430 834 2486 ἑαυτοῦ
917 2429 1157 2500 ἐξουσίαν
1217 2430 1318 2486 οὐκ
1367 2426 1505 2506 ἔχει,
1577 2428 1723 2488 ἀλλᾶ
1771 2435 1850 2504 τῷ

197 2522 321 2590 Θεῷ
354 2517 636 2592 σχολάζει.

2656 2313 2888 2366 ΙοΝΑτη.

2030 2437 2400 2493 Christianus
2431 2437 2520 2492 sui
2552 2437 2740 2508 ipsius
2772 2441 3258 2508 potestatemnon
3282 2433 3478 2499 habet,
3500 2434 3603 2490 sed

1965 2528 2081 2582 Deo
2112 2531 2296 2582 vacat.
2328 2527 2421 2582 Ad
2452 2525 2758 2597 Polycarp.
2792 2542 2917 2598 cap.
2948 2530 3000 2582 7.

1259 2671 1388 2724 IDEM
1418 2667 1582 2737 ibid.,
1609 2671 1717 2725 litt.
1749 2688 1800 2738 α,
1839 2669 1926 2728 tit.
1962 2687 2303 2742 Lxxw,pag.
2338 2674 2460 2742 772,
2494 2673 2560 2726 D.

199 2834 302 2889 Ἐκ
353 2839 454 2903 τῆς
512 2834 657 2908 πρὸς
705 2834 1077 2890 ἘΦΕΣΙΟΥΣ
1154 2832 1488 2904 Ἐπιστολῆς
1544 2841 1641 2891 τοῦ
1697 2836 1853 2908 ἁγίου

623 2906 978 2962 ἸΓΝΑΤΙΟΥ
1006 2911 1102 2959 τοῦ
1134 2908 1433 2984 Θεοφόρου.

280 3008 498 3081 Μηδεὶς
538 3010 851 3067 πλανάσῦω.
909 3013 1032 3068 Ἐὰν
1083 3015 1158 3084 μή
1208 3035 1292 3077 τις
1341 3013 1378 3088 ᾖ
1426 3015 1572 3078 ἐντὸς
1619 3019 1715 3070 τοῦ
1763 3017 1856 3070 θυ-

195 3099 548 3174 σιαστηρίου,
591 3102 890 3174 ὑστερεῖται
921 3105 1016 3156 τοῦ
1065 3102 1230 3176 ἄρτου
1280 3107 1381 3158 τοῦ
1430 3109 1585 3160 Θεοῦ.
1643 3104 1706 3159 El
1753 3106 1854 3178 γὰρ

200 3189 328 3252 ἐνὸς
367 3189 458 3243 καὶ
522 3186 772 3266 δευτέρου
827 3193 1110 3266 προσευχὴ
1167 3194 1436 3264 τοσαύτην
1496 3193 1656 3269 ἴσχὺν
1717 3193 1858 3270 ἔχει,

193 3278 358 3350 πόσῳ
423 3275 638 3350 μᾶλλον
689 3279 724 3349 ἢ
777 3300 835 3334 τε
889 3284 986 3334 τοῦ
1054 3279 1353 3336 ἐπισκόπου
1393 3283 1482 3337 καὶ
1535 3286 1713 3352 πάσης
1758 3288 1857 3348 τῆς

192 3367 583 3437 Ἐκκλησίας;
643 3369 704 3425 ὐ
761 3369 851 3423 οὖν
912 3371 988 3442 μή
1069 3370 1366 3444 ἐρχόμενος
1432 3371 1520 3427 ἐπὶ
1578 3374 1640 3426 τὸ
1699 3374 1852 3442 αὐτὸ,

2056 2840 2139 2894 Ea:
2163 2839 2406 2910 Epistola
2435 2841 2508 2895 ad
2529 2843 2797 2895 EPHESIOS
2825 2842 3004 2896 sancti
3034 2839 3246 2894 IGNA’I‘H
3279 2838 3505 2906 Detferi.

2038 3020 2243 3076 Nullus
2274 3026 2450 3075 erret.
2486 3020 2541 3075 Si
2576 3020 2708 3092 quis
2738 3037 2856 3076 non
2915 3023 3004 3074 est
3046 3019 3202 3075 intra
3248 3019 3452 3080 altare,
3503 3015 3607 3071 Dei

1967 3126 2118 3180 pane
2147 3110 2428 3181 privatur.
2464 3110 2519 3164 Si
2580 3110 2739 3165 enim
2790 3109 2966 3164 unius
3015 3114 3073 3164 et
3124 3108 3367 3164 alterius
3418 3105 3606 3160 oratio

1969 3206 2197 3254 tantum
2229 3200 2463 3254 virtutis
2495 3199 2687 3265 habet,
2745 3205 2966 3270 quanto
3007 3198 3193 3270 magis
3243 3195 3501 3268 epiSCOpi
3553 3199 3612 3250 et

1965 3290 2160 3343 omnis
2192 3289 2518 3344 Ecclesiae?
2575 3291 2682 3354 Qui
2733 3306 2869 3355 ergo
2915 3288 3093 3343 simul
3141 3304 3261 3342 non
3313 3285 3608 3348 convenit,

1965 3377 2062 3430 hic
2085 3379 2210 3448 jam
2241 3378 2529 3448 superbus
2562 3384 2667 3444 est,
2702 3395 2768 3432 ac
2801 3394 2862 3433 se
2895 3378 3086 3448 ipsum
3117 3375 3420 3447 dijudicat.
3453 3373 3608 3428 Scri-

192 3456 356 3517 οὗτος
417 3453 525 3526 ἤδη
589 3457 940 3532 ὑπερηφανεῖ,
999 3458 1086 3512 καὶ
1147 3459 1331 3514 ἑαυτὸν
1411 3457 1691 3534 διακρίνει.
1749 3459 1846 3514 Γὲ-

2034 3483 2131 3520 um
2165 3472 2254 3520 est
2283 3467 2480 3521 enim:
2514 3467 2654 3521 Deus
2709 3467 2952 3538 superbis
3002 3467 3225 3521 resistit.
3275 3464 3367 3521 Ad
3413 3461 3608 3533 Ephe-

191 3565 436 3620 γραπται
531 3543 605 3601 δέ·
701 3547 1092 3625 Ὑπερηφάνοις
1160 3547 1188 3602 ὁ
1255 3549 1385 3608 θεὸς
1451 3549 1844 3606 ἀντιτάσσεται.

1965 3555 2105 3620 sios,
2137 3572 2257 3624 cap.
2292 3558 2343 3610 5.

1248 3695 1378 3751 lum:
1408 3695 1569 3765 ibid.,
1604 3697 1712 3750 litt.
1744 3715 1788 3765 ε,
1823 3699 1907 3753 tit.
1940 3713 2131 3770 XLVIII,
2156 3715 2291 3768 pag.
2321 3702 2444 3766 779,
2479 3700 2543 3752 D.

737 3825 880 3900 Πρὸς
909 3826 1298 3884 ἘΦΕΣΙΟΓΣ.

278 3955 687 4031 Σπουδάσωμεν
749 3960 825 4033 μὴ
916 3960 1320 4026 ἀντιτάσσεσθαι
1401 3961 1478 4033 τῷ
1548 3959 1848 4036 ἐπισκοπῳ,

185 4044 286 4100 ’ἕνα
322 4046 470 4119 ὦμεν
503 4051 618 4118 Θεῷ
675 4044 1127 4121 ὕποτασσόμενοι.
1187 4049 1285 4103 Καὶ
1343 4049 1464 4103 ὅσον
1527 4049 1715 4126 βλέπει
1767 4073 1850 4114 τις

191 4140 438 4210 σιγῶντα
489 4135 807 4207 ἐπίσκοπον,
868 4136 1032 4194 πλέον
1096 4138 1252 4193 αὐτὸν
1313 4135 1606 4204 φοϐείσθω.
1670 4142 1849 4196 Πάντα

182 4227 293 4304 γὰρ
326 4225 383 4281 ὅν
417 4225 622 4300 πέμπει
657 4229 684 4282 ὁ
717 4225 1105 4300 οἰκοδεσπότης
1166 4229 1241 4292 εἷς
1302 4228 1442 4285 ἰδίαν
1503 4230 1845 4304 οἰκονομίαν,

181 4316 366 4378 οὕτως
405 4313 488 4370 δεῖ
517 4319 665 4390 ἡμᾶς
718 4315 989 4391 δέγεσθαι,
1050 4317 1124 4380 ὠς
1177 4319 1342 4373 αὐτὸν
1398 4320 1490 4374 τὸν
1539 4319 1843 4393 πέμποντα.

181 4409 288 4460 Τὸν
322 4409 455 4480 γοῦν
488 4405 807 4478 ἐπίσκοπον,
835 4407 910 4468 ὡς
940 4407 1101 4462 αὐτὸν
1160 4407 1254 4463 τὸν
1310 4409 1504 4484 Κύριον
1548 4406 1629 4464 δεῖ
1676 4430 1845 4484 προσ-

185 4489 435 4551 ϐλέπειν.

2575 3833 2657 3886 Ad
2683 3833 2971 3888 EPHESIOS.

2032 3966 2280 4036 Operam
2316 3982 2628 4037 ponamus,
2658 3971 2724 4021 ut
2753 3983 2871 4020 non
2904 3966 3177 4036 episcopo
3235 3966 3602 4032 resistamus,

1960 4061 2023 4109 ut
2055 4054 2238 4110 simus
2269 4057 2387 4110 Deo
2421 4054 2692 4126 subjecti.
2739 4056 2808 4108 Et
2859 4072 2974 4126 quo
3024 4055 3210 4126 magis
3260 4054 3600 4124 episcopum

1961 4149 2249 4198 tacentem
2276 4145 2407 4215 quis
2433 4144 2608 4198 videt.
2638 4161 2706 4198 eo
2734 4143 2865 4214 plus
2896 4144 3090 4214 ipsum
3112 4143 3317 4196 timeat
3354 4141 3601 4194 Omnem

1959 4233 2117 4287 enim
2150 4250 2326 4303 quem
2357 4232 2782 4304 paterfamilias
2803 4231 2877 4288 ad
2903 4248 3069 4287 suam
3093 4230 3599 4302 dispensationem

1956 4322 2160 4388 mittit,
2197 4322 2278 4376 sic
2310 4339 2416 4376 nos
2450 4326 2682 4392 oportet
2707 4321 2971 4391 recipere
3005 4320 3158 4376 velut
3197 4320 3389 4390 ipsum
3419 4334 3452 4372 a
3485 4333 3600 4388 quo

1959 4413 2230 4468 mittitur.
2262 4413 2584 4485 Episcopus
2617 4412 2813 4482 itaque
2846 4411 3028 4483 aspici
3063 4411 3235 4466 debet
3262 4410 3346 4466 uti
3402 4409 3602 4464 Domi-

1959 4519 2072 4557 nus
2106 4502 2251 4574 ipse.
2283 4503 2375 4556 Ad
2402 4502 2613 4574 Ephes.
2649 4518 2807 4573 capp.
2843 4504 2873 4554 5
2903 4507 2954 4554 et
2984 4503 3037 4555 6.

257 4633 363 4690 Hic
403 4634 589 4706 locus,
622 4636 932 4692 nonnullis
963 4635 1240 4709 demptis,
1274 4636 1520 4709 aliisque
1550 4637 1760 4692 leviter
1788 4637 2135 4708 immutatis,
2167 4638 2426 4694 occurrit
2456 4637 2698 4709 ibidem,
2729 4652 2860 4709 pag.
2894 4639 3018 4706 750,
3051 4636 3118 4693 D.

1247 4784 1379 4838 IDEM
1408 4783 1569 4849 ibid.,
1601 4783 1710 4838 litt.
1742 4802 1794 4854 α,
1827 4785 1917 4838 tit.
1947 4800 2130 4853 Lxxw,
2155 4801 2291 4855 pag.
2320 4787 2442 4851 772,
2475 4786 2534 4840 C.

193 4943 294 4998 Ἐκ
349 4947 450 5010 τῆς
501 4939 653 5016 πρὸς⁸
697 4941 1065 5016 ’ᾲῌΦὲΣΑΙΟΥΣν
1119 4939 1454 5016 Ἐπιστολῆς
1509 4943 1606 4994 τοῦ
1690 4939 1921 5014 ἁγίουῙ)

617 5013 966 5069 ἸΓΝΑΤΙΟΥ
989 5015 1085 5066 τοῦ
1117 5014 1413 5090 Θεοφόρου.

259 5137 405 5200 Τοὺς
438 5136 742 5212 μερισμοὺς
779 5135 1022 5214 φεύγετε,
1073 5136 1149 5198 ὠς
1206 5136 1386 5212 ἀρχὴν
1419 5138 1636 5195 ’κακῶν.
1691 5137 1833 5193 Εἰώ-

193 5225 316 5291 θασί
339 5245 480 5287 τινες
514 5222 665 5296 δόλῳ
714 5228 946 5298 πονηρῷ
998 5224 1059 5280 τὸ
1106 5221 1282 5298 ὄνομα
1329 5227 1572 5299 Χριστοῦ
1618 5225 1841 5304 περιφέ-

193 5337 332 5393 ρειν,
383 5314 528 5371 ἄλλα
579 5315 704 5370 τινὰ
757 5315 1084 5388 πράσσοντες
1161 5314 1346 5385 ἀνάξια
1395 5319 1549 5384 Θεοῦ,
1610 5316 1701 5376 οὕς
1759 5313 1842 5370 δεῖ

190 5407 335 5480 ὑμᾶς
369 5405 444 5466 ὡς
477 5402 642 5478 θηρία
670 5400 955 5459 ἐκκλίνειν.
1013 5403 1130 5459 Εἷσί
1176 5403 1282 5478 γὰρ
1331 5404 1484 5466 κύνες
1533 5402 1836 5465 λυσσῶντες

176 5489 576 5568 λαθρόδηκταιο
616 5491 706 5556 οὕς
738 5487 820 5547 δεῖ
872 5492 1008 5566 ὑμᾶς
1063 5492 1450 5571 φυλάσσεσθαι,
1506 5488 1662 5556 ὄντας
1709 5489 1836 5548 δυσ-

174 5581 562 5658 θεραπεύτους.

2044 4945 2128 4998 Ba:
2156 4940 2338 4996 sancti
2369 4941 2582 4996 locum
2611 4939 2816 5009 Deiferi
2845 4939 3087 5009 Epistola
3116 4938 3189 4994 ad
3216 4939 3508 4994 Erucsros.

2021 5140 2222 5210 Fugite
2265 5139 2606 5203 divisiones,
2660 5139 2748 5195 uti
2809 5138 3101 5195 malorum
3146 5137 3335 5193 initia.
3393 5137 3597 5192 Solent

1948 5230 2133 5300 aliqui
2168 5230 2322 5284 malo
2353 5228 2488 5284 dolo
2518 5229 2733 5284 Christi
2764 5246 2986 5286 nomen
3045 5227 3446 5295 circumferre,
3478 5225 3592 5280 alia

1948 5319 2217 5388 quaedam
2247 5319 2491 5390 indigna
2539 5322 2658 5376 Deo
2712 5321 3088 5387 iactitantes;
3137 5335 3171 5374 α
3221 5317 3437 5389 quibus
3487 5331 3589 5370 vos

1946 5415 2180 5480 Oportet
2208 5417 2490 5480 tanquam
2524 5429 2558 5466 a
2586 5411 2728 5465 feris
2749 5411 3069 5466 declinare.
3101 5410 3248 5464 Sunt
3278 5407 3435 5462 enim
3494 5422 3589 5460 ra-

1944 5497 2093 5554 biosi
2127 5515 2302 5555 canes
2331 5499 2482 5555 clam
2516 5501 2855 5556 mordentes
2882 5517 2895 5553 :
2927 5517 2961 5554 a
2992 5500 3208 5570 quibus
3238 5515 3338 5553 vos
3361 5495 3590 5551 debetis

1945 5603 2170 5652 cavere,
2203 5603 2311 5645 ceu
2355 5589 2456 5660 qui
2503 5589 2743 5645 difﬁcile
2792 5594 3228 5645 mansuescent.
3260 5588 3352 5644 Ad
3374 5585 3588 5658 Ephes.

1943 5694 2068 5748 cap.
2099 5679 2151 5730 7.

247 5819 340 5880 Ad
368 5818 528 5880 hunc
558 5815 757 5877 locum
786 5814 870 5873 Cl.
901 5814 1140 5880 Leonum
1170 5817 1412 5881 adnotat
1442 5817 1640 5880 minus
1670 5821 1850 5884 recte,

2034 5833 2060 5876 Et
2088 5815 2219 5885 ista,
2251 5814 2377 5880 τοὺς
2411 5814 2709 5895 μερισμοῦς
2739 5813 2975 5898 ερεῦγετε,
3019 5814 3092 5878 ὡς
3139 5813 3320 5893 ἀρχὴν
3370 5817 3574 5885 κακῶν,
