3924 6310
185 394 310 458 κγ

1439 390 1920 456 FRAGMENTA
1963 391 2345 455 GENUINA.

189 531 328 583 Θεοῦ
359 525 426 581 οὗ
473 525 1012 600 κληρονομήσουσιν.
1081 523 1144 580 Εἰ
1205 524 1297 578 οὗν
1359 524 1408 579 οἱ
1473 525 1610 579 κατὰ
1666 523 1835 598 σάρκα
1873 530 1921 596 Α

2008 539 2082 580 ιω
2113 540 2361 596 regnum
2384 522 2486 578 Dei
2519 539 2638 577 non
2670 519 3146 592 possidebunt.Si
3192 535 3328 592 ergo
3354 521 3454 591 qui
3485 521 3616 576 hare

185 620 358 670 ταῦτα
389 613 693 689 πάσχοντες
737 614 1100 684 ἀπέθνησκον,
1156 613 1310 684 πόσῳ
1368 610 1580 684 μᾶλλον
1609 611 1699 667 ἐὰν
1746 611 1846 668 πί·-

189 727 309 761 στιν
345 705 397 760 ἐν
431 701 900 773 κακοδιόοισκαλίᾳ
952 709 1135 780 φθερεῖ
1175 703 1309 776 Heg.
1343 700 1584 778 gbsipn],
1617 702 1748 774 ὑπὲρ
1782 702 1847 770 ἧς

183 798 406 866 Ἰησοῦς
468 795 702 869 Χριστὸς
790 793 1155 866 ἐσταυρὼθη;
1223 794 1342 846 Ὅτι
1395 792 1552 853 οὗτος
1613 793 1850 866 ῥυπαρὸς

182 886 508 961 γενόμενος,
542 884 621 946 εἰς
648 884 710 939 τὸ
741 887 848 959 πῦρ
878 885 941 938 τὸ
1002 877 1257 937 ἄσϐεστον
1316 883 1587 957 χωρήσει,
1645 882 1851 955 ὁμοίως

182 976 286 1030 καὶ
320 977 348 1029 6
379 974 601 1030 ἀκονων
633 973 818 1030 αὐτοῦ.

1961 614 2288 670 secundum
2319 629 2561 669 carnem
2582 613 2902 684 patiuntur,
2929 611 3148 666 mortui
3174 616 3310 665 sunt
3335 628 3348 678 ;
3383 619 3606 682 quanto

1962 705 2147 778 magis
2179 706 2226 760 si
2261 706 2437 760 ﬁdem
2469 705 2663 760 aliena
2695 703 2961 758 doctrina
3003 702 3333 767 lahefactet,
3366 707 3607 773 propter

1962 811 2140 865 quam
2169 796 2335 849 Jesus
2375 794 2640 848 Christus
2672 792 2985 847 cruciﬁxus
3017 798 3104 847 est
3133 791 3161 844 ‘I
3189 790 3478 856 Quoniam
3512 792 3606 846 hic

1962 888 2267 939 contracta
2297 882 2493 952 sorde,
2548 883 2610 936 in
2662 882 2859 954 ignem
2919 880 3340 937 inexstinctum
3398 879 3604 948 abibit,

1963 971 2469 1043 quemadmodum
2499 972 2554 1027 ei
2599 972 2700 1042 qui
2729 971 2926 1043 ipsum
2948 969 3236 1026 ausculat.
3269 969 3361 1025 Ad
3387 968 3604 1041 Ephes.

1964 1077 2084 1132 cap.
2112 1063 2198 1119 16.

1123 1239 1257 1295 Imm
1287 1237 1448 1309 ibid.,
1479 1238 1586 1293 litt.
1620 1254 1664 1305 ε,
1693 1238 1780 1295 tit.
1814 1253 2002 1310 xnvm,
2028 1256 2165 1311 pag.
2198 1242 2322 1310 779,
2350 1241 2412 1311 E,
2447 1241 2571 1312 780,
2603 1241 2671 1297 Α.

557 1429 673 1484 Τοῦ
699 1427 869 1483 αὐτοῦ
898 1426 1034 1502 πρὸς
1066 1427 1481 1484 ΜᾹΓΝΣΙΟΥΣ.

268 1544 364 1608 Εἷς
393 1545 563 1618 τιμὴν
592 1549 732 1601 Θεοῦ
761 1548 858 1600 τοῦ
889 1541 1216 1615 θελήσαντος
1261 1547 1432 1618 ἡμᾶς,
1465 1543 1669 1620 πρέπον
1704 1541 1844 1600 ἐστὶν

191 1632 491 1689 ὑπακούειν
541 1637 624 1707 τῷ
689 1632 971 1708 ἐπισκόπῳ
1019 1638 1155 1689 κοιτά
1205 1631 1482 1708 μηδεμίαν
1537 1634 1844 1710 ὑποκρισιν.

184 1723 348 1780 Ἐπεὶ
381 1721 510 1799 οὐχὶ
540 1723 635 1779 τὸν
669 1719 962 1779 ἐπισκόπον
996 1728 1190 1779 τοῦτον
1219 1723 1311 1778 τὸν
1338 1722 1678 1799 βλεπόμενον
1700 1721 1848 1778 πλα-

181 1816 256 1884 νᾷ
294 1832 404 1880 τις,
433 1811 582 1868 ἀλλὰ
609 1812 702 1867 τὸν
735 1813 966 1888 ἀόρατον
999 1809 1422 1888 παραλογίζεται
1454 1813 1602 1871 Θεόν.
1647 1816 1739 1886 Τῷ
1790 1810 1847 1867 δὲ

179 1901 454 1974 τοιούτῳ,
486 1901 547 1956 οὗ
584 1902 719 1976 πρὸς
754 1901 925 1976 σάρκα
955 1901 982 1956 6
1014 1901 1205 1976 λόγος,
1237 1900 1385 1958 ἀλλὰ
1412 1901 1549 1976 πρὸς
1596 1901 1724 1956 Θεὸν
1753 1902 1844 1957 τὸν

179 1991 258 2046 τὰ
285 1991 497 2064 κρυπτὰ
527 1987 728 2049 εἰδότα.
762 1988 971 2066 Πρέπον
1006 1992 1097 2045 οὖν
1127 1988 1262 2063 ἐστι,
1321 1992 1395 2064 μή
1458 1990 1622 2065 μόνον
1656 1989 1847 2046 καλεῖ-

2413 1431 2672 1501 Ejusdem
2696 1431 2769 1486 ad
2807 1433 3146 1488 MAGNESIOS.

2029 1547 2097 1601 In
2139 1545 2429 1602 honorem
2479 1546 2580 1602 Dei
2612 1546 2713 1618 qui
2772 1565 2880 1603 nos
2912 1547 3054 1612 vult,
3089 1547 3308 1602 decens
3359 1549 3448 1602 est
3495 1561 3603 1601 nos

1961 1635 2237 1708 episcopo
2283 1636 2413 1691 sine
2452 1636 2854 1693 simultatione
2887 1637 3152 1703 obedire,
3185 1636 3333 1702 Quia
3382 1651 3605 1706 nequa-

1960 1740 2137 1796 quam
2171 1724 2514 1798 episcopum
2547 1725 2702 1782 hunc
2733 1726 2834 1798 qui
2865 1726 3056 1782 oculis
3087 1724 3332 1793 videtur,
3375 1724 3606 1780 seducit

1959 1815 2274 1886 quispiam,
2307 1814 2410 1870 sed
2438 1815 2798 1871 invisibilem
2827 1815 3010 1872 Deum
3035 1815 3238 1870 fallere
3260 1819 3446 1885 putat.
3479 1812 3601 1868 Tali

1959 1908 2155 1959 autem
2189 1904 2332 1972 viro,
2369 1921 2488 1959 non
2549 1903 2623 1960 ad
2679 1921 2916 1962 carnem
2965 1921 3160 1961 sermo
3213 1910 3323 1970 est,
3371 1903 3475 1959 sed
3526 1902 3599 1958 ad

1961 1994 2143 2050 Deum
2176 1993 2275 2064 qui
2309 1994 2542 2049 occulta
2579 1995 2788 2051 cernit.
2821 1996 3107 2062 Quocirca
3133 2001 3600 2051 consentaneum

187 2082 315 2134 σθαι
347 2080 733 2153 Χριστιανοὺς,
767 2079 914 2135 ἀλλὰ
955 2080 1046 2135 καὶ
1105 2081 1266 2134 εἶναι’
1326 2076 1513 2155 ὥσπερ
1575 2079 1663 2135 καί
1709 2101 1847 2143 τινες
1880 2078 1920 2147 C

2008 2091 2070 2152 st,
2092 2089 2300 2140 utnon
2331 2084 2524 2140 solum
2547 2084 2865 2140 Christiani
2887 2102 3183 2149 vocemur,
3197 2100 3398 2140 verum
3421 2083 3600 2139 etiam

187 2168 493 2225 ἐπίσκοπον
531 2170 626 2243 μὲν
655 2167 940 2240 καλοῦσιν,
984 2169 1162 2244 χωρὶς
1191 2168 1247 2224 δὲ
1277 2169 1442 2224 αὐτοῦ
1471 2172 1643 2226 πάντα
1675 2171 1845 2246 προὶσ⁸

192 2281 400 2315 σουσιν.
435 2261 503 2318 Οἱ
533 2264 772 2315 τοιοῦτοι
825 2259 924 2314 οὐκ
952 2255 1329 2330 εὐσυνείδητοί
1391 2281 1484 2332 μοι
1537 2259 1841 2338 φαίνονται,

189 2346 286 2404 διὰ
312 2349 376 2404 τὸ
422 2349 496 2423 μὴ
541 2344 775 2424 βεϐαίως
797 2349 914 2405 κατ’
943 2345 1171 2418 ἐντολὴν
1206 2349 1662 2424 συναθροίζεσθαι.

1960 2175 2146 2228 simus
2173 2191 2186 2242 ;
2209 2190 2326 2245 quo
2351 2190 2564 2246 nempe
2579 2174 2752 2229 modo
2785 2174 2972 2246 aliqui
2991 2176 3332 2246 episcopum
3363 2173 3603 2245 quidem

1963 2269 2189 2328 vocant,
2227 2269 2440 2319 cuncta
2469 2281 2604 2320 vero
2637 2264 2764 2320 sine
2797 2265 2926 2336 ipso
2958 2271 3263 2338 peragunt.
3304 2264 3472 2320 Tales
3503 2280 3604 2319 au-

1959 2360 2080 2409 tem
2106 2353 2252 2408 mihi
2286 2353 2456 2408 boum
2479 2354 2856 2409 conscientiae
2880 2371 2998 2408 non
3017 2371 3145 2409 esse
3168 2353 3610 2425 videntur.quia

1961 2460 2084 2499 non
2118 2443 2370 2498 ﬁrmiter
2399 2442 2727 2500 secundum
2779 2443 3123 2500 mandatum
3178 2449 3610 2516 congregantur

1959 2533 2042 2588 Ad
2074 2533 2328 2604 Magnes.
2371 2548 2531 2603 capp.
2563 2535 2594 2586 3
2624 2536 2674 2588 et
2703 2531 2754 2588 4.

1372 2746 1507 2802 IDEM
1538 2745 1696 2818 εδει,
1731 2763 1853 2817 cap.
1887 2741 2016 2819 Περὶ
2045 2737 2430 2821 φιλαδελφίας.

277 2911 482 2974 Πάντες
510 2912 808 2987 ὁμοήοειαν
843 2916 976 2968 Θεοῦ
1007 2909 1290 2984 λαῧόντες,
1325 2911 1614 2986 ἀλλήλους
1669 2911 1848 2990 ἐντρέ-

195 3004 384 3072 πεσθε,
417 3001 506 3057 καὶ
543 3000 737 3077 μηδεὶς
776 3001 912 3057 κατὰ
941 3002 1110 3076 σάρκα
1144 3000 1392 3078 βλεπέτω
1445 3004 1537 3059 τὸν
1585 3002 1846 3076 πλησίον,

189 3090 326 3148 ἀλλ’
350 3089 404 3147 ἐν
434 3092 652 3166 Χριστῷ
673 3089 958 3164 ἀλλήλους
985 3089 1274 3156 διαπαντὸς
1305 3093 1560 3169 ἀγαπᾶτε.

2032 2915 2250 2969 Omnes
2281 2913 2767 2986 acceptisiisdem
2789 2913 3002 2970 divinis
3036 2913 3318 2976 moribus,
3353 2929 3453 2968 vos
3484 2927 3608 2967 mu-

1962 3009 2061 3059 tuo
2089 3003 2476 3058 revereamini
2501 3021 2514 3071 ;
2549 3011 2608 3059 et
2637 3021 2812 3060 nemo
2845 3004 3172 3061 secundum
3197 3019 3436 3059 carnem
3471 3017 3604 3072 spe-

1960 3097 2078 3149 ctet
2108 3093 2463 3165 proximum,
2500 3094 2603 3151 sed
2627 3095 2688 3150 in
2713 3095 2943 3153 Christo
2970 3111 3069 3152 vos
3089 3094 3341 3151 invicem
3373 3106 3608 3163 semper

1961 3185 2204 3250 diligite.
2233 3188 2325 3242 Ad
2354 3189 2608 3261 Magnes.
2633 3205 2755 3261 cap.
2789 3192 2842 3245 6.

267 3343 406 3401 Haec
435 3343 646 3402 recitat
667 3343 1005 3402 COTELERIUS
1037 3344 1097 3399 in
1130 3345 1287 3402 notis
1345 3346 1418 3402 ad
1477 3348 1635 3403 hunc
1691 3347 1909 3414 locum,
1943 3365 2012 3403 ex
2040 3348 2328 3405 Paralletis
2384 3352 2861 3423 Rupefucaldinis,
2896 3357 3037 3409 tunc
3093 3349 3291 3408 adhuc
3340 3345 3603 3418 ineditis,

183 3433 528 3508 descripta;
563 3452 695 3509 quae
727 3441 928 3493 tamen
960 3435 1163 3492 omisit
1192 3435 1255 3492 in
1286 3436 1570 3509 prmclara
1601 3453 1706 3494 sua
1736 3437 1996 3494 editione
2017 3437 2097 3494 Cl.
2136 3438 2397 3502 LEQUIEN.

1233 3593 1365 3650 Ion
1395 3594 1556 3663 ibid.,
1590 3594 1697 3651 litt.
1733 3612 1775 3664 ε,
1811 3595 1898 3651 ιιι.
1942 3607 2134 3661 xnvm,
2173 3610 2310 3666 pag.
2346 3599 2470 3668 780,
2502 3599 2570 3654 Α.

791 3751 890 3808 Ἐκ
918 3756 1018 3820 τῆς
1058 3749 1248 3820 αὐτῆς.

264 3872 450 3945 Μηδὲν
498 3873 632 3931 ἔστω
686 3873 736 3930 ἐν
793 3874 921 3949 tam
977 3875 1006 3929 ὃ
1066 3873 1352 3946 δυνήσεται
1416 3877 1554 3948 ὑμᾶς
1607 3875 1843 3951 μερίσαι,

182 3970 324 4026 ἀλλ’
353 3971 584 4042 mem
612 3975 694 4042 τῷ
725 3970 1006 4042 ἐπισκόπῳ
1053 3971 1145 4025 καὶ
1207 3976 1326 4034 τοῖς
1383 3972 1845 4044 προκαθημένοις,

187 4059 272 4123 εἰς
307 4059 473 4116 τόπον
505 4060 596 4114 καὶ
628 4057 864 4135 διδαχὴν
921 4059 1242 4138 ἀφθαρσίας.
1293 4065 1498 4135 Ὥσπερ
1555 4060 1646 4114 οὖν
1677 4061 1704 4113 6
1733 4057 1844 4115 K6-

187 4170 312 4225 ριος
342 4151 504 4222 ἡμῶν
536 4146 659 4204 ἄνευ
689 4153 788 4204 τοῦ
823 4149 1032 4223 Πατρὸς
1081 4146 1232 4204 οὐδὲν
1287 4147 1562 4220 ἐποίησεν,
1619 4146 1746 4204 οὔτε
1777 4144 1846 4204 δι’

181 4242 404 4308 ἑαυτοῦ,
445 4237 568 4294 οὕτε
609 4237 701 4294 διὰ
729 4243 840 4294 τῶν
870 4237 1222 4312 ἀποστόλων,
1254 4238 1426 4297 οὕτως
1490 4235 1629 4312 μηδὲ
1691 4239 1847 4312 ὑμεῖς

182 4328 315 4385 ἄνευ
343 4333 445 4384 τοῦ
477 4327 777 4384 ἐπισκόπου
812 4324 980 4402 μηδὲν
1013 4329 1297 4400 πράσσετε,
1356 4325 1496 4402 μηδὲ
1543 4327 1842 4403 πειράσητε

184 4417 417 4495 εὔλογόν
448 4439 502 4474 τι
535 4416 811 4496 φαίνεσθαι
845 4414 955 4490 ἰδίᾳ
987 4417 1137 4490 ὑμῖν.

2612 3758 2697 3814 Ba:
2731 3757 2942 3812 eadem.

2028 3879 2181 3934 Nihil
2213 3879 2289 3934 sit
2319 3879 2380 3934 in
2402 3879 2564 3935 vobis
2597 3880 2754 3951 quod
2777 3897 2876 3934 vos
2907 3878 3248 3950 disjungere
3281 3882 3477 3950 queat,
3497 3875 3599 3933 sed

1957 3969 2318 4040 copulamini
2349 3986 2483 4024 cum
2515 3969 2788 4042 episcopo
2819 3974 2878 4023 et
2907 3968 2978 4022 iis
3002 3968 3102 4038 qui
3133 3967 3472 4038 praesident,
3507 3980 3599 4022 se-

1957 4057 2216 4112 cundum
2237 4075 2506 4115 normam
2526 4064 2583 4113 et
2603 4058 2934 4114 doctrinam
2953 4057 3434 4127 incorruptionis.
3459 4057 3581 4120 Que

1956 4147 2338 4203 madmodum
2357 4149 2534 4220 igitur
2555 4147 2842 4203 Dominus
2874 4154 3077 4203 noster
3098 4146 3248 4202 nihil
3274 4147 3402 4200 sine
3428 4146 3599 4200 Patre

1955 4238 2155 4310 gessit,
2190 4254 2382 4308 neque
2411 4255 2516 4309 per
2543 4238 2829 4310 seipsum,
2862 4253 3058 4308 neque
3117 4253 3224 4308 per
3260 4233 3557 4307 apostolos
3584 4253 3597 4301 ;

1957 4328 2040 4383 sic
2053 4344 2244 4399 neque
2267 4344 2366 4382 vos
2389 4328 2518 4383 sine
2538 4327 2813 4400 episcopo
2829 4331 2886 4383 et
2903 4326 3266 4399 presbyteris
3286 4324 3600 4396 quidquam

1956 4418 2177 4490 agatis;
2211 4434 2404 4489 neque
2437 4416 2678 4473 tentetis
2709 4416 3013 4488 quidpiam
3045 4415 3206 4488 quod
3235 4414 3398 4470 vobis
3433 4430 3599 4470 seor-

1957 4508 2069 4564 sim
2099 4525 2335 4580 aequum
2357 4511 2658 4581 appareat.
2690 4507 2773 4562 Ad
2810 4507 3064 4580 Magnes.
3097 4522 3220 4576 oap.
3245 4507 3276 4561 6
3303 4512 3357 4561 et
3381 4508 3433 4561 Ἰ.

1259 4653 1393 4708 IDEM
1424 4653 1586 4723 ibid.,
1627 4651 1741 4708 litt.
1771 4672 1832 4722 π,
1866 4654 1952 4709 tit.
1986 4669 2118 4726 xxv,
2143 4672 2280 4727 pag.
2315 4655 2438 4724 785,
2471 4655 2532 4712 C.

413 4812 506 4870 Ἐκ
545 4817 644 4882 τῆς
688 4811 822 4888 πρὸς
859 4812 1316 4867 ΜΛΥΝῘΙΣΙΟΥΣ
1348 4814 1444 4866 τοῦ
1473 4806 1640 4865 αἶ)τοῦ

851 4881 1201 4940 Ἐπιστολῆς.

911 4903 1201 4947 πιστοΛης.

272 4991 546 5064 Μάθωμεν
605 4988 742 5045 κατᾶ
806 4990 1236 5063 Χριστιανισμὸν
1297 4993 1392 5064 ζῇν
1428 5031 1442 5046 .
1503 4990 1688 5051 Ὅστις
1743 4991 1845 5064 γὰρ

194 5081 361 5154 ἄλλῳ
393 5080 617 5153 ὀνόματι
649 5077 896 5134 καλεῖται
936 5077 1124 5134 πλεῖον
1185 5077 1404 5150 τούτου,
1463 5078 1562 5134 οὑκ
1613 5071 1845 5134 ἔστιτοῦ

192 5176 351 5230 Θεοῦ.

2208 4815 2292 4870 Ea:
2317 4815 2570 4885 Epistota
2617 4813 2860 4885 ejusdem
2902 4813 2976 4868 ad
3006 4809 3346 4868 Macnssms.

2031 4992 2335 5048 Discamus
2367 4993 2696 5048 secundum
2717 4991 3232 5048 Christianismum
3252 4990 3466 5044 vivere.
3489 4989 3598 5054 Qui

1959 5082 2113 5136 enim
2147 5082 2264 5137 alio
2287 5083 2443 5138 ultra
2470 5083 2712 5139 nomine
2743 5088 3001 5152 vocatur,
3039 5095 3160 5138 non
3208 5084 3299 5135 est
3351 5077 3478 5136 Dei.
3509 5079 3601 5133 Ad

1957 5173 2216 5245 Magnes.
2248 5188 2369 5244 cap.
2410 5176 2496 5229 10.

1255 5345 1387 5401 Ion
1419 5345 1596 5414 ibid.,
1629 5347 1738 5405 litt.
1770 5367 1815 5419 ε,
1840 5351 1925 5408 tit.
1950 5367 2138 5416 xum,
2159 5367 2295 5423 pag.
2328 5352 2450 5420 780,
2481 5352 2541 5405 Β.

850 5496 960 5552 Τοῦ
991 5495 1175 5556 αὐτοῦ,

263 5637 432 5692 Τέκνα
463 5629 644 5711 φωτὸς
675 5625 960 5699 ἀληθείας,
1003 5629 1221 5706 φεῦγετε
1278 5631 1369 5686 τὸν
1427 5629 1716 5707 μερισμὸν,
1755 5632 1844 5688 καί

191 5728 292 5789 τὰς
349 5714 872 5780 κακοδιδασκαλίας.
932 5719 1106 5776 Ὀποῦ
1145 5717 1202 5775 δὲ
1232 5719 1260 5774 6
1293 5721 1503 5795 ποιμήν
1533 5718 1701 5797 ἐστιν,
1735 5719 1848 5778 ἐκεῖ

197 5818 276 5882 ὡς
306 5807 553 5892 πρόϐατα
585 5804 954 5873 ἀκολουθεῖτε.

2630 5503 2894 5572 Ejusdem
2906 5544 2919 5558 .

2028 5632 2156 5689 Filii
2191 5633 2340 5689 lucis
2371 5630 2654 5694 veritatis,
2707 5630 2890 5702 fugite
2923 5631 3277 5689 divisionem
3324 5637 3381 5689 et
3412 5633 3600 5690 malas

1959 5725 2280 5780 doctrinas.
2302 5723 2408 5778 Ubi
2456 5728 2654 5778 autem
2705 5727 2794 5777 est
2849 5728 3071 5795 pastor,
3123 5722 3260 5780 illuc
3316 5729 3602 5797 tanquam

1961 5829 2097 5871 oves
2131 5810 2474 5886 sequimini.
2505 5813 2607 5870 Ad.
2641 5809 3012 5889 Philadelph.
3039 5827 3161 5886 cap.
3193 5814 3246 5869 2.
