3924 6310
351 356 472 418 959
1069 357 1175 416 AD
1218 355 1650 419 EPISTOLAS
1696 359 1764 417 S.
1809 353 2115 417 IGNATll
2162 352 2566 416 GENUINAS
2612 353 3049 416 APPENDIX.
3654 359 3783 420 960

1387 563 1521 619 Iona
1561 562 1721 629 ibid,
1756 563 1876 617 litt.
1909 580 1964 630 α,
1997 563 2083 616 tit.
2118 577 2308 629 Lxxw,
2332 576 2470 632 pag.
2506 561 2631 627 773,
2667 563 2733 615 Α.

634 724 720 779 Ea:
748 724 994 794 Epistola
1037 724 1109 779 ad
1157 726 1714 782 PHILADELPHIENSES.
2032 730 2086 796 Α

2073 773 2086 795 ι
2254 724 2350 780 Ἐκ
2377 728 2479 793 τῆς
2510 724 2648 799 πρὸς
2697 726 3222 783 ΦΙΛΑΔΕΛΦῙΟΥΣ
3272 726 3622 798 Ἐπιστολῆς.

425 836 468 884 Δ
500 830 675 886 malis
697 831 896 887 herbis
947 832 1263 904 abstinete,
1324 849 1471 904 quas
1515 834 1682 889 Jcsus
1738 833 1973 890 Christu

2218 828 2484 904 ὶπέχεσθε
2513 833 2620 885 τῶν
2667 833 2847 884 κακῶν
2904 831 3169 905 βοτανῶν,
3226 833 3301 886 ὧν
3360 834 3595 907 Χριστὸς
3651 837 3767 907 Ἰη-

351 936 473 975 non
500 919 657 981 colit.
692 927 1007 992 propterea
1048 922 1207 993 quod
1236 938 1357 977 non
1388 922 1501 993 ipsi
1547 927 1687 977 sunt
1718 922 1900 994 planta

2216 939 2241 980 ς
2274 919 2335 974 οὐ
2366 925 2620 996 γεωργεῖ,
2662 916 2752 974 διὰ
2779 920 2840 974 τὸ
2870 921 2946 992 μὴ
2990 922 3127 976 εἶναι
3186 922 3383 985 αὐτοὺς
3413 925 3631 1002 φυτείαν
3660 931 3764 983 τοῦ

348 1011 558 1065 Patris.
596 1013 674 1065 Ne
720 1012 952 1077 erretis,
1008 1012 1219 1067 fratres
1274 1013 1430 1078 mei;
1468 1013 1513 1067 si
1549 1012 1682 1083 quis
1734 1029 1871 1067 eum

2214 1009 2349 1082 πρός.
2378 1010 2464 1078 Μὴ
2493 1007 2786 1079 πλανᾶὊε,
2843 1007 3069 1087 ἀδελφοί
3103 1031 3228 1085 μου·
3288 1010 3335 1067 εἳ
3380 1035 3463 1078 τος
3518 1016 3763 1094 σχίζοντι

351 1100 702 1155 scissionem
742 1100 883 1156 facit
914 1102 1201 1171 sequitur,
1242 1119 1489 1173 regnum
1526 1102 1625 1158 Dei
1658 1100 1900 1157 haeredil

1850 1101 2005 1156 litate
2123 1093 2431 1168 ἀκολουθεῖ,
2470 1093 2748 1170 βασιλείαν
2781 1100 2913 1151 Θεοῦ
2946 1098 3009 1151 οὐ
3042 1094 3399 1174 κληρονομεῖ.

354 1204 475 1243 non
508 1188 859 1260 possidebit.
895 1190 975 1244 Ad
1005 1189 1293 1246 Philadel.
1329 1206 1452 1262 cap,
1484 1191 1537 1245 3.

1347 1335 1482 1389 lusu
1503 1333 1664 1399 ibid.,
1695 1333 1804 1388 litt.
1844 1352 1889 1401 ε,
1924 1336 2011 1390 tit.
2044 1348 2244 1400 xnvm,
2268 1347 2405 1402 pag.
2438 1332 2563 1399 780,
2597 1331 2657 1400 Β,
2690 1328 2750 1385 C.

1032 1467 1288 1529 Eiusdem
1307 1508 1320 1521 .

2761 1467 2871 1519 Τοῦ
2903 1463 3095 1523 αὐτοῦ.

414 1577 603 1633 Testis
634 1581 833 1631 autem
865 1575 1011 1631 mihi
1033 1580 1142 1645 est,
1176 1574 1237 1630 in
1268 1591 1385 1645 quo
1408 1575 1639 1630 vinctus
1670 1590 1824 1643 sum,
1855 1591 1963 1644 quo

2215 1569 2407 1646 ᾶάρτυς
2441 1591 2546 1643 μου
2578 1571 2628 1625 ἒν
2661 1569 2708 1643 ᾧ
2740 1568 2985 1645 δέδεμαι,
3016 1569 3101 1627 ὅτι
3130 1571 3237 1628 ἀπὸ
3297 1575 3496 1650 σαρκός
3550 1574 3764 1650 ἂνθρω-

345 1667 509 1722 niam
539 1684 574 1723 a
596 1683 773 1722 carne
806 1666 1069 1721 humana
1099 1683 1220 1721 non
1278 1666 1543 1739 cognovi.
1581 1665 1833 1736 Spiritus
1864 1682 1894 1719 v

2212 1681 2278 1729 ης
2338 1658 2438 1714 οὐκ
2494 1657 2687 1733 ἔγνων.
2751 1661 2829 1717 Τὸ
2910 1657 2967 1716 δὲ
3020 1664 3235 1735 Πνεῦμα
3289 1661 3555 1738 ἐκήρυσσε
3613 1663 3760 1721 τάδε·

344 1756 472 1811 haac
502 1755 881 1828 praedicavit:
917 1755 1053 1811 Sine
1085 1756 1362 1827 episcopo
1394 1756 1548 1810 nihil
1576 1754 1809 1810 faciatis
1836 1771 1849 1821 ;
1873 1771 1893 1808 ε

2216 1748 2301 1821 ρίς
2335 1747 2633 1803 ἐπισκόπου
2669 1745 2837 1820 μηδὲν
2871 1754 3102 1805 ποιεῖτε·
3134 1754 3233 1821 τὴν
3296 1751 3467 1825 σάρκα
3498 1753 3654 1826 ὑμῶν
3688 1754 3760 1816 ὡς

342 1858 481 1896 nem
513 1847 763 1896 vostram
822 1844 1107 1912 tanquam
1162 1841 1262 1895 Dei
1314 1841 1601 1911 templum
1660 1839 1887 1896 custodi

2214 1860 2233 1890 ν
2265 1841 2398 1891 Θεοῦ
2429 1836 2666 1908 τηρεῖτε’
2725 1840 2824 1908 τὴν
2889 1837 3078 1893 ἓνωσιν
3136 1839 3394 1914 ἀγαπᾶτε’
3444 1841 3575 1904 τοὺς
3611 1863 3763 1917 μερι-

347 1931 632 1985 unionem
722 1929 968 2001 diligite,
1028 1929 1346 1984 scissiones
1394 1929 1612 1999 fugite;
1675 1929 1896 1983 imitata

2220 1923 2290 1986 ὡς
2349 1925 2572 2001 φεύγετε
2605 1945 2618 1957 ·
2698 1926 2937 1999 μιμηταὶ
2993 1926 3203 2004 γίνεσθε
3260 1929 3443 1999 Ἰησοῦ
3499 1930 3769 2006 Χριστοῦ,

349 2025 537 2074 estote
564 2021 703 2074 Jesu
736 2018 973 2087 Christi,
1007 2017 1161 2073 velut
1191 2024 1250 2074 et
1279 2018 1404 2089 ipse
1437 2018 1647 2074 Patris.
1689 2016 1772 2071 Ad
1802 2016 1898 2071 Phi

1398 2037 1404 2069 ι
1437 2018 1647 2074 Patris.
1689 2016 1772 2071 Ad
1802 2016 2002 2071 Phila-
2033 2004 2080 2069 B
2114 2013 2187 2077 ὡς
2210 2014 2369 2069 αὐτὸς
2393 2019 2491 2069 τοῦ
2524 2015 2731 2090 Πατρὸς
2762 2014 2947 2071 αὐτοῦ.

349 2106 549 2181 delph.
575 2125 698 2179 cap.
735 2111 789 2163 7.

1845 2232 1981 2287 [om
2010 2232 2175 2302 ibid.,
2206 2232 2267 2287 Β.

1036 2377 1309 2446 Ejusdem.

2772 2377 2885 2432 Τοῦ
2916 2373 3097 2431 αὐτοῦ.

421 2484 665 2549 Quando
696 2483 948 2556 subjecti
988 2485 1129 2540 estis
1165 2485 1465 2557 episcopo,
1519 2486 1667 2541 mihi
1695 2485 1970 2542 videmini

2207 2483 2345 2538 Οταν
2400 2485 2478 2553 τῷ
2557 2479 2839 2555 ἔπισκόπῳ
2899 2481 3282 2555 ὑποτάσσεσθε,
3334 2484 3583 2561 φαίνεσθέ
3641 2504 3755 2557 μοι,

345 2589 471 2628 non
501 2572 828 2629 secundum
870 2575 1172 2630 hominem
1219 2575 1502 2645 viventes,
1535 2574 1638 2631 sed
1671 2576 1892 2632 secund

2208 2571 2344 2626 κατᾶ
2372 2568 2653 2645 ἄνθρωπον
2711 2576 2923 2644 ζῶντες,
2972 2571 3119 2630 ἂλλὰ
3183 2576 3320 2629 κατὰ
3378 2577 3595 2646 Ἰησοῦν
3624 2576 3755 2651 Χρι-

344 2661 545 2717 Jesum
566 2662 884 2731 Christum,
918 2662 1019 2734 qui
1053 2663 1243 2718 nostri
1274 2678 1452 2719 causa
1472 2669 1741 2719 mortuus
1774 2668 1880 2721 est.

1495 2669 1741 2719 nortuus
1774 2668 1880 2721 est.
1914 2664 1997 2719 Ad
2109 2662 2255 2734 στὸν,
2283 2661 2376 2716 τὸν
2408 2656 2480 2714 δι’
2510 2663 2657 2735 ἡμᾶς
2686 2659 3044 2718 ἀποθανόντα.

346 2748 520 2806 Trall.
563 2766 687 2822 cap.
723 2759 773 2805 2.

1398 2916 1531 2971 lnam
1561 2914 1720 2983 ibid.,
1755 2916 1835 2971 lit.
1868 2934 1921 2983 α,
1957 2917 2042 2971 tit.
2077 2930 2259 2982 LXXVI,
2287 2930 2423 2985 pag.
2457 2916 2582 2980 772,
2621 2915 2684 2969 Ε.

738 3074 825 3128 Ea:
855 3074 1101 3143 Epistola
1127 3075 1201 3129 ad
1229 3076 1598 3130 Taamxszs.
2027 3076 2077 3142 C
2276 3080 2287 3094 '

2027 3076 2077 3142 C
2276 3076 2373 3132 Ἐκ
2401 3080 2500 3143 τῆς
2532 3074 2669 3148 πρὸς
2690 3075 3182 3135 ΤΡΑΛΛΙΔΝΟΥΣ
3216 3075 3571 3147 Ἐπιστολῆς.

416 3181 627 3235 Hortor
653 3196 779 3251 vos,
808 3197 928 3237 non
956 3198 1083 3255 ego,
1119 3181 1223 3236 sed
1282 3183 1469 3252 gratia
1527 3183 1759 3238 Domini
1804 3191 1965 3240 nostr

2203 3180 2489 3248 Ῐαοακαλῶ
2520 3178 2682 3251 ὓμᾶς,
2731 3180 2833 3236 οὐκ
2885 3180 3014 3257 ἐγὼ,
3073 3181 3202 3239 ἀλλ’
3231 3185 3266 3252 ἡ
3299 3184 3466 3259 χάρις
3508 3190 3607 3241 τοῦ
3647 3192 3752 3241 Κυ-

340 3270 477 3324 Jesu
506 3268 744 3339 Christi,
799 3270 924 3327 solo
984 3270 1457 3327 Christianorum
1489 3271 1619 3327 cibo
1651 3272 1758 3340 uti,
1791 3274 1866 3329 ab

2199 3294 2230 3326 υ
2286 3276 2450 3345 ἡμῶν
2509 3276 2689 3343 Ἰησοῦ
2747 3274 3008 3348 Χριστοῦ,
3070 3276 3210 3349 μόνῃ
3260 3279 3330 3349 τῇ
3389 3279 3748 3352 Χριστιανικῇ

342 3363 549 3414 tranea
578 3376 712 3414 vero
744 3358 927 3415 herba
956 3360 1277 3427 abstinere,
1335 3377 1465 3431 quae
1507 3366 1594 3415 est
1626 3362 1890 3431 haeresis,

2308 3364 2568 3438 χρῆσθαι,
2601 3361 2901 3437 ἀλλοτρίας
2929 3362 2985 3418 δὲ
3037 3364 3272 3439 βοτάνης
3329 3364 3651 3440 ἀπέχεσθαι,
3680 3370 3750 3437 ἢ-

341 3463 636 3502 venenum
666 3463 980 3519 perperam
1001 3448 1330 3520 implicant,
1355 3464 1489 3505 cum
1512 3450 1685 3521 juxta
1706 3457 1881 3522 atque

2216 3449 2358 3508 ἔστὶν
2388 3448 2612 3525 αἶ’ρεσις.
2655 3451 2757 3507 Καὶ
2816 3450 3293 3527 παρεμπλέκουσιν
3351 3457 3562 3526 Ἰησοῦν
3613 3458 3745 3532 Χρι-

343 3536 440 3607 gni
475 3539 634 3603 sunt,
666 3534 843 3590 ﬁdem
876 3536 1169 3602 habeant;
1201 3542 1408 3609 utpote
1455 3539 1555 3609 qui
1619 3540 1892 3595 mortifer

2198 3565 2225 3595 ν
2248 3542 2383 3614 (leg,
2420 3558 2549 3597 cum
2585 3542 2860 3614 interpol.
2891 3542 2981 3595 καὶ
3011 3561 3141 3615 παρ,
3190 3543 3282 3598 τὸν
3336 3543 3439 3615 ἷὸν)
3492 3548 3747 3618 καταξιο-

339 3625 730 3697 pharmacum
763 3640 880 3680 una
912 3642 1045 3681 cum
1088 3625 1275 3681 mulso
1328 3628 1665 3699 praabeant;
1699 3630 1858 3701 quod

2193 3629 2498 3701 τευόμενοι,
2556 3627 2738 3702 ὥσπερ
2797 3631 3094 3704 θανάσιμον
3155 3633 3438 3708 φάρμακον
3501 3630 3742 3697 διδόντες

339 3713 587 3777 nesciat,
638 3713 911 3770 lubenter
958 3715 1190 3787 accipit,
1225 3722 1291 3772 ut
1318 3717 1379 3771 in
1410 3717 1801 3774 delectatione
1834 3736 1888 3774 ιι]

2195 3720 2220 3773 τ’
2250 3716 2618 3791 οἰνομέλιτος,
2651 3717 2784 3792 ὅπερ
2815 3718 2844 3773 ὁ
2874 3718 3078 3795 ἁγνῶν,
3124 3718 3300 3788 ἡδέως
3368 3717 3664 3793 λαμϐάνει,
3694 3722 3744 3778 ἓν

342 3803 650 3858 moriatur.
686 3804 1088 3860 Observemini
1128 3805 1305 3877 igitur
1333 3823 1366 3860 a
1396 3807 1635 3864 talibus.
1691 3808 1775 3863 Ad
1811 3809 1891 3863 Tr;

2207 3811 2274 3881 νῇ
2331 3810 2471 3881 κακῇ
2549 3807 2611 3861 τὸ
2668 3806 2953 3871 ἀποθανεῖν
2987 3849 3001 3865 .
3068 3807 3415 3874 Φυλάσσεσθε
3472 3811 3567 3866 οὗν
3624 3815 3752 3872 τοὺς

334 3908 458 3963 cap.
490 3894 542 3947 6.

2099 3896 2405 3957 τοιούτους.

1434 4076 1567 4131 Ion
1596 4076 1737 4143 ibid,
1773 4073 1890 4133 litt.
1923 4086 1975 4148 ῦ,
2009 4080 2095 4134 tit.
2129 4081 2208 4147 xi,
2233 4095 2373 4150 pag.
2408 4080 2531 4148 702,
2564 4080 2627 4134 E.

1049 4271 1283 4326 Ionam.
2735 4276 3092 4333 ’lI‘NATIOI‘.

412 4378 596 4432 Nemo
613 4382 874 4433 vestrum
895 4377 1175 4433 adversus
1192 4379 1530 4449 proximum
1546 4379 1867 4450 quidquam
1885 4381 1961 4436 ha

2196 4378 2384 4451 lnSslq
2439 4381 2591 4454 ὑμῶν
2641 4382 2781 4437 κατὰ
2850 4385 2946 4436 τοῦ
3012 4381 3251 4450 πλησίον
3307 4382 3484 4459 ἐχέτω
3536 4405 3610 4439 τιο
3672 4387 3745 4457 μή

338 4464 496 4532 beat,
523 4481 600 4520 ne
633 4467 1007 4521 occasionem
1036 4466 1313 4538 gentibus
1344 4466 1496 4522 detis
1519 4485 1533 4535 ;
1553 4484 1629 4522 ne
1660 4484 1884 4539 paucor

2201 4471 2351 4546 ›ρμὰς
2410 4468 2587 4527 δίδοτε
2661 4475 2780 4532 τοῖς
2836 4466 3056 4539 ἔθνεσιν,
3111 4470 3205 4525 ἵνα
3269 4473 3346 4544 μὴ
3393 4469 3462 4526 δι’
3522 4472 3750 4548 ὀλίγους

338 4554 657 4609 stultorum
684 4555 857 4626 culpa
886 4555 1006 4623 ﬁat,
1036 4560 1105 4609 ut
1150 4554 1468 4610 multitudo
1515 4555 1714 4611 divina
1772 4558 1884 4613 virt

1800 4558 1988 4615 'irtute
2098 4558 2336 4636 ἄφρονας
2366 4559 2428 4615 τὸ
2467 4555 2638 4615 ἔνθεον
2679 4558 2895 4630 πλῆθος
2929 4559 3349 4636 βλασφημῆται,

333 4642 585 4715 praedita
609 4642 945 4699 maledictis
975 4643 1315 4717 impetatur.
1348 4645 1430 4699 Ad
1448 4644 1626 4700 Trall.
1659 4662 1783 4716 cap.
1818 4648 1872 4702 8.

1368 4787 1503 4842 IDEM
1532 4787 1692 4857 ibid.,
1729 4788 1837 4843 litt.
1880 4808 1912 4843 α
1961 4793 2051 4847 tit.
2100 4809 2286 4864 Lxxvr,
2314 4808 2447 4865 pag.
2482 4796 2606 4863 772,
2638 4794 2701 4849 E.

1002 4939 1089 4997 Ea:
1117 4937 1321 4996 eadem.

2692 4943 2790 5001 Ἐκ
2818 4949 2919 5013 τῆς
2952 4943 3142 5015 αὐτῆς.

408 5062 610 5131 Fugite
668 5064 853 5121 malas
883 5065 1258 5137 propagines,
1291 5082 1423 5136 qua;
1454 5066 1826 5123 mortiferum
1857 5067 1957 5123 frui

2192 5067 2409 5146 βεύγετε
2464 5069 2563 5129 τὰς
2614 5066 2780 5130 κακὰς
2838 5066 3193 5144 παραφυάδας
3225 5112 3241 5137 ,
3318 5070 3416 5133 τὰς
3470 5072 3741 5145 γεννώσας

336 5159 497 5208 ctum
529 5159 809 5220 generant
837 5171 1048 5224 :quem
1074 5155 1122 5208 si
1152 5158 1347 5226 gustet
1371 5154 1609 5225 aliquis,
1643 5156 1841 5211 statim
1866 5173 1885 5211 ῐ

2203 5158 2304 5212 πὸν
2356 5157 2774 5235 θανατηφόρον,
2837 5157 2899 5211 οὗ
2965 5156 3053 5212 ἐὰν
3100 5156 3348 5230 γεύσεταί
3403 5179 3487 5221 τις
3544 5179 3751 5235 παραυ-

329 5243 502 5297 ritur.
529 5243 629 5297 lsti
681 5243 842 5298 enim
881 5258 1003 5298 non
1061 5248 1201 5297 sunt
1245 5243 1533 5313 plantatio
1593 5244 1869 5315 Spiritus.

2197 5265 2219 5298 κ
2273 5245 2627 5315 ἀποθνήσκει.
2687 5244 2853 5301 Οὗτοι
2925 5243 3029 5319 γὰρ
3088 5242 3187 5301 οὐκ
3238 5247 3345 5302 εἶσὶ
3402 5246 3593 5326 φυτεία
3649 5250 3746 5302 τοῦ

330 5330 512 5386 Trall.
543 5347 664 5402 cap.
712 5335 797 5385 11.

2092 5337 2165 5388 Πν
2174 5331 2230 5386 εύ
2238 5351 2425 5406 ματος.
