3956 6308
403 357 522 418 967

1019 339 1436 406 EXCERPTA
1476 338 1576 400 EX
1617 332 2028 398 EPISTOLIS
2070 331 2136 394 S.
2184 331 2485 394 IGNATII
2527 331 2868 397 SYRIACE
2911 330 3198 396 EDITIS.

403 487 782 550 Provocando
805 486 1112 560 provocate
1133 476 1534 550 illaslbestias,
1559 473 1768 530 ut-sint
1797 469 1944 528 mihi
1975 485 2060 524 se.
2086 470 2142 538 Α
2172 469 2226 526 6.
2259 469 2504 526 Dotores
2533 473 2740 542 partus
2778 473 2934 526 stant
2967 485 3148 542 super
3177 483 3272 524 me
3302 467 3440 542 (79),
3521 508 3535 522 .
3619 508 3635 523 .
3715 511 3731 524 .
3813 510 3830 524 .

399 579 676 655 pulcrum
705 579 834 648 (73),
871 571 1277 644 eia-quidquam
1334 581 1410 621 ne
1457 563 1758 655 relinquat
1787 576 1817 615 θ
1849 575 2051 630 corpo-

401 647 645 734 re-meo,
679 673 958 736 ut-neque
991 676 1124 717 cum
1157 656 1512 721 occubuere,
1545 651 1659 708 sim
1689 665 1840 706 onus
1871 663 2053 719 super
2153 650 2186 703 7
2214 652 2673 706 et—amor-meus
2705 649 3256 706 crucifixus:et-non
3289 647 3424 720 (est)
3449 647 3644 702 in-me
3665 647 3822 720 ignis

403 760 669 817 homine.
701 758 862 812 Tunc
884 755 1008 824 ipse
1031 751 1220 806 factus
1247 762 1352 820 ego
1374 737 2051 815 eiscipulusin-veritate
2158 737 2601 794 in-amore-alio
2641 739 2772 810 (80).
2831 741 2967 794 .Non
2989 738 3162 810 cupio
3210 737 3825 808 cibumcorruptionis

403 853 540 908 Jesu
571 847 819 914 Christo,
851 858 986 899 eum
1019 854 1210 910 neque
1241 847 1674 893 camus-meum
1701 829 1858 885 videt
1877 843 2050 883 mun-

399 942 538 997 dus.
571 940 788 1010 Rogato
832 951 866 988 a
895 931 1384 988 Domino-nostro
1433 937 1685 994 pro—me,
1733 923 1925 989 ut-per
1968 917 2050 972 in-

405 1007 737 1088 strumenta
761 1027 886 1081 haec
917 1022 1186 1078 inveniar
1217 1015 1577 1074 sacrificium
1616 1012 1756 1066 Deo.
1813 1011 1940 1064 Non
1969 1007 2052 1062 fa-

403 1128 535 1178 ctus
566 1125 632 1175 ut
661 1119 869 1172 Petrus
901 1111 1199 1169 et-Paulus
1229 1103 1581 1179 praecipiens
1607 1117 1710 1171 ego
1743 1099 1905 1154 vobis
1929 1115 1942 1152 :
1965 1097 2052 1152 illi

405 1211 669 1282 qui-sunt
698 1203 971 1278 apostoli,
1002 1218 1107 1274 ego
1165 1204 1363 1254 autem
1413 1195 1524 1265 (74)
1573 1189 2004 1246 condemnatus
2038 1204 2050 1240 :

403 1281 488 1356 illi
524 1298 764 1370 quidem
798 1295 910 1366 (l5)
941 1289 1402 1346 ﬁliiliberorum
1435 1281 1670 1352 (liberi),
1705 1295 1809 1351 ego
1853 1283 2052 1370 autem

409 1367 611 1444 servus
645 1400 830 1456 usque
863 1382 1125 1438 ad-nunc
1155 1394 1169 1443 ;
1203 1375 1305 1430 sed
1335 1373 1383 1428 si
1415 1367 2055 1444 patior,.manumissus

406 1480 546 1535 Jesu
575 1455 792 1530 Christi
822 1471 1012 1526 factus
1055 1465 1198 1538 (ero)
1247 1479 1352 1535 ego
1398 1467 1716 1532 et-surgam
1774 1458 1927 1512 in-co
1982 1455 2054 1510 ab

405 1568 564 1623 inter
593 1568 858 1620 mortuos
891 1557 1047 1615 ﬁlius
1077 1555 1400 1611 liberorum
1431 1549 1650 1621 (liber).

475 1658 568 1713 HI.
603 1656 672 1710 Et
702 1667 862 1708 nunc
883 1666 1018 1706 cum
1057 1647 1290 1704 vinctus
1308 1659 1435 1714 ego,
1462 1641 1626 1696 disco
1641 1637 2056 1709 ut-quidquam

405 1763 480 1803 ne
515 1745 772 1817 cupiam.
799 1744 852 1796 5.
876 1743 922 1796 Α
946 1737 1111 1811 Syria
1135 1741 1400 1804 et-usque
1421 1731 1764 1787 ad-Romam
1782 1728 1936 1782 inter
1951 1727 2057 1782 he-

2162 843 2356 898 neque
2388 827 2904 900 concupiscentias
2953 825 3160 882 mundi
3195 825 3396 898 hujus.
3455 827 3674 880 Panem
3711 825 3812 880 Dei

2165 933 2388 986 quaero,
2425 917 2651 988 qui-est
2678 932 2893 988 corpus
2923 915 3158 978 Christi.
3211 915 3652 987 et-sanguinem
3687 914 3819 985 ejus

2165 1003 2283 1076 (81)
2319 1021 2526 1076 quer
2558 1010 2785 1076 potum,
2819 1005 2932 1076 qui.
2955 1009 3045 1060 est
3091 1003 3348 1059 charitas
3371 1019 3662 1074 quae-non
3689 1018 3824 1060 cor-

2162 1094 2912 1168 ruptio(incorruptihilis)
2961 1136 2973 1148 .
3054 1135 3068 1148 .
3151 1135 3164 1148 .
3242 1135 3256 1146 .
3337 1135 3350 1148 .
3431 1133 3444 1146 .
3527 1134 3540 1148 .
3619 1134 3633 1147 .
3716 1135 3731 1148 .
3811 1135 3825 1148 .

2242 1211 2302 1264 V.
2335 1213 2389 1266 9.
2427 1212 2612 1282 Rogat
2641 1214 3138 1282 pacem-vestram
3171 1208 3234 1280 (i.
3267 1225 3314 1262 e.
3348 1206 3572 1264 salvere
3605 1223 3704 1262 vos
3725 1207 3829 1279 ju-

2165 1299 2875 1372 bet,,spiritus-meus-et-
2889 1299 3146 1355 Charitas
3167 1299 3553 1354 Ecclesiarum
3575 1314 3827 1368 quae-ac-

2162 1395 2583 1460 ceperunt-me
2609 1389 2769 1444 velut
2789 1405 3007 1444 nomen
3028 1389 3169 1443 Jesu
3190 1387 3404 1442 Christi
3429 1387 3642 1442 :etiam
3661 1387 3823 1442 enim

2163 1477 2250 1532 illi
2275 1478 2376 1550 qui
2397 1479 2502 1550 (82;
2524 1479 2846 1550 propinqui
2880 1477 3136 1534 ad-viam
3164 1477 3508 1548 in-corpore
3540 1477 3829 1531 in-omnio

2166 1567 2420 1636 civitate,
2453 1567 2838 1623 obviaverunt
2877 1567 3045 1622 mihi.
3073 1568 3239 1622 Nunc
3295 1583 3479 1638 prope
3531 1582 3640 1638 ego
3672 1565 3823 1637 ipse,

2167 1655 2276 1729 (ut)
2309 1656 2588 1712 accedam
2619 1655 2974 1714 ad-Romam
3003 1656 3195 1728 (Tralt.
3229 1656 3284 1726 4)
3310 1672 3324 1710 :
3355 1655 3546 1711 multa
3570 1655 3696 1710 scio
3733 1655 3824 1709 in-

2168 1747 2312 1815 Deo,
2339 1746 2443 1801 sed
2474 1745 2754 1802 moderor
2783 1747 3098 1817 meipsum,
3121 1749 3294 1800 ut-ne
3317 1759 3562 1816 peream
3593 1744 3655 1798 in
3693 1743 3825 1816 glo-

403 1837 548 1892 stias
571 1814 772 1905 jactus
803 1845 932 1902 ego,
964 1825 1196 1882 in-mari
1227 1822 1576 1885 et-in-terra,
1609 1818 1866 1872 in-nocte
1895 1814 2051 1869 et-in-

2237 1835 2439 1892 itione.
2469 1837 2634 1891 Nunc
2665 1835 2724 1891 id
2747 1835 2904 1891 enim
2929 1834 3100 1890 decet
3116 1850 3232 1900 me,
3263 1814 3604 1889 iit-timeam
3634 1814 3824 1888 aliun-

407 1925 524 1992 die,
555 1939 692 1980 cum
724 1922 957 1975 vinctus
988 1933 1092 1989 ego
1123 1916 1280 1969 inter
1308 1911 1514 1966 decem
1565 1905 1898 1979 leopardos,
1931 1905 2058 1975 qui-

411 2019 551 2070 sunt
579 2012 722 2068 ordo
756 2008 1032 2075 militum,
1065 2001 1374 2076 qui-etiam
1414 1999 1555 2054 dum
1601 1994 1929 2052 bene-facio
1959 1993 2054 2060 iis,

408 2103 596 2176 magis
626 2100 782 2157 male
813 2097 1100 2155 facientes
1131 2091 1299 2148 mihi.
1331 2092 1448 2162 Ego
1480 2093 1676 2143 autem
1708 2082 2057 2154 in-injuriis-

403 2208 610 2248 eorum
643 2187 829 2260 magis
855 2179 1393 2252 factus-discipulus
1413 2194 1538 2248 ego.
1565 2177 1687 2230 Non
1713 2179 1910 2229 autem
1932 2186 2058 2241 pro-

403 2286 539 2352 pter
568 2279 681 2334 hoc
703 2257 1228 2348 justiﬁcatus-sum
1261 2266 1428 2323 mihi.
1473 2262 1706 2320 Gaudeo
1753 2257 2056 2315 in-bestiis

407 2349 781 2441 uuae-paratio
813 2362 980 2422 mihi.
1011 2364 1193 2416 et-oro
1219 2363 1285 2412 ut
1317 2351 1778 2410 in-festinatione
1801 2349 2054 2404 inventa)

405 2438 575 2521 mihi,
609 2451 1017 2524 et-provocabo
1049 2465 1150 2504 eas
1181 2443 1731 2502 ut-in-festinatione
1749 2438 2052 2492 devorent.

405 2563 524 2609 me.
559 2551 758 2599 et-non
789 2543 944 2596 sicut
975 2540 1032 2592 id
1074 2536 1232 2607 quod
1262 2536 1432 2590 timet
1460 2533 1532 2586 ab
1555 2528 1895 2585 hominibus
1926 2526 2056 2582 aliis

403 2641 604 2692 et-non
627 2631 1066 2705 appropinquat
1090 2627 1338 2681 ad-eos:
1375 2623 1554 2679 etiam
1589 2619 1634 2674 si
1671 2619 1785 2672 illaa
1819 2633 1938 2671 non
1969 2631 2056 2668 ve-

399 2727 516 2782 lint
541 2722 976 2795 appropiquare
1009 2717 1224 2782 ad-me,
1257 2729 1360 2786 ego
1395 2709 1759 2767 ili-violentia
1809 2706 1905 2760 ibo
1955 2721 2056 2760 su-

405 2831 671 2888 per—eas.

478 2904 568 2959 IX.
592 2902 824 2958 Noscite
850 2917 942 2954 me
965 2915 999 2954 a
1021 2914 1114 2952 me
1148 2896 1274 2967 ipso
1303 2891 1461 2965 quod
1491 2887 1729 2960 expedit
1750 2885 1894 2941 mihi
1920 2885 2052 2955 (76).

403 2991 563 3050 Nihil
589 2991 852 3047 invideat
878 2989 1074 3042 in-me
1105 2983 1428 3056 quidquam
1464 2997 1532 3034 ex
1557 2979 1631 3032 iis
1661 2975 1947 3047 quae-visa
1968 2979 2054 3028 et-

412 3097 693 3151 quae-non
722 3079 866 3146 visa,
899 3077 1133 3132 ut—Jesu
1163 3071 1392 3127 Christo
1416 3067 1744 3138 diguiﬂcer.
1772 3060 2053 3134 lgnis(7‘7)

413 3177 636 3224 et-crux
666 3167 954 3222 et-bestia':
987 3166 1376 3234 quas-parata}.
1404 3155 1730 3228 amputatio
1759 3152 2057 3207 membro-

411 3275 564 3319 rum.
600 3256 910 3327 et-sparsio
944 3254 1166 3308 ossium
1197 3255 1256 3303 et
1289 3247 1628 3302 molitiones
1653 3242 1832 3297 totius
1854 3257 2058 3312 corpo-

403 3349 509 3414 ris,
537 3349 834 3400 tormenla
865 3343 1012 3397 dura
1043 3341 1150 3398 :78)
1181 3333 1396 3392 diaboli
1431 3348 1735 3404 super-ine
1793 3335 2052 3394 ven'ant,

409 3434 680 3490 et-solum
710 3433 845 3486 Jesu
884 3429 1113 3484 Christo
1141 3425 1484 3498 digniilcer.
1565 3465 1578 3479 .
1661 3463 1674 3477 .
1755 3462 1768 3476 .
1848 3459 1862 3476 .
1943 3462 1957 3476 .
2037 3460 2050 3473 .

472 3704 588 3770 (73)
619 3703 842 3772 Fragm.
890 3701 1026 3754 ibid.
1057 3699 1268 3772 p.201.
1302 3695 1569 3772 legit:__m
1597 3693 1924 3772 sepulcrum.

471 3765 589 3846 (74)
622 3765 802 3846 Deest
819 3779 997 3846 autem
1024 3765 1090 3846 in
1119 3765 1448 3846 fragmento
1481 3766 1803 3846 Corp-“Ign.
1844 3779 1899 3833 p.
1926 3765 2049 3846 296.

475 3835 596 3916 (75)
622 3865 656 3917 γ
689 3844 909 3901 omittit
937 3843 1178 3912 quidem,
1210 3835 1270 3896 et
1297 3841 1378 3895 ita
1398 3853 1633 3910 quoque
1654 3835 2052 3906 fragmentum

413 3921 572 3990 Corp.
609 3919 726 4040 Ign.
760 3933 814 3988 p.
851 3917 975 3998 ιξ96.
1039 3988 1043 3990 _

476 3988 590 4040 (76l
649 4005 688 4040 n
718 4001 987 4040 versnone
1018 3991 1043 4040 Α

501 3975 987 4062 76)]ῐιᾼνένδίοηρ
1018 3983 1261 4062 Anglice
1281 3981 1436 4062 Corp.
1461 3981 1583 4049 Ign.
1608 3996 1674 4062 Ρ.
1695 3976 1910 4062 23146)
1925 3975 2051 4029 haec

403 4047 662 4116 reddidit
691 4058 946 4113 Cureton
971 4072 984 4113 :
1020 4047 1230 4111 Noscite
1257 4047 1396 4107 mihi
1422 4069 1455 4106 α
1487 4047 1571 4103 ine
1598 4047 1714 4118 ipso
1747 4047 1894 4112 Quid
1921 4062 2050 4100 cono

403 4133 553 4188 venit
581 4131 718 4186 mihi
750 4130 778 4184 ‘I
806 4130 1033 4199 Fragm.
1065 4144 1202 4199 vero
1234 4126 1292 4178 in
1326 4125 1484 4199 corp.
1521 4123 1618 4189 Ign
1641 4135 1724 4199 __p_.
1759 4121 1856 4175 201
1886 4135 1900 4173 :
1933 4119 2047 4173 No-

403 4205 537 4259 scito
567 4202 706 4257 mihi
735 4218 770 4255 a
799 4217 882 4254 me
912 4193 1032 4268 ipso
1062 4198 1200 4268 quid
1229 4194 1552 4268 mandatum
1574 4193 1730 4268 mihi.

497 4274 586 4328 77)
625 4274 829 4344 Fragm
856 4260 1043 4344 Corp.
1070 4260 1206 4338 an.
1241 4284 1299 4338 p.
1331 4265 1584 4344 20l_l_1aec
1609 4265 1690 4344 ita
1706 4260 1881 4344 legit}
1901 4261 2054 4330 Ignis

404 4351 457 4399 et
483 4335 627 4399 erue
657 4350 706 4396 et
729 4335 929 4408 Sestias,
963 4335 1084 4411 q'uav
1100 4335 1324 4412 ῥαψαῖίιε-
1343 4337 1496 4390 mihi.
1533 4341 1583 4390 et
1602 4335 1797 4412 divisio
1824 4338 2047 4412 εἰδῇ-γν-

403 4417 486 4470 sio
517 4417 718 4471 ossium
748 4419 799 4467 et
827 4409 1135 4480 amputatio
1165 4409 1548 4480 membrorum
1576 4411 1626 4459 et
1655 4410 1931 4458 tormenta
1964 4409 2050 4456 to-

407 4488 516 4542 tius
547 4486 790 4546 corporis
823 4489 873 4537 et
893 4477 1026 4537 mali
1057 4483 1330 4537 cruciatus
1359 4477 1592 4532 diaboli.

476 4557 590 4628 (78)
627 4543 748 4628 Vox
777 4553 1015 4628 Syriaca
1043 4553 1116 4608 ob
1147 4549 1765 4628 similitudinem}qu
1800 4545 1919 4628 alia
1947 4543 2050 4628 im-

407 4616 632 4684 mutata
661 4616 911 4690 videt'ur,
946 4625 1029 4680 ita
1047 4630 1108 4678 ut
1125 4622 1385 4693 genuina
1403 4620 1576 4676 lectio
1599 4618 1838 4693 _Syriac_a
1857 4616 2007 4693 foret
2031 4633 2043 4670 :

404 4701 552 4754 mala
575 4719 598 4765 ;
627 4699 709 4754 ita
739 4689 941 4752 revera
969 4689 1550 4768 legit't'ragmentum
1583 4689 1740 4760 (201p.
1775 4689 1938 4758 [gnat
1991 4705 2046 4760 ρ.

404 4772 591 4913 20279)
630 4843 857 4912 Fragm.
891 4855 948 4909 p.
977 4841 1079 4892 201
1113 4846 1275 4907 Corp.
1309 4837 1432 4906 Ign.
1459 4850 1478 4888 :
1505 4841 1556 4888 et
1586 4832 1801 4888 dolores
1857 4835 2050 4886 mortis

2166 1923 2426 1988 dantius,
2448 1938 2595 1979 neve
2613 1924 2898 1995 aspiciam
2921 1922 3144 1978 in-illos
3162 1921 3509 1994 qui-inﬂant
3533 1921 3706 1976 mihi.
3734 1922 3824 1976 Illi

2167 2013 2326 2068 enim
2345 2012 2688 2084 qui-dicunt
2717 2013 2862 2068 mihi
2885 2013 3238 2084 quae-(sunt)
3255 2011 3410 2066 sicut
3430 2011 3580 2076 haec,
3613 2011 3823 2083 ﬂagel-

2165 2101 2294 2157 lant
2324 2117 2417 2156 me
2477 2108 2622 2156 Amo
2647 2103 2806 2156 enim
2833 2101 3142 2172 ut-patiar,
3164 2099 3268 2156 sed
3309 2116 3433 2155 non
3477 2100 3628 2168 scio,
3661 2100 3712 2155 si
3746 2099 3824 2155 di-

2165 2204 2315 2262 gnus
2347 2206 2472 2262 ego.
2504 2190 2671 2245 Zelus
2693 2191 2852 2244 enim
2885 2189 3086 2244 multis
3108 2205 3228 2244 non
3246 2187 3673 2256 visus,mecum
3688 2204 3822 2243 vero

2166 2278 2384 2334 bellum
2415 2284 2505 2334 est
2551 2279 2625 2334 ei.
2661 2279 2831 2334 Utilis
2857 2295 2928 2334 ea
2956 2278 3102 2333 mihi
3161 2279 3340 2350 igitur
3395 2277 3821 2342 mansuetudo,

2165 2368 2519 2440 quod-in-ea
2537 2368 2863 2424 dissolutus
2883 2368 3106 2424 archon
3131 2366 3340 2423 mundi
3390 2366 3572 2438 hujus
3623 2367 3819 2436 (Trall.

2166 2461 2242 2528 5).
2280 2461 2496 2514 Potens
2531 2477 2634 2530 ego
2665 2460 2843 2529 (sum)
2867 2467 2930 2516 ut
2951 2459 3206 2514 scribam
3229 2459 3395 2514 vobis
3425 2458 3819 2523 cmlestia,sed

2167 2547 2348 2603 timeo
2377 2565 2451 2605 ne
2484 2548 2769 2605 damnum
2802 2549 3010 2604 faciam
3033 2548 3218 2604 vobis.
3244 2547 3480 2602 Noscite
3499 2563 3596 2602 me
3628 2564 3664 2602 a
3695 2565 3822 2603 me-

2167 2638 2334 2709 ipso:
2370 2645 2578 2694 cautus
2611 2656 2716 2712 ego
2749 2639 2904 2693 enim
2937 2655 3011 2694 ne
3043 2655 3162 2692 non
3193 2637 3509 2692 inveniatis
3542 2637 3818 2692 sufﬁcere

2167 2727 2692 2799 et-impcdiamini.
2718 2729 2905 2784 Etiam
2929 2743 3032 2800 ego
3052 2728 3214 2783 enim
3235 2743 3354 2782 non
3378 2732 3625 2798 propter
3641 2726 3825 2798 quod-

2165 2815 2396 2871 vinctus
2429 2832 2554 2890 ego,
2589 2827 2924 2889 et-possum
2954 2818 3103 2872 scire
3143 2815 3406 2872 coelestia
3437 2820 3498 2870 et
3545 2816 3660 2884 (83)
3693 2815 3822 2871 loca

2166 2904 2535 2976 angelorum.
2584 2907 2962 2963 et-stationes
2993 2911 3375 2978 potestatum,
3408 2905 3707 2975 quae-visa
3739 2909 3822 2958 et-

2166 3010 2452 3064 qum-non
2483 2995 2626 3058 visa,
2651 3002 2893 3068 propter
2941 2995 3052 3049 hoc
3107 2993 3462 3048 factus-sum
3495 2991 3610 3060 (84)
3643 2991 3819 3046 disci-

2164 3082 2358 3154 pulus.
2392 3083 2631 3139 Multum
2665 3085 2821 3138 enim
2845 3083 3058 3140 deficio
3089 3099 3123 3137 a
3151 3081 3515 3154 perfectione
3549 3079 3820 3150 quas-di-

2090 3216 2132 3282 Ο
2163 3187 2280 3282 ἕηδ.
2469 3171 2580 3245 (85)
2604 3173 2778 3245 (Rom.
2833 3174 2942 3242 10).
2994 3172 3132 3227 Silis
3162 3171 3286 3226 sani
3321 3170 3582 3241 perfecte
3616 3169 3822 3239 in-pa—

2163 3260 2373 3314 tientia
2401 3262 2536 3316 Jesu
2570 3261 2782 3316 Christi
2817 3261 2918 3316 Dei
2951 3261 3136 3316 nostri

2234 3406 2442 3462 Finitm
2473 3412 2612 3461 sunt
2633 3405 2893 3478 epistola)
2923 3412 3045 3460 tres
3061 3403 3269 3478 Ignatii
3293 3403 3555 3476 episcopi
3577 3409 3636 3458 et
3659 3419 3820 3458 mar-

2234 3495 2312 3550 ris
2341 3493 2471 3565 (86).

2165 3495 2312 3565 tyris
2341 3495 2471 3565 (86).

2159 3691 2329 3748 stant,
2357 3699 2488 3754 quae
2519 3698 2627 3736 Vox
2683 3683 2878 3737 mortis
2935 3681 3168 3752 Syriace
3227 3677 3534 3734 simillima
3567 3683 3658 3733 est
3687 3677 3816 3733 voci

2155 3763 2355 3828 partus

2231 3829 2349 3898 (80)
2377 3842 2456 3898 γλε
2489 3825 2690 3898 umoris
2719 3825 2883 3898 alius.

2233 3845 2349 3898 (δυ)
2443 3845 2456 3880 :
2489 3845 2690 3880 amoris
2719 3845 2883 3880 auus.

2233 3899 2344 3969 (81)
2377 3845 2470 3977 ξίο
2501 3895 3040 3977 interpunctionem
3088 3892 3270 3950 nabet
3295 3911 3330 3966 γ
3363 3909 3378 3959 ;
3410 3891 3488 3948 al.
3524 3896 3618 3950 est
3649 3909 3813 3948 com-

2161 3987 2260 4026 ma
2286 3972 2418 4038 post
2445 3972 2770 4038 sanguinem
2801 3972 2936 4036 ejus.

2230 4042 2342 4108 (82)
2372 4058 2408 4112 γ
2429 4039 2562 4112 add.
2595 4055 2728 4093 non.

2228 4106 2343 4183 (83)
2373 4106 2514 4166 Coll.
2551 4126 2848 4166 canonum
2903 4108 3144 4180 Syriaca
3172 4108 3359 4178 (Corp.
3414 4108 3537 4178 Ign.
3589 4123 3650 4178 p.
3689 4106 3812 4175 198,

2163 4186 2250 4256 15)
2280 4183 2463 4256 legit:
2497 4184 2686 4256 etiam_.

2257 4251 2368 4312 84.7
2378 4253 2536 4309 Idem
2573 4252 2754 4308 codex
2780 4251 2958 4323 legit:
2988 4251 3129 4323 facti
3158 4251 3286 4306 estis

2257 4329 2344 4395 85)
2373 4325 2536 4380 Idem
2570 4324 2712 4396 legit
2742 4339 2755 4378 :
2790 4321 3021 4379 Multum
3041 4322 3189 4376 enim
3217 4321 3375 4376 nobis
3430 4322 3618 4388 deﬁcit
3667 4336 3736 4375 nc
3781 4337 3816 4375 α

2159 4397 2268 4454 Deo
2298 4397 2633 4452 ercidamus.

2231 4471 2344 4536 (86')
2373 4469 2492 4522 Ista
2517 4467 2696 4522 verba
2733 4463 2868 4520 cod.
2896 4461 2928 4536 β
2961 4479 3081 4520 non
3111 4468 3252 4520 sunt
3280 4461 3716 4536 itawvertenda,
3750 4468 3814 4520 ut

2159 4534 2319 4598 recte
2349 4538 2550 4595 docuit
2578 4538 2662 4594 Cl.
2697 4534 3076 4592 Petcrmann.
3111 4536 3296 4591 Voces
3365 4534 3622 4604 Syriaca:
3655 4535 3812 4590 hanc

2084 4599 2130 4662 Β
2161 4613 2490 4668 versionem
2523 4627 2641 4664 non
2703 4607 3020 4679 requirunt
3053 4625 3066 4662 :
3101 4607 3174 4662 les
3195 4607 3344 4679 ⁸ινοίε
3377 4599 3580 4679 lettres.
3613 4605 3720 4660 sed
3758 4611 3818 4679 et

2160 4685 2334 4739 istam
2363 4681 2717 4736 admittunt:
2753 4676 2983 4733 Irilettre
3013 4680 3169 4750 trois.
3194 4677 3269 4750 1).
3288 4693 3340 4731 c.
3363 4676 3616 4750 epistola
3639 4678 3818 4734 tertia

2159 4756 2246 4882 γεεί
2269 4757 2408 4882 ἐνοέξ
2439 4753 2639 4816 lettres.
2668 4751 2796 4808 sine
2827 4749 3079 4807 articulo
3115 4765 3131 4814 ;
3163 4749 3296 4805 cod.
3327 4767 3363 4822 γ
3391 4747 3574 4804 habet
3604 4765 3620 4804 :
3651 4752 3818 4819 ﬁnita

2158 4844 2212 4883 es
2294 4843 2352 4882 er
2379 4842 2455 4881 ιιι.
