3956 6308
425 353 546 414 9⁸71

499 487 781 543 Sacerdos.
819 486 1062 540 Sursum
1093 483 1292 540 corda.

493 576 750 646 Populus.
789 575 1086 636 Habemus
1117 575 1190 636 ad
1236 571 1576 636 Dominum.

492 665 772 720 Sacerdos.
810 665 1038 720 Gratias
1069 679 1312 736 agamus
1343 663 1482 717 Deo.

489 755 752 824 Papulas.
790 755 1040 826 Dignum
1071 753 1372 826 etjustum
1407 757 1516 813 est.

491 845 750 900 Sacerdos
779 845 1100 899 inclinatus.
1136 843 1283 898 Vere
1315 843 1485 898 decet
1523 841 1627 895 tibi
1659 837 2068 894 adorationem

419 951 553 989 cum
585 933 1010 1000 honore,laude
1042 940 1101 987 et
1129 933 1502 987 exaltatvone.
1540 929 1804 986 exhiberi
1835 928 1908 983 ab
1941 943 2062 982 om-

417 1023 592 1080 nibus
622 1023 913 1078 creaturis
947 1023 1060 1080 tuis
1094 1021 1507 1085 rationalibus,
1533 1017 1826 1090 simulque
1862 1017 2062 1092 unige-

420 1113 542 1166 nitn
575 1113 725 1166 Filio
761 1118 879 1186 tuo,
914 1117 972 1166 et
1003 1111 1243 1183 Spiritui
1276 1117 1376 1164 tuo
1410 1117 1632 1164 sancto.

483 1203 716 1264 Elevans
745 1219 924 1257 vocem
975 1203 1056 1256 Tu
1089 1201 1186 1258 ille
1221 1217 1281 1255 es
1313 1201 1414 1272 qui
1455 1217 1490 1262 a
1544 1197 1892 1261 substantiis
1923 1195 2031 1256 sub

406 1291 670 1354 limibus,
717 1298 774 1345 et
831 1290 1344 1358 immaterialibus,
1405 1290 1614 1350 decore
1699 1303 1955 1357 summa,
2005 1291 2065 1342 et

413 1380 848 1450 triumphaliter
873 1381 933 1436 in
982 1381 1252 1446 excelsis,
1284 1379 1615 1442 honoraris.
1667 1377 1929 1436 laudaris
2004 1383 2064 1433 et

409 1469 840 1540 glorilicatione
856 1473 1140 1539 perpetua
1169 1469 1507 1535 celebraris,
1531 1467 1802 1526 cantibus
1829 1467 1990 1536 puris
2003 1471 2062 1522 et

411 1559 655 1620 sanctis.
691 1559 934 1613 citharis
957 1559 1329 1624 suavibus,et
1352 1559 1658 1628 jucundis,
1690 1556 2061 1612 exaltationi-

409 1646 640 1718 busque
668 1653 727 1703 et
748 1649 988 1719 hymnis
1014 1647 1496 1718 triumphalibus,
1520 1647 1686 1704 festis
1711 1645 2056 1700 indesinen—

407 1736 584 1801 tibus,
620 1743 678 1793 et
709 1738 957 1794 canticis
998 1754 1116 1793 non
1149 1737 1542 1800 cessantibus,
1578 1753 1684 1807 per
1735 1751 1840 1790 ora
1869 1735 2059 1788 incor-

1720 341 1906 412 Ll'l‘U
1917 337 2107 407 RGIA
2151 339 2215 408 8.
2265 342 2586 412 IGNATII.

2109 473 2165 538 Α
2195 473 2560 548 baptismum
2607 485 2775 536 tuum
2809 481 3096 546 divinum,
3126 484 3494 556 sepulturam
3528 491 3696 544 tuam
3721 489 3859 543 vivi-

3739 355 3856 417 972

2185 564 3002 640 “cantemgeaurrectienem
3037 577 3200 636 tuam
3227 573 3619 643 Dominicam,
3653 593 3858 633 ascen-

2185 655 2415 711 sionem
2449 665 2606 714 tuam
2635 660 2836 730 gaudii
2868 662 3132 733 plenam,
3194 664 3654 736 sessionemque
3687 672 3852 722 tuam

2177 743 2254 806 ad
2273 745 2577 806 dexteram
2612 749 2944 825 majestatis
2977 752 3078 807 Dei
3113 753 3378 810 etPatris
3403 754 3652 812 :iterum
3669 757 3846 812 etiam

2177 832 2496 890 adventum
2529 841 2698 892 tuum
2729 839 3058 896 secundum
3095 841 3450 912 timendum,
3483 850 3545 898 et
3568 847 3848 904 tremoris

2175 921 2416 993 plenum
2448 931 3249 1001 commemorauius,quando
3283 936 3557 989 exoriens
3572 951 3708 989 cum
3723 935 3844 1006 glo-

2173 1011 2754 1086 ria,terribiliterque
2778 1019 3273 1091 conspiciendum
3299 1027 3354 1083 te
3377 1023 3656 1094 praebens
3688 1025 3848 1078 vivos

2172 1106 2232 1155 et
2259 1109 2526 1158 mortuos
2549 1105 2884 1176 judicabis;
2919 1109 3157 1182 quando
3189 1111 3393 1183 Angeli
3425 1128 3458 1166 a
3517 1112 3846 1186 splendore

2164 1189 2378 1264 judicii
2415 1193 2496 1247 tui
2528 1196 3012 1264 contremiscent,
3048 1204 3105 1254 et
3161 1201 3509 1272 Archangeli
3557 1209 3838 1267 trement,

2169 1279 2499 1342 Potestates
2548 1285 2984 1358 concutientur,
3045 1287 3244 1348 throni
3291 1291 3834 1358 conturbabunsur,

2173 1373 2232 1430 et
2261 1369 2510 1431 Ordines
2531 1373 2800 1436 cwlestes
2831 1381 3055 1436 terrore
3078 1378 3500 1452 obstupescent
3525 1383 3836 1438 Tuncom-

2170 1475 2276 1518 nes
2310 1461 2583 1524 homines
2615 1464 2676 1521 in
2707 1465 2914 1524 dolore
2945 1470 3456 1540 stantesJudicem
3499 1471 3837 1528 timendum

2182 1554 2242 1607 et
2260 1555 2564 1619 potentem
2584 1555 3182 1624 exspectabunt,tunc
3212 1561 3606 1630 cumjustitiai
3631 1579 3840 1618 conve-

2171 1638 2348 1696 niens
2376 1639 2540 1696 locus
2597 1643 2728 1711 erit,
2788 1647 2975 1715 gratia
3031 1653 3229 1706 autem
3262 1649 3487 1704 nullam
3519 1650 3834 1721 praestabit

2171 1727 2642 1786 misericordiam
2676 1747 2690 1800 ;
2724 1749 2860 1789 cum
2891 1735 3183 1790 carbones
3237 1736 3536 1804 ardentes,
3585 1740 3833 1795 flamma

406 1843 722 1899 porea,per
742 1827 976 1903 linguas
1007 1844 1124 1882 non
1148 1843 1528 1900 carneas,per
1549 1841 1822 1904 praecone
1843 1823 2028 1883 eximi;

2104 1839 2134 1910 Β
2166 1814 3606 1910 comburens,gehennainexstinguibilis:quandc
3621 1843 3830 1898 preces

406 1915 828 1992 spiritualium,
878 1934 984 1989 per
1012 1916 1302 1989 aequalem
1336 1921 1689 1972 concentum
1723 1915 2052 1991 igneorum.

401 2021 507 2078 per
535 2021 714 2082 puras
763 2023 934 2064 voces
965 2007 1338 2075 thronorum,
1398 2023 1503 2082 per
1534 2021 1746 2066 sonum
1779 2020 2056 2080 magnum

403 2094 801 2158 cherubim.et
829 2095 1329 2155 sanctiﬁcationes
1351 2095 1701 2166 purissimas
1731 2093 2055 2164 seraphim,

404 2183 506 2252 qui
536 2183 888 2244 terribiliter
917 2185 1028 2244 alis
1059 2184 1371 2255 plaudunt,
1392 2184 1780 2253 volentesque
1811 2189 1902 2240 ter
1926 2199 2058 2244 sam

398 2270 686 2338 ctiﬂcant,
719 2271 1000 2339 clamant,
1032 2273 1430 2327 vociferantur
1459 2277 1520 2326 et
1547 2273 1754 2330 dicunt
1787 2291 1800 2330 :

429 2409 434 2413 .
474 2360 736 2428 Populus.
765 2363 1036 2430 Sanctus,
1067 2362 1334 2428 Sanctus,
1369 2363 1640 2418 Sanctus.

471 2448 734 2505 Sacerdos
763 2449 1081 2506 inclinatus.
1108 2451 1358 2506 Sanctus
1388 2452 1551 2506 enim
1582 2452 1828 2518 es,Deus
1858 2453 2049 2520 Pater,

396 2537 644 2594 Sanctus
669 2539 847 2594 etiam
870 2539 1216 2613 unigenitus
1238 2540 1421 2596 Filius
1433 2540 1848 2603 tuus,Sanctus
1869 2541 2048 2596 etiam

395 2624 648 2697 Spiritus
676 2633 810 2683 tuus
842 2635 1080 2685 sanctus
1115 2647 1126 2685 :
1165 2630 1266 2702 qui
1296 2631 1526 2685 similes
1548 2631 1886 2692 coelestibus
1945 2649 2050 2704 per

398 2731 664 2776 amorem
697 2722 863 2774 tuum
897 2735 1034 2790 erga
1089 2719 1386 2785 homines,
1423 2737 1530 2776 nos
1561 2720 1775 2789 fecisti,
1809 2727 1868 2776 et
1927 2727 2049 2781 tan-

390 2809 594 2876 topere
628 2805 888 2864 dilexisti
922 2825 1050 2873 nos,
1086 2813 1151 2868 ut
1208 2809 1390 2870 etiam
1423 2810 1796 2884 unigenitum
1831 2811 2044 2870 Filium

387 2897 554 2953 tuum
586 2895 692 2950 tibi
721 2898 1289 2955 consubstantialem
1321 2900 1592 2959 mitteres
1655 2899 1726 2958 ad
1787 2900 2041 2960 salutem

383 2987 647 3042 nostram
677 3001 688 3036 :
717 2985 818 3055 qui
849 2987 1192 3044 incarnatus
1215 2991 1325 3054 est,
1359 2987 1824 3056 inell‘abiliter,et
1852 2989 2041 3048 factus

386 3079 478 3126 est
508 3074 705 3142 homo,
739 3076 1038 3144 quomodo
1069 3077 1254 3131 voluit
1283 3083 1342 3131 et
1370 3077 1549 3132 novit.
1575 3084 1634 3132 et
1675 3079 1876 3132 omnia
1907 3095 2039 3148 quin

2172 1904 2557 1979 repellentur,
2593 1914 2649 1961 et
2673 1907 3124 1980 deprecationes
3155 1929 3274 1968 non
3333 1914 3828 1988 acceptabnntur,

2170 1992 2468 2049 orationes
2500 2012 2621 2058 non
2649 1998 2988 2068 audientur,
3043 2006 3103 2055 et
3162 2001 3608 2064 obsecrationes
3631 2007 3829 2079 cujus-

2166 2097 2402 2156 cunque
2435 2084 2836 2162 praacidentur
2867 2105 2880 2150 :
2918 2105 3096 2166 parce
3129 2091 3322 2160 nobis,
3356 2093 3695 2160 Domine,et
3730 2110 3829 2153 ex-

2162 2171 2337 2232 tende
2363 2173 2666 2238 dexteram
2699 2181 2864 2236 tuam
2887 2195 3066 2252 super
3116 2197 3228 2242 nos
3259 2199 3488 2240 omnes.
3523 2185 3604 2238 Ne
3637 2183 3822 2243 intres

2159 2260 2220 2320 in
2241 2260 2534 2331 judicium
2567 2265 2903 2334 nobiscum.
2945 2285 3065 2328 non
3093 2270 3344 2332 reducas
3375 2272 3436 2331 in
3469 2274 3820 2331 memoriam

2159 2348 2505 2421 iniquitates
2535 2360 2917 2414 nostrasnon
2955 2358 3031 2414 ad
3063 2374 3312 2416 examen
3342 2361 3816 2424 strictum,voces

2156 2455 2267 2496 nos
2297 2445 2357 2495 et
2385 2443 2750 2498 constituas:
2777 2461 2852 2500 ne
2885 2446 3070 2502 simus
3102 2448 3339 2504 exsules
3370 2465 3406 2504 a
3459 2451 3652 2520 gratia
3691 2456 3813 2520 tua,

2153 2545 2347 2600 neque
2379 2532 2560 2587 alieni
2591 2533 2664 2588 ab
2683 2534 3028 2592 haereditate
3043 2543 3262 2594 tuazne
3292 2539 3438 2595 diris
3452 2541 3815 2600 cruciatibus

2153 2620 2482 2687 tradamur,
2514 2639 2636 2678 non
2668 2624 2740 2679 ad
2799 2642 3062 2682 vermem
3093 2629 3403 2684 radentem
3461 2632 3812 2700 praecordia,

2154 2725 2287 2764 cum
2321 2710 2518 2782 impiis
2550 2713 2834 2772 amandes
2867 2731 3010 2784 nos;
3035 2733 3155 2772 non
3188 2717 3245 2772 in
3283 2723 3448 2792 parte
3481 2736 3688 2774 eorum
3713 2721 3816 2794 qui

2156 2803 2208 2854 te
2241 2800 2667 2859 cruciﬁxerunt
2697 2819 3052 2862 censeamur
3083 2824 3095 2866 :
3130 2823 3252 2869 non
3305 2824 3439 2862 cum
3469 2809 3675 2880 impiis
3696 2815 3814 2864 sta-

2153 2894 2432 2950 tuamur;
2469 2907 2587 2946 non
2624 2893 2942 2966 participes
2975 2895 3318 2969 iniquorum
3350 2897 3538 2956 simus
3565 2915 3719 2954 :ncn
3751 2899 3810 2958 in

2151 2977 2443 3051 supplicia
2487 2986 2546 3038 et
2575 2980 2862 3039 stridores
2892 2981 3160 3044 dentium
3212 2985 3608 3056 projiciamur
3637 3004 3651 3042 :
3683 3004 3807 3045 non

2145 3065 2401 3138 abneges
2423 3069 2737 3132 nos,veluti
2767 3087 2870 3129 eos
2901 3072 3000 3142 qui
3026 3078 3081 3130 te
3104 3089 3224 3130 non
3257 3083 3546 3134 noverunt
3571 3093 3587 3134 ς
3613 3093 3810 3146 neque

339 3157 343 3164 ’
385 3168 590 3216 nostra
623 3169 808 3229 erant,
846 3171 1091 3235 excepto
1123 3171 1386 3236 peccato,
1435 3183 1542 3236 pro
1574 3167 1747 3221 nobis
1767 3169 2031 3237 perfecit.
2070 3201 2114 3268 Ο
2147 3155 2364 3268 ξξνάαῑ
2393 3173 2506 3268 ξξξη
2535 3157 2714 3216 Simul
2735 3160 3023 3268 Quintilli:
3053 3162 3153 3232 qui
3190 3169 3268 3268 Ite.
3293 3180 3419 3268 non.
3443 3163 3809 3222 dilexerunt-

452 3251 689 3308 Elevans
714 3269 919 3310 vocem.
951 3254 1060 3320 Qui
1115 3259 1300 3314 totam
1359 3253 1861 3332 dispensationem
1886 3257 2038 3318 saluv

383 3343 567 3396 tarem
597 3357 699 3412 pro
729 3342 902 3402 nobis
925 3341 1258 3412 perfecit,et
1275 3359 1382 3414 per
1411 3344 1714 3414 passiones
1745 3361 1880 3404 suas
1899 3361 2035 3402 san-
2109 3395 2118 3405 .

379 3431 523 3486 ctas.
559 3429 846 3488 adventus
878 3430 968 3486 sui
1000 3431 1061 3488 in
1093 3446 1293 3498 carne,
1325 3433 1631 3492 veritatem
1665 3433 2035 3495 demonstra.-

383 3515 481 3571 vit.
523 3517 588 3572 In
621 3524 792 3577 nocte
820 3519 1124 3576 Paschatis
1174 3521 1236 3576 in
1261 3537 1378 3595 qua
1409 3521 1750 3581 tradebatur
1783 3541 1890 3594 pro
1922 3526 2038 3584 vita

383 3609 440 3660 et
471 3603 662 3664 salute
692 3606 920 3676 mundi,
949 3609 1402 3681 accepitpanem
1425 3611 1486 3668 in
1511 3626 1719 3668 manus
1746 3629 1880 3671 suas
1897 3631 2032 3672 san-

380 3697 524 3753 ctas,
558 3694 947 3756 sanctificavit
976 3713 1110 3758 eum
1142 3706 1198 3774 -ιι,
1233 3703 1290 3756 et
1311 3699 1482 3772 fregit
1513 3704 1540 3772 ’π
1576 3699 1857 3772 deditque
1891 3702 2031 3774 fdi-

376 3782 622 3853 scipulis
654 3784 778 3845 suis
804 3786 1093 3858 apostolis
1155 3789 1397 3860 sanctis,
1459 3788 1664 3850 dicens
1698 3805 1710 3844 :
1744 3791 2027 3866 Accipite,

373 3871 528 3926 edite
565 3889 633 3926 ex
663 3890 732 3928 eo
770 3893 782 3929 :
819 3875 936 3934 Hoc
969 3880 1060 3932 est
1117 3893 1331 3954 corpus
1389 3894 1587 3938 meum
1638 3881 1797 3950 quod
1827 3897 1924 3940 vos
1971 3887 2030 3942 et

370 3961 590 4016 multos
619 3970 914 4034 praeparat
961 3963 1035 4018 ad
1095 3966 1510 4026 remissionem
1559 3974 1937 4042 peccatorum
1969 3975 2028 4024 et

371 4049 552 4111 vitam
585 4056 892 4116 aeternam.

433 4139 696 4206 Populus.
729 4142 940 4203 Amen.

438 4227 720 4288 Sacerdos.
757 4230 1048 4290 Similiter
1077 4231 1254 4290 etiam
1289 4237 1347 4292 et
1394 4233 1642 4296 calicem
1694 4237 1847 4300 vitae,
1879 4237 2018 4298 vino

365 4319 424 4376 et
453 4330 608 4384 aqua
637 4333 772 4378 cum
807 4319 1145 4380 miscuisset
1172 4324 1232 4392 1-,
1291 4323 1735 4392 sanctiﬁcavitiL
1771 4343 1927 4390 eum.
1960 4332 2020 4388 et

358 4401 526 4490 dedit
552 4407 591 4478 νι-
621 4403 926 4484 discipulis
957 4409 1082 4466 suis
1113 4410 1334 4470 sanctis
1367 4411 1602 4470 dicens:
1631 4415 2014 4490 Accipite.hi—

357 4489 478 4554 bite
509 4507 582 4553 ex
613 4509 680 4548 eo
709 4512 808 4550 vos
838 4513 1084 4559 omnes:
1119 4499 1222 4558 [lic
1252 4505 1338 4557 est
1371 4501 1608 4578 sanguis
1639 4520 2012 4582 meus,quem

355 4596 462 4658 pro
495 4581 616 4672 vita
639 4584 844 4642 mundi
873 4585 944 4647 do
979 4603 1103 4658 ego.
1139 4605 1236 4648 vos
1268 4593 1468 4650 autem
1500 4595 1560 4650 et
1605 4593 1824 4654 multos
1852 4581 2002 4672 prm-

350 4676 522 4740 parat
549 4671 623 4730 ad
654 4673 1072 4736 remissionem
1129 4683 1530 4750 peccatorum.
1591 4685 1649 4740 et
1701 4682 1774 4740 ad
1827 4684 2008 4746 vitam

349 4763 658 4822 aeternam.
711 4817 720 4824 .

418 4851 686 4926 Papulas.
721 4855 933 4915 Amen.

419 4939 696 5003 Sacerdos.
733 4943 852 5004 Hoc
908 4943 1080 5004 facite
1136 4945 1197 5003 in
1256 4948 1375 5006 mei
1423 4950 1811 5012 memoriam:
1863 4969 2004 5028 quo-

351 5025 702 5107 tiescunque
724 5032 895 5093 enim
917 5033 1351 5094 manducabitis
1374 5055 1589 5112 panem
1614 5039 1773 5096 hunc
1804 5047 1863 5099 et
1889 5025 1995 5102 ῥεια

345 5113 521 5178 licem
544 5116 702 5178 hunc
728 5119 1184 5186 hibetis.mortis
1207 5141 1351 5187 mea:
1369 5131 1998 5191 commemorationem

343 5205 548 5276 agetis,
585 5213 644 5262 et
671 5212 1168 5274 resurrectionem
1201 5230 1398 5276 meum
1429 5217 1860 5278 conﬁtebimini
1891 5220 1998 5280 do-

341 5307 452 5348 nec
497 5311 748 5351 veniam.

414 5383 675 5451 Populus.
711 5387 912 5441 Mortis
946 5394 1083 5454 tute,
1117 5395 1230 5444 etc.

406 5469 668 5528 Sacerdos
701 5475 1018 5530 inclinatus.
1051 5477 1241 5540 Mente
1300 5479 1478 5554 igitur
1533 5481 1866 5546 recolentes
1924 5502 1993 5540 ea

342 5559 542 5613 omnia
571 5577 702 5631 quin
722 5581 827 5633 pro
859 5565 1118 5632 nobis,et
1147 5575 1389 5644 propter
1415 5589 1528 5634 nos
1557 5573 1989 5646 dispensatorie

337 5649 446 5698 ate
480 5650 738 5716 perfecta
767 5652 1028 5724 fuerunt,
1061 5655 1426 5722 nativitatem
1449 5667 1610 5722 tuam
1643 5663 1986 5735 salutarem.

2151 3247 2365 3299 Verum
2399 3245 2746 3305 illucescere
2800 3247 2972 3306 nobis
2999 3249 3088 3304 fac
3121 3251 3374 3310 salutem
3407 3258 3565 3308 tuam
3595 3269 3608 3318 ;
3633 3271 3812 3325 parce

2145 3331 2318 3388 nobis
2351 3335 2678 3390 secundum
2701 3353 2966 3392 amorem
2993 3343 3157 3394 tuum
3178 3355 3317 3411 erga
3345 3341 3815 3398 homines.Mitte

2143 3420 2314 3475 nobis
2346 3421 2580 3480 divitias
2599 3423 2932 3482 clementia;
2955 3432 3094 3494 tuae,
3129 3434 3320 3484 statue
3352 3446 3460 3484 nos
3482 3429 3558 3487 ad
3602 3431 3811 3488 dexte-

2143 3526 2271 3566 ram
2305 3517 2462 3572 tuam
2489 3531 2500 3581 ;
2524 3521 2824 3572 memento
2856 3517 3124 3578 omnium
3152 3525 3420 3574 nostrum
3439 3537 3547 3594 per
3566 3523 3812 3578 miseri-

2141 3602 2404 3662 cordiam
2441 3610 2601 3660 tuam
2637 3623 2649 3660 :
2677 3607 2834 3664 salva
2855 3625 2964 3666 nos
3004 3611 3330 3666 secundum
3351 3612 3806 3671 multitudinem

2137 3692 2340 3768 gratiae
2373 3699 2510 3762 tuae,
2543 3701 2602 3749 et
2631 3695 2844 3772 adjuva
2872 3715 2982 3753 nos
3041 3717 3147 3776 per
3193 3701 3574 3757 clementiam
3607 3709 3808 3764 tuam.

2137 3782 2406 3858 Adjunge
2428 3801 2539 3846 nos
2561 3787 2725 3860 gregi
2748 3793 2938 3858 tuo,et
2961 3807 3212 3848 numera
3235 3809 3344 3848 nos
3367 3794 3524 3848 inter
3556 3795 3809 3854 ordines

2134 3871 2490 3934 dilectorum
2525 3880 2786 3948 tuorum,
2816 3877 2908 3938 fac
2937 3896 3048 3935 nos
3102 3879 3310 3956 dignos
3343 3899 3526 3958 regno
3554 3889 3676 3953 tuo,
3749 3894 3811 3942 et

2131 3960 2313 4022 induc
2339 3980 2448 4024 nos
2488 3964 2548 4018 in
2581 3965 2911 4028 thalamum
2936 3973 3124 4028 tuum.
3160 3971 3229 4028 Et
3259 3978 3504 4048 propter
3535 3973 3660 4028 haec
3699 3977 3814 4031 Ec-

2129 4049 2314 4110 clesia
2351 4057 2452 4108 tua
2483 4057 2540 4107 et
2567 4069 2707 4126 grex
2739 4060 2876 4114 tuus
2900 4055 3254 4128 deprecatur
3286 4064 3364 4126 te,
3417 4065 3476 4116 et
3507 4079 3615 4133 per
3647 4067 3707 4117 te
3746 4071 3812 4121 et

2127 4141 2323 4200 tecum
2356 4141 2590 4200 Patrem
2617 4147 2804 4212 tuum,
2837 4143 3040 4206 dicens
3074 4161 3087 4200 :

2192 4281 2455 4351 Populus.
2487 4283 2779 4340 Miserere.

2192 4371 2474 4426 Sacerdos.
2504 4373 2621 4427 Nos
2653 4390 2910 4444 quoque,
2942 4382 3054 4432 etc.

2194 4461 2434 4529 Populus
2485 4462 2559 4516 Te
2599 4461 3024 4534 gloriﬁcamus.

2037 4565 2081 4628 ο
2189 4551 2484 4605 Diaeonus.
2518 4551 2702 4616 Quam
2727 4553 2992 4610 timenda
3016 4561 3107 4612 est
3134 4558 3260 4614 haec
3291 4559 3454 4627 hora,
3491 4566 3603 4618 etc.

2181 4639 2447 4695 Sacerdos
2473 4639 2612 4695 dicit
2642 4643 3046 4702 invocationem
3079 4648 3326 4718 Spiritus
3351 4652 3553 4706 sancti.

2177 4781 2452 4836 Miserere
2481 4782 2835 4846 nobis,Deus
2861 4789 3036 4844 Pater
3065 4791 3476 4865 omnipotens,
3506 4800 3565 4852 et
3596 4797 3784 4856 mitte

2107 4886 2286 4940 super
2315 4887 2424 4926 nos
2449 4871 2734 4941 Spiritum
2782 4879 2947 4931 tuum
2991 4885 3264 4935 sanctum
3309 4883 3410 4955 qui
3451 4884 3654 4944 omnia
3681 4905 3788 4944 re-

2105 4959 2528 5030 plet,Deusque
2555 4965 2643 5016 est
2673 4979 2850 5034 super
2871 4966 3094 5032 omnia,
3117 4968 3343 5044 tibique
3356 4971 3783 5033 consubstan-

2105 5047 2268 5102 tialis
2301 5053 2358 5101 et
2388 5049 2694 5120 unigenilo
2722 5051 2864 5112 Filio
2901 5061 3002 5114 tuo
3032 5071 3046 5120 ;
3089 5057 3190 5128 qui
3233 5060 3396 5118 omni
3428 5060 3575 5120 hora
3611 5061 3786 5121 dona

2103 5136 2446 5204 distribuit;
2474 5136 2796 5210 dividitque
2831 5148 2888 5196 et
2917 5143 3018 5198 dat
3065 5145 3342 5221 singulis,
3391 5155 3570 5218 prout
3597 5152 3736 5210 vult
3767 5173 3783 5208 :

2102 5226 2201 5297 qui
2233 5225 2510 5281 omnibus
2542 5245 2802 5298 praesens
2834 5237 3143 5303 est,neque
3169 5235 3298 5296 loco
3328 5237 3792 5302 circumscribi-

2099 5313 2326 5384 tur,qui
2356 5312 2533 5368 vitam
2565 5317 2828 5372 continet
2856 5335 3062 5374 eorum
3095 5321 3196 5396 qui
3228 5323 3448 5392 vivunt,
3483 5331 3541 5386 et
3563 5331 3740 5402 perte
3763 5365 3781 5375 .

2099 5407 2226 5460 ctor
2251 5401 2586 5462 sanctitatis
2605 5411 2948 5468 sanctorum
2980 5415 3072 5469 est
3103 5416 3211 5470 :ut
3233 5411 3457 5488 illapsu
3487 5401 3594 5474 suo
3620 5434 3740 5476 san

2099 5491 2366 5552 ctiﬁcans
2393 5493 2679 5563 mysteria.
2707 5493 3117 5571 haecpuragne
3147 5517 3386 5576 quoque
3413 5519 3451 5561 θ.
3480 5506 3778 5570 sordibus

2093 5580 2386 5644 mundum
2414 5580 2652 5642 efﬁciat.

2165 5669 2454 5732 Sacerdos.
2487 5671 2710 5734 Exaudi
2741 5689 2857 5742 me.
2889 5675 3160 5740 Domine.
