3956 6308
159 397 269 460 978

1429 396 1611 460 LITU
1621 393 1805 456 RGIA
1848 392 1911 454 S.
1958 393 2281 456 lGNATlI.

3441 399 3561 463 οτι

222 532 479 603 Populus.
514 531 714 604 Kyrie,
749 531 1011 600 eleison;
1055 532 1251 604 Hyrie,
1284 531 1549 599 eleison;
1606 529 1802 601 Kyrie,
1832 528 1885 594 Α
1989 528 2250 597 Populus.
2283 529 2478 599 Kyrie,
2511 529 2759 585 eleison.

155 622 395 678 eleison.

221 714 502 768 Sacerdos.
533 714 750 769 elevans
774 729 979 768 vocem.
1011 715 1263 785 Ipseque
1296 713 1538 784 illapsus
1584 716 1644 766 et
1672 726 1802 766 san-

157 802 441 863 ctificans,
460 802 680 857 efﬁciat
701 819 915 874 panem
940 803 1180 873 quidem
1209 804 1411 869 istum,
1428 818 1641 872 corpus
1665 817 1803 854 san-

156 894 312 943 ctum
336 894 395 943 et
415 890 796 945 sanctificans
820 906 833 955 ;
867 907 1081 962 corpus
1098 892 1419 961 puritlcans
1442 896 1502 946 et
1517 889 1803 960 propitia—

157 978 411 1044 torium;
445 996 659 1050 corpus
690 979 922 1034 donans
980 980 1487 1051 incorruptionem
1517 996 1529 1033 :
1588 994 1801 1049 corpus

156 1070 384 1125 Domini
418 1069 521 1125 Dei
551 1074 612 1124 et
640 1070 954 1125 Salvatoris
1013 1071 1200 1125 nostri
1248 1073 1387 1125 Jesu
1434 1070 1671 1135 Christi,
1729 1068 1802 1123 ad

153 1158 565 1213 remissionem
596 1164 974 1230 peccatorum
1007 1165 1067 1214 et
1094 1160 1271 1215 vitam
1303 1165 1587 1215 mternam
1618 1159 1801 1214 susci-

156 1248 466 1319 pientium.

222 1337 496 1407 Populus.
539 1340 746 1393 Amen.

220 1426 504 1482 Sacerdos.
539 1428 609 1482 Et
653 1427 902 1483 calicem
955 1429 1133 1487 hunc.
1185 1427 1404 1483 efficiat
1452 1426 1803 1499 sanguinem

153 1517 346 1571 vivum
379 1521 438 1570 et
466 1517 784 1582 viviﬁcum,
818 1518 1165 1589 sanguinem
1185 1535 1398 1589 purum
1433 1524 1489 1573 et
1510 1523 1801 1584 sanctum,

154 1606 516 1678 sanguinem
538 1606 953 1677 puriﬁcantem
970 1612 1027 1661 et
1043 1608 1541 1671 sanctiﬁcantem:
1566 1606 1803 1680 sangui-

152 1711 293 1749 nem
326 1694 562 1749 Domini
594 1695 689 1751 Dei
717 1701 775 1749 et
802 1695 1120 1751 Salvatoris
1152 1697 1337 1751 nostri
1384 1697 1520 1751 Iesu
1563 1696 1802 1762 Christi,

154 1784 226 1839 ad
258 1784 678 1839 remissionem
736 1790 1117 1855 peccatorum
1181 1792 1238 1840 et
1297 1786 1477 1840 vitam
1522 1790 1805 1840 mternam

152 1873 630 1945 suscipientium.

225 1962 492 2034 Populus.
528 1965 734 2017 Amen.

223 2051 632 2107 Sacerdos.Nos
647 2052 825 2123 igitur
842 2051 1105 2107 illatione
1118 2053 1536 2124 mysteriorum
1553 2052 1804 2108 istorum

152 2146 497 2197 sanctorum
530 2140 689 2212 digni
715 2142 938 2206 effecti;
959 2147 1016 2196 et
1042 2159 1147 2213 per
1167 2142 1429 2196 veritatis
1443 2142 1803 2214 agnitionem

149 2228 561 2283 illuminatum
596 2228 885 2283 habentes
916 2230 1133 2285 mentis
1163 2231 1423 2297 oculum,
1450 2247 1727 2303 rogamus
1750 2236 1807 2285 et

146 2320 555 2380 obsecramus.
587 2324 656 2373 ut
682 2321 972 2391 mysteria
1003 2321 1131 2376 haec
1150 2322 1472 2394 proposita,
1499 2322 1804 2377 sintnobis

148 2414 209 2466 et
238 2408 340 2464 illa
369 2408 859 2481 suscipientibus,
891 2411 966 2466 ad
1015 2412 1387 2467 excitandam
1439 2412 1803 2485 vigilantiam

147 2499 391 2562 animas,
425 2497 500 2552 ad
532 2498 851 2554 sanitatem
883 2500 1263 2571 corporis,‘ad
1285 2502 1803 2573 participationem

148 2605 353 2645 veram
386 2588 725 2660 adoptionis
756 2590 1040 2660 filiorum,
1083 2607 1152 2649 ac
1205 2591 1804 2648 communicationem

150 2678 410 2749 Spiritus
442 2678 651 2748 sancti,
684 2678 759 2734 ad
790 2680 1200 2736 hereditatem
1220 2682 1389 2753 regni
1412 2682 1700 2737 caalestis:
1729 2682 1803 2738 ad

147 2767 573 2822 remissionem
604 2766 957 2823 delictorum
1008 2775 1068 2825 et
1108 2774 1507 2842 peccatorum.
1561 2771 1700 2841 quia
1746 2775 1805 2825 te

150 2855 326 2913 decet
356 2857 592 2913 bonitas
623 2863 681 2912 et
710 2873 879 2915 amor
908 2875 1044 2929 erga
1073 2860 1365 2929 homines,
1420 2860 1646 2930 tibique
1676 2861 1803 2933 glo-

146 2947 305 3003 riam
335 2946 653 3002 referimus
684 2952 742 3001 et
770 2948 1092 3019 gratiarum
1141 2950 1456 3019 actionem,
1505 2950 1802 3021 simulque

147 3035 462 3106 unigenito
491 3034 639 3090 Filio
672 3040 795 3103 tuo,
824 3042 935 3095 etc.

219 3124 486 3195 Populus.
520 3127 731 3181 Amen.

215 3216 487 3271 Sacerdos
512 3216 835 3272 inclinatus.
873 3218 1082 3274 Coram
1114 3223 1188 3285 te,
1224 3220 1492 3287 Domine,
1524 3219 1800 3275 obsecra-

144 3319 308 3371 mus,
338 3320 448 3375 per
475 3303 589 3359 hoc
626 3304 984 3362 sacrificium
1018 3307 1175 3377 quod
1207 3308 1533 3378 perfectum
1566 3312 1624 3361 et
1644 3324 1802 3361 com-

154 3392 390 3464 pletum
425 3397 516 3446 est
540 3407 648 3464 per
676 3392 959 3463 Spiritum
990 3400 1284 3461 sanctum,
1310 3412 1417 3467 pro
1434 3396 1695 3450 Ecclesia
1712 3402 1813 3451 tua

152 3487 370 3536 sancta
399 3481 700 3536 Catholica
732 3487 790 3537 et
817 3484 1173 3554 Apostolica,
1204 3491 1271 3541 ut
1309 3491 1692 3541 conservetur
1720 3502 1810 3540 se-

151 3586 303 3626 cure
328 3575 391 3625 et
417 3570 790 3637 inconcusse,
824 3587 938 3628 nec
965 3578 1151 3645 portas
1182 3575 1400 3630 inferni
1457 3575 1815 3647 praevaleant

152 3660 482 3717 adversum
517 3676 668 3716 eam.
704 3660 773 3715 Et
822 3678 930 3733 pro
959 3663 1226 3734 patribus
1257 3664 1477 3719 nostris
1507 3664 1725 3719 sanctis
1755 3668 1815 3718 et

149 3748 494 3805 rectoribus
525 3751 768 3819 nostris,
801 3752 1099 3823 prmcipue
1126 3770 1235 3825 pro
1254 3752 1814 3823 beatis,Patriarcha

142 3843 361 3894 nostro
392 3839 458 3894 D.
489 3839 557 3894 N.
590 3846 651 3895 et
680 3841 969 3912 EpiscOpo
993 3846 1196 3898 nostro
1219 3844 1284 3897 D.
1318 3844 1382 3897 N.
1408 3860 1541 3898 cum
1569 3842 1811 3913 reliquis

142 3928 465 3999 Episcopis
491 3929 868 3987 Orthodoxis.
901 3932 1191 3988 Conserva
1222 3950 1323 3988 eos
1353 3932 1426 3988 ab
1452 3932 1812 3988 incursioni-

140 4017 262 4072 bus
294 4017 493 4084 malis,
528 4021 587 4071 et
617 4034 650 4072 a
679 4019 917 4090 pascuis
946 4022 1318 4091 perniciosis.
1353 4023 1465 4077 Pro
1488 4021 1813 4076 Sacerdoti-

135 4106 259 4161 bus
292 4111 353 4160 et
410 4106 708 4175 Diaconis,
774 4109 1059 4180 omnique
1117 4110 1328 4167 ordine
1385 4111 1808 4177 ecclesiastico,

140 4210 652 4265 unumquemque
685 4213 1046 4254 conservans
1100 4199 1162 4254 in
1209 4216 1277 4255 ea
1341 4201 1648 4256 vocatione
1696 4214 1812 4270 qua

139 4290 396 4340 vocatus
428 4290 536 4353 est,
570 4286 794 4357 absque
824 4289 1096 4357 crimine,
1132 4295 1189 4346 et
1213 4292 1609 4347 accusatione.
1639 4291 1807 4345 Mise-

137 4391 287 4431 rere
306 4374 488 4431 etiam
512 4376 822 4431 tenuitatis
841 4394 988 4432 mea;
1008 4380 1332 4434 secundum
1352 4378 1814 4439 misericordiam

143 4470 210 4519 et
243 4463 854 4535 clementiammeque
875 4468 1053 4521 simul
1076 4468 1288 4538 perdas
1315 4486 1408 4523 me
1432 4485 1563 4523 cum
1600 4468 1812 4538 iniqui-

138 4552 376 4607 tatibus
408 4552 575 4621 meis,
613 4553 717 4607 sed
751 4555 964 4610 exhibe
995 4572 1133 4627 erga
1162 4574 1256 4613 me
1277 4558 1600 4612 bonitatem
1625 4565 1810 4619 tuam,

1978 617 2243 672 Sacerdos
2271 618 2485 673 elevans
2509 634 2711 673 vocem.
2746 621 2816 673 Et
2832 634 3135 679 conserva.
3155 622 3423 681 Domine.
3456 639 3560 694 po-

1905 708 2110 777 pulum
2136 715 2302 764 tuum
2337 710 2659 773 fidelem,et
2684 710 2871 767 libera
2896 729 3004 770 nos
3025 713 3098 767 ab
3128 716 3404 770 omnibus
3432 732 3558 773 ma-

1906 795 2058 850 culis
2079 802 2138 850 et
2158 798 2337 853 ηωνὶε
2358 799 2672 868 peccati,et
2688 798 2760 853 ab
2772 800 2936 855 omni
2958 817 3174 870 genere
3193 802 3561 870 alflictinnis,

1913 892 1973 941 et
2001 887 2541 942 machinationibus
2571 889 2745 943 malis
2771 893 2830 943 et
2851 890 3202 959 perniciosis
3218 892 3557 947 daemonum

1908 982 1967 1031 et
1997 976 2308 1031 hominum
2340 994 2619 1048 nequam,
2653 983 2711 1033 et
2740 978 2812 1032 ab
2845 981 3123 1034 omnibus
3144 981 3450 1035 doloribus
3479 983 3563 1035 in-

1912 1064 2324 1121 toierabilibus
2349 1084 2362 1133 ;
2399 1084 2433 1122 a
2465 1067 2775 1139 tyrannide
2805 1069 3098 1139 capitibus
3128 1070 3351 1126 nostris
3380 1071 3565 1141 impo-

1907 1154 2043 1215 sita,
2079 1160 2137 1208 et
2170 1155 2598 1210 tentationibus
2626 1157 2989 1227 gravissimis
3017 1174 3125 1213 nos
3165 1159 3327 1230 eripe
3355 1176 3368 1213 :
3403 1164 3460 1214 et
3491 1158 3565 1214 da

1910 1241 2105 1309 nobis,
2140 1248 2208 1296 ut
2236 1259 2370 1297 cum
2404 1248 2617 1298 ornatu
2648 1260 2896 1316 operum
2928 1245 3221 1301 honorum
3253 1253 3313 1301 et
3361 1248 3561 1303 beato-

1907 1348 2060 1398 rum,
2086 1332 2491 1402 ingrediamur
2517 1334 2577 1387 in
2603 1336 2942 1391 sanctuaria
2962 1341 3062 1391 tua
3081 1341 3305 1401 sancta,
3329 1342 3387 1392 et
3408 1353 3563 1408 prae-

1910 1421 2068 1478 clare
2102 1422 2466 1493 gaudeamus
2495 1423 2670 1480 donis
2703 1425 3133 1495 spiritualibus,
3169 1432 3228 1482 et
3256 1427 3434 1483 simul
3472 1443 3568 1482 sa-

1909 1510 2247 1567 crificemus
2276 1512 2381 1567 tibi
2440 1513 2734 1569 sacriﬁcia
2782 1515 3190 1585 acceptabilia.
3234 1520 3293 1571 et
3346 1514 3560 1571 indesi.

1909 1606 2125 1656 neuter
2152 1602 2373 1673 gratias
2404 1618 2648 1673 agamus
2681 1603 2787 1660 tibi
2819 1610 2877 1659 et
2907 1605 3214 1677 unigenito
3245 1605 3392 1661 Filio
3445 1612 3564 1662 tuo.

1985 1689 2245 1758 Populus.
2276 1694 2483 1746 Amen.

1984 1780 2249 1836 Sacerdos
2286 1781 2607 1837 inclinatus.
2645 1783 2940 1839 Memento
2961 1784 3233 1850 Domine,
3255 1798 3567 1855 congrega-

1910 1868 2091 1923 tionis
2106 1869 2207 1939 buj
2216 1885 2285 1925 us
2298 1869 2627 1926 benedictae
2640 1870 3012 1927 adorantium
3033 1877 3246 1943 te,quaa
3258 1889 3386 1928 cum
3404 1874 3567 1929 timo-

1912 1973 1977 2012 re
2003 1964 2062 2013 et
2089 1958 2206 2013 fide
2227 1960 2288 2013 in
2312 1964 2512 2025 te,stat
2535 1977 2738 2016 coram
2759 1965 2816 2016 te
2837 1978 2851 2015 :
2876 1966 2935 2016 et
2954 1961 3212 2027 illorum,
3230 1963 3562 2033 quioretio-

1913 2047 2396 2104 nesiufirmitatis
2418 2056 2635 2106 nostra
2648 2050 3564 2122 postulant.Memento,Domine,

1912 2139 2183 2194 omnium
2206 2141 2653 2211 generaliter,et
2672 2142 3143 2213 uniuscujusque
3163 2144 3566 2217 singulariter,

1914 2228 2072 2298 quod
2104 2229 2253 2299 ipsis
2286 2230 2659 2299 adiumento,
2718 2233 3244 2303 necessariumque
3286 2249 3415 2289 esse
3461 2250 3567 2304 po-

1913 2323 2052 2383 test,
2086 2318 2443 2376 concedens.
2476 2322 2693 2376 Eorum
2726 2321 2907 2376 etiam
2938 2322 3040 2392 qui
3061 2322 3347 2393 praeclare
3366 2328 3568 2393 agunt,

1914 2412 1975 2459 et
2006 2406 2107 2477 qui
2163 2407 2503 2478 producunt
2551 2409 2777 2466 fructus
2824 2410 3101 2466 Ecclesiae
3149 2416 3264 2467 tua;
3311 2416 3567 2467 sanctae!

1914 2511 2125 2550 eorum
2159 2497 2341 2551 etiam
2368 2496 2471 2566 qui
2500 2496 2836 2555 oblationes
2865 2498 3348 2555 obtuleruntnon
3370 2500 3571 2555 oblivi-

1914 2600 2077 2638 scere
2104 2600 2116 2636 :
2151 2590 2209 2639 et
2239 2585 2503 2652 illorum,
2538 2587 2639 2655 qui
2672 2588 2885 2642 offerre
2906 2587 3221 2643 voluerunt
3242 2595 3302 2645 et
3324 2605 3446 2647 non
3467 2606 3569 2659 po-

1916 2677 2182 2740 tuerunt,
2213 2673 2546 2729 recordare.

1986 2761 2252 2829 Populus.
2290 2762 2486 2832 Kyrie,
2520 2762 2770 2818 eleison.
3130 2804 3131 2807 η

1986 2850 2251 2905 Sacerdos
2281 2850 2495 2906 elevans
2527 2868 2727 2907 vocem.
2763 2851 3569 2923 Suscipe,Domine,oblatio-

1912 2955 2041 3004 nes,
2084 2939 2345 2995 decimas
2375 2946 2435 2995 et
2462 2940 2777 3011 primitias,
2812 2941 3159 3012 fructusque
3184 2943 3368 3013 pacis,
3391 2944 3574 2999 sacri.

1913 3028 2185 3085 ﬁciorum
2214 3045 2517 3086 servorum
2549 3035 2787 3086 tuorum
2834 3029 2895 3085 in
2946 3030 3191 3087 odorem
3239 3033 3571 3103 suavitatis,

1912 3123 1972 3175 et
1999 3118 2262 3174 retribue
2294 3123 2474 3189 atque
2506 3120 2675 3176 mitte
2718 3118 2916 3185 nobis,
2951 3137 2984 3174 ο
3015 3120 3344 3178 retributor
3392 3121 3573 3185 bone,

1913 3207 2165 3280 gratiam
2184 3207 2339 3263 dono
2350 3209 3087 3280 rum,amplitudinemque
3105 3227 3427 3267 munerum
3444 3228 3576 3282 quas

1927 3296 2000 3351 ad
2032 3295 2320 3351 auxilium
2370 3303 2640 3352 nostrum
2688 3302 2979 3368 spectant,
3030 3298 3578 3369 abundantiamque

1926 3389 2287 3442 aeternorum
2319 3385 2635 3450 bonorum,
2667 3385 2878 3441 divites
2906 3402 3016 3442 nos
3058 3392 3122 3441 et
3162 3386 3299 3442 illos
3352 3386 3578 3443 faciens

1923 3474 2202 3545 operibus
2233 3474 2493 3545 pietatis,
2525 3479 2581 3529 et
2597 3474 2881 3546 justitim:
2908 3477 3325 3535 communiens
3345 3494 3455 3533 nos
3476 3494 3577 3534 cu-

1922 3570 2132 3625 stodiis
2170 3565 2560 3639 angelicis,et
2589 3580 2696 3635 per
2725 3564 3164 3622 confessionem
3222 3567 3574 3623 immacula~

1928 3664 2048 3715 tam
2079 3664 2136 3712 et
2166 3655 2554 3728 apostolicam
2580 3668 2595 3708 :
2628 3653 2771 3721 quia
2800 3657 2861 3709 tu
2892 3655 3246 3726 magniﬁcus
3276 3655 3340 3711 in
3364 3671 3575 3714 mune-

1921 3748 2088 3802 ribus
2117 3763 2201 3811 es,
2234 3743 2461 3813 tibique
2489 3739 2740 3813 gloriam
2788 3745 2847 3796 et
2904 3743 3229 3813 gratiarum
3276 3746 3573 3801 actionem

1922 3835 2256 3901 referimus,
2290 3837 2351 3887 et
2375 3828 2683 3901 unigenito
2705 3828 2852 3886 Filio
2869 3833 2991 3899 tuo,
3017 3836 3077 3886 et
3095 3831 3339 3901 Spiritui
3362 3838 3569 3890 sancto

1920 3930 2044 3980 tuo.

1994 4011 2235 4081 Populus
2290 4009 2501 4064 Amen.

1991 4099 2257 4158 Sacerdos
2313 4096 2612 4152 inclinatus
2662 4096 2977 4165 Memento,
3027 4096 3295 4166 Domine,
3346 4100 3568 4171 Regum

1922 4191 2186 4247 ﬁdelium
2217 4184 2717 4250 Ortbodoxorum,
2751 4191 2814 4241 et
2838 4186 3086 4257 paciﬁca
3129 4186 3446 4259 imperium
3479 4205 3575 4245 eo-

1919 4297 2076 4345 rum,
2106 4284 2165 4334 et
2193 4277 2269 4333 da
2296 4275 2418 4332 illis
2447 4279 2516 4330 ut
2569 4273 2838 4331 subditos
2884 4275 2998 4331 sibi
3055 4276 3390 4347 gubernant
3434 4295 3573 4337 cum

1922 4370 2220 4442 aequitate.

1992 4460 2252 4530 Populus.
2289 4455 2486 4527 Kyrie,
2518 4453 2764 4510 eleison.

1992 4550 2256 4605 Sat-erdos
2304 4546 2519 4600 elevans
2573 4560 2774 4599 vocem.
2838 4545 3143 4617 Defensor,
3209 4553 3266 4603 et
3320 4548 3573 4605 salvator

142 4642 431 4712 quamvis
460 4642 572 4696 sim
604 4642 890 4714 indignus
916 4661 929 4698 :
961 4645 1122 4702 salva
1151 4663 1247 4701 me
1269 4648 1594 4702 secundum
1622 4647 1816 4701 multi-
1844 4636 1886 4699 D
1920 4646 2063 4696 esto.
2090 4637 2357 4703 Domine,
2382 4634 2792 4689 Ecclesiaatum
2812 4642 3051 4699 sanctae,
3085 4643 3145 4692 et
3161 4638 3572 4692 omnibJsovi-

138 4731 423 4788 tudinem
458 4731 882 4790 misericordias
905 4740 1041 4798 tum,
1068 4742 1133 4791 ut
1151 4752 1260 4807 per
1275 4738 1475 4792 omnia
1487 4737 1811 4809 gloriﬁcem

136 4826 205 4876 te
240 4818 526 4876 omnibus
558 4820 767 4878 diebus
795 4823 930 4880 vita:
958 4840 1140 4879 meas:
1169 4829 1234 4879 ut
1261 4841 1296 4879 a
1316 4826 1570 4880 terrenis
1592 4826 1810 4897 cogita-

137 4906 421 4964 tionibus
437 4923 530 4962 me
546 4923 1177 4982 removeas,purusque
1191 4918 1248 4967 et
1262 4912 1505 4980 nitidus,
1524 4920 1581 4969 et
1592 4913 1817 4983 absque

135 4997 396 5052 macula
428 4995 561 5063 sim,
596 5002 655 5055 et
680 4997 833 5055 sicut
864 5000 1182 5071 vigilantia:
1226 5002 1288 5056 in
1333 5002 1668 5058 ministerio
1719 5018 1814 5056 re-

140 5084 399 5155 quisitas
416 5086 710 5150 convenit,
734 5093 937 5145 sancte
960 5095 1204 5144 tractem
1224 5090 1349 5145 hoec
1375 5092 1673 5162 mysteria.
1702 5093 1815 5145 Pro

140 5174 283 5229 illis
313 5175 495 5230 etiam
526 5175 628 5245 qui
662 5176 1043 5235 inﬂrmantur
1073 5196 1339 5251 corpore,
1373 5187 1431 5235 et
1487 5182 1708 5247 anima,
1760 5186 1819 5236 et

138 5279 263 5334 pro
300 5261 422 5317 illis
456 5263 706 5334 reliquis
737 5266 836 5335 qui
898 5266 960 5322 in
1014 5269 1465 5340 purgationibus
1516 5270 1814 5337 timendis,

136 5350 444 5423 periculis
478 5352 707 5411 scilicet
737 5355 1083 5426 exsiliisque
1108 5364 1435 5426 versantur,
1457 5365 1524 5413 ut
1546 5359 1664 5412 illis
1686 5359 1818 5429 qui-

136 5440 297 5497 dem
328 5440 669 5508 sanitatem,
704 5450 763 5499 et
790 5445 1263 5516 respirationem,
1300 5448 1430 5501 istis
1470 5464 1606 5501 vero
1638 5448 1820 5503 liber-

138 5534 347 5589 tatem
377 5535 439 5586 et
468 5529 888 5591 liberationem
908 5535 1216 5591 concedas.
1244 5536 1499 5593 Benedic
1518 5538 1696 5591 etiam
1720 5554 1818 5593 co-

134 5635 324 5679 ronas
348 5619 500 5679 anni
533 5637 639 5693 per
667 5621 1096 5696 benignitatem
1137 5632 1338 5691 tuam;
1388 5627 1544 5683 aeris
1583 5644 1821 5699 quoque

142 5714 219 5767 et
248 5710 529 5771 omnium
559 5717 733 5771 terra
762 5712 1087 5782 fructuum,
1116 5722 1408 5789 perpetuo
1432 5716 1769 5777 recordare.

1923 4732 2033 4786 bus
2064 4727 2473 4800 spiritualibus
2501 4742 2733 4796 pascua:
2766 4732 2881 4783 tua!
2909 4744 2922 4793 ;
2952 4733 3009 4781 et
3038 4729 3197 4783 salva
3211 4744 3319 4783 nos
3337 4730 3574 4799 perfor-

1924 4818 2241 4874 titudinem
2276 4824 2459 4872 tuam.
2495 4816 2586 4870 cui
2620 4814 2766 4871 nihil
2796 4815 3163 4887 impossibile
3194 4823 3301 4886 est,
3316 4817 3389 4871 ab
3406 4818 3572 4872 omni

1923 4909 2077 4963 fame
2107 4905 2340 4968 acerba,
2397 4904 2756 4960 mortalitate
2808 4906 3153 4974 perniciosa.
3203 4922 3237 4961 a
3297 4905 3464 4961 bellis
3513 4910 3574 4961 et

1926 4995 2302 5055 tumultibus,
2336 5009 2370 5045 a
2421 4993 2938 5062 persecutionibus
2985 4995 3343 5061 exitialibus,
3404 5000 3464 5050 et
3508 4995 3571 5049 in

1926 5083 2355 5153 tranquillitate
2390 5087 2447 5134 et
2476 5098 2621 5151 pace
2650 5083 2914 5153 guberna
2945 5099 3057 5138 nos
3085 5100 3217 5139 cum
3248 5100 3411 5141 cura.
3444 5099 3571 5139 om-

1925 5176 2102 5232 nibus
2132 5170 2268 5226 dieb
2315 5186 2343 5223 s
2375 5169 2508 5222 vitae
2541 5178 2781 5235 nostrae,
2814 5173 2952 5242 quia
2980 5189 3103 5228 non
3134 5179 3224 5228 est
3244 5172 3414 5227 nobis
3436 5188 3574 5243 spes

1926 5266 2044 5321 alia
2071 5261 2321 5316 salutem
2356 5260 2780 5328 consequendi,
2812 5262 2928 5316 nisi
2960 5263 3021 5316 in
3054 5270 3130 5321 te.
3161 5262 3405 5317 Domine
3466 5265 3572 5317 tte-

1928 5361 2088 5410 strue
2111 5350 2286 5405 etiam
2309 5362 2415 5417 per
2435 5349 2761 5415 potentiam
2784 5352 3299 5422 tuam,potentiam
3330 5351 3574 5404 illorum

1930 5446 2031 5518 qui
2054 5447 2215 5499 stant
2229 5439 2542 5495 adversum
2567 5437 2882 5508 imperium
2903 5446 3158 5509 tuum,et
3176 5455 3578 5510 unumquem-

1930 5552 2047 5608 que
2075 5529 2306 5601 subjice
2334 5525 2605 5583 servituti
2644 5526 2908 5582 nominis
2935 5529 3023 5584 tui
3055 5529 3245 5584 sancti
3270 5545 3287 5583 :
3318 5528 3462 5600 quia
3514 5532 3578 5583 tu

1929 5626 2113 5682 victor
2142 5636 2227 5685 es,
2260 5623 2317 5673 et
2344 5614 2602 5671 bellator
2629 5614 2811 5682 solus,
2844 5621 2907 5671 et
2943 5616 3050 5672 tibi
3079 5618 3328 5690 gloriam
3359 5623 3420 5674 et
3447 5633 3583 5690 gn.

1932 5714 2151 5771 tiarum
2191 5706 2486 5764 actionem
2517 5704 2851 5761 referimus.
