  <div class='ocr_page' id='page_1' title='image "/cluster/home/n/w/nwhite01/storage/ocr_20150623/5/pst.000005711819/495.png"; bbox 0 0 3956 6308; ppageno 0'>
   <div class='ocr_carea' id='block_1_1' title="bbox 441 368 562 428">
    <p class='ocr_par' dir='ltr' id='par_1_1' title="bbox 441 368 562 428">
     <span class='ocr_line' id='line_1_1' title="bbox 441 368 562 428; baseline -0.017 0"><span class='ocrx_word' id='word_1_1' title='bbox 441 368 562 428; x_wconf 73' lang='lat' dir='ltr'><strong>97B</strong></span> 
     </span>
    </p>
   </div>
   <div class='ocr_carea' id='block_1_2' title="bbox 515 503 1020 574">
    <p class='ocr_par' dir='ltr' id='par_1_2' title="bbox 515 503 1020 574">
     <span class='ocr_line' id='line_1_2' title="bbox 515 503 1020 574; baseline -0.008 -15"><span class='ocrx_word' id='word_1_2' title='bbox 515 503 777 574; x_wconf 83' lang='lat' dir='ltr'><strong>Populus.</strong></span> <span class='ocrx_word' id='word_1_3' title='bbox 810 504 1020 558; x_wconf 83' lang='lat' dir='ltr'><strong>Amen.</strong></span> 
     </span>
    </p>
   </div>
   <div class='ocr_carea' id='block_1_3' title="bbox 515 588 2092 655">
    <p class='ocr_par' dir='ltr' id='par_1_3' title="bbox 515 588 2092 655">
     <span class='ocr_line' id='line_1_3' title="bbox 515 588 2092 655; baseline -0.004 -7"><span class='ocrx_word' id='word_1_4' title='bbox 515 592 774 648; x_wconf 80' lang='lat' dir='ltr'><strong>Sacerdos</strong></span> <span class='ocrx_word' id='word_1_5' title='bbox 794 591 1113 646; x_wconf 82' lang='lat' dir='ltr'><strong>inclinatus.</strong></span> <span class='ocrx_word' id='word_1_6' title='bbox 1139 589 1706 655; x_wconf 89' lang='lat' dir='ltr'><strong>Commemorantes,</strong></span> <span class='ocrx_word' id='word_1_7' title='bbox 1741 588 2092 644; x_wconf 81' lang='lat' dir='ltr'><strong>memoriam</strong></span> 
     </span>
    </p>
   </div>
   <div class='ocr_carea' id='block_1_4' title="bbox 443 677 2092 755">
    <p class='ocr_par' dir='ltr' id='par_1_4' title="bbox 443 677 2092 755">
     <span class='ocr_line' id='line_1_4' title="bbox 443 677 2092 755; baseline -0.002 -19"><span class='ocrx_word' id='word_1_8' title='bbox 443 683 674 755; x_wconf 84' lang='lat' dir='ltr'><strong>agimus</strong></span> <span class='ocrx_word' id='word_1_9' title='bbox 705 697 904 736; x_wconf 90' lang='lat' dir='ltr'><strong>coram</strong></span> <span class='ocrx_word' id='word_1_10' title='bbox 936 685 1014 746; x_wconf 83' lang='lat' dir='ltr'><strong>te,</strong></span> <span class='ocrx_word' id='word_1_11' title='bbox 1051 679 1318 746; x_wconf 89' lang='lat' dir='ltr'><strong>Domine,</strong></span> <span class='ocrx_word' id='word_1_12' title='bbox 1351 683 1410 734; x_wconf 91' lang='lat' dir='ltr'><strong>et</strong></span> <span class='ocrx_word' id='word_1_13' title='bbox 1451 678 1524 733; x_wconf 89' lang='lat' dir='ltr'><strong>ad</strong></span> <span class='ocrx_word' id='word_1_14' title='bbox 1571 677 2004 734; x_wconf 88' lang='lat' dir='ltr'><strong>obsecrandum</strong></span> <span class='ocrx_word' id='word_1_15' title='bbox 2034 681 2092 732; x_wconf 93' lang='lat' dir='ltr'><strong>te</strong></span> 
     </span>
    </p>
   </div>
   <div class='ocr_carea' id='block_1_5' title="bbox 443 767 2092 840">
    <p class='ocr_par' dir='ltr' id='par_1_5' title="bbox 443 767 2092 840">
     <span class='ocr_line' id='line_1_5' title="bbox 443 767 2092 840; baseline -0.002 -12"><span class='ocrx_word' id='word_1_16' title='bbox 443 771 815 838; x_wconf 86' lang='lat' dir='ltr'><strong>adducimus,</strong></span> <span class='ocrx_word' id='word_1_17' title='bbox 846 769 1104 840; x_wconf 90' lang='lat' dir='ltr'><strong>primum</strong></span> <span class='ocrx_word' id='word_1_18' title='bbox 1136 767 1377 838; x_wconf 86' lang='lat' dir='ltr'><strong>quidem</strong></span> <span class='ocrx_word' id='word_1_19' title='bbox 1435 773 1700 823; x_wconf 87' lang='lat' dir='ltr'><strong>sanctam</strong></span> <span class='ocrx_word' id='word_1_20' title='bbox 1743 769 2092 840; x_wconf 80' lang='lat' dir='ltr'><strong>genitricem</strong></span> 
     </span>
    </p>
   </div>
   <div class='ocr_carea' id='block_1_6' title="bbox 443 858 2090 929">
    <p class='ocr_par' dir='ltr' id='par_1_6' title="bbox 443 858 2090 929">
     <span class='ocr_line' id='line_1_6' title="bbox 443 858 2090 929; baseline -0.002 -13"><span class='ocrx_word' id='word_1_21' title='bbox 443 861 548 916; x_wconf 91' lang='lat' dir='ltr'><strong>Dei</strong></span> <span class='ocrx_word' id='word_1_22' title='bbox 579 861 840 924; x_wconf 87' lang='lat' dir='ltr'><strong>Mariam,</strong></span> <span class='ocrx_word' id='word_1_23' title='bbox 874 863 934 912; x_wconf 89' lang='lat' dir='ltr'><strong>et</strong></span> <span class='ocrx_word' id='word_1_24' title='bbox 962 873 1388 929; x_wconf 65' lang='lat' dir='ltr'><strong>praecursorem</strong></span> <span class='ocrx_word' id='word_1_25' title='bbox 1415 859 1706 912; x_wconf 81' lang='lat' dir='ltr'><strong>Joannem</strong></span> <span class='ocrx_word' id='word_1_26' title='bbox 1746 858 2090 928; x_wconf 89' lang='lat' dir='ltr'><strong>Baptistam,</strong></span> 
     </span>
    </p>
   </div>
   <div class='ocr_carea' id='block_1_7' title="bbox 443 946 2092 1020">
    <p class='ocr_par' dir='ltr' id='par_1_7' title="bbox 443 946 2092 1020">
     <span class='ocr_line' id='line_1_7' title="bbox 443 946 2092 1020; baseline -0.001 -18"><span class='ocrx_word' id='word_1_27' title='bbox 443 949 807 1020; x_wconf 84' lang='lat' dir='ltr'><strong>Stephanum</strong></span> <span class='ocrx_word' id='word_1_28' title='bbox 836 947 1094 1018; x_wconf 90' lang='lat' dir='ltr'><strong>primum</strong></span> <span class='ocrx_word' id='word_1_29' title='bbox 1135 946 1553 1013; x_wconf 83' lang='lat' dir='ltr'><strong>Diaconorum,</strong></span> <span class='ocrx_word' id='word_1_30' title='bbox 1586 952 1645 1001; x_wconf 89' lang='lat' dir='ltr'><strong>et</strong></span> <span class='ocrx_word' id='word_1_31' title='bbox 1673 950 2092 1018; x_wconf 86' lang='lat' dir='ltr'><strong>proto-marty-</strong></span> 
     </span>
    </p>
   </div>
   <div class='ocr_carea' id='block_1_8' title="bbox 444 1035 2092 1108">
    <p class='ocr_par' dir='ltr' id='par_1_8' title="bbox 444 1035 2092 1108">
     <span class='ocr_line' id='line_1_8' title="bbox 444 1035 2092 1108; baseline -0.001 -16"><span class='ocrx_word' id='word_1_32' title='bbox 444 1053 591 1104; x_wconf 87' lang='lat' dir='ltr'><strong>rem,</strong></span> <span class='ocrx_word' id='word_1_33' title='bbox 625 1053 956 1108; x_wconf 77' lang='lat' dir='ltr'><strong>agmenque</strong></span> <span class='ocrx_word' id='word_1_34' title='bbox 986 1041 1327 1090; x_wconf 89' lang='lat' dir='ltr'><strong>sanctorum</strong></span> <span class='ocrx_word' id='word_1_35' title='bbox 1357 1035 1807 1106; x_wconf 74' lang='lat' dir='ltr'><strong>Prophetarum,</strong></span> <span class='ocrx_word' id='word_1_36' title='bbox 1839 1038 2092 1106; x_wconf 82' lang='lat' dir='ltr'><strong>Aposto-</strong></span> 
     </span>
    </p>
   </div>
   <div class='ocr_carea' id='block_1_9' title="bbox 440 1123 2088 1194">
    <p class='ocr_par' dir='ltr' id='par_1_9' title="bbox 440 1123 2088 1194">
     <span class='ocr_line' id='line_1_9' title="bbox 440 1123 2088 1194; baseline -0.001 -14"><span class='ocrx_word' id='word_1_37' title='bbox 440 1125 653 1191; x_wconf 88' lang='lat' dir='ltr'><strong>lorum,</strong></span> <span class='ocrx_word' id='word_1_38' title='bbox 707 1127 1049 1194; x_wconf 80' lang='lat' dir='ltr'><strong>Martyrum,</strong></span> <span class='ocrx_word' id='word_1_39' title='bbox 1107 1124 1524 1180; x_wconf 90' lang='lat' dir='ltr'><strong>Confessorum</strong></span> <span class='ocrx_word' id='word_1_40' title='bbox 1583 1127 1640 1177; x_wconf 90' lang='lat' dir='ltr'><strong>et</strong></span> <span class='ocrx_word' id='word_1_41' title='bbox 1699 1123 2088 1194; x_wconf 90' lang='lat' dir='ltr'><strong>reliquorum,</strong></span> 
     </span>
    </p>
   </div>
   <div class='ocr_carea' id='block_1_10' title="bbox 445 1215 1846 1288">
    <p class='ocr_par' dir='ltr' id='par_1_10' title="bbox 445 1215 1846 1288">
     <span class='ocr_line' id='line_1_10' title="bbox 445 1215 1846 1288; baseline -0.002 -16"><span class='ocrx_word' id='word_1_42' title='bbox 445 1233 696 1288; x_wconf 90' lang='lat' dir='ltr'><strong>quorum</strong></span> <span class='ocrx_word' id='word_1_43' title='bbox 723 1217 970 1272; x_wconf 88' lang='lat' dir='ltr'><strong>nomina</strong></span> <span class='ocrx_word' id='word_1_44' title='bbox 997 1217 1218 1285; x_wconf 90' lang='lat' dir='ltr'><strong>scripta</strong></span> <span class='ocrx_word' id='word_1_45' title='bbox 1245 1222 1384 1271; x_wconf 91' lang='lat' dir='ltr'><strong>sunt</strong></span> <span class='ocrx_word' id='word_1_46' title='bbox 1413 1215 1474 1270; x_wconf 92' lang='lat' dir='ltr'><strong>in</strong></span> <span class='ocrx_word' id='word_1_47' title='bbox 1506 1215 1657 1270; x_wconf 89' lang='lat' dir='ltr'><strong>libro</strong></span> <span class='ocrx_word' id='word_1_48' title='bbox 1689 1215 1846 1269; x_wconf 74' lang='lat' dir='ltr'><strong>vitm.</strong></span> 
     </span>
    </p>
   </div>
   <div class='ocr_carea' id='block_1_11' title="bbox 516 1315 1287 1386">
    <p class='ocr_par' dir='ltr' id='par_1_11' title="bbox 516 1315 1287 1386">
     <span class='ocr_line' id='line_1_11' title="bbox 516 1315 1287 1386; baseline 0 -17"><span class='ocrx_word' id='word_1_49' title='bbox 516 1316 776 1386; x_wconf 85' lang='lat' dir='ltr'><strong>Populus.</strong></span> <span class='ocrx_word' id='word_1_50' title='bbox 809 1316 1006 1385; x_wconf 86' lang='lat' dir='ltr'><strong>Kyrie,</strong></span> <span class='ocrx_word' id='word_1_51' title='bbox 1042 1315 1287 1369; x_wconf 81' lang='lat' dir='ltr'><strong>eleison.</strong></span> 
     </span>
    </p>
   </div>
   <div class='ocr_carea' id='block_1_12' title="bbox 511 1403 2086 1474">
    <p class='ocr_par' dir='ltr' id='par_1_12' title="bbox 511 1403 2086 1474">
     <span class='ocr_line' id='line_1_12' title="bbox 511 1403 2086 1474; baseline -0.003 -14"><span class='ocrx_word' id='word_1_52' title='bbox 511 1405 776 1460; x_wconf 83' lang='lat' dir='ltr'><strong>Sacerdos</strong></span> <span class='ocrx_word' id='word_1_53' title='bbox 804 1404 1018 1458; x_wconf 61' lang='lat' dir='ltr'><strong>elevans</strong></span> <span class='ocrx_word' id='word_1_54' title='bbox 1047 1419 1230 1458; x_wconf 85' lang='lat' dir='ltr'><strong>vooem</strong></span> <span class='ocrx_word' id='word_1_55' title='bbox 1282 1406 1353 1458; x_wconf 93' lang='lat' dir='ltr'><strong>Ut</strong></span> <span class='ocrx_word' id='word_1_56' title='bbox 1383 1404 1829 1474; x_wconf 90' lang='lat' dir='ltr'><strong>deprecationes</strong></span> <span class='ocrx_word' id='word_1_57' title='bbox 1847 1403 2086 1457; x_wconf 89' lang='lat' dir='ltr'><strong>illorum</strong></span> 
     </span>
    </p>
   </div>
   <div class='ocr_carea' id='block_1_13' title="bbox 443 1491 2087 1562">
    <p class='ocr_par' dir='ltr' id='par_1_13' title="bbox 443 1491 2087 1562">
     <span class='ocr_line' id='line_1_13' title="bbox 443 1491 2087 1562; baseline -0.001 -16"><span class='ocrx_word' id='word_1_58' title='bbox 443 1497 702 1560; x_wconf 89' lang='lat' dir='ltr'><strong>tuorum,</strong></span> <span class='ocrx_word' id='word_1_59' title='bbox 728 1491 958 1562; x_wconf 82' lang='lat' dir='ltr'><strong>placide</strong></span> <span class='ocrx_word' id='word_1_60' title='bbox 980 1491 1330 1562; x_wconf 69' lang='lat' dir='ltr'><strong>suscipiens.</strong></span> <span class='ocrx_word' id='word_1_61' title='bbox 1357 1492 1654 1546; x_wconf 85' lang='lat' dir='ltr'><strong>orationes</strong></span> <span class='ocrx_word' id='word_1_62' title='bbox 1669 1507 1872 1545; x_wconf 91' lang='lat' dir='ltr'><strong>eorum</strong></span> <span class='ocrx_word' id='word_1_63' title='bbox 1893 1495 2087 1562; x_wconf 88' lang='lat' dir='ltr'><strong>gratas</strong></span> 
     </span>
    </p>
   </div>
   <div class='ocr_carea' id='block_1_14' title="bbox 439 1579 2089 1652">
    <p class='ocr_par' dir='ltr' id='par_1_14' title="bbox 439 1579 2089 1652">
     <span class='ocr_line' id='line_1_14' title="bbox 439 1579 2089 1652; baseline 0 -18"><span class='ocrx_word' id='word_1_64' title='bbox 439 1581 644 1652; x_wconf 82' lang='lat' dir='ltr'><strong>pietati</strong></span> <span class='ocrx_word' id='word_1_65' title='bbox 674 1586 791 1635; x_wconf 61' lang='lat' dir='ltr'><strong>tua;</strong></span> <span class='ocrx_word' id='word_1_66' title='bbox 819 1585 1111 1650; x_wconf 81' lang='lat' dir='ltr'><strong>acceptas.</strong></span> <span class='ocrx_word' id='word_1_67' title='bbox 1141 1581 1258 1634; x_wconf 87' lang='lat' dir='ltr'><strong>Nos</strong></span> <span class='ocrx_word' id='word_1_68' title='bbox 1279 1597 1516 1651; x_wconf 91' lang='lat' dir='ltr'><strong>quoque</strong></span> <span class='ocrx_word' id='word_1_69' title='bbox 1534 1580 1900 1651; x_wconf 87' lang='lat' dir='ltr'><strong>conjunctim</strong></span> <span class='ocrx_word' id='word_1_70' title='bbox 1922 1579 2089 1636; x_wconf 85' lang='lat' dir='ltr'><strong>obse-</strong></span> 
     </span>
    </p>
   </div>
   <div class='ocr_carea' id='block_1_15' title="bbox 439 1668 2085 1740">
    <p class='ocr_par' dir='ltr' id='par_1_15' title="bbox 439 1668 2085 1740">
     <span class='ocr_line' id='line_1_15' title="bbox 439 1668 2085 1740; baseline -0.001 -16"><span class='ocrx_word' id='word_1_71' title='bbox 439 1670 766 1725; x_wconf 84' lang='lat' dir='ltr'><strong>crationem</strong></span> <span class='ocrx_word' id='word_1_72' title='bbox 798 1669 1208 1740; x_wconf 82' lang='lat' dir='ltr'><strong>imperfectam</strong></span> <span class='ocrx_word' id='word_1_73' title='bbox 1240 1676 1526 1736; x_wconf 90' lang='lat' dir='ltr'><strong>nostram,</strong></span> <span class='ocrx_word' id='word_1_74' title='bbox 1559 1685 1760 1724; x_wconf 90' lang='lat' dir='ltr'><strong>coram</strong></span> <span class='ocrx_word' id='word_1_75' title='bbox 1801 1674 1856 1724; x_wconf 86' lang='lat' dir='ltr'><strong>te</strong></span> <span class='ocrx_word' id='word_1_76' title='bbox 1905 1668 2085 1724; x_wconf 87' lang='lat' dir='ltr'><strong>simul</strong></span> 
     </span>
    </p>
   </div>
   <div class='ocr_carea' id='block_1_16' title="bbox 439 1758 2084 1831">
    <p class='ocr_par' dir='ltr' id='par_1_16' title="bbox 439 1758 2084 1831">
     <span class='ocr_line' id='line_1_16' title="bbox 439 1758 2084 1831; baseline 0 -19"><span class='ocrx_word' id='word_1_77' title='bbox 439 1758 821 1828; x_wconf 78' lang='lat' dir='ltr'><strong>effundimus,</strong></span> <span class='ocrx_word' id='word_1_78' title='bbox 863 1775 1256 1831; x_wconf 87' lang='lat' dir='ltr'><strong>rogamusque</strong></span> <span class='ocrx_word' id='word_1_79' title='bbox 1291 1764 1350 1814; x_wconf 90' lang='lat' dir='ltr'><strong>et</strong></span> <span class='ocrx_word' id='word_1_80' title='bbox 1398 1758 1806 1830; x_wconf 84' lang='lat' dir='ltr'><strong>deprecamur,</strong></span> <span class='ocrx_word' id='word_1_81' title='bbox 1859 1763 1917 1811; x_wconf 92' lang='lat' dir='ltr'><strong>et</strong></span> <span class='ocrx_word' id='word_1_82' title='bbox 1964 1774 2084 1812; x_wconf 91' lang='lat' dir='ltr'><strong>non</strong></span> 
     </span>
    </p>
   </div>
   <div class='ocr_carea' id='block_1_17' title="bbox 436 1846 2162 1932">
    <p class='ocr_par' dir='ltr' id='par_1_17' title="bbox 436 1846 2162 1932">
     <span class='ocr_line' id='line_1_17' title="bbox 436 1846 2162 1932; baseline -0.001 -30"><span class='ocrx_word' id='word_1_83' title='bbox 436 1855 664 1903; x_wconf 83' lang='lat' dir='ltr'><strong>avertas</strong></span> <span class='ocrx_word' id='word_1_84' title='bbox 687 1849 900 1904; x_wconf 86' lang='lat' dir='ltr'><strong>faciem</strong></span> <span class='ocrx_word' id='word_1_85' title='bbox 929 1854 1092 1903; x_wconf 89' lang='lat' dir='ltr'><strong>tuam</strong></span> <span class='ocrx_word' id='word_1_86' title='bbox 1115 1865 1147 1903; x_wconf 90' lang='lat' dir='ltr'><strong>a</strong></span> <span class='ocrx_word' id='word_1_87' title='bbox 1165 1848 1356 1906; x_wconf 91' lang='lat' dir='ltr'><strong>nobis.</strong></span> <span class='ocrx_word' id='word_1_88' title='bbox 1383 1863 1576 1918; x_wconf 90' lang='lat' dir='ltr'><strong>neque</strong></span> <span class='ocrx_word' id='word_1_89' title='bbox 1598 1849 1658 1902; x_wconf 91' lang='lat' dir='ltr'><strong>in</strong></span> <span class='ocrx_word' id='word_1_90' title='bbox 1683 1848 1772 1902; x_wconf 89' lang='lat' dir='ltr'><strong>ira</strong></span> <span class='ocrx_word' id='word_1_91' title='bbox 1792 1846 2084 1919; x_wconf 90' lang='lat' dir='ltr'><strong>elongeris</strong></span> <span class='ocrx_word' id='word_1_92' title='bbox 2114 1867 2162 1932; x_wconf 77' lang='grc' dir='ltr'><strong>Β</strong></span> 
     </span>
    </p>
   </div>
   <div class='ocr_carea' id='block_1_18' title="bbox 439 1937 2083 2008">
    <p class='ocr_par' dir='ltr' id='par_1_18' title="bbox 439 1937 2083 2008">
     <span class='ocr_line' id='line_1_18' title="bbox 439 1937 2083 2008; baseline -0.001 -16"><span class='ocrx_word' id='word_1_93' title='bbox 439 1953 473 1992; x_wconf 93' lang='lat' dir='ltr'><strong>a</strong></span> <span class='ocrx_word' id='word_1_94' title='bbox 503 1937 676 1992; x_wconf 90' lang='lat' dir='ltr'><strong>nobis</strong></span> <span class='ocrx_word' id='word_1_95' title='bbox 703 1955 716 1993; x_wconf 88' lang='lat'>:</span> <span class='ocrx_word' id='word_1_96' title='bbox 749 1953 870 1992; x_wconf 91' lang='lat' dir='ltr'><strong>non</strong></span> <span class='ocrx_word' id='word_1_97' title='bbox 901 1937 962 1992; x_wconf 91' lang='lat' dir='ltr'><strong>in</strong></span> <span class='ocrx_word' id='word_1_98' title='bbox 993 1939 1190 1992; x_wconf 89' lang='lat' dir='ltr'><strong>furore</strong></span> <span class='ocrx_word' id='word_1_99' title='bbox 1222 1943 1322 1992; x_wconf 91' lang='lat' dir='ltr'><strong>tuo</strong></span> <span class='ocrx_word' id='word_1_100' title='bbox 1353 1937 1661 2008; x_wconf 88' lang='lat' dir='ltr'><strong>disperdas</strong></span> <span class='ocrx_word' id='word_1_101' title='bbox 1699 1952 1834 2003; x_wconf 89' lang='lat' dir='ltr'><strong>nos,</strong></span> <span class='ocrx_word' id='word_1_102' title='bbox 1879 1952 2083 1992; x_wconf 89' lang='lat' dir='ltr'><strong>verum</strong></span> 
     </span>
    </p>
   </div>
   <div class='ocr_carea' id='block_1_19' title="bbox 436 2027 2086 2098">
    <p class='ocr_par' dir='ltr' id='par_1_19' title="bbox 436 2027 2086 2098">
     <span class='ocr_line' id='line_1_19' title="bbox 436 2027 2086 2098; baseline -0.001 -16"><span class='ocrx_word' id='word_1_103' title='bbox 436 2027 763 2082; x_wconf 89' lang='lat' dir='ltr'><strong>secundum</strong></span> <span class='ocrx_word' id='word_1_104' title='bbox 794 2027 1269 2082; x_wconf 86' lang='lat' dir='ltr'><strong>benevolentiam</strong></span> <span class='ocrx_word' id='word_1_105' title='bbox 1298 2032 1459 2082; x_wconf 91' lang='lat' dir='ltr'><strong>tuam</strong></span> <span class='ocrx_word' id='word_1_106' title='bbox 1485 2027 1725 2098; x_wconf 87' lang='lat' dir='ltr'><strong>posside</strong></span> <span class='ocrx_word' id='word_1_107' title='bbox 1750 2043 1881 2094; x_wconf 89' lang='lat' dir='ltr'><strong>nos,</strong></span> <span class='ocrx_word' id='word_1_108' title='bbox 1905 2032 2086 2098; x_wconf 89' lang='lat' dir='ltr'><strong>etper</strong></span> 
     </span>
    </p>
   </div>
   <div class='ocr_carea' id='block_1_20' title="bbox 436 2115 2084 2188">
    <p class='ocr_par' dir='ltr' id='par_1_20' title="bbox 436 2115 2084 2188">
     <span class='ocr_line' id='line_1_20' title="bbox 436 2115 2084 2188; baseline -0.001 -17"><span class='ocrx_word' id='word_1_109' title='bbox 436 2117 864 2172; x_wconf 85' lang='lat' dir='ltr'><strong>abundantiam</strong></span> <span class='ocrx_word' id='word_1_110' title='bbox 893 2117 1175 2172; x_wconf 84' lang='lat' dir='ltr'><strong>bonitatis</strong></span> <span class='ocrx_word' id='word_1_111' title='bbox 1203 2123 1342 2185; x_wconf 64' lang='lat' dir='ltr'><strong>tuas,</strong></span> <span class='ocrx_word' id='word_1_112' title='bbox 1375 2132 1550 2188; x_wconf 86' lang='lat' dir='ltr'><strong>parce</strong></span> <span class='ocrx_word' id='word_1_113' title='bbox 1581 2117 1773 2171; x_wconf 89' lang='lat' dir='ltr'><strong>nobis.</strong></span> <span class='ocrx_word' id='word_1_114' title='bbox 1802 2115 2084 2171; x_wconf 88' lang='lat' dir='ltr'><strong>Illumina</strong></span> 
     </span>
    </p>
   </div>
   <div class='ocr_carea' id='block_1_21' title="bbox 433 2204 2080 2276">
    <p class='ocr_par' dir='ltr' id='par_1_21' title="bbox 433 2204 2080 2276">
     <span class='ocr_line' id='line_1_21' title="bbox 433 2204 2080 2276; baseline 0.001 -18"><span class='ocrx_word' id='word_1_115' title='bbox 433 2204 658 2260; x_wconf 84' lang='lat' dir='ltr'><strong>vultum</strong></span> <span class='ocrx_word' id='word_1_116' title='bbox 689 2210 858 2260; x_wconf 90' lang='lat' dir='ltr'><strong>tuum</strong></span> <span class='ocrx_word' id='word_1_117' title='bbox 889 2221 1069 2276; x_wconf 88' lang='lat' dir='ltr'><strong>super</strong></span> <span class='ocrx_word' id='word_1_118' title='bbox 1096 2221 1227 2275; x_wconf 87' lang='lat' dir='ltr'><strong>nos,</strong></span> <span class='ocrx_word' id='word_1_119' title='bbox 1261 2210 1320 2260; x_wconf 90' lang='lat' dir='ltr'><strong>et</strong></span> <span class='ocrx_word' id='word_1_120' title='bbox 1347 2221 1526 2276; x_wconf 83' lang='lat' dir='ltr'><strong>super</strong></span> <span class='ocrx_word' id='word_1_121' title='bbox 1553 2221 1795 2260; x_wconf 90' lang='lat' dir='ltr'><strong>omnem</strong></span> <span class='ocrx_word' id='word_1_122' title='bbox 1843 2204 2080 2276; x_wconf 88' lang='lat' dir='ltr'><strong>plebem</strong></span> 
     </span>
    </p>
   </div>
   <div class='ocr_carea' id='block_1_22' title="bbox 433 2291 2078 2365">
    <p class='ocr_par' dir='ltr' id='par_1_22' title="bbox 433 2291 2078 2365">
     <span class='ocr_line' id='line_1_22' title="bbox 433 2291 2078 2365; baseline 0.001 -19"><span class='ocrx_word' id='word_1_123' title='bbox 433 2291 798 2348; x_wconf 70' lang='lat' dir='ltr'><strong>haereditatis</strong></span> <span class='ocrx_word' id='word_1_124' title='bbox 830 2298 966 2360; x_wconf 82' lang='lat' dir='ltr'><strong>tuae,</strong></span> <span class='ocrx_word' id='word_1_125' title='bbox 997 2294 1140 2363; x_wconf 88' lang='lat' dir='ltr'><strong>quia</strong></span> <span class='ocrx_word' id='word_1_126' title='bbox 1154 2293 1260 2348; x_wconf 90' lang='lat' dir='ltr'><strong>tibi</strong></span> <span class='ocrx_word' id='word_1_127' title='bbox 1283 2293 1480 2364; x_wconf 87' lang='lat' dir='ltr'><strong>placet</strong></span> <span class='ocrx_word' id='word_1_128' title='bbox 1497 2293 1750 2349; x_wconf 88' lang='lat' dir='ltr'><strong>salutem</strong></span> <span class='ocrx_word' id='word_1_129' title='bbox 1773 2299 2078 2365; x_wconf 63' lang='lat' dir='ltr'><strong>prastare,</strong></span> 
     </span>
    </p>
   </div>
   <div class='ocr_carea' id='block_1_23' title="bbox 431 2382 2076 2455">
    <p class='ocr_par' dir='ltr' id='par_1_23' title="bbox 431 2382 2076 2455">
     <span class='ocr_line' id='line_1_23' title="bbox 431 2382 2076 2455; baseline 0.002 -21"><span class='ocrx_word' id='word_1_130' title='bbox 431 2385 493 2435; x_wconf 93' lang='lat' dir='ltr'><strong>et</strong></span> <span class='ocrx_word' id='word_1_131' title='bbox 520 2385 622 2436; x_wconf 89' lang='lat' dir='ltr'><strong>tua</strong></span> <span class='ocrx_word' id='word_1_132' title='bbox 651 2386 742 2435; x_wconf 89' lang='lat' dir='ltr'><strong>est</strong></span> <span class='ocrx_word' id='word_1_133' title='bbox 769 2397 884 2452; x_wconf 85' lang='lat' dir='ltr'><strong>pax</strong></span> <span class='ocrx_word' id='word_1_134' title='bbox 915 2387 974 2436; x_wconf 91' lang='lat' dir='ltr'><strong>et</strong></span> <span class='ocrx_word' id='word_1_135' title='bbox 1003 2382 1165 2438; x_wconf 89' lang='lat' dir='ltr'><strong>salus</strong></span> <span class='ocrx_word' id='word_1_136' title='bbox 1191 2399 1204 2436; x_wconf 95' lang='lat'><strong>:</strong></span> <span class='ocrx_word' id='word_1_137' title='bbox 1237 2383 1464 2453; x_wconf 88' lang='lat' dir='ltr'><strong>tibique</strong></span> <span class='ocrx_word' id='word_1_138' title='bbox 1493 2382 1743 2455; x_wconf 82' lang='lat' dir='ltr'><strong>gloriam</strong></span> <span class='ocrx_word' id='word_1_139' title='bbox 1769 2388 1827 2438; x_wconf 90' lang='lat' dir='ltr'><strong>et</strong></span> <span class='ocrx_word' id='word_1_140' title='bbox 1855 2384 2076 2455; x_wconf 87' lang='lat' dir='ltr'><strong>gratia-</strong></span> 
     </span>
    </p>
   </div>
   <div class='ocr_carea' id='block_1_24' title="bbox 427 2470 2001 2544">
    <p class='ocr_par' dir='ltr' id='par_1_24' title="bbox 427 2470 2001 2544">
     <span class='ocr_line' id='line_1_24' title="bbox 427 2470 2001 2544; baseline 0.002 -20"><span class='ocrx_word' id='word_1_141' title='bbox 427 2485 562 2524; x_wconf 91' lang='lat' dir='ltr'><strong>rum</strong></span> <span class='ocrx_word' id='word_1_142' title='bbox 592 2470 889 2526; x_wconf 89' lang='lat' dir='ltr'><strong>actionem</strong></span> <span class='ocrx_word' id='word_1_143' title='bbox 917 2471 1244 2540; x_wconf 68' lang='lat' dir='ltr'><strong>offerimus,</strong></span> <span class='ocrx_word' id='word_1_144' title='bbox 1277 2477 1337 2526; x_wconf 93' lang='lat' dir='ltr'><strong>et</strong></span> <span class='ocrx_word' id='word_1_145' title='bbox 1365 2471 1670 2544; x_wconf 90' lang='lat' dir='ltr'><strong>unigenito</strong></span> <span class='ocrx_word' id='word_1_146' title='bbox 1699 2471 1846 2527; x_wconf 88' lang='lat' dir='ltr'><strong>Filio</strong></span> <span class='ocrx_word' id='word_1_147' title='bbox 1879 2478 2001 2528; x_wconf 90' lang='lat' dir='ltr'><strong>tuo.</strong></span> 
     </span>
    </p>
   </div>
   <div class='ocr_carea' id='block_1_25' title="bbox 493 2559 1005 2630">
    <p class='ocr_par' dir='ltr' id='par_1_25' title="bbox 493 2559 1005 2630">
     <span class='ocr_line' id='line_1_25' title="bbox 493 2559 1005 2630; baseline 0.004 -16"><span class='ocrx_word' id='word_1_148' title='bbox 493 2559 760 2630; x_wconf 83' lang='lat' dir='ltr'><strong>Populus.</strong></span> <span class='ocrx_word' id='word_1_149' title='bbox 793 2563 1005 2616; x_wconf 82' lang='lat' dir='ltr'><strong>Amen.</strong></span> 
     </span>
    </p>
   </div>
   <div class='ocr_carea' id='block_1_26' title="bbox 492 2649 2074 2722">
    <p class='ocr_par' dir='ltr' id='par_1_26' title="bbox 492 2649 2074 2722">
     <span class='ocr_line' id='line_1_26' title="bbox 492 2649 2074 2722; baseline 0.003 -18"><span class='ocrx_word' id='word_1_150' title='bbox 492 2649 754 2705; x_wconf 84' lang='lat' dir='ltr'><strong>Sacerdos</strong></span> <span class='ocrx_word' id='word_1_151' title='bbox 782 2649 1100 2707; x_wconf 78' lang='lat' dir='ltr'><strong>inclinatus.</strong></span> <span class='ocrx_word' id='word_1_152' title='bbox 1136 2653 1429 2707; x_wconf 90' lang='lat' dir='ltr'><strong>Memento</strong></span> <span class='ocrx_word' id='word_1_153' title='bbox 1453 2652 1652 2720; x_wconf 89' lang='lat' dir='ltr'><strong>etiam,</strong></span> <span class='ocrx_word' id='word_1_154' title='bbox 1681 2653 1948 2722; x_wconf 87' lang='lat' dir='ltr'><strong>Domine,</strong></span> <span class='ocrx_word' id='word_1_155' title='bbox 1973 2653 2074 2708; x_wconf 89' lang='lat' dir='ltr'><strong>Pa-</strong></span> 
     </span>
    </p>
   </div>
   <div class='ocr_carea' id='block_1_27' title="bbox 419 2738 2072 2811">
    <p class='ocr_par' dir='ltr' id='par_1_27' title="bbox 419 2738 2072 2811">
     <span class='ocr_line' id='line_1_27' title="bbox 419 2738 2072 2811; baseline 0.002 -19"><span class='ocrx_word' id='word_1_156' title='bbox 419 2741 576 2794; x_wconf 84' lang='lat' dir='ltr'><strong>trum</strong></span> <span class='ocrx_word' id='word_1_157' title='bbox 609 2738 936 2795; x_wconf 88' lang='lat' dir='ltr'><strong>electorum</strong></span> <span class='ocrx_word' id='word_1_158' title='bbox 969 2746 1026 2796; x_wconf 91' lang='lat' dir='ltr'><strong>et</strong></span> <span class='ocrx_word' id='word_1_159' title='bbox 1055 2745 1420 2808; x_wconf 86' lang='lat' dir='ltr'><strong>sanctorum,</strong></span> <span class='ocrx_word' id='word_1_160' title='bbox 1481 2741 1980 2811; x_wconf 87' lang='lat' dir='ltr'><strong>Patriarcbarum,</strong></span> <span class='ocrx_word' id='word_1_161' title='bbox 2014 2747 2072 2796; x_wconf 90' lang='lat' dir='ltr'><strong>et</strong></span> 
     </span>
    </p>
   </div>
   <div class='ocr_carea' id='block_1_28' title="bbox 418 2829 2072 2902">
    <p class='ocr_par' dir='ltr' id='par_1_28' title="bbox 418 2829 2072 2902">
     <span class='ocr_line' id='line_1_28' title="bbox 418 2829 2072 2902; baseline 0.002 -20"><span class='ocrx_word' id='word_1_162' title='bbox 418 2843 627 2884; x_wconf 90' lang='lat' dir='ltr'><strong>eorum</strong></span> <span class='ocrx_word' id='word_1_163' title='bbox 648 2829 750 2900; x_wconf 89' lang='lat' dir='ltr'><strong>qui</strong></span> <span class='ocrx_word' id='word_1_164' title='bbox 773 2829 1128 2900; x_wconf 87' lang='lat' dir='ltr'><strong>interpretes</strong></span> <span class='ocrx_word' id='word_1_165' title='bbox 1149 2835 1208 2886; x_wconf 90' lang='lat' dir='ltr'><strong>et</strong></span> <span class='ocrx_word' id='word_1_166' title='bbox 1227 2829 1486 2885; x_wconf 89' lang='lat' dir='ltr'><strong>ministri</strong></span> <span class='ocrx_word' id='word_1_167' title='bbox 1508 2830 2072 2902; x_wconf 83' lang='lat' dir='ltr'><strong>fueruntmysterio-</strong></span> 
     </span>
    </p>
   </div>
   <div class='ocr_carea' id='block_1_29' title="bbox 417 2919 2068 2977">
    <p class='ocr_par' dir='ltr' id='par_1_29' title="bbox 417 2919 2068 2977">
     <span class='ocr_line' id='line_1_29' title="bbox 417 2919 2068 2977; baseline 0.003 -5"><span class='ocrx_word' id='word_1_168' title='bbox 417 2933 551 2972; x_wconf 88' lang='lat' dir='ltr'><strong>rum</strong></span> <span class='ocrx_word' id='word_1_169' title='bbox 583 2934 888 2974; x_wconf 89' lang='lat' dir='ltr'><strong>sacrorum</strong></span> <span class='ocrx_word' id='word_1_170' title='bbox 921 2919 1195 2975; x_wconf 81' lang='lat' dir='ltr'><strong>Ecclesiae</strong></span> <span class='ocrx_word' id='word_1_171' title='bbox 1222 2926 1335 2975; x_wconf 64' lang='lat' dir='ltr'><strong>tua:</strong></span> <span class='ocrx_word' id='word_1_172' title='bbox 1362 2925 1580 2976; x_wconf 70' lang='lat' dir='ltr'><strong>sanctaa</strong></span> <span class='ocrx_word' id='word_1_173' title='bbox 1610 2937 1622 2974; x_wconf 89' lang='lat'>:</span> <span class='ocrx_word' id='word_1_174' title='bbox 1649 2921 1904 2976; x_wconf 82' lang='lat' dir='ltr'><strong>maxime</strong></span> <span class='ocrx_word' id='word_1_175' title='bbox 1931 2938 2068 2977; x_wconf 85' lang='lat' dir='ltr'><strong>vero</strong></span> 
     </span>
    </p>
   </div>
   <div class='ocr_carea' id='block_1_30' title="bbox 415 3007 2065 3082">
    <p class='ocr_par' dir='ltr' id='par_1_30' title="bbox 415 3007 2065 3082">
     <span class='ocr_line' id='line_1_30' title="bbox 415 3007 2065 3082; baseline 0.003 -22"><span class='ocrx_word' id='word_1_176' title='bbox 415 3007 648 3078; x_wconf 84' lang='lat' dir='ltr'><strong>Ignatii,</strong></span> <span class='ocrx_word' id='word_1_177' title='bbox 679 3007 966 3080; x_wconf 87' lang='lat' dir='ltr'><strong>Dionysii,</strong></span> <span class='ocrx_word' id='word_1_178' title='bbox 996 3008 1160 3078; x_wconf 86' lang='lat' dir='ltr'><strong>Julii,</strong></span> <span class='ocrx_word' id='word_1_179' title='bbox 1192 3009 1522 3077; x_wconf 81' lang='lat' dir='ltr'><strong>Athanasii,</strong></span> <span class='ocrx_word' id='word_1_180' title='bbox 1548 3009 2065 3082; x_wconf 86' lang='lat' dir='ltr'><strong>Basilii,Gregorii,</strong></span> 
     </span>
    </p>
   </div>
   <div class='ocr_carea' id='block_1_31' title="bbox 415 3094 2070 3168">
    <p class='ocr_par' dir='ltr' id='par_1_31' title="bbox 415 3094 2070 3168">
     <span class='ocr_line' id='line_1_31' title="bbox 415 3094 2070 3168; baseline 0.002 -18"><span class='ocrx_word' id='word_1_181' title='bbox 415 3094 704 3165; x_wconf 90' lang='lat' dir='ltr'><strong>Dioscori,</strong></span> <span class='ocrx_word' id='word_1_182' title='bbox 737 3097 954 3163; x_wconf 91' lang='lat' dir='ltr'><strong>Severi,</strong></span> <span class='ocrx_word' id='word_1_183' title='bbox 990 3097 1358 3168; x_wconf 89' lang='lat' dir='ltr'><strong>reliquorum</strong></span> <span class='ocrx_word' id='word_1_184' title='bbox 1416 3098 1838 3168; x_wconf 82' lang='lat' dir='ltr'><strong>Apostolorum</strong></span> <span class='ocrx_word' id='word_1_185' title='bbox 1868 3105 1926 3153; x_wconf 92' lang='lat' dir='ltr'><strong>et</strong></span> <span class='ocrx_word' id='word_1_186' title='bbox 1955 3101 2070 3154; x_wconf 89' lang='lat' dir='ltr'><strong>Pa-</strong></span> 
     </span>
    </p>
   </div>
   <div class='ocr_carea' id='block_1_32' title="bbox 418 3185 1464 3257">
    <p class='ocr_par' dir='ltr' id='par_1_32' title="bbox 418 3185 1464 3257">
     <span class='ocr_line' id='line_1_32' title="bbox 418 3185 1464 3257; baseline 0.003 -19"><span class='ocrx_word' id='word_1_187' title='bbox 418 3188 666 3249; x_wconf 88' lang='lat' dir='ltr'><strong>storum,</strong></span> <span class='ocrx_word' id='word_1_188' title='bbox 709 3185 810 3255; x_wconf 89' lang='lat' dir='ltr'><strong>qui</strong></span> <span class='ocrx_word' id='word_1_189' title='bbox 841 3185 916 3240; x_wconf 86' lang='lat' dir='ltr'><strong>ad</strong></span> <span class='ocrx_word' id='word_1_190' title='bbox 948 3189 1003 3240; x_wconf 90' lang='lat' dir='ltr'><strong>te</strong></span> <span class='ocrx_word' id='word_1_191' title='bbox 1042 3185 1464 3257; x_wconf 86' lang='lat' dir='ltr'><strong>migraverunt.</strong></span> 
     </span>
    </p>
   </div>
   <div class='ocr_carea' id='block_1_33' title="bbox 487 3273 1243 3345">
    <p class='ocr_par' dir='ltr' id='par_1_33' title="bbox 487 3273 1243 3345">
     <span class='ocr_line' id='line_1_33' title="bbox 487 3273 1243 3345; baseline 0 -18"><span class='ocrx_word' id='word_1_192' title='bbox 487 3273 748 3343; x_wconf 80' lang='lat' dir='ltr'><strong>Populus.</strong></span> <span class='ocrx_word' id='word_1_193' title='bbox 781 3273 976 3345; x_wconf 81' lang='lat' dir='ltr'><strong>Kyrie‘</strong></span> <span class='ocrx_word' id='word_1_194' title='bbox 1014 3273 1243 3328; x_wconf 88' lang='lat' dir='ltr'><strong>eleison</strong></span> 
     </span>
    </p>
   </div>
   <div class='ocr_carea' id='block_1_34' title="bbox 482 3362 2067 3436">
    <p class='ocr_par' dir='ltr' id='par_1_34' title="bbox 482 3362 2067 3436">
     <span class='ocr_line' id='line_1_34' title="bbox 482 3362 2067 3436; baseline 0.003 -20"><span class='ocrx_word' id='word_1_195' title='bbox 482 3362 752 3418; x_wconf 86' lang='lat' dir='ltr'><strong>Sacerdos</strong></span> <span class='ocrx_word' id='word_1_196' title='bbox 781 3362 998 3417; x_wconf 84' lang='lat' dir='ltr'><strong>elevans</strong></span> <span class='ocrx_word' id='word_1_197' title='bbox 1026 3379 1228 3418; x_wconf 84' lang='lat' dir='ltr'><strong>vocem.</strong></span> <span class='ocrx_word' id='word_1_198' title='bbox 1261 3364 1560 3431; x_wconf 89' lang='lat' dir='ltr'><strong>Doctores,</strong></span> <span class='ocrx_word' id='word_1_199' title='bbox 1614 3365 1955 3436; x_wconf 90' lang='lat' dir='ltr'><strong>Episcopos,</strong></span> <span class='ocrx_word' id='word_1_200' title='bbox 2008 3371 2067 3421; x_wconf 90' lang='lat' dir='ltr'><strong>et</strong></span> 
     </span>
    </p>
   </div>
   <div class='ocr_carea' id='block_1_35' title="bbox 411 3450 2064 3526">
    <p class='ocr_par' dir='ltr' id='par_1_35' title="bbox 411 3450 2064 3526">
     <span class='ocr_line' id='line_1_35' title="bbox 411 3450 2064 3526; baseline 0.005 -23"><span class='ocrx_word' id='word_1_201' title='bbox 411 3455 676 3506; x_wconf 87' lang='lat' dir='ltr'><strong>rectores</strong></span> <span class='ocrx_word' id='word_1_202' title='bbox 701 3450 902 3506; x_wconf 89' lang='lat' dir='ltr'><strong>ovium</strong></span> <span class='ocrx_word' id='word_1_203' title='bbox 924 3452 1590 3526; x_wconf 87' lang='lat' dir='ltr'><strong>spiritualium,gregum</strong></span> <span class='ocrx_word' id='word_1_204' title='bbox 1608 3461 1846 3510; x_wconf 91' lang='lat' dir='ltr'><strong>tuorum</strong></span> <span class='ocrx_word' id='word_1_205' title='bbox 1868 3471 2064 3512; x_wconf 91' lang='lat' dir='ltr'><strong>sacer-</strong></span> 
     </span>
    </p>
   </div>
   <div class='ocr_carea' id='block_1_36' title="bbox 419 3536 2064 3616">
    <p class='ocr_par' dir='ltr' id='par_1_36' title="bbox 419 3536 2064 3616">
     <span class='ocr_line' id='line_1_36' title="bbox 419 3536 2064 3616; baseline 0.004 -24"><span class='ocrx_word' id='word_1_206' title='bbox 419 3536 709 3594; x_wconf 88' lang='lat' dir='ltr'><strong>dotalium</strong></span> <span class='ocrx_word' id='word_1_207' title='bbox 738 3539 994 3610; x_wconf 87' lang='lat' dir='ltr'><strong>suscipe,</strong></span> <span class='ocrx_word' id='word_1_208' title='bbox 1026 3541 1298 3616; x_wconf 89' lang='lat' dir='ltr'><strong>Domine,</strong></span> <span class='ocrx_word' id='word_1_209' title='bbox 1332 3547 1390 3596; x_wconf 91' lang='lat' dir='ltr'><strong>et</strong></span> <span class='ocrx_word' id='word_1_210' title='bbox 1419 3559 1520 3598; x_wconf 87' lang='lat' dir='ltr'><strong>eos</strong></span> <span class='ocrx_word' id='word_1_211' title='bbox 1553 3545 1655 3614; x_wconf 91' lang='lat' dir='ltr'><strong>qui</strong></span> <span class='ocrx_word' id='word_1_212' title='bbox 1689 3561 1824 3600; x_wconf 92' lang='lat' dir='ltr'><strong>cum</strong></span> <span class='ocrx_word' id='word_1_213' title='bbox 1842 3547 2064 3601; x_wconf 89' lang='lat' dir='ltr'><strong>sancti-</strong></span> 
     </span>
    </p>
   </div>
   <div class='ocr_carea' id='block_1_37' title="bbox 412 3627 2061 3704">
    <p class='ocr_par' dir='ltr' id='par_1_37' title="bbox 412 3627 2061 3704">
     <span class='ocr_line' id='line_1_37' title="bbox 412 3627 2061 3704; baseline 0.005 -24"><span class='ocrx_word' id='word_1_214' title='bbox 412 3630 533 3681; x_wconf 89' lang='lat' dir='ltr'><strong>tate</strong></span> <span class='ocrx_word' id='word_1_215' title='bbox 563 3627 878 3698; x_wconf 85' lang='lat' dir='ltr'><strong>primitias,</strong></span> <span class='ocrx_word' id='word_1_216' title='bbox 921 3645 1088 3684; x_wconf 88' lang='lat' dir='ltr'><strong>more</strong></span> <span class='ocrx_word' id='word_1_217' title='bbox 1135 3631 1482 3702; x_wconf 85' lang='lat' dir='ltr'><strong>apostolico,</strong></span> <span class='ocrx_word' id='word_1_218' title='bbox 1533 3638 1820 3704; x_wconf 87' lang='lat' dir='ltr'><strong>ceperunt</strong></span> <span class='ocrx_word' id='word_1_219' title='bbox 1869 3634 2061 3689; x_wconf 62' lang='lat' dir='ltr'><strong>haere-</strong></span> 
     </span>
    </p>
   </div>
   <div class='ocr_carea' id='block_1_38' title="bbox 411 3713 2058 3793">
    <p class='ocr_par' dir='ltr' id='par_1_38' title="bbox 411 3713 2058 3793">
     <span class='ocr_line' id='line_1_38' title="bbox 411 3713 2058 3793; baseline 0.005 -23"><span class='ocrx_word' id='word_1_220' title='bbox 411 3713 612 3771; x_wconf 89' lang='lat' dir='ltr'><strong>ditatis</strong></span> <span class='ocrx_word' id='word_1_221' title='bbox 659 3715 942 3788; x_wconf 80' lang='lat' dir='ltr'><strong>pacificae,</strong></span> <span class='ocrx_word' id='word_1_222' title='bbox 1003 3718 1380 3791; x_wconf 87' lang='lat' dir='ltr'><strong>Theologiam</strong></span> <span class='ocrx_word' id='word_1_223' title='bbox 1427 3719 1656 3776; x_wconf 89' lang='lat' dir='ltr'><strong>scilicet</strong></span> <span class='ocrx_word' id='word_1_224' title='bbox 1705 3722 2058 3793; x_wconf 88' lang='lat' dir='ltr'><strong>acquisitam</strong></span> 
     </span>
    </p>
   </div>
   <div class='ocr_carea' id='block_1_39' title="bbox 413 3804 2060 3882">
    <p class='ocr_par' dir='ltr' id='par_1_39' title="bbox 413 3804 2060 3882">
     <span class='ocr_line' id='line_1_39' title="bbox 413 3804 2060 3882; baseline 0.006 -24"><span class='ocrx_word' id='word_1_225' title='bbox 413 3805 700 3877; x_wconf 80' lang='lat' dir='ltr'><strong>sanguine</strong></span> <span class='ocrx_word' id='word_1_226' title='bbox 729 3804 974 3862; x_wconf 89' lang='lat' dir='ltr'><strong>salutari</strong></span> <span class='ocrx_word' id='word_1_227' title='bbox 1005 3807 1220 3864; x_wconf 86' lang='lat' dir='ltr'><strong>Christi</strong></span> <span class='ocrx_word' id='word_1_228' title='bbox 1243 3809 1531 3882; x_wconf 88' lang='lat' dir='ltr'><strong>unigeniti</strong></span> <span class='ocrx_word' id='word_1_229' title='bbox 1554 3810 1685 3865; x_wconf 90' lang='lat' dir='ltr'><strong>Filii</strong></span> <span class='ocrx_word' id='word_1_230' title='bbox 1709 3811 1794 3866; x_wconf 89' lang='lat' dir='ltr'><strong>tui</strong></span> <span class='ocrx_word' id='word_1_231' title='bbox 1817 3828 2060 3868; x_wconf 89' lang='lat' dir='ltr'><strong>:eorum</strong></span> 
     </span>
    </p>
   </div>
   <div class='ocr_carea' id='block_1_40' title="bbox 411 3893 2054 3970">
    <p class='ocr_par' dir='ltr' id='par_1_40' title="bbox 411 3893 2054 3970">
     <span class='ocr_line' id='line_1_40' title="bbox 411 3893 2054 3970; baseline 0.005 -23"><span class='ocrx_word' id='word_1_232' title='bbox 411 3893 514 3963; x_wconf 89' lang='lat' dir='ltr'><strong>qui</strong></span> <span class='ocrx_word' id='word_1_233' title='bbox 545 3893 608 3948; x_wconf 92' lang='lat' dir='ltr'><strong>in</strong></span> <span class='ocrx_word' id='word_1_234' title='bbox 637 3893 918 3950; x_wconf 90' lang='lat' dir='ltr'><strong>Ecclesiis</strong></span> <span class='ocrx_word' id='word_1_235' title='bbox 957 3896 1076 3952; x_wconf 91' lang='lat' dir='ltr'><strong>tuis</strong></span> <span class='ocrx_word' id='word_1_236' title='bbox 1107 3897 1328 3952; x_wconf 88' lang='lat' dir='ltr'><strong>sanctis</strong></span> <span class='ocrx_word' id='word_1_237' title='bbox 1357 3897 1802 3970; x_wconf 83' lang='lat' dir='ltr'><strong>explicaverunt</strong></span> <span class='ocrx_word' id='word_1_238' title='bbox 1842 3901 2054 3969; x_wconf 90' lang='lat' dir='ltr'><strong>verbis,</strong></span> 
     </span>
    </p>
   </div>
   <div class='ocr_carea' id='block_1_41' title="bbox 410 3981 2058 4061">
    <p class='ocr_par' dir='ltr' id='par_1_41' title="bbox 410 3981 2058 4061">
     <span class='ocr_line' id='line_1_41' title="bbox 410 3981 2058 4061; baseline 0.005 -25"><span class='ocrx_word' id='word_1_239' title='bbox 410 3981 659 4054; x_wconf 83' lang='lat' dir='ltr'><strong>gloriam</strong></span> <span class='ocrx_word' id='word_1_240' title='bbox 691 3984 1152 4056; x_wconf 64' lang='lat' dir='ltr'><strong>magniﬁcentia:</strong></span> <span class='ocrx_word' id='word_1_241' title='bbox 1180 3987 1346 4059; x_wconf 88' lang='lat' dir='ltr'><strong>regni</strong></span> <span class='ocrx_word' id='word_1_242' title='bbox 1383 3987 1464 4042; x_wconf 90' lang='lat' dir='ltr'><strong>tui</strong></span> <span class='ocrx_word' id='word_1_243' title='bbox 1491 3987 1758 4060; x_wconf 86' lang='lat' dir='ltr'><strong>gloriosi,</strong></span> <span class='ocrx_word' id='word_1_244' title='bbox 1791 3994 1851 4044; x_wconf 91' lang='lat' dir='ltr'><strong>et</strong></span> <span class='ocrx_word' id='word_1_245' title='bbox 1880 4007 2058 4061; x_wconf 89' lang='lat' dir='ltr'><strong>super</strong></span> 
     </span>
    </p>
   </div>
   <div class='ocr_carea' id='block_1_42' title="bbox 408 4070 2056 4134">
    <p class='ocr_par' dir='ltr' id='par_1_42' title="bbox 408 4070 2056 4134">
     <span class='ocr_line' id='line_1_42' title="bbox 408 4070 2056 4134; baseline 0.005 -9"><span class='ocrx_word' id='word_1_246' title='bbox 408 4070 868 4128; x_wconf 88' lang='lat' dir='ltr'><strong>fundamentum</strong></span> <span class='ocrx_word' id='word_1_247' title='bbox 887 4074 1022 4129; x_wconf 86' lang='lat' dir='ltr'><strong>ﬁdei</strong></span> <span class='ocrx_word' id='word_1_248' title='bbox 1038 4074 1480 4131; x_wconf 67' lang='lat' dir='ltr'><strong>ediﬁcaverunt</strong></span> <span class='ocrx_word' id='word_1_249' title='bbox 1500 4077 1810 4133; x_wconf 89' lang='lat' dir='ltr'><strong>scientiam</strong></span> <span class='ocrx_word' id='word_1_250' title='bbox 1821 4079 2056 4134; x_wconf 91' lang='lat' dir='ltr'><strong>univer-</strong></span> 
     </span>
    </p>
   </div>
   <div class='ocr_carea' id='block_1_43' title="bbox 412 4163 2056 4237">
    <p class='ocr_par' dir='ltr' id='par_1_43' title="bbox 412 4163 2056 4237">
     <span class='ocr_line' id='line_1_43' title="bbox 412 4163 2056 4237; baseline 0.006 -22"><span class='ocrx_word' id='word_1_251' title='bbox 412 4177 540 4216; x_wconf 88' lang='lat' dir='ltr'><strong>sam</strong></span> <span class='ocrx_word' id='word_1_252' title='bbox 565 4178 718 4216; x_wconf 82' lang='lat' dir='ltr'><strong>verae</strong></span> <span class='ocrx_word' id='word_1_253' title='bbox 746 4163 1076 4235; x_wconf 86' lang='lat' dir='ltr'><strong>religionis,</strong></span> <span class='ocrx_word' id='word_1_254' title='bbox 1137 4165 1556 4237; x_wconf 86' lang='lat' dir='ltr'><strong>salubremque</strong></span> <span class='ocrx_word' id='word_1_255' title='bbox 1589 4167 1957 4224; x_wconf 88' lang='lat' dir='ltr'><strong>doctrinam:</strong></span> <span class='ocrx_word' id='word_1_256' title='bbox 1990 4175 2056 4225; x_wconf 92' lang='lat' dir='ltr'><strong>ut</strong></span> 
     </span>
    </p>
   </div>
   <div class='ocr_carea' id='block_1_44' title="bbox 407 4249 2053 4330">
    <p class='ocr_par' dir='ltr' id='par_1_44' title="bbox 407 4249 2053 4330">
     <span class='ocr_line' id='line_1_44' title="bbox 407 4249 2053 4330; baseline 0.007 -26"><span class='ocrx_word' id='word_1_257' title='bbox 407 4264 516 4320; x_wconf 87' lang='lat' dir='ltr'><strong>per</strong></span> <span class='ocrx_word' id='word_1_258' title='bbox 545 4249 1008 4308; x_wconf 87' lang='lat' dir='ltr'><strong>intercessiones</strong></span> <span class='ocrx_word' id='word_1_259' title='bbox 1049 4269 1250 4310; x_wconf 89' lang='lat' dir='ltr'><strong>eorum</strong></span> <span class='ocrx_word' id='word_1_260' title='bbox 1313 4273 1490 4326; x_wconf 89' lang='lat' dir='ltr'><strong>puras</strong></span> <span class='ocrx_word' id='word_1_261' title='bbox 1539 4263 1597 4311; x_wconf 92' lang='lat' dir='ltr'><strong>et</strong></span> <span class='ocrx_word' id='word_1_262' title='bbox 1639 4259 2053 4330; x_wconf 86' lang='lat' dir='ltr'><strong>acceptabiles,</strong></span> 
     </span>
    </p>
   </div>
   <div class='ocr_carea' id='block_1_45' title="bbox 405 4337 2058 4416">
    <p class='ocr_par' dir='ltr' id='par_1_45' title="bbox 405 4337 2058 4416">
     <span class='ocr_line' id='line_1_45' title="bbox 405 4337 2058 4416; baseline 0.007 -24"><span class='ocrx_word' id='word_1_263' title='bbox 405 4337 674 4402; x_wconf 86' lang='lat' dir='ltr'><strong>Domine,</strong></span> <span class='ocrx_word' id='word_1_264' title='bbox 709 4355 830 4394; x_wconf 90' lang='lat' dir='ltr'><strong>non</strong></span> <span class='ocrx_word' id='word_1_265' title='bbox 867 4341 1136 4413; x_wconf 89' lang='lat' dir='ltr'><strong>reliquas</strong></span> <span class='ocrx_word' id='word_1_266' title='bbox 1187 4360 1294 4398; x_wconf 90' lang='lat' dir='ltr'><strong>nos</strong></span> <span class='ocrx_word' id='word_1_267' title='bbox 1353 4345 1654 4416; x_wconf 91' lang='lat' dir='ltr'><strong>expositos</strong></span> <span class='ocrx_word' id='word_1_268' title='bbox 1707 4347 1940 4402; x_wconf 90' lang='lat' dir='ltr'><strong>insidiis</strong></span> <span class='ocrx_word' id='word_1_269' title='bbox 1997 4353 2058 4403; x_wconf 92' lang='lat' dir='ltr'><strong>et</strong></span> 
     </span>
    </p>
   </div>
   <div class='ocr_carea' id='block_1_46' title="bbox 405 4424 2059 4506">
    <p class='ocr_par' dir='ltr' id='par_1_46' title="bbox 405 4424 2059 4506">
     <span class='ocr_line' id='line_1_46' title="bbox 405 4424 2059 4506; baseline 0.008 -27"><span class='ocrx_word' id='word_1_270' title='bbox 405 4424 696 4496; x_wconf 89' lang='lat' dir='ltr'><strong>decipulis</strong></span> <span class='ocrx_word' id='word_1_271' title='bbox 729 4429 947 4484; x_wconf 88' lang='lat' dir='ltr'><strong>erroris</strong></span> <span class='ocrx_word' id='word_1_272' title='bbox 967 4430 1350 4487; x_wconf 86' lang='lat' dir='ltr'><strong>multiformis</strong></span> <span class='ocrx_word' id='word_1_273' title='bbox 1377 4432 1718 4503; x_wconf 81' lang='lat' dir='ltr'><strong>dogmatum</strong></span> <span class='ocrx_word' id='word_1_274' title='bbox 1741 4436 2059 4506; x_wconf 87' lang='lat' dir='ltr'><strong>reproban-</strong></span> 
     </span>
    </p>
   </div>
   <div class='ocr_carea' id='block_1_47' title="bbox 399 4512 2054 4592">
    <p class='ocr_par' dir='ltr' id='par_1_47' title="bbox 399 4512 2054 4592">
     <span class='ocr_line' id='line_1_47' title="bbox 399 4512 2054 4592; baseline 0.008 -25"><span class='ocrx_word' id='word_1_275' title='bbox 399 4512 650 4568; x_wconf 89' lang='lat' dir='ltr'><strong>dorum:</strong></span> <span class='ocrx_word' id='word_1_276' title='bbox 683 4530 887 4572; x_wconf 91' lang='lat' dir='ltr'><strong>verum</strong></span> <span class='ocrx_word' id='word_1_277' title='bbox 931 4535 1038 4590; x_wconf 91' lang='lat' dir='ltr'><strong>per</strong></span> <span class='ocrx_word' id='word_1_278' title='bbox 1055 4519 1384 4575; x_wconf 88' lang='lat' dir='ltr'><strong>dectrinam</strong></span> <span class='ocrx_word' id='word_1_279' title='bbox 1415 4526 1652 4592; x_wconf 90' lang='lat' dir='ltr'><strong>patrum</strong></span> <span class='ocrx_word' id='word_1_280' title='bbox 1681 4522 1924 4579; x_wconf 90' lang='lat' dir='ltr'><strong>illorum</strong></span> <span class='ocrx_word' id='word_1_281' title='bbox 1944 4541 2054 4580; x_wconf 89' lang='lat' dir='ltr'><strong>no-</strong></span> 
     </span>
    </p>
   </div>
   <div class='ocr_carea' id='block_1_48' title="bbox 399 4601 2050 4678">
    <p class='ocr_par' dir='ltr' id='par_1_48' title="bbox 399 4601 2050 4678">
     <span class='ocr_line' id='line_1_48' title="bbox 399 4601 2050 4678; baseline 0.007 -22"><span class='ocrx_word' id='word_1_282' title='bbox 399 4607 660 4658; x_wconf 89' lang='lat' dir='ltr'><strong>strorum</strong></span> <span class='ocrx_word' id='word_1_283' title='bbox 688 4601 1022 4675; x_wconf 88' lang='lat' dir='ltr'><strong>beatorum,</strong></span> <span class='ocrx_word' id='word_1_284' title='bbox 1049 4607 1339 4665; x_wconf 91' lang='lat' dir='ltr'><strong>conﬁrma</strong></span> <span class='ocrx_word' id='word_1_285' title='bbox 1361 4625 1490 4678; x_wconf 91' lang='lat' dir='ltr'><strong>nos,</strong></span> <span class='ocrx_word' id='word_1_286' title='bbox 1523 4615 1582 4666; x_wconf 91' lang='lat' dir='ltr'><strong>et</strong></span> <span class='ocrx_word' id='word_1_287' title='bbox 1612 4609 1790 4665; x_wconf 86' lang='lat' dir='ltr'><strong>ﬁdem</strong></span> <span class='ocrx_word' id='word_1_288' title='bbox 1813 4611 2050 4670; x_wconf 90' lang='lat' dir='ltr'><strong>illorum</strong></span> 
     </span>
    </p>
   </div>
   <div class='ocr_carea' id='block_1_49' title="bbox 393 4689 2044 4773">
    <p class='ocr_par' dir='ltr' id='par_1_49' title="bbox 393 4689 2044 4773">
     <span class='ocr_line' id='line_1_49' title="bbox 393 4689 2044 4773; baseline 0.009 -28"><span class='ocrx_word' id='word_1_289' title='bbox 393 4689 580 4748; x_wconf 85' lang='lat' dir='ltr'><strong>funda</strong></span> <span class='ocrx_word' id='word_1_290' title='bbox 610 4692 674 4748; x_wconf 91' lang='lat' dir='ltr'><strong>in</strong></span> <span class='ocrx_word' id='word_1_291' title='bbox 703 4695 898 4762; x_wconf 89' lang='lat' dir='ltr'><strong>nobis,</strong></span> <span class='ocrx_word' id='word_1_292' title='bbox 939 4695 1233 4769; x_wconf 88' lang='lat' dir='ltr'><strong>bonisque</strong></span> <span class='ocrx_word' id='word_1_293' title='bbox 1273 4714 1480 4754; x_wconf 92' lang='lat' dir='ltr'><strong>eorum</strong></span> <span class='ocrx_word' id='word_1_294' title='bbox 1511 4717 1611 4756; x_wconf 89' lang='lat' dir='ltr'><strong>eos</strong></span> <span class='ocrx_word' id='word_1_295' title='bbox 1641 4700 1849 4773; x_wconf 92' lang='lat' dir='ltr'><strong>dignos</strong></span> <span class='ocrx_word' id='word_1_296' title='bbox 1875 4703 2044 4760; x_wconf 88' lang='lat' dir='ltr'><strong>efﬁce</strong></span> 
     </span>
    </p>
   </div>
   <div class='ocr_carea' id='block_1_50' title="bbox 397 4782 2040 4862">
    <p class='ocr_par' dir='ltr' id='par_1_50' title="bbox 397 4782 2040 4862">
     <span class='ocr_line' id='line_1_50' title="bbox 397 4782 2040 4862; baseline 0.009 -28"><span class='ocrx_word' id='word_1_297' title='bbox 397 4784 456 4834; x_wconf 89' lang='lat' dir='ltr'><strong>et</strong></span> <span class='ocrx_word' id='word_1_298' title='bbox 483 4797 619 4838; x_wconf 91' lang='lat' dir='ltr'><strong>cum</strong></span> <span class='ocrx_word' id='word_1_299' title='bbox 647 4782 764 4838; x_wconf 87' lang='lat' dir='ltr'><strong>illis</strong></span> <span class='ocrx_word' id='word_1_300' title='bbox 793 4785 1120 4842; x_wconf 84' lang='lat' dir='ltr'><strong>referemus</strong></span> <span class='ocrx_word' id='word_1_301' title='bbox 1150 4787 1257 4842; x_wconf 89' lang='lat' dir='ltr'><strong>tibi</strong></span> <span class='ocrx_word' id='word_1_302' title='bbox 1308 4787 1560 4858; x_wconf 87' lang='lat' dir='ltr'><strong>gloriam</strong></span> <span class='ocrx_word' id='word_1_303' title='bbox 1605 4795 1664 4844; x_wconf 92' lang='lat' dir='ltr'><strong>et</strong></span> <span class='ocrx_word' id='word_1_304' title='bbox 1717 4791 2040 4862; x_wconf 87' lang='lat' dir='ltr'><strong>gratiarum</strong></span> 
     </span>
    </p>
   </div>
   <div class='ocr_carea' id='block_1_51' title="bbox 396 4869 714 4926">
    <p class='ocr_par' dir='ltr' id='par_1_51' title="bbox 396 4869 714 4926">
     <span class='ocr_line' id='line_1_51' title="bbox 396 4869 714 4926; baseline 0.009 -3"><span class='ocrx_word' id='word_1_305' title='bbox 396 4869 714 4926; x_wconf 90' lang='lat' dir='ltr'><strong>actionem.</strong></span> 
     </span>
    </p>
   </div>
   <div class='ocr_carea' id='block_1_52' title="bbox 465 4959 975 5030">
    <p class='ocr_par' dir='ltr' id='par_1_52' title="bbox 465 4959 975 5030">
     <span class='ocr_line' id='line_1_52' title="bbox 465 4959 975 5030; baseline 0.01 -18"><span class='ocrx_word' id='word_1_306' title='bbox 465 4959 728 5030; x_wconf 86' lang='lat' dir='ltr'><strong>Populus.</strong></span> <span class='ocrx_word' id='word_1_307' title='bbox 764 4964 975 5018; x_wconf 83' lang='lat' dir='ltr'><strong>Amen.</strong></span> 
     </span>
    </p>
   </div>
   <div class='ocr_carea' id='block_1_53' title="bbox 463 5047 2038 5129">
    <p class='ocr_par' dir='ltr' id='par_1_53' title="bbox 463 5047 2038 5129">
     <span class='ocr_line' id='line_1_53' title="bbox 463 5047 2038 5129; baseline 0.008 -26"><span class='ocrx_word' id='word_1_308' title='bbox 463 5047 728 5106; x_wconf 80' lang='lat' dir='ltr'><strong>Sacerdos</strong></span> <span class='ocrx_word' id='word_1_309' title='bbox 753 5052 1072 5108; x_wconf 76' lang='lat' dir='ltr'><strong>inclinatus.</strong></span> <span class='ocrx_word' id='word_1_310' title='bbox 1103 5053 1176 5108; x_wconf 89' lang='lat' dir='ltr'><strong>Ut</strong></span> <span class='ocrx_word' id='word_1_311' title='bbox 1204 5053 1386 5110; x_wconf 90' lang='lat' dir='ltr'><strong>etiam</strong></span> <span class='ocrx_word' id='word_1_312' title='bbox 1413 5071 1619 5112; x_wconf 90' lang='lat' dir='ltr'><strong>eorum</strong></span> <span class='ocrx_word' id='word_1_313' title='bbox 1667 5060 2038 5129; x_wconf 89' lang='lat' dir='ltr'><strong>memineris,</strong></span> 
     </span>
    </p>
   </div>
   <div class='ocr_carea' id='block_1_54' title="bbox 391 5135 2034 5218">
    <p class='ocr_par' dir='ltr' id='par_1_54' title="bbox 391 5135 2034 5218">
     <span class='ocr_line' id='line_1_54' title="bbox 391 5135 2034 5218; baseline 0.008 -29"><span class='ocrx_word' id='word_1_314' title='bbox 391 5135 493 5204; x_wconf 89' lang='lat' dir='ltr'><strong>qui</strong></span> <span class='ocrx_word' id='word_1_315' title='bbox 521 5151 590 5190; x_wconf 85' lang='lat' dir='ltr'><strong>ex</strong></span> <span class='ocrx_word' id='word_1_316' title='bbox 619 5137 731 5194; x_wconf 88' lang='lat' dir='ltr'><strong>hac</strong></span> <span class='ocrx_word' id='word_1_317' title='bbox 755 5139 873 5196; x_wconf 90' lang='lat' dir='ltr'><strong>vita</strong></span> <span class='ocrx_word' id='word_1_318' title='bbox 901 5139 978 5196; x_wconf 90' lang='lat' dir='ltr'><strong>ad</strong></span> <span class='ocrx_word' id='word_1_319' title='bbox 1005 5145 1064 5196; x_wconf 90' lang='lat' dir='ltr'><strong>te</strong></span> <span class='ocrx_word' id='word_1_320' title='bbox 1093 5143 1516 5214; x_wconf 85' lang='lat' dir='ltr'><strong>migraverunt,</strong></span> <span class='ocrx_word' id='word_1_321' title='bbox 1551 5151 1606 5200; x_wconf 90' lang='lat' dir='ltr'><strong>te</strong></span> <span class='ocrx_word' id='word_1_322' title='bbox 1625 5146 2034 5218; x_wconf 89' lang='lat' dir='ltr'><strong>deprecamur,</strong></span> 
     </span>
    </p>
   </div>
   <div class='ocr_carea' id='block_1_55' title="bbox 387 5223 2037 5306">
    <p class='ocr_par' dir='ltr' id='par_1_55' title="bbox 387 5223 2037 5306">
     <span class='ocr_line' id='line_1_55' title="bbox 387 5223 2037 5306; baseline 0.012 -29"><span class='ocrx_word' id='word_1_323' title='bbox 387 5223 658 5296; x_wconf 90' lang='lat' dir='ltr'><strong>Domine,</strong></span> <span class='ocrx_word' id='word_1_324' title='bbox 690 5228 1074 5285; x_wconf 89' lang='lat' dir='ltr'><strong>Sacerdotum</strong></span> <span class='ocrx_word' id='word_1_325' title='bbox 1105 5235 1165 5286; x_wconf 92' lang='lat' dir='ltr'><strong>et</strong></span> <span class='ocrx_word' id='word_1_326' title='bbox 1211 5231 1629 5302; x_wconf 87' lang='lat' dir='ltr'><strong>Diaconorum,</strong></span> <span class='ocrx_word' id='word_1_327' title='bbox 1675 5237 1777 5306; x_wconf 89' lang='lat' dir='ltr'><strong>qui</strong></span> <span class='ocrx_word' id='word_1_328' title='bbox 1834 5255 2037 5295; x_wconf 90' lang='lat' dir='ltr'><strong>coram</strong></span> 
     </span>
    </p>
   </div>
   <div class='ocr_carea' id='block_1_56' title="bbox 385 5313 2033 5396">
    <p class='ocr_par' dir='ltr' id='par_1_56' title="bbox 385 5313 2033 5396">
     <span class='ocr_line' id='line_1_56' title="bbox 385 5313 2033 5396; baseline 0.01 -28"><span class='ocrx_word' id='word_1_329' title='bbox 385 5313 557 5369; x_wconf 82' lang='lat' dir='ltr'><strong>altari</strong></span> <span class='ocrx_word' id='word_1_330' title='bbox 583 5317 1052 5386; x_wconf 89' lang='lat' dir='ltr'><strong>tuo,Sacerdotio</strong></span> <span class='ocrx_word' id='word_1_331' title='bbox 1074 5325 1134 5374; x_wconf 91' lang='lat' dir='ltr'><strong>et</strong></span> <span class='ocrx_word' id='word_1_332' title='bbox 1153 5321 1482 5378; x_wconf 89' lang='lat' dir='ltr'><strong>ministerio</strong></span> <span class='ocrx_word' id='word_1_333' title='bbox 1499 5323 1684 5379; x_wconf 89' lang='lat' dir='ltr'><strong>functi</strong></span> <span class='ocrx_word' id='word_1_334' title='bbox 1711 5333 1867 5396; x_wconf 88' lang='lat' dir='ltr'><strong>sunt,</strong></span> <span class='ocrx_word' id='word_1_335' title='bbox 1899 5346 2033 5384; x_wconf 92' lang='lat' dir='ltr'><strong>cum</strong></span> 
     </span>
    </p>
   </div>
   <div class='ocr_carea' id='block_1_57' title="bbox 382 5403 2030 5487">
    <p class='ocr_par' dir='ltr' id='par_1_57' title="bbox 382 5403 2030 5487">
     <span class='ocr_line' id='line_1_57' title="bbox 382 5403 2030 5487; baseline 0.012 -32"><span class='ocrx_word' id='word_1_336' title='bbox 382 5403 638 5471; x_wconf 86' lang='lat' dir='ltr'><strong>puritate</strong></span> <span class='ocrx_word' id='word_1_337' title='bbox 669 5411 728 5460; x_wconf 90' lang='lat' dir='ltr'><strong>et</strong></span> <span class='ocrx_word' id='word_1_338' title='bbox 757 5407 1067 5462; x_wconf 88' lang='lat' dir='ltr'><strong>sanctitate</strong></span> <span class='ocrx_word' id='word_1_339' title='bbox 1095 5423 1108 5462; x_wconf 92' lang='lat'><strong>:</strong></span> <span class='ocrx_word' id='word_1_340' title='bbox 1144 5409 1672 5480; x_wconf 89' lang='lat' dir='ltr'><strong>Subdiaconorum,</strong></span> <span class='ocrx_word' id='word_1_341' title='bbox 1699 5415 2030 5487; x_wconf 88' lang='lat' dir='ltr'><strong>Lectorum,</strong></span> 
     </span>
    </p>
   </div>
   <div class='ocr_carea' id='block_1_58' title="bbox 389 5491 2028 5577">
    <p class='ocr_par' dir='ltr' id='par_1_58' title="bbox 389 5491 2028 5577">
     <span class='ocr_line' id='line_1_58' title="bbox 389 5491 2028 5577; baseline 0.012 -32"><span class='ocrx_word' id='word_1_342' title='bbox 389 5491 844 5565; x_wconf 83' lang='lat' dir='ltr'><strong>Religiosorum,</strong></span> <span class='ocrx_word' id='word_1_343' title='bbox 897 5497 1333 5566; x_wconf 86' lang='lat' dir='ltr'><strong>Monachorum,</strong></span> <span class='ocrx_word' id='word_1_344' title='bbox 1383 5507 1444 5556; x_wconf 90' lang='lat' dir='ltr'><strong>et</strong></span> <span class='ocrx_word' id='word_1_345' title='bbox 1487 5505 1757 5560; x_wconf 92' lang='lat' dir='ltr'><strong>omnium</strong></span> <span class='ocrx_word' id='word_1_346' title='bbox 1800 5524 2028 5577; x_wconf 90' lang='lat' dir='ltr'><strong>eorum,</strong></span> 
     </span>
    </p>
   </div>
   <div class='ocr_carea' id='block_1_59' title="bbox 387 5585 1670 5663">
    <p class='ocr_par' dir='ltr' id='par_1_59' title="bbox 387 5585 1670 5663">
     <span class='ocr_line' id='line_1_59' title="bbox 387 5585 1670 5663; baseline 0.012 -30"><span class='ocrx_word' id='word_1_347' title='bbox 387 5593 536 5647; x_wconf 87' lang='lat' dir='ltr'><strong>quos</strong></span> <span class='ocrx_word' id='word_1_348' title='bbox 565 5585 981 5656; x_wconf 86' lang='lat' dir='ltr'><strong>unusquisque</strong></span> <span class='ocrx_word' id='word_1_349' title='bbox 1007 5586 1206 5642; x_wconf 91' lang='lat' dir='ltr'><strong>animo</strong></span> <span class='ocrx_word' id='word_1_350' title='bbox 1243 5605 1350 5646; x_wconf 91' lang='lat' dir='ltr'><strong>suo</strong></span> <span class='ocrx_word' id='word_1_351' title='bbox 1382 5589 1670 5663; x_wconf 82' lang='lat' dir='ltr'><strong>designat.</strong></span> 
     </span>
    </p>
   </div>
   <div class='ocr_carea' id='block_1_60' title="bbox 453 5667 1226 5744">
    <p class='ocr_par' dir='ltr' id='par_1_60' title="bbox 453 5667 1226 5744">
     <span class='ocr_line' id='line_1_60' title="bbox 453 5667 1226 5744; baseline 0.017 -25"><span class='ocrx_word' id='word_1_352' title='bbox 453 5667 716 5736; x_wconf 83' lang='lat' dir='ltr'><strong>Populus.</strong></span> <span class='ocrx_word' id='word_1_353' title='bbox 752 5673 948 5744; x_wconf 83' lang='lat' dir='ltr'><strong>Kyrie,</strong></span> <span class='ocrx_word' id='word_1_354' title='bbox 979 5672 1226 5732; x_wconf 87' lang='lat' dir='ltr'><strong>eleisou.</strong></span> 
     </span>
    </p>
   </div>
   <div class='ocr_carea' id='block_1_61' title="bbox 1724 361 2579 426">
    <p class='ocr_par' dir='ltr' id='par_1_61' title="bbox 1724 361 2579 426">
     <span class='ocr_line' id='line_1_61' title="bbox 1724 361 2579 426; baseline 0.001 -4"><span class='ocrx_word' id='word_1_355' title='bbox 1724 361 2101 426; x_wconf 76' lang='lat' dir='ltr'><strong>LlTURGlA</strong></span> <span class='ocrx_word' id='word_1_356' title='bbox 2143 363 2206 424; x_wconf 91' lang='lat' dir='ltr'><strong>S.</strong></span> <span class='ocrx_word' id='word_1_357' title='bbox 2253 361 2579 426; x_wconf 81' lang='lat' dir='ltr'><strong>IGNATII.</strong></span> 
     </span>
    </p>
   </div>
   <div class='ocr_carea' id='block_1_62' title="bbox 2120 496 3855 568">
    <p class='ocr_par' dir='ltr' id='par_1_62' title="bbox 2120 496 3855 568">
     <span class='ocr_line' id='line_1_62' title="bbox 2120 496 3855 568; baseline -0.002 -14"><span class='ocrx_word' id='word_1_358' title='bbox 2120 499 2174 565; x_wconf 81' lang='grc' dir='ltr'><strong>Α</strong></span> <span class='ocrx_word' id='word_1_359' title='bbox 2274 499 2536 556; x_wconf 83' lang='lat' dir='ltr'><strong>Sacerdos</strong></span> <span class='ocrx_word' id='word_1_360' title='bbox 2561 499 2777 556; x_wconf 82' lang='lat' dir='ltr'><strong>elevans</strong></span> <span class='ocrx_word' id='word_1_361' title='bbox 2805 514 3006 555; x_wconf 79' lang='lat' dir='ltr'><strong>vocem.</strong></span> <span class='ocrx_word' id='word_1_362' title='bbox 3040 497 3276 555; x_wconf 88' lang='lat' dir='ltr'><strong>Placide</strong></span> <span class='ocrx_word' id='word_1_363' title='bbox 3307 501 3368 553; x_wconf 92' lang='lat' dir='ltr'><strong>et</strong></span> <span class='ocrx_word' id='word_1_364' title='bbox 3382 496 3700 568; x_wconf 88' lang='lat' dir='ltr'><strong>tranquille</strong></span> <span class='ocrx_word' id='word_1_365' title='bbox 3724 513 3855 552; x_wconf 87' lang='lat' dir='ltr'><strong>sus-</strong></span> 
     </span>
    </p>
   </div>
   <div class='ocr_carea' id='block_1_63' title="bbox 3743 361 3855 422">
    <p class='ocr_par' dir='ltr' id='par_1_63' title="bbox 3743 361 3855 422">
     <span class='ocr_line' id='line_1_63' title="bbox 3743 361 3855 422; baseline -0.018 0"><span class='ocrx_word' id='word_1_366' title='bbox 3743 361 3855 422; x_wconf 70' lang='grc' dir='ltr'><strong>οπο</strong></span> 
     </span>
    </p>
   </div>
   <div class='ocr_carea' id='block_1_64' title="bbox 2201 586 3854 661">
    <p class='ocr_par' dir='ltr' id='par_1_64' title="bbox 2201 586 3854 661">
     <span class='ocr_line' id='line_1_64' title="bbox 2201 586 3854 661; baseline -0.001 -19"><span class='ocrx_word' id='word_1_367' title='bbox 2201 589 2331 660; x_wconf 87' lang='lat' dir='ltr'><strong>cipe</strong></span> <span class='ocrx_word' id='word_1_368' title='bbox 2361 606 2468 660; x_wconf 91' lang='lat' dir='ltr'><strong>per</strong></span> <span class='ocrx_word' id='word_1_369' title='bbox 2499 589 2928 661; x_wconf 88' lang='lat' dir='ltr'><strong>benignitatem</strong></span> <span class='ocrx_word' id='word_1_370' title='bbox 2963 593 3148 656; x_wconf 89' lang='lat' dir='ltr'><strong>tuam,</strong></span> <span class='ocrx_word' id='word_1_371' title='bbox 3198 587 3468 654; x_wconf 90' lang='lat' dir='ltr'><strong>Domine,</strong></span> <span class='ocrx_word' id='word_1_372' title='bbox 3521 586 3755 641; x_wconf 89' lang='lat' dir='ltr'><strong>animas</strong></span> <span class='ocrx_word' id='word_1_373' title='bbox 3800 592 3854 640; x_wconf 88' lang='lat' dir='ltr'><strong>et</strong></span> 
     </span>
    </p>
   </div>
   <div class='ocr_carea' id='block_1_65' title="bbox 2199 676 3850 748">
    <p class='ocr_par' dir='ltr' id='par_1_65' title="bbox 2199 676 3850 748">
     <span class='ocr_line' id='line_1_65' title="bbox 2199 676 3850 748; baseline -0.002 -16"><span class='ocrx_word' id='word_1_374' title='bbox 2199 677 2443 748; x_wconf 90' lang='lat' dir='ltr'><strong>spiritus</strong></span> <span class='ocrx_word' id='word_1_375' title='bbox 2473 695 2776 734; x_wconf 89' lang='lat' dir='ltr'><strong>servorum</strong></span> <span class='ocrx_word' id='word_1_376' title='bbox 2807 683 2867 734; x_wconf 91' lang='lat' dir='ltr'><strong>et</strong></span> <span class='ocrx_word' id='word_1_377' title='bbox 2911 678 3294 734; x_wconf 89' lang='lat' dir='ltr'><strong>adoratorum</strong></span> <span class='ocrx_word' id='word_1_378' title='bbox 3345 683 3584 732; x_wconf 86' lang='lat' dir='ltr'><strong>tuorum</strong></span> <span class='ocrx_word' id='word_1_379' title='bbox 3642 676 3746 746; x_wconf 90' lang='lat' dir='ltr'><strong>qui</strong></span> <span class='ocrx_word' id='word_1_380' title='bbox 3786 692 3850 729; x_wconf 78' lang='lat' dir='ltr'><strong>ex</strong></span> 
     </span>
    </p>
   </div>
   <div class='ocr_carea' id='block_1_66' title="bbox 2200 767 3844 841">
    <p class='ocr_par' dir='ltr' id='par_1_66' title="bbox 2200 767 3844 841">
     <span class='ocr_line' id='line_1_66' title="bbox 2200 767 3844 841; baseline 0 -20"><span class='ocrx_word' id='word_1_381' title='bbox 2200 767 2311 822; x_wconf 90' lang='lat' dir='ltr'><strong>hac</strong></span> <span class='ocrx_word' id='word_1_382' title='bbox 2339 770 2619 840; x_wconf 64' lang='lat' dir='ltr'><strong>praesenti</strong></span> <span class='ocrx_word' id='word_1_383' title='bbox 2650 770 2769 824; x_wconf 90' lang='lat' dir='ltr'><strong>vita</strong></span> <span class='ocrx_word' id='word_1_384' title='bbox 2797 769 2870 825; x_wconf 91' lang='lat' dir='ltr'><strong>ad</strong></span> <span class='ocrx_word' id='word_1_385' title='bbox 2895 773 2948 824; x_wconf 91' lang='lat' dir='ltr'><strong>te</strong></span> <span class='ocrx_word' id='word_1_386' title='bbox 2966 769 3370 841; x_wconf 87' lang='lat' dir='ltr'><strong>migraverunt</strong></span> <span class='ocrx_word' id='word_1_387' title='bbox 3393 783 3407 822; x_wconf 92' lang='lat'>:</span> <span class='ocrx_word' id='word_1_388' title='bbox 3431 767 3693 822; x_wconf 85' lang='lat' dir='ltr'><strong>maxime</strong></span> <span class='ocrx_word' id='word_1_389' title='bbox 3715 784 3844 822; x_wconf 87' lang='lat' dir='ltr'><strong>vero</strong></span> 
     </span>
    </p>
   </div>
   <div class='ocr_carea' id='block_1_67' title="bbox 2199 855 3845 930">
    <p class='ocr_par' dir='ltr' id='par_1_67' title="bbox 2199 855 3845 930">
     <span class='ocr_line' id='line_1_67' title="bbox 2199 855 3845 930; baseline 0 -20"><span class='ocrx_word' id='word_1_390' title='bbox 2199 855 2439 912; x_wconf 89' lang='lat' dir='ltr'><strong>illorum</strong></span> <span class='ocrx_word' id='word_1_391' title='bbox 2472 875 2577 930; x_wconf 92' lang='lat' dir='ltr'><strong>pro</strong></span> <span class='ocrx_word' id='word_1_392' title='bbox 2610 857 2827 930; x_wconf 90' lang='lat' dir='ltr'><strong>quibus</strong></span> <span class='ocrx_word' id='word_1_393' title='bbox 2867 863 2924 913; x_wconf 92' lang='lat' dir='ltr'><strong>et</strong></span> <span class='ocrx_word' id='word_1_394' title='bbox 2971 875 3078 930; x_wconf 93' lang='lat' dir='ltr'><strong>per</strong></span> <span class='ocrx_word' id='word_1_395' title='bbox 3125 875 3275 928; x_wconf 92' lang='lat' dir='ltr'><strong>quos</strong></span> <span class='ocrx_word' id='word_1_396' title='bbox 3325 856 3686 912; x_wconf 87' lang='lat' dir='ltr'><strong>sacriﬁcium</strong></span> <span class='ocrx_word' id='word_1_397' title='bbox 3740 856 3845 910; x_wconf 82' lang='lat' dir='ltr'><strong>hoc</strong></span> 
     </span>
    </p>
   </div>
   <div class='ocr_carea' id='block_1_68' title="bbox 2196 945 3846 1018">
    <p class='ocr_par' dir='ltr' id='par_1_68' title="bbox 2196 945 3846 1018">
     <span class='ocr_line' id='line_1_68' title="bbox 2196 945 3846 1018; baseline -0.001 -18"><span class='ocrx_word' id='word_1_398' title='bbox 2196 945 2461 1002; x_wconf 89' lang='lat' dir='ltr'><strong>oblatum</strong></span> <span class='ocrx_word' id='word_1_399' title='bbox 2484 953 2544 1002; x_wconf 91' lang='lat' dir='ltr'><strong>et</strong></span> <span class='ocrx_word' id='word_1_400' title='bbox 2561 948 2890 1018; x_wconf 89' lang='lat' dir='ltr'><strong>perfectum</strong></span> <span class='ocrx_word' id='word_1_401' title='bbox 2909 948 3314 1002; x_wconf 84' lang='lat' dir='ltr'><strong>est.Memento</strong></span> <span class='ocrx_word' id='word_1_402' title='bbox 3337 962 3565 1012; x_wconf 89' lang='lat' dir='ltr'><strong>eorum,</strong></span> <span class='ocrx_word' id='word_1_403' title='bbox 3583 945 3846 1016; x_wconf 85' lang='lat' dir='ltr'><strong>quietem</strong></span> 
     </span>
    </p>
   </div>
   <div class='ocr_carea' id='block_1_69' title="bbox 2196 1033 3848 1106">
    <p class='ocr_par' dir='ltr' id='par_1_69' title="bbox 2196 1033 3848 1106">
     <span class='ocr_line' id='line_1_69' title="bbox 2196 1033 3848 1106; baseline 0.001 -20"><span class='ocrx_word' id='word_1_404' title='bbox 2196 1033 2318 1088; x_wconf 89' lang='lat' dir='ltr'><strong>illis</strong></span> <span class='ocrx_word' id='word_1_405' title='bbox 2344 1040 2578 1106; x_wconf 76' lang='lat' dir='ltr'><strong>prmsta,</strong></span> <span class='ocrx_word' id='word_1_406' title='bbox 2611 1041 2671 1089; x_wconf 90' lang='lat' dir='ltr'><strong>et</strong></span> <span class='ocrx_word' id='word_1_407' title='bbox 2701 1035 2928 1091; x_wconf 90' lang='lat' dir='ltr'><strong>colloca</strong></span> <span class='ocrx_word' id='word_1_408' title='bbox 2957 1052 3058 1090; x_wconf 90' lang='lat' dir='ltr'><strong>eos</strong></span> <span class='ocrx_word' id='word_1_409' title='bbox 3087 1035 3148 1089; x_wconf 92' lang='lat' dir='ltr'><strong>in</strong></span> <span class='ocrx_word' id='word_1_410' title='bbox 3179 1033 3537 1090; x_wconf 83' lang='lat' dir='ltr'><strong>habitaculis</strong></span> <span class='ocrx_word' id='word_1_411' title='bbox 3587 1033 3760 1102; x_wconf 81' lang='lat' dir='ltr'><strong>lucis,</strong></span> <span class='ocrx_word' id='word_1_412' title='bbox 3794 1035 3848 1088; x_wconf 91' lang='lat' dir='ltr'><strong>in</strong></span> 
     </span>
    </p>
   </div>
   <div class='ocr_carea' id='block_1_70' title="bbox 2196 1121 3848 1195">
    <p class='ocr_par' dir='ltr' id='par_1_70' title="bbox 2196 1121 3848 1195">
     <span class='ocr_line' id='line_1_70' title="bbox 2196 1121 3848 1195; baseline 0 -19"><span class='ocrx_word' id='word_1_413' title='bbox 2196 1121 2343 1178; x_wconf 90' lang='lat' dir='ltr'><strong>locis</strong></span> <span class='ocrx_word' id='word_1_414' title='bbox 2373 1124 2650 1195; x_wconf 84' lang='lat' dir='ltr'><strong>spiritum</strong></span> <span class='ocrx_word' id='word_1_415' title='bbox 2708 1125 3040 1193; x_wconf 89' lang='lat' dir='ltr'><strong>beatorum,</strong></span> <span class='ocrx_word' id='word_1_416' title='bbox 3100 1125 3161 1178; x_wconf 89' lang='lat' dir='ltr'><strong>in</strong></span> <span class='ocrx_word' id='word_1_417' title='bbox 3215 1123 3544 1178; x_wconf 85' lang='lat' dir='ltr'><strong>Jerusalem</strong></span> <span class='ocrx_word' id='word_1_418' title='bbox 3603 1123 3848 1186; x_wconf 65' lang='lat' dir='ltr'><strong>caelesti,</strong></span> 
     </span>
    </p>
   </div>
   <div class='ocr_carea' id='block_1_71' title="bbox 2197 1211 3850 1286">
    <p class='ocr_par' dir='ltr' id='par_1_71' title="bbox 2197 1211 3850 1286">
     <span class='ocr_line' id='line_1_71' title="bbox 2197 1211 3850 1286; baseline 0.004 -22"><span class='ocrx_word' id='word_1_419' title='bbox 2197 1211 2256 1266; x_wconf 88' lang='lat' dir='ltr'><strong>in</strong></span> <span class='ocrx_word' id='word_1_420' title='bbox 2279 1212 2541 1268; x_wconf 90' lang='lat' dir='ltr'><strong>Ecclesia</strong></span> <span class='ocrx_word' id='word_1_421' title='bbox 2563 1214 3095 1286; x_wconf 85' lang='lat' dir='ltr'><strong>primogenitorum</strong></span> <span class='ocrx_word' id='word_1_422' title='bbox 3118 1213 3556 1284; x_wconf 85' lang='lat' dir='ltr'><strong>descriptorum</strong></span> <span class='ocrx_word' id='word_1_423' title='bbox 3575 1213 3637 1266; x_wconf 88' lang='lat' dir='ltr'><strong>in</strong></span> <span class='ocrx_word' id='word_1_424' title='bbox 3665 1211 3850 1270; x_wconf 61' lang='lat' dir='ltr'><strong>ccrlis.</strong></span> 
     </span>
    </p>
   </div>
   <div class='ocr_carea' id='block_1_72' title="bbox 2195 1301 3855 1374">
    <p class='ocr_par' dir='ltr' id='par_1_72' title="bbox 2195 1301 3855 1374">
     <span class='ocr_line' id='line_1_72' title="bbox 2195 1301 3855 1374; baseline 0.001 -20"><span class='ocrx_word' id='word_1_425' title='bbox 2195 1303 2667 1374; x_wconf 87' lang='lat' dir='ltr'><strong>memoriamque</strong></span> <span class='ocrx_word' id='word_1_426' title='bbox 2701 1309 2760 1358; x_wconf 89' lang='lat' dir='ltr'><strong>et</strong></span> <span class='ocrx_word' id='word_1_427' title='bbox 2818 1303 3080 1374; x_wconf 89' lang='lat' dir='ltr'><strong>quietem</strong></span> <span class='ocrx_word' id='word_1_428' title='bbox 3130 1302 3388 1358; x_wconf 82' lang='lat' dir='ltr'><strong>maxime</strong></span> <span class='ocrx_word' id='word_1_429' title='bbox 3435 1301 3698 1366; x_wconf 80' lang='lat' dir='ltr'><strong>felicem,</strong></span> <span class='ocrx_word' id='word_1_430' title='bbox 3753 1320 3855 1373; x_wconf 83' lang='lat' dir='ltr'><strong>per</strong></span> 
     </span>
    </p>
   </div>
   <div class='ocr_carea' id='block_1_73' title="bbox 2195 1390 3848 1463">
    <p class='ocr_par' dir='ltr' id='par_1_73' title="bbox 2195 1390 3848 1463">
     <span class='ocr_line' id='line_1_73' title="bbox 2195 1390 3848 1463; baseline 0.002 -20"><span class='ocrx_word' id='word_1_431' title='bbox 2195 1404 2460 1444; x_wconf 89' lang='lat' dir='ltr'><strong>amorem</strong></span> <span class='ocrx_word' id='word_1_432' title='bbox 2485 1397 2652 1446; x_wconf 89' lang='lat' dir='ltr'><strong>tuum</strong></span> <span class='ocrx_word' id='word_1_433' title='bbox 2675 1407 2811 1463; x_wconf 68' lang='lat' dir='ltr'><strong>erga</strong></span> <span class='ocrx_word' id='word_1_434' title='bbox 2825 1391 3099 1446; x_wconf 85' lang='lat' dir='ltr'><strong>homines</strong></span> <span class='ocrx_word' id='word_1_435' title='bbox 3117 1395 3406 1462; x_wconf 70' lang='lat' dir='ltr'><strong>praestans</strong></span> <span class='ocrx_word' id='word_1_436' title='bbox 3424 1390 3848 1454; x_wconf 87' lang='lat' dir='ltr'><strong>illis,Domine.</strong></span> 
     </span>
    </p>
   </div>
   <div class='ocr_carea' id='block_1_74' title="bbox 2195 1479 3846 1552">
    <p class='ocr_par' dir='ltr' id='par_1_74' title="bbox 2195 1479 3846 1552">
     <span class='ocr_line' id='line_1_74' title="bbox 2195 1479 3846 1552; baseline 0.001 -20"><span class='ocrx_word' id='word_1_437' title='bbox 2195 1479 2451 1534; x_wconf 86' lang='lat' dir='ltr'><strong>concede</strong></span> <span class='ocrx_word' id='word_1_438' title='bbox 2473 1479 2593 1534; x_wconf 88' lang='lat' dir='ltr'><strong>illis</strong></span> <span class='ocrx_word' id='word_1_439' title='bbox 2615 1481 2793 1535; x_wconf 87' lang='lat' dir='ltr'><strong>vitam</strong></span> <span class='ocrx_word' id='word_1_440' title='bbox 2813 1481 2962 1536; x_wconf 89' lang='lat' dir='ltr'><strong>senii</strong></span> <span class='ocrx_word' id='word_1_441' title='bbox 2987 1479 3473 1552; x_wconf 88' lang='lat' dir='ltr'><strong>expertem,bona</strong></span> <span class='ocrx_word' id='word_1_442' title='bbox 3495 1496 3616 1534; x_wconf 89' lang='lat' dir='ltr'><strong>non</strong></span> <span class='ocrx_word' id='word_1_443' title='bbox 3649 1486 3846 1535; x_wconf 87' lang='lat' dir='ltr'><strong>trans-</strong></span> 
     </span>
    </p>
   </div>
   <div class='ocr_carea' id='block_1_75' title="bbox 2193 1567 3844 1634">
    <p class='ocr_par' dir='ltr' id='par_1_75' title="bbox 2193 1567 3844 1634">
     <span class='ocr_line' id='line_1_75' title="bbox 2193 1567 3844 1634; baseline 0.002 -13"><span class='ocrx_word' id='word_1_444' title='bbox 2193 1567 2415 1634; x_wconf 87' lang='lat' dir='ltr'><strong>cuntia,</strong></span> <span class='ocrx_word' id='word_1_445' title='bbox 2448 1572 2507 1622; x_wconf 91' lang='lat' dir='ltr'><strong>et</strong></span> <span class='ocrx_word' id='word_1_446' title='bbox 2535 1567 2779 1624; x_wconf 89' lang='lat' dir='ltr'><strong>delicias</strong></span> <span class='ocrx_word' id='word_1_447' title='bbox 2819 1569 3000 1624; x_wconf 88' lang='lat' dir='ltr'><strong>ﬁnem</strong></span> <span class='ocrx_word' id='word_1_448' title='bbox 3056 1586 3176 1624; x_wconf 90' lang='lat' dir='ltr'><strong>non</strong></span> <span class='ocrx_word' id='word_1_449' title='bbox 3236 1568 3540 1624; x_wconf 88' lang='lat' dir='ltr'><strong>habentes.</strong></span> <span class='ocrx_word' id='word_1_450' title='bbox 3599 1569 3844 1624; x_wconf 79' lang='lat' dir='ltr'><strong>Veniam</strong></span> 
     </span>
    </p>
   </div>
   <div class='ocr_carea' id='block_1_76' title="bbox 2193 1655 3848 1729">
    <p class='ocr_par' dir='ltr' id='par_1_76' title="bbox 2193 1655 3848 1729">
     <span class='ocr_line' id='line_1_76' title="bbox 2193 1655 3848 1729; baseline 0.003 -20"><span class='ocrx_word' id='word_1_451' title='bbox 2193 1655 2504 1712; x_wconf 88' lang='lat' dir='ltr'><strong>obtineant</strong></span> <span class='ocrx_word' id='word_1_452' title='bbox 2533 1673 2640 1728; x_wconf 91' lang='lat' dir='ltr'><strong>per</strong></span> <span class='ocrx_word' id='word_1_453' title='bbox 2668 1658 3048 1714; x_wconf 88' lang='lat' dir='ltr'><strong>clementiam</strong></span> <span class='ocrx_word' id='word_1_454' title='bbox 3082 1663 3281 1714; x_wconf 90' lang='lat' dir='ltr'><strong>tuam:</strong></span> <span class='ocrx_word' id='word_1_455' title='bbox 3315 1658 3577 1729; x_wconf 87' lang='lat' dir='ltr'><strong>quietem</strong></span> <span class='ocrx_word' id='word_1_456' title='bbox 3627 1675 3848 1714; x_wconf 87' lang='lat' dir='ltr'><strong>conse-</strong></span> 
     </span>
    </p>
   </div>
   <div class='ocr_carea' id='block_1_77' title="bbox 2193 1747 3848 1817">
    <p class='ocr_par' dir='ltr' id='par_1_77' title="bbox 2193 1747 3848 1817">
     <span class='ocr_line' id='line_1_77' title="bbox 2193 1747 3848 1817; baseline 0.002 -18"><span class='ocrx_word' id='word_1_457' title='bbox 2193 1751 2453 1814; x_wconf 85' lang='lat' dir='ltr'><strong>quantur</strong></span> <span class='ocrx_word' id='word_1_458' title='bbox 2483 1763 2588 1817; x_wconf 85' lang='lat' dir='ltr'><strong>per</strong></span> <span class='ocrx_word' id='word_1_459' title='bbox 2616 1747 3089 1804; x_wconf 87' lang='lat' dir='ltr'><strong>misericordiam</strong></span> <span class='ocrx_word' id='word_1_460' title='bbox 3145 1753 3347 1803; x_wconf 90' lang='lat' dir='ltr'><strong>tuam:</strong></span> <span class='ocrx_word' id='word_1_461' title='bbox 3399 1747 3848 1804; x_wconf 88' lang='lat' dir='ltr'><strong>abscondantur</strong></span> 
     </span>
    </p>
   </div>
   <div class='ocr_carea' id='block_1_78' title="bbox 2192 1833 3848 1908">
    <p class='ocr_par' dir='ltr' id='par_1_78' title="bbox 2192 1833 3848 1908">
     <span class='ocr_line' id='line_1_78' title="bbox 2192 1833 3848 1908; baseline 0.003 -21"><span class='ocrx_word' id='word_1_462' title='bbox 2192 1833 2300 1888; x_wconf 91' lang='lat' dir='ltr'><strong>sub</strong></span> <span class='ocrx_word' id='word_1_463' title='bbox 2332 1834 2442 1889; x_wconf 88' lang='lat' dir='ltr'><strong>alis</strong></span> <span class='ocrx_word' id='word_1_464' title='bbox 2472 1837 2675 1906; x_wconf 68' lang='lat' dir='ltr'><strong>gratim</strong></span> <span class='ocrx_word' id='word_1_465' title='bbox 2709 1841 2846 1904; x_wconf 67' lang='lat' dir='ltr'><strong>tuae,</strong></span> <span class='ocrx_word' id='word_1_466' title='bbox 2880 1853 3075 1908; x_wconf 89' lang='lat' dir='ltr'><strong>neque</strong></span> <span class='ocrx_word' id='word_1_467' title='bbox 3134 1837 3652 1904; x_wconf 84' lang='lat' dir='ltr'><strong>condemnentur;</strong></span> <span class='ocrx_word' id='word_1_468' title='bbox 3707 1839 3848 1908; x_wconf 88' lang='lat' dir='ltr'><strong>quia</strong></span> 
     </span>
    </p>
   </div>
   <div class='ocr_carea' id='block_1_79' title="bbox 2195 1925 3844 1996">
    <p class='ocr_par' dir='ltr' id='par_1_79' title="bbox 2195 1925 3844 1996">
     <span class='ocr_line' id='line_1_79' title="bbox 2195 1925 3844 1996; baseline 0.004 -20"><span class='ocrx_word' id='word_1_469' title='bbox 2195 1931 2578 1994; x_wconf 75' lang='lat' dir='ltr'><strong>speraverant</strong></span> <span class='ocrx_word' id='word_1_470' title='bbox 2608 1925 2669 1980; x_wconf 91' lang='lat' dir='ltr'><strong>in</strong></span> <span class='ocrx_word' id='word_1_471' title='bbox 2709 1930 2788 1992; x_wconf 89' lang='lat' dir='ltr'><strong>te,</strong></span> <span class='ocrx_word' id='word_1_472' title='bbox 2849 1933 2907 1981; x_wconf 86' lang='lat' dir='ltr'><strong>et</strong></span> <span class='ocrx_word' id='word_1_473' title='bbox 2955 1926 3329 1996; x_wconf 77' lang='lat' dir='ltr'><strong>unigenitum</strong></span> <span class='ocrx_word' id='word_1_474' title='bbox 3382 1926 3598 1982; x_wconf 88' lang='lat' dir='ltr'><strong>Filium</strong></span> <span class='ocrx_word' id='word_1_475' title='bbox 3654 1932 3844 1993; x_wconf 85' lang='lat' dir='ltr'><strong>tuum,</strong></span> 
     </span>
    </p>
   </div>
   <div class='ocr_carea' id='block_1_80' title="bbox 2191 2015 3844 2088">
    <p class='ocr_par' dir='ltr' id='par_1_80' title="bbox 2191 2015 3844 2088">
     <span class='ocr_line' id='line_1_80' title="bbox 2191 2015 3844 2088; baseline 0.002 -22"><span class='ocrx_word' id='word_1_476' title='bbox 2191 2027 2300 2082; x_wconf 90' lang='lat' dir='ltr'><strong>per</strong></span> <span class='ocrx_word' id='word_1_477' title='bbox 2338 2029 2516 2084; x_wconf 88' lang='lat' dir='ltr'><strong>quem</strong></span> <span class='ocrx_word' id='word_1_478' title='bbox 2547 2030 2658 2070; x_wconf 90' lang='lat' dir='ltr'><strong>nos</strong></span> <span class='ocrx_word' id='word_1_479' title='bbox 2715 2031 2954 2086; x_wconf 89' lang='lat' dir='ltr'><strong>quoque</strong></span> <span class='ocrx_word' id='word_1_480' title='bbox 3001 2031 3310 2088; x_wconf 87' lang='lat' dir='ltr'><strong>speramus</strong></span> <span class='ocrx_word' id='word_1_481' title='bbox 3367 2015 3844 2072; x_wconf 87' lang='lat' dir='ltr'><strong>misericordiam</strong></span> 
     </span>
    </p>
   </div>
   <div class='ocr_carea' id='block_1_81' title="bbox 2192 2103 2645 2172">
    <p class='ocr_par' dir='ltr' id='par_1_81' title="bbox 2192 2103 2645 2172">
     <span class='ocr_line' id='line_1_81' title="bbox 2192 2103 2645 2172; baseline 0.009 -18"><span class='ocrx_word' id='word_1_482' title='bbox 2192 2103 2501 2172; x_wconf 88' lang='lat' dir='ltr'><strong>consequi,</strong></span> <span class='ocrx_word' id='word_1_483' title='bbox 2535 2110 2645 2160; x_wconf 87' lang='lat' dir='ltr'><strong>etc.</strong></span> 
     </span>
    </p>
   </div>
   <div class='ocr_carea' id='block_1_82' title="bbox 2260 2190 3089 2266">
    <p class='ocr_par' dir='ltr' id='par_1_82' title="bbox 2260 2190 3089 2266">
     <span class='ocr_line' id='line_1_82' title="bbox 2260 2190 3089 2266; baseline 0.007 -22"><span class='ocrx_word' id='word_1_484' title='bbox 2260 2190 2523 2261; x_wconf 87' lang='lat' dir='ltr'><strong>Populus.</strong></span> <span class='ocrx_word' id='word_1_485' title='bbox 2555 2193 2825 2258; x_wconf 88' lang='lat' dir='ltr'><strong>Quietem</strong></span> <span class='ocrx_word' id='word_1_486' title='bbox 2856 2199 3089 2266; x_wconf 57' lang='lat' dir='ltr'><strong>praesta.</strong></span> 
     </span>
    </p>
   </div>
   <div class='ocr_carea' id='block_1_83' title="bbox 2257 2288 3842 2363">
    <p class='ocr_par' dir='ltr' id='par_1_83' title="bbox 2257 2288 3842 2363">
     <span class='ocr_line' id='line_1_83' title="bbox 2257 2288 3842 2363; baseline 0.004 -21"><span class='ocrx_word' id='word_1_487' title='bbox 2257 2288 2518 2344; x_wconf 80' lang='lat' dir='ltr'><strong>Sacerdos</strong></span> <span class='ocrx_word' id='word_1_488' title='bbox 2573 2291 2895 2347; x_wconf 77' lang='lat' dir='ltr'><strong>inclinatus.</strong></span> <span class='ocrx_word' id='word_1_489' title='bbox 2957 2295 3158 2363; x_wconf 83' lang='lat' dir='ltr'><strong>Parce,</strong></span> <span class='ocrx_word' id='word_1_490' title='bbox 3219 2293 3468 2348; x_wconf 89' lang='lat' dir='ltr'><strong>Domine</strong></span> <span class='ocrx_word' id='word_1_491' title='bbox 3541 2295 3718 2360; x_wconf 89' lang='lat' dir='ltr'><strong>Deus,</strong></span> <span class='ocrx_word' id='word_1_492' title='bbox 3781 2301 3842 2349; x_wconf 90' lang='lat' dir='ltr'><strong>et</strong></span> 
     </span>
    </p>
   </div>
   <div class='ocr_carea' id='block_1_84' title="bbox 2187 2374 3840 2452">
    <p class='ocr_par' dir='ltr' id='par_1_84' title="bbox 2187 2374 3840 2452">
     <span class='ocr_line' id='line_1_84' title="bbox 2187 2374 3840 2452; baseline 0.005 -22"><span class='ocrx_word' id='word_1_493' title='bbox 2187 2374 2420 2432; x_wconf 88' lang='lat' dir='ltr'><strong>dimitte</strong></span> <span class='ocrx_word' id='word_1_494' title='bbox 2450 2395 2657 2434; x_wconf 88' lang='lat' dir='ltr'><strong>omnes</strong></span> <span class='ocrx_word' id='word_1_495' title='bbox 2687 2381 3036 2452; x_wconf 88' lang='lat' dir='ltr'><strong>iniquitates</strong></span> <span class='ocrx_word' id='word_1_496' title='bbox 3063 2387 3321 2450; x_wconf 86' lang='lat' dir='ltr'><strong>nostras,</strong></span> <span class='ocrx_word' id='word_1_497' title='bbox 3355 2387 3414 2437; x_wconf 90' lang='lat' dir='ltr'><strong>et</strong></span> <span class='ocrx_word' id='word_1_498' title='bbox 3442 2382 3708 2452; x_wconf 89' lang='lat' dir='ltr'><strong>illorum,</strong></span> <span class='ocrx_word' id='word_1_499' title='bbox 3741 2401 3840 2438; x_wconf 80' lang='lat' dir='ltr'><strong>ne-</strong></span> 
     </span>
    </p>
   </div>
   <div class='ocr_carea' id='block_1_85' title="bbox 2186 2466 3840 2544">
    <p class='ocr_par' dir='ltr' id='par_1_85' title="bbox 2186 2466 3840 2544">
     <span class='ocr_line' id='line_1_85' title="bbox 2186 2466 3840 2544; baseline 0.006 -26"><span class='ocrx_word' id='word_1_500' title='bbox 2186 2480 2300 2535; x_wconf 91' lang='lat' dir='ltr'><strong>que</strong></span> <span class='ocrx_word' id='word_1_501' title='bbox 2323 2466 2455 2522; x_wconf 89' lang='lat' dir='ltr'><strong>illas</strong></span> <span class='ocrx_word' id='word_1_502' title='bbox 2473 2467 2897 2542; x_wconf 85' lang='lat' dir='ltr'><strong>imputes,quia</strong></span> <span class='ocrx_word' id='word_1_503' title='bbox 2914 2487 3034 2526; x_wconf 88' lang='lat' dir='ltr'><strong>non</strong></span> <span class='ocrx_word' id='word_1_504' title='bbox 3055 2471 3418 2542; x_wconf 89' lang='lat' dir='ltr'><strong>justiﬁcatur</strong></span> <span class='ocrx_word' id='word_1_505' title='bbox 3433 2472 3494 2526; x_wconf 89' lang='lat' dir='ltr'><strong>in</strong></span> <span class='ocrx_word' id='word_1_506' title='bbox 3509 2479 3840 2544; x_wconf 86' lang='lat' dir='ltr'><strong>conspectu</strong></span> 
     </span>
    </p>
   </div>
   <div class='ocr_carea' id='block_1_86' title="bbox 2183 2557 3838 2632">
    <p class='ocr_par' dir='ltr' id='par_1_86' title="bbox 2183 2557 3838 2632">
     <span class='ocr_line' id='line_1_86' title="bbox 2183 2557 3838 2632; baseline 0.005 -25"><span class='ocrx_word' id='word_1_507' title='bbox 2183 2557 2286 2608; x_wconf 89' lang='lat' dir='ltr'><strong>tuo</strong></span> <span class='ocrx_word' id='word_1_508' title='bbox 2307 2557 2500 2612; x_wconf 90' lang='lat' dir='ltr'><strong>omnis</strong></span> <span class='ocrx_word' id='word_1_509' title='bbox 2525 2557 2746 2624; x_wconf 86' lang='lat' dir='ltr'><strong>vivens,</strong></span> <span class='ocrx_word' id='word_1_510' title='bbox 2770 2575 2963 2630; x_wconf 88' lang='lat' dir='ltr'><strong>neque</strong></span> <span class='ocrx_word' id='word_1_511' title='bbox 2981 2559 3137 2615; x_wconf 91' lang='lat' dir='ltr'><strong>ullus</strong></span> <span class='ocrx_word' id='word_1_512' title='bbox 3153 2565 3246 2616; x_wconf 80' lang='lat' dir='ltr'><strong>est</strong></span> <span class='ocrx_word' id='word_1_513' title='bbox 3266 2577 3450 2632; x_wconf 89' lang='lat' dir='ltr'><strong>purus</strong></span> <span class='ocrx_word' id='word_1_514' title='bbox 3481 2577 3516 2616; x_wconf 91' lang='lat' dir='ltr'><strong>a</strong></span> <span class='ocrx_word' id='word_1_515' title='bbox 3535 2561 3838 2627; x_wconf 87' lang='lat' dir='ltr'><strong>sordibus,</strong></span> 
     </span>
    </p>
   </div>
   <div class='ocr_carea' id='block_1_87' title="bbox 2183 2643 3844 2718">
    <p class='ocr_par' dir='ltr' id='par_1_87' title="bbox 2183 2643 3844 2718">
     <span class='ocr_line' id='line_1_87' title="bbox 2183 2643 3844 2718; baseline 0.007 -24"><span class='ocrx_word' id='word_1_516' title='bbox 2183 2647 2244 2696; x_wconf 92' lang='lat' dir='ltr'><strong>et</strong></span> <span class='ocrx_word' id='word_1_517' title='bbox 2271 2643 2518 2700; x_wconf 89' lang='lat' dir='ltr'><strong>maculis</strong></span> <span class='ocrx_word' id='word_1_518' title='bbox 2549 2647 2796 2718; x_wconf 88' lang='lat' dir='ltr'><strong>peccati,</strong></span> <span class='ocrx_word' id='word_1_519' title='bbox 2829 2647 2941 2702; x_wconf 90' lang='lat' dir='ltr'><strong>nisi</strong></span> <span class='ocrx_word' id='word_1_520' title='bbox 2969 2649 3330 2716; x_wconf 87' lang='lat' dir='ltr'><strong>tu,Domine.</strong></span> <span class='ocrx_word' id='word_1_521' title='bbox 3355 2649 3755 2705; x_wconf 80' lang='lat' dir='ltr'><strong>Obsecremus</strong></span> <span class='ocrx_word' id='word_1_522' title='bbox 3783 2655 3844 2704; x_wconf 90' lang='lat' dir='ltr'><strong>et</strong></span> 
     </span>
    </p>
   </div>
   <div class='ocr_carea' id='block_1_88' title="bbox 2181 2731 3842 2809">
    <p class='ocr_par' dir='ltr' id='par_1_88' title="bbox 2181 2731 3842 2809">
     <span class='ocr_line' id='line_1_88' title="bbox 2181 2731 3842 2809; baseline 0.005 -24"><span class='ocrx_word' id='word_1_523' title='bbox 2181 2731 2575 2802; x_wconf 89' lang='lat' dir='ltr'><strong>deprecamur</strong></span> <span class='ocrx_word' id='word_1_524' title='bbox 2594 2736 2876 2808; x_wconf 84' lang='lat' dir='ltr'><strong>abyssum</strong></span> <span class='ocrx_word' id='word_1_525' title='bbox 2897 2737 3474 2809; x_wconf 87' lang='lat' dir='ltr'><strong>imperscrutabilem</strong></span> <span class='ocrx_word' id='word_1_526' title='bbox 3505 2738 3842 2794; x_wconf 78' lang='lat' dir='ltr'><strong>clementia:</strong></span> 
     </span>
    </p>
   </div>
   <div class='ocr_carea' id='block_1_89' title="bbox 2181 2823 3838 2900">
    <p class='ocr_par' dir='ltr' id='par_1_89' title="bbox 2181 2823 3838 2900">
     <span class='ocr_line' id='line_1_89' title="bbox 2181 2823 3838 2900; baseline 0.006 -26"><span class='ocrx_word' id='word_1_527' title='bbox 2181 2825 2318 2891; x_wconf 77' lang='lat' dir='ltr'><strong>tuaa,</strong></span> <span class='ocrx_word' id='word_1_528' title='bbox 2351 2827 2418 2877; x_wconf 91' lang='lat' dir='ltr'><strong>ut</strong></span> <span class='ocrx_word' id='word_1_529' title='bbox 2447 2823 2620 2879; x_wconf 91' lang='lat' dir='ltr'><strong>nobis</strong></span> <span class='ocrx_word' id='word_1_530' title='bbox 2654 2825 2936 2894; x_wconf 89' lang='lat' dir='ltr'><strong>inﬁrmis,</strong></span> <span class='ocrx_word' id='word_1_531' title='bbox 2973 2832 3030 2882; x_wconf 92' lang='lat' dir='ltr'><strong>et</strong></span> <span class='ocrx_word' id='word_1_532' title='bbox 3057 2826 3132 2882; x_wconf 91' lang='lat' dir='ltr'><strong>ad</strong></span> <span class='ocrx_word' id='word_1_533' title='bbox 3159 2832 3470 2898; x_wconf 90' lang='lat' dir='ltr'><strong>peccatum</strong></span> <span class='ocrx_word' id='word_1_534' title='bbox 3499 2831 3838 2900; x_wconf 83' lang='lat' dir='ltr'><strong>propensis,</strong></span> 
     </span>
    </p>
   </div>
   <div class='ocr_carea' id='block_1_90' title="bbox 2179 2910 3840 2990">
    <p class='ocr_par' dir='ltr' id='par_1_90' title="bbox 2179 2910 3840 2990">
     <span class='ocr_line' id='line_1_90' title="bbox 2179 2910 3840 2990; baseline 0.007 -28"><span class='ocrx_word' id='word_1_535' title='bbox 2179 2910 2411 2966; x_wconf 89' lang='lat' dir='ltr'><strong>veniam</strong></span> <span class='ocrx_word' id='word_1_536' title='bbox 2438 2913 2732 2969; x_wconf 88' lang='lat' dir='ltr'><strong>concedas</strong></span> <span class='ocrx_word' id='word_1_537' title='bbox 2765 2931 2872 2986; x_wconf 90' lang='lat' dir='ltr'><strong>per</strong></span> <span class='ocrx_word' id='word_1_538' title='bbox 2899 2916 3374 2972; x_wconf 87' lang='lat' dir='ltr'><strong>misericordiam</strong></span> <span class='ocrx_word' id='word_1_539' title='bbox 3421 2923 3608 2986; x_wconf 85' lang='lat' dir='ltr'><strong>tuam,</strong></span> <span class='ocrx_word' id='word_1_540' title='bbox 3639 2935 3840 2990; x_wconf 88' lang='lat' dir='ltr'><strong>neque</strong></span> 
     </span>
    </p>
   </div>
   <div class='ocr_carea' id='block_1_91' title="bbox 2177 2997 3842 3078">
    <p class='ocr_par' dir='ltr' id='par_1_91' title="bbox 2177 2997 3842 3078">
     <span class='ocr_line' id='line_1_91' title="bbox 2177 2997 3842 3078; baseline 0.008 -27"><span class='ocrx_word' id='word_1_541' title='bbox 2177 2997 2442 3056; x_wconf 90' lang='lat' dir='ltr'><strong>dimittas</strong></span> <span class='ocrx_word' id='word_1_542' title='bbox 2472 3018 2582 3058; x_wconf 91' lang='lat' dir='ltr'><strong>nos</strong></span> <span class='ocrx_word' id='word_1_543' title='bbox 2607 3003 2672 3058; x_wconf 89' lang='lat' dir='ltr'><strong>in</strong></span> <span class='ocrx_word' id='word_1_544' title='bbox 2719 3004 2998 3060; x_wconf 89' lang='lat' dir='ltr'><strong>manibus</strong></span> <span class='ocrx_word' id='word_1_545' title='bbox 3029 3021 3064 3060; x_wconf 88' lang='lat' dir='ltr'><strong>a</strong></span> <span class='ocrx_word' id='word_1_546' title='bbox 3093 3005 3312 3076; x_wconf 89' lang='lat' dir='ltr'><strong>quibus</strong></span> <span class='ocrx_word' id='word_1_547' title='bbox 3359 3006 3731 3078; x_wconf 89' lang='lat' dir='ltr'><strong>abripiamur</strong></span> <span class='ocrx_word' id='word_1_548' title='bbox 3776 3009 3842 3064; x_wconf 91' lang='lat' dir='ltr'><strong>in</strong></span> 
     </span>
    </p>
   </div>
   <div class='ocr_carea' id='block_1_92' title="bbox 2177 3091 3839 3164">
    <p class='ocr_par' dir='ltr' id='par_1_92' title="bbox 2177 3091 3839 3164">
     <span class='ocr_line' id='line_1_92' title="bbox 2177 3091 3839 3164; baseline 0.006 -22"><span class='ocrx_word' id='word_1_549' title='bbox 2177 3104 2439 3145; x_wconf 88' lang='lat' dir='ltr'><strong>errorem</strong></span> <span class='ocrx_word' id='word_1_550' title='bbox 2460 3091 2988 3164; x_wconf 84' lang='lat' dir='ltr'><strong>perniciosum.qui</strong></span> <span class='ocrx_word' id='word_1_551' title='bbox 3009 3111 3115 3150; x_wconf 91' lang='lat' dir='ltr'><strong>nos</strong></span> <span class='ocrx_word' id='word_1_552' title='bbox 3128 3093 3204 3149; x_wconf 91' lang='lat' dir='ltr'><strong>ad</strong></span> <span class='ocrx_word' id='word_1_553' title='bbox 3223 3095 3398 3150; x_wconf 88' lang='lat' dir='ltr'><strong>interi</strong></span> <span class='ocrx_word' id='word_1_554' title='bbox 3409 3101 3530 3150; x_wconf 90' lang='lat' dir='ltr'><strong>tum</strong></span> <span class='ocrx_word' id='word_1_555' title='bbox 3551 3096 3839 3152; x_wconf 87' lang='lat' dir='ltr'><strong>deducat.</strong></span> 
     </span>
    </p>
   </div>
   <div class='ocr_carea' id='block_1_93' title="bbox 2093 3178 3840 3289">
    <p class='ocr_par' dir='ltr' id='par_1_93' title="bbox 2093 3178 3840 3289">
     <span class='ocr_line' id='line_1_93' title="bbox 2093 3178 3840 3289; baseline 0.006 -57"><span class='ocrx_word' id='word_1_556' title='bbox 2093 3223 2136 3289; x_wconf 77' lang='lat' dir='ltr'>C</span> <span class='ocrx_word' id='word_1_557' title='bbox 2175 3178 2288 3234; x_wconf 90' lang='lat' dir='ltr'><strong>Sed</strong></span> <span class='ocrx_word' id='word_1_558' title='bbox 2318 3181 2576 3236; x_wconf 89' lang='lat' dir='ltr'><strong>concede</strong></span> <span class='ocrx_word' id='word_1_559' title='bbox 2609 3187 2674 3236; x_wconf 91' lang='lat' dir='ltr'><strong>ut</strong></span> <span class='ocrx_word' id='word_1_560' title='bbox 2701 3182 3042 3254; x_wconf 90' lang='lat' dir='ltr'><strong>gradiamur</strong></span> <span class='ocrx_word' id='word_1_561' title='bbox 3075 3183 3136 3238; x_wconf 93' lang='lat' dir='ltr'><strong>in</strong></span> <span class='ocrx_word' id='word_1_562' title='bbox 3166 3184 3276 3239; x_wconf 91' lang='lat' dir='ltr'><strong>viis</strong></span> <span class='ocrx_word' id='word_1_563' title='bbox 3303 3186 3442 3252; x_wconf 89' lang='lat' dir='ltr'><strong>tuis,</strong></span> <span class='ocrx_word' id='word_1_564' title='bbox 3462 3191 3520 3240; x_wconf 92' lang='lat' dir='ltr'><strong>et</strong></span> <span class='ocrx_word' id='word_1_565' title='bbox 3538 3185 3840 3242; x_wconf 85' lang='lat' dir='ltr'><strong>faciamus</strong></span> 
     </span>
    </p>
   </div>
   <div class='ocr_carea' id='block_1_94' title="bbox 2173 3269 3835 3344">
    <p class='ocr_par' dir='ltr' id='par_1_94' title="bbox 2173 3269 3835 3344">
     <span class='ocr_line' id='line_1_94' title="bbox 2173 3269 3835 3344; baseline 0.007 -23"><span class='ocrx_word' id='word_1_566' title='bbox 2173 3269 2538 3324; x_wconf 88' lang='lat' dir='ltr'><strong>voluntatem</strong></span> <span class='ocrx_word' id='word_1_567' title='bbox 2570 3276 2754 3339; x_wconf 89' lang='lat' dir='ltr'><strong>tuam,</strong></span> <span class='ocrx_word' id='word_1_568' title='bbox 2789 3272 3280 3344; x_wconf 89' lang='lat' dir='ltr'><strong>inveniamusque</strong></span> <span class='ocrx_word' id='word_1_569' title='bbox 3325 3274 3835 3343; x_wconf 87' lang='lat' dir='ltr'><strong>misericordiam,</strong></span> 
     </span>
    </p>
   </div>
   <div class='ocr_carea' id='block_1_95' title="bbox 2171 3355 3842 3434">
    <p class='ocr_par' dir='ltr' id='par_1_95' title="bbox 2171 3355 3842 3434">
     <span class='ocr_line' id='line_1_95' title="bbox 2171 3355 3842 3434; baseline 0.007 -24"><span class='ocrx_word' id='word_1_570' title='bbox 2171 3355 2350 3412; x_wconf 86' lang='lat' dir='ltr'><strong>ﬁnem</strong></span> <span class='ocrx_word' id='word_1_571' title='bbox 2384 3359 2793 3428; x_wconf 85' lang='lat' dir='ltr'><strong>tranquillum,</strong></span> <span class='ocrx_word' id='word_1_572' title='bbox 2829 3360 3230 3434; x_wconf 88' lang='lat' dir='ltr'><strong>ﬁduciamque</strong></span> <span class='ocrx_word' id='word_1_573' title='bbox 3252 3362 3358 3417; x_wconf 90' lang='lat' dir='ltr'><strong>tibi</strong></span> <span class='ocrx_word' id='word_1_574' title='bbox 3383 3362 3754 3434; x_wconf 89' lang='lat' dir='ltr'><strong>placentem,</strong></span> <span class='ocrx_word' id='word_1_575' title='bbox 3776 3373 3842 3422; x_wconf 87' lang='lat' dir='ltr'><strong>et</strong></span> 
     </span>
    </p>
   </div>
   <div class='ocr_carea' id='block_1_96' title="bbox 2169 3447 3842 3520">
    <p class='ocr_par' dir='ltr' id='par_1_96' title="bbox 2169 3447 3842 3520">
     <span class='ocr_line' id='line_1_96' title="bbox 2169 3447 3842 3520; baseline 0.007 -21"><span class='ocrx_word' id='word_1_576' title='bbox 2169 3447 2622 3502; x_wconf 88' lang='lat' dir='ltr'><strong>consistentiam</strong></span> <span class='ocrx_word' id='word_1_577' title='bbox 2653 3449 2878 3520; x_wconf 90' lang='lat' dir='ltr'><strong>absque</strong></span> <span class='ocrx_word' id='word_1_578' title='bbox 2911 3450 3262 3507; x_wconf 87' lang='lat' dir='ltr'><strong>confusione</strong></span> <span class='ocrx_word' id='word_1_579' title='bbox 3296 3469 3494 3508; x_wconf 88' lang='lat' dir='ltr'><strong>coram</strong></span> <span class='ocrx_word' id='word_1_580' title='bbox 3527 3453 3678 3508; x_wconf 88' lang='lat' dir='ltr'><strong>solio</strong></span> <span class='ocrx_word' id='word_1_581' title='bbox 3714 3461 3842 3510; x_wconf 85' lang='lat' dir='ltr'><strong>ter-</strong></span> 
     </span>
    </p>
   </div>
   <div class='ocr_carea' id='block_1_97' title="bbox 2168 3533 3847 3608">
    <p class='ocr_par' dir='ltr' id='par_1_97' title="bbox 2168 3533 3847 3608">
     <span class='ocr_line' id='line_1_97' title="bbox 2168 3533 3847 3608; baseline 0.008 -20"><span class='ocrx_word' id='word_1_582' title='bbox 2168 3533 2328 3589; x_wconf 93' lang='lat' dir='ltr'><strong>ribili</strong></span> <span class='ocrx_word' id='word_1_583' title='bbox 2362 3536 2655 3608; x_wconf 88' lang='lat' dir='ltr'><strong>unigeniti</strong></span> <span class='ocrx_word' id='word_1_584' title='bbox 2678 3537 2808 3592; x_wconf 89' lang='lat' dir='ltr'><strong>Filii</strong></span> <span class='ocrx_word' id='word_1_585' title='bbox 2834 3539 2940 3608; x_wconf 90' lang='lat' dir='ltr'><strong>tui,</strong></span> <span class='ocrx_word' id='word_1_586' title='bbox 2965 3545 3030 3594; x_wconf 91' lang='lat' dir='ltr'><strong>ut</strong></span> <span class='ocrx_word' id='word_1_587' title='bbox 3051 3541 3114 3596; x_wconf 91' lang='lat' dir='ltr'><strong>in</strong></span> <span class='ocrx_word' id='word_1_588' title='bbox 3131 3539 3266 3606; x_wconf 89' lang='lat' dir='ltr'><strong>hoc,</strong></span> <span class='ocrx_word' id='word_1_589' title='bbox 3291 3541 3445 3597; x_wconf 91' lang='lat' dir='ltr'><strong>sicut</strong></span> <span class='ocrx_word' id='word_1_590' title='bbox 3475 3547 3536 3597; x_wconf 90' lang='lat' dir='ltr'><strong>et</strong></span> <span class='ocrx_word' id='word_1_591' title='bbox 3559 3543 3620 3597; x_wconf 92' lang='lat' dir='ltr'><strong>in</strong></span> <span class='ocrx_word' id='word_1_592' title='bbox 3643 3549 3847 3601; x_wconf 86' lang='lat' dir='ltr'><strong>omni-</strong></span> 
     </span>
    </p>
   </div>
   <div class='ocr_carea' id='block_1_98' title="bbox 2164 3621 3847 3696">
    <p class='ocr_par' dir='ltr' id='par_1_98' title="bbox 2164 3621 3847 3696">
     <span class='ocr_line' id='line_1_98' title="bbox 2164 3621 3847 3696; baseline 0.009 -20"><span class='ocrx_word' id='word_1_593' title='bbox 2164 3621 2300 3692; x_wconf 89' lang='lat' dir='ltr'><strong>bus,</strong></span> <span class='ocrx_word' id='word_1_594' title='bbox 2331 3623 2694 3696; x_wconf 86' lang='lat' dir='ltr'><strong>gloriﬁcetur</strong></span> <span class='ocrx_word' id='word_1_595' title='bbox 2723 3633 2784 3682; x_wconf 92' lang='lat' dir='ltr'><strong>et</strong></span> <span class='ocrx_word' id='word_1_596' title='bbox 2837 3627 3118 3684; x_wconf 90' lang='lat' dir='ltr'><strong>laudetur</strong></span> <span class='ocrx_word' id='word_1_597' title='bbox 3171 3645 3394 3685; x_wconf 91' lang='lat' dir='ltr'><strong>nomen</strong></span> <span class='ocrx_word' id='word_1_598' title='bbox 3444 3637 3614 3686; x_wconf 88' lang='lat' dir='ltr'><strong>tuum</strong></span> <span class='ocrx_word' id='word_1_599' title='bbox 3667 3634 3847 3691; x_wconf 83' lang='lat' dir='ltr'><strong>valde</strong></span> 
     </span>
    </p>
   </div>
   <div class='ocr_carea' id='block_1_99' title="bbox 2167 3709 3848 3791">
    <p class='ocr_par' dir='ltr' id='par_1_99' title="bbox 2167 3709 3848 3791">
     <span class='ocr_line' id='line_1_99' title="bbox 2167 3709 3848 3791; baseline 0.009 -27"><span class='ocrx_word' id='word_1_600' title='bbox 2167 3709 2586 3770; x_wconf 87' lang='lat' dir='ltr'><strong>honorandum</strong></span> <span class='ocrx_word' id='word_1_601' title='bbox 2610 3721 2668 3771; x_wconf 92' lang='lat' dir='ltr'><strong>et</strong></span> <span class='ocrx_word' id='word_1_602' title='bbox 2687 3716 3094 3785; x_wconf 90' lang='lat' dir='ltr'><strong>benedictum,</strong></span> <span class='ocrx_word' id='word_1_603' title='bbox 3127 3719 3425 3791; x_wconf 88' lang='lat' dir='ltr'><strong>simulque</strong></span> <span class='ocrx_word' id='word_1_604' title='bbox 3455 3721 3700 3777; x_wconf 86' lang='lat' dir='ltr'><strong>Domini</strong></span> <span class='ocrx_word' id='word_1_605' title='bbox 3733 3742 3848 3780; x_wconf 90' lang='lat' dir='ltr'><strong>no-</strong></span> 
     </span>
    </p>
   </div>
   <div class='ocr_carea' id='block_1_100' title="bbox 2166 3805 3810 3883">
    <p class='ocr_par' dir='ltr' id='par_1_100' title="bbox 2166 3805 3810 3883">
     <span class='ocr_line' id='line_1_100' title="bbox 2166 3805 3810 3883; baseline 0.009 -25"><span class='ocrx_word' id='word_1_606' title='bbox 2166 3805 2272 3858; x_wconf 86' lang='lat' dir='ltr'><strong>stri</strong></span> <span class='ocrx_word' id='word_1_607' title='bbox 2301 3805 2442 3860; x_wconf 82' lang='lat' dir='ltr'><strong>lesu</strong></span> <span class='ocrx_word' id='word_1_608' title='bbox 2472 3806 2690 3862; x_wconf 88' lang='lat' dir='ltr'><strong>Christi</strong></span> <span class='ocrx_word' id='word_1_609' title='bbox 2724 3811 2785 3862; x_wconf 92' lang='lat' dir='ltr'><strong>et</strong></span> <span class='ocrx_word' id='word_1_610' title='bbox 2813 3808 3066 3880; x_wconf 88' lang='lat' dir='ltr'><strong>Spiritus</strong></span> <span class='ocrx_word' id='word_1_611' title='bbox 3099 3811 3183 3865; x_wconf 92' lang='lat' dir='ltr'><strong>tui</strong></span> <span class='ocrx_word' id='word_1_612' title='bbox 3215 3812 3430 3882; x_wconf 87' lang='lat' dir='ltr'><strong>sancti,</strong></span> <span class='ocrx_word' id='word_1_613' title='bbox 3463 3828 3646 3883; x_wconf 87' lang='lat' dir='ltr'><strong>nunc,</strong></span> <span class='ocrx_word' id='word_1_614' title='bbox 3687 3822 3810 3873; x_wconf 87' lang='lat' dir='ltr'><strong>etc.</strong></span> 
     </span>
    </p>
   </div>
   <div class='ocr_carea' id='block_1_101' title="bbox 2235 3895 2625 3964">
    <p class='ocr_par' dir='ltr' id='par_1_101' title="bbox 2235 3895 2625 3964">
     <span class='ocr_line' id='line_1_101' title="bbox 2235 3895 2625 3964; baseline 0.008 -17"><span class='ocrx_word' id='word_1_615' title='bbox 2235 3895 2500 3964; x_wconf 86' lang='lat' dir='ltr'><strong>Populus.</strong></span> <span class='ocrx_word' id='word_1_616' title='bbox 2534 3895 2625 3950; x_wconf 90' lang='lat' dir='ltr'><strong>Ut.</strong></span> 
     </span>
    </p>
   </div>
   <div class='ocr_carea' id='block_1_102' title="bbox 2240 3981 2699 4039">
    <p class='ocr_par' dir='ltr' id='par_1_102' title="bbox 2240 3981 2699 4039">
     <span class='ocr_line' id='line_1_102' title="bbox 2240 3981 2699 4039; baseline 0.007 -3"><span class='ocrx_word' id='word_1_617' title='bbox 2240 3981 2524 4039; x_wconf 75' lang='lat' dir='ltr'><strong>Sacerdos.</strong></span> <span class='ocrx_word' id='word_1_618' title='bbox 2557 3985 2699 4039; x_wconf 84' lang='lat' dir='ltr'><strong>Pax.</strong></span> 
     </span>
    </p>
   </div>
   <div class='ocr_carea' id='block_1_103' title="bbox 2233 4071 3174 4146">
    <p class='ocr_par' dir='ltr' id='par_1_103' title="bbox 2233 4071 3174 4146">
     <span class='ocr_line' id='line_1_103' title="bbox 2233 4071 3174 4146; baseline 0.007 -20"><span class='ocrx_word' id='word_1_619' title='bbox 2233 4071 2496 4142; x_wconf 80' lang='lat' dir='ltr'><strong>Populus.</strong></span> <span class='ocrx_word' id='word_1_620' title='bbox 2535 4073 2609 4127; x_wconf 90' lang='lat' dir='ltr'><strong>Ut</strong></span> <span class='ocrx_word' id='word_1_621' title='bbox 2637 4089 2772 4128; x_wconf 92' lang='lat' dir='ltr'><strong>cum</strong></span> <span class='ocrx_word' id='word_1_622' title='bbox 2804 4075 3018 4146; x_wconf 89' lang='lat' dir='ltr'><strong>spiritu</strong></span> <span class='ocrx_word' id='word_1_623' title='bbox 3053 4082 3174 4133; x_wconf 90' lang='lat' dir='ltr'><strong>tuo.</strong></span> 
     </span>
    </p>
   </div>
   <div class='ocr_carea' id='block_1_104' title="bbox 2234 4161 3263 4234">
    <p class='ocr_par' dir='ltr' id='par_1_104' title="bbox 2234 4161 3263 4234">
     <span class='ocr_line' id='line_1_104' title="bbox 2234 4161 3263 4234; baseline 0.006 -20"><span class='ocrx_word' id='word_1_624' title='bbox 2234 4161 2517 4216; x_wconf 82' lang='lat' dir='ltr'><strong>Sacerdos.</strong></span> <span class='ocrx_word' id='word_1_625' title='bbox 2551 4162 2954 4219; x_wconf 88' lang='lat' dir='ltr'><strong>Misericordia</strong></span> <span class='ocrx_word' id='word_1_626' title='bbox 2982 4165 3107 4234; x_wconf 91' lang='lat' dir='ltr'><strong>Dei,</strong></span> <span class='ocrx_word' id='word_1_627' title='bbox 3149 4171 3263 4222; x_wconf 87' lang='lat' dir='ltr'><strong>etc.</strong></span> 
     </span>
    </p>
   </div>
   <div class='ocr_carea' id='block_1_105' title="bbox 2237 4249 3150 4323">
    <p class='ocr_par' dir='ltr' id='par_1_105' title="bbox 2237 4249 3150 4323">
     <span class='ocr_line' id='line_1_105' title="bbox 2237 4249 3150 4323; baseline 0.007 -21"><span class='ocrx_word' id='word_1_628' title='bbox 2237 4249 2493 4318; x_wconf 83' lang='lat' dir='ltr'><strong>Populus.</strong></span> <span class='ocrx_word' id='word_1_629' title='bbox 2521 4249 2590 4304; x_wconf 88' lang='lat' dir='ltr'><strong>Et</strong></span> <span class='ocrx_word' id='word_1_630' title='bbox 2619 4266 2755 4305; x_wconf 91' lang='lat' dir='ltr'><strong>cum</strong></span> <span class='ocrx_word' id='word_1_631' title='bbox 2787 4252 2998 4323; x_wconf 91' lang='lat' dir='ltr'><strong>spiritu</strong></span> <span class='ocrx_word' id='word_1_632' title='bbox 3029 4259 3150 4309; x_wconf 91' lang='lat' dir='ltr'><strong>tuo.</strong></span> 
     </span>
    </p>
   </div>
   <div class='ocr_carea' id='block_1_106' title="bbox 2235 4337 3832 4418">
    <p class='ocr_par' dir='ltr' id='par_1_106' title="bbox 2235 4337 3832 4418">
     <span class='ocr_line' id='line_1_106' title="bbox 2235 4337 3832 4418; baseline 0.008 -26"><span class='ocrx_word' id='word_1_633' title='bbox 2235 4337 2504 4393; x_wconf 82' lang='lat' dir='ltr'><strong>Diaconus</strong></span> <span class='ocrx_word' id='word_1_634' title='bbox 2561 4339 2698 4395; x_wconf 78' lang='lat' dir='ltr'><strong>dicit</strong></span> <span class='ocrx_word' id='word_1_635' title='bbox 2756 4340 3117 4398; x_wconf 78' lang='lat' dir='ltr'><strong>Catholicam.</strong></span> <span class='ocrx_word' id='word_1_636' title='bbox 3173 4343 3439 4402; x_wconf 81' lang='lat' dir='ltr'><strong>Sacerdos</strong></span> <span class='ocrx_word' id='word_1_637' title='bbox 3491 4350 3725 4418; x_wconf 80' lang='lat' dir='ltr'><strong>frangit</strong></span> <span class='ocrx_word' id='word_1_638' title='bbox 3781 4359 3832 4405; x_wconf 81' lang='lat' dir='ltr'><strong>et</strong></span> 
     </span>
    </p>
   </div>
   <div class='ocr_carea' id='block_1_107' title="bbox 2161 4427 2642 4496">
    <p class='ocr_par' dir='ltr' id='par_1_107' title="bbox 2161 4427 2642 4496">
     <span class='ocr_line' id='line_1_107' title="bbox 2161 4427 2642 4496; baseline 0 -14"><span class='ocrx_word' id='word_1_639' title='bbox 2161 4427 2344 4496; x_wconf 81' lang='lat' dir='ltr'><strong>signal</strong></span> <span class='ocrx_word' id='word_1_640' title='bbox 2366 4427 2642 4482; x_wconf 83' lang='lat' dir='ltr'><strong>Oblalam.</strong></span> 
     </span>
    </p>
   </div>
   <div class='ocr_carea' id='block_1_108' title="bbox 2233 4517 2843 4590">
    <p class='ocr_par' dir='ltr' id='par_1_108' title="bbox 2233 4517 2843 4590">
     <span class='ocr_line' id='line_1_108' title="bbox 2233 4517 2843 4590; baseline 0.003 -20"><span class='ocrx_word' id='word_1_641' title='bbox 2233 4517 2526 4572; x_wconf 79' lang='lat' dir='ltr'><strong>Diaconus.</strong></span> <span class='ocrx_word' id='word_1_642' title='bbox 2563 4519 2843 4590; x_wconf 84' lang='lat' dir='ltr'><strong>Angelus.</strong></span> 
     </span>
    </p>
   </div>
   <div class='ocr_carea' id='block_1_109' title="bbox 2231 4605 3620 4673">
    <p class='ocr_par' dir='ltr' id='par_1_109' title="bbox 2231 4605 3620 4673">
     <span class='ocr_line' id='line_1_109' title="bbox 2231 4605 3620 4673; baseline 0.009 -13"><span class='ocrx_word' id='word_1_643' title='bbox 2231 4605 2491 4662; x_wconf 88' lang='lat' dir='ltr'><strong>Sacerdos</strong></span> <span class='ocrx_word' id='word_1_644' title='bbox 2519 4606 2661 4662; x_wconf 77' lang='lat' dir='ltr'><strong>dicit</strong></span> <span class='ocrx_word' id='word_1_645' title='bbox 2690 4609 3004 4666; x_wconf 78' lang='lat' dir='ltr'><strong>Orationem</strong></span> <span class='ocrx_word' id='word_1_646' title='bbox 3034 4619 3161 4669; x_wconf 82' lang='lat' dir='ltr'><strong>ante</strong></span> <span class='ocrx_word' id='word_1_647' title='bbox 3187 4615 3364 4670; x_wconf 87' lang='lat' dir='ltr'><strong>Pater</strong></span> <span class='ocrx_word' id='word_1_648' title='bbox 3389 4621 3620 4673; x_wconf 90' lang='lat' dir='ltr'><strong>noster.</strong></span> 
     </span>
    </p>
   </div>
   <div class='ocr_carea' id='block_1_110' title="bbox 2229 4705 3831 4780">
    <p class='ocr_par' dir='ltr' id='par_1_110' title="bbox 2229 4705 3831 4780">
     <span class='ocr_line' id='line_1_110' title="bbox 2229 4705 3831 4780; baseline 0.011 -24"><span class='ocrx_word' id='word_1_649' title='bbox 2229 4705 2374 4760; x_wconf 85' lang='lat' dir='ltr'><strong>Vere</strong></span> <span class='ocrx_word' id='word_1_650' title='bbox 2407 4705 2565 4760; x_wconf 90' lang='lat' dir='ltr'><strong>enim</strong></span> <span class='ocrx_word' id='word_1_651' title='bbox 2597 4712 2656 4761; x_wconf 90' lang='lat' dir='ltr'><strong>et</strong></span> <span class='ocrx_word' id='word_1_652' title='bbox 2683 4706 2906 4780; x_wconf 90' lang='lat' dir='ltr'><strong>absque</strong></span> <span class='ocrx_word' id='word_1_653' title='bbox 2939 4710 3142 4780; x_wconf 89' lang='lat' dir='ltr'><strong>dubio,</strong></span> <span class='ocrx_word' id='word_1_654' title='bbox 3175 4718 3240 4768; x_wconf 92' lang='lat' dir='ltr'><strong>tu</strong></span> <span class='ocrx_word' id='word_1_655' title='bbox 3271 4731 3334 4769; x_wconf 91' lang='lat' dir='ltr'><strong>es</strong></span> <span class='ocrx_word' id='word_1_656' title='bbox 3363 4716 3542 4771; x_wconf 89' lang='lat' dir='ltr'><strong>Pater</strong></span> <span class='ocrx_word' id='word_1_657' title='bbox 3571 4727 3831 4774; x_wconf 85' lang='lat' dir='ltr'><strong>sanctus</strong></span> 
     </span>
    </p>
   </div>
   <div class='ocr_carea' id='block_1_111' title="bbox 2155 4793 3832 4879">
    <p class='ocr_par' dir='ltr' id='par_1_111' title="bbox 2155 4793 3832 4879">
     <span class='ocr_line' id='line_1_111' title="bbox 2155 4793 3832 4879; baseline 0.01 -31"><span class='ocrx_word' id='word_1_658' title='bbox 2155 4793 2284 4848; x_wconf 90' lang='lat' dir='ltr'><strong>Filii</strong></span> <span class='ocrx_word' id='word_1_659' title='bbox 2317 4795 2526 4864; x_wconf 90' lang='lat' dir='ltr'><strong>sancti,</strong></span> <span class='ocrx_word' id='word_1_660' title='bbox 2559 4795 2662 4864; x_wconf 85' lang='lat' dir='ltr'><strong>qui</strong></span> <span class='ocrx_word' id='word_1_661' title='bbox 2697 4799 3010 4855; x_wconf 89' lang='lat' dir='ltr'><strong>sanctitate</strong></span> <span class='ocrx_word' id='word_1_662' title='bbox 3042 4801 3289 4872; x_wconf 63' lang='lat' dir='ltr'><strong>aequalis</strong></span> <span class='ocrx_word' id='word_1_663' title='bbox 3321 4809 3412 4859; x_wconf 90' lang='lat' dir='ltr'><strong>est</strong></span> <span class='ocrx_word' id='word_1_664' title='bbox 3431 4821 3572 4861; x_wconf 90' lang='lat' dir='ltr'><strong>cum</strong></span> <span class='ocrx_word' id='word_1_665' title='bbox 3589 4807 3832 4879; x_wconf 86' lang='lat' dir='ltr'><strong>Spiritu</strong></span> 
     </span>
    </p>
   </div>
   <div class='ocr_carea' id='block_1_112' title="bbox 2155 4883 3828 4964">
    <p class='ocr_par' dir='ltr' id='par_1_112' title="bbox 2155 4883 3828 4964">
     <span class='ocr_line' id='line_1_112' title="bbox 2155 4883 3828 4964; baseline 0.009 -28"><span class='ocrx_word' id='word_1_666' title='bbox 2155 4886 2397 4936; x_wconf 89' lang='lat' dir='ltr'><strong>sancto:</strong></span> <span class='ocrx_word' id='word_1_667' title='bbox 2431 4883 2533 4952; x_wconf 90' lang='lat' dir='ltr'><strong>qui</strong></span> <span class='ocrx_word' id='word_1_668' title='bbox 2562 4883 2824 4953; x_wconf 88' lang='lat' dir='ltr'><strong>perfecte</strong></span> <span class='ocrx_word' id='word_1_669' title='bbox 2856 4891 2915 4940; x_wconf 93' lang='lat' dir='ltr'><strong>et</strong></span> <span class='ocrx_word' id='word_1_670' title='bbox 2941 4903 3078 4944; x_wconf 88' lang='lat' dir='ltr'><strong>cum</strong></span> <span class='ocrx_word' id='word_1_671' title='bbox 3127 4906 3365 4948; x_wconf 88' lang='lat' dir='ltr'><strong>summa</strong></span> <span class='ocrx_word' id='word_1_672' title='bbox 3408 4899 3716 4964; x_wconf 86' lang='lat' dir='ltr'><strong>potestate</strong></span> <span class='ocrx_word' id='word_1_673' title='bbox 3760 4897 3828 4951; x_wconf 88' lang='lat' dir='ltr'><strong>in</strong></span> 
     </span>
    </p>
   </div>
   <div class='ocr_carea' id='block_1_113' title="bbox 2153 4970 3830 5049">
    <p class='ocr_par' dir='ltr' id='par_1_113' title="bbox 2153 4970 3830 5049">
     <span class='ocr_line' id='line_1_113' title="bbox 2153 4970 3830 5049; baseline 0.009 -23"><span class='ocrx_word' id='word_1_674' title='bbox 2153 4970 2372 5026; x_wconf 88' lang='lat' dir='ltr'><strong>sanctis</strong></span> <span class='ocrx_word' id='word_1_675' title='bbox 2402 4971 2750 5043; x_wconf 89' lang='lat' dir='ltr'><strong>requiescis,</strong></span> <span class='ocrx_word' id='word_1_676' title='bbox 2783 4981 2842 5030; x_wconf 93' lang='lat' dir='ltr'><strong>et</strong></span> <span class='ocrx_word' id='word_1_677' title='bbox 2869 4984 3155 5049; x_wconf 90' lang='lat' dir='ltr'><strong>perpetuo</strong></span> <span class='ocrx_word' id='word_1_678' title='bbox 3188 4983 3705 5040; x_wconf 82' lang='lat' dir='ltr'><strong>sanctiﬁcationes</strong></span> <span class='ocrx_word' id='word_1_679' title='bbox 3729 5003 3830 5041; x_wconf 84' lang='lat' dir='ltr'><strong>eo-</strong></span> 
     </span>
    </p>
   </div>
   <div class='ocr_carea' id='block_1_114' title="bbox 2151 5060 3829 5140">
    <p class='ocr_par' dir='ltr' id='par_1_114' title="bbox 2151 5060 3829 5140">
     <span class='ocr_line' id='line_1_114' title="bbox 2151 5060 3829 5140; baseline 0.011 -26"><span class='ocrx_word' id='word_1_680' title='bbox 2151 5077 2284 5116; x_wconf 92' lang='lat' dir='ltr'><strong>rum</strong></span> <span class='ocrx_word' id='word_1_681' title='bbox 2316 5060 2418 5130; x_wconf 92' lang='lat' dir='ltr'><strong>qui</strong></span> <span class='ocrx_word' id='word_1_682' title='bbox 2449 5064 2506 5114; x_wconf 91' lang='lat' dir='ltr'><strong>te</strong></span> <span class='ocrx_word' id='word_1_683' title='bbox 2533 5062 2908 5120; x_wconf 85' lang='lat' dir='ltr'><strong>sanctiﬁcant</strong></span> <span class='ocrx_word' id='word_1_684' title='bbox 2955 5068 3226 5140; x_wconf 90' lang='lat' dir='ltr'><strong>suscipis.</strong></span> <span class='ocrx_word' id='word_1_685' title='bbox 3261 5072 3344 5126; x_wconf 93' lang='lat' dir='ltr'><strong>Tu</strong></span> <span class='ocrx_word' id='word_1_686' title='bbox 3369 5087 3434 5127; x_wconf 91' lang='lat' dir='ltr'><strong>es</strong></span> <span class='ocrx_word' id='word_1_687' title='bbox 3461 5071 3599 5127; x_wconf 89' lang='lat' dir='ltr'><strong>fons</strong></span> <span class='ocrx_word' id='word_1_688' title='bbox 3653 5073 3829 5131; x_wconf 89' lang='lat' dir='ltr'><strong>inco-</strong></span> 
     </span>
    </p>
   </div>
   <div class='ocr_carea' id='block_1_115' title="bbox 2150 5149 3826 5233">
    <p class='ocr_par' dir='ltr' id='par_1_115' title="bbox 2150 5149 3826 5233">
     <span class='ocr_line' id='line_1_115' title="bbox 2150 5149 3826 5233; baseline 0.01 -30"><span class='ocrx_word' id='word_1_689' title='bbox 2150 5149 2462 5216; x_wconf 81' lang='lat' dir='ltr'><strong>lumitatis,</strong></span> <span class='ocrx_word' id='word_1_690' title='bbox 2495 5153 2554 5204; x_wconf 90' lang='lat' dir='ltr'><strong>et</strong></span> <span class='ocrx_word' id='word_1_691' title='bbox 2581 5150 2743 5224; x_wconf 78' lang='lat' dir='ltr'><strong>origo</strong></span> <span class='ocrx_word' id='word_1_692' title='bbox 2775 5154 3156 5226; x_wconf 87' lang='lat' dir='ltr'><strong>auxiliorum,</strong></span> <span class='ocrx_word' id='word_1_693' title='bbox 3189 5163 3252 5214; x_wconf 92' lang='lat' dir='ltr'><strong>tu</strong></span> <span class='ocrx_word' id='word_1_694' title='bbox 3283 5175 3346 5215; x_wconf 91' lang='lat' dir='ltr'><strong>es</strong></span> <span class='ocrx_word' id='word_1_695' title='bbox 3374 5162 3615 5233; x_wconf 86' lang='lat' dir='ltr'><strong>genitor</strong></span> <span class='ocrx_word' id='word_1_696' title='bbox 3639 5165 3826 5220; x_wconf 80' lang='lat' dir='ltr'><strong>mise-</strong></span> 
     </span>
    </p>
   </div>
   <div class='ocr_carea' id='block_1_116' title="bbox 2147 5239 3824 5318">
    <p class='ocr_par' dir='ltr' id='par_1_116' title="bbox 2147 5239 3824 5318">
     <span class='ocr_line' id='line_1_116' title="bbox 2147 5239 3824 5318; baseline 0.008 -24"><span class='ocrx_word' id='word_1_697' title='bbox 2147 5239 2443 5309; x_wconf 83' lang='lat' dir='ltr'><strong>ricordiee,</strong></span> <span class='ocrx_word' id='word_1_698' title='bbox 2477 5243 2537 5294; x_wconf 89' lang='lat' dir='ltr'><strong>et</strong></span> <span class='ocrx_word' id='word_1_699' title='bbox 2565 5245 2733 5311; x_wconf 86' lang='lat' dir='ltr'><strong>pater</strong></span> <span class='ocrx_word' id='word_1_700' title='bbox 2788 5242 3144 5318; x_wconf 69' lang='lat' dir='ltr'><strong>clementiae,</strong></span> <span class='ocrx_word' id='word_1_701' title='bbox 3197 5249 3535 5318; x_wconf 89' lang='lat' dir='ltr'><strong>miserator,</strong></span> <span class='ocrx_word' id='word_1_702' title='bbox 3583 5251 3824 5317; x_wconf 81' lang='lat' dir='ltr'><strong>fautor,</strong></span> 
     </span>
    </p>
   </div>
   <div class='ocr_carea' id='block_1_117' title="bbox 2147 5329 3831 5410">
    <p class='ocr_par' dir='ltr' id='par_1_117' title="bbox 2147 5329 3831 5410">
     <span class='ocr_line' id='line_1_117' title="bbox 2147 5329 3831 5410; baseline 0.007 -26"><span class='ocrx_word' id='word_1_703' title='bbox 2147 5329 2386 5400; x_wconf 87' lang='lat' dir='ltr'><strong>adjutor</strong></span> <span class='ocrx_word' id='word_1_704' title='bbox 2413 5333 2474 5382; x_wconf 89' lang='lat' dir='ltr'><strong>et</strong></span> <span class='ocrx_word' id='word_1_705' title='bbox 2502 5329 2841 5399; x_wconf 80' lang='lat' dir='ltr'><strong>auxiliator,</strong></span> <span class='ocrx_word' id='word_1_706' title='bbox 2873 5349 3076 5390; x_wconf 87' lang='lat' dir='ltr'><strong>curam</strong></span> <span class='ocrx_word' id='word_1_707' title='bbox 3102 5337 3330 5394; x_wconf 89' lang='lat' dir='ltr'><strong>habens</strong></span> <span class='ocrx_word' id='word_1_708' title='bbox 3361 5355 3730 5410; x_wconf 88' lang='lat' dir='ltr'><strong>pauperum,</strong></span> <span class='ocrx_word' id='word_1_709' title='bbox 3767 5351 3831 5399; x_wconf 84' lang='lat' dir='ltr'><strong>et</strong></span> 
     </span>
    </p>
   </div>
   <div class='ocr_carea' id='block_1_118' title="bbox 2147 5415 3827 5502">
    <p class='ocr_par' dir='ltr' id='par_1_118' title="bbox 2147 5415 3827 5502">
     <span class='ocr_line' id='line_1_118' title="bbox 2147 5415 3827 5502; baseline 0.009 -29"><span class='ocrx_word' id='word_1_710' title='bbox 2147 5417 2436 5491; x_wconf 89' lang='lat' dir='ltr'><strong>refugium</strong></span> <span class='ocrx_word' id='word_1_711' title='bbox 2467 5415 2849 5492; x_wconf 87' lang='lat' dir='ltr'><strong>afﬁictorum,</strong></span> <span class='ocrx_word' id='word_1_712' title='bbox 2880 5439 3079 5480; x_wconf 91' lang='lat' dir='ltr'><strong>comes</strong></span> <span class='ocrx_word' id='word_1_713' title='bbox 3111 5426 3345 5483; x_wconf 86' lang='lat' dir='ltr'><strong>itineris</strong></span> <span class='ocrx_word' id='word_1_714' title='bbox 3369 5430 3827 5502; x_wconf 88' lang='lat' dir='ltr'><strong>navigantium,</strong></span> 
     </span>
    </p>
   </div>
   <div class='ocr_carea' id='block_1_119' title="bbox 2144 5505 3828 5589">
    <p class='ocr_par' dir='ltr' id='par_1_119' title="bbox 2144 5505 3828 5589">
     <span class='ocr_line' id='line_1_119' title="bbox 2144 5505 3828 5589; baseline 0.008 -27"><span class='ocrx_word' id='word_1_715' title='bbox 2144 5513 2350 5579; x_wconf 89' lang='lat' dir='ltr'><strong>portus</strong></span> <span class='ocrx_word' id='word_1_716' title='bbox 2379 5509 2439 5560; x_wconf 89' lang='lat' dir='ltr'><strong>et</strong></span> <span class='ocrx_word' id='word_1_717' title='bbox 2467 5505 2705 5574; x_wconf 83' lang='lat' dir='ltr'><strong>requies</strong></span> <span class='ocrx_word' id='word_1_718' title='bbox 2743 5508 3131 5580; x_wconf 86' lang='lat' dir='ltr'><strong>jactatorum,</strong></span> <span class='ocrx_word' id='word_1_719' title='bbox 3183 5516 3478 5588; x_wconf 88' lang='lat' dir='ltr'><strong>refugium</strong></span> <span class='ocrx_word' id='word_1_720' title='bbox 3529 5527 3828 5589; x_wconf 80' lang='lat' dir='ltr'><strong>peccato-</strong></span> 
     </span>
    </p>
   </div>
   <div class='ocr_carea' id='block_1_120' title="bbox 2143 5593 3830 5676">
    <p class='ocr_par' dir='ltr' id='par_1_120' title="bbox 2143 5593 3830 5676">
     <span class='ocr_line' id='line_1_120' title="bbox 2143 5593 3830 5676; baseline 0.008 -24"><span class='ocrx_word' id='word_1_721' title='bbox 2143 5613 2316 5652; x_wconf 89' lang='lat' dir='ltr'><strong>rum:</strong></span> <span class='ocrx_word' id='word_1_722' title='bbox 2348 5593 2618 5650; x_wconf 89' lang='lat' dir='ltr'><strong>medicus</strong></span> <span class='ocrx_word' id='word_1_723' title='bbox 2649 5594 2848 5653; x_wconf 89' lang='lat' dir='ltr'><strong>bonus</strong></span> <span class='ocrx_word' id='word_1_724' title='bbox 2895 5600 3311 5660; x_wconf 87' lang='lat' dir='ltr'><strong>inﬁrmorum:</strong></span> <span class='ocrx_word' id='word_1_725' title='bbox 3363 5607 3465 5676; x_wconf 91' lang='lat' dir='ltr'><strong>qui</strong></span> <span class='ocrx_word' id='word_1_726' title='bbox 3512 5623 3691 5664; x_wconf 87' lang='lat' dir='ltr'><strong>amas</strong></span> <span class='ocrx_word' id='word_1_727' title='bbox 3746 5611 3830 5664; x_wconf 52' lang='lat' dir='ltr'><strong>la.</strong></span> 
     </span>
    </p>
   </div>
   <div class='ocr_carea' id='block_1_121' title="bbox 2144 5682 3826 5764">
    <p class='ocr_par' dir='ltr' id='par_1_121' title="bbox 2144 5682 3826 5764">
     <span class='ocr_line' id='line_1_121' title="bbox 2144 5682 3826 5764; baseline 0.007 -21"><span class='ocrx_word' id='word_1_728' title='bbox 2144 5701 2377 5759; x_wconf 86' lang='lat' dir='ltr'><strong>crymas</strong></span> <span class='ocrx_word' id='word_1_729' title='bbox 2410 5682 2844 5754; x_wconf 78' lang='lat' dir='ltr'><strong>paenitentiam,</strong></span> <span class='ocrx_word' id='word_1_730' title='bbox 2878 5692 3236 5750; x_wconf 88' lang='lat' dir='ltr'><strong>emundator</strong></span> <span class='ocrx_word' id='word_1_731' title='bbox 3265 5695 3562 5764; x_wconf 87' lang='lat' dir='ltr'><strong>sordium,</strong></span> <span class='ocrx_word' id='word_1_732' title='bbox 3605 5697 3672 5754; x_wconf 88' lang='lat' dir='ltr'><strong>in</strong></span> <span class='ocrx_word' id='word_1_733' title='bbox 3699 5700 3826 5755; x_wconf 83' lang='lat' dir='ltr'><strong>illis</strong></span> 
     </span>
    </p>
   </div>
  </div>
