3956 6308
131 473 267 534 977

133 698 518 756 divitiarum.
550 701 632 755 Tu
663 701 737 756 ab
769 700 965 770 initio,
1002 701 1074 756 ab
1126 706 1373 765 aeterno,
1421 718 1455 755 a
1516 700 1730 756 saeculo
1760 706 1817 755 et

131 794 711 860 perpetuo,sanctus
742 807 827 859 es,
859 791 1191 861 plenusque
1224 790 1558 857 sanctitate,
1590 789 1811 845 sancti-

136 879 365 934 ﬁcator
394 884 454 934 et
490 879 787 950 perfector
814 884 1177 947 sanctorum,
1212 885 1270 934 et
1300 896 1407 934 nos
1436 878 1811 951 gloriﬁcatio-

133 983 314 1034 nem,
347 968 824 1039 hymnorumque
856 968 1333 1024 decantationem
1364 968 1671 1022 offerimus
1703 966 1808 1021 tibi

135 1074 285 1112 eam
318 1057 510 1128 ipsam
545 1074 726 1129 quam
765 1074 799 1112 a
830 1057 972 1113 Filio
1005 1063 1209 1114 sancto
1242 1062 1363 1125 tuo,
1420 1056 1561 1111 Filio
1592 1061 1693 1111 tuo
1726 1056 1809 1111 di-

131 1146 307 1201 lecto
346 1153 617 1201 amanter
664 1147 1025 1202 didicimus:
1087 1145 1466 1217 petimusque
1515 1150 1581 1199 ut
1636 1144 1807 1200 nobis

131 1236 427 1291 omnibus
458 1240 725 1307 praestes,
757 1240 824 1290 ut
854 1235 1029 1291 corde
1060 1235 1351 1306 puro,sed
1373 1233 1653 1290 ardenter
1674 1250 1808 1289 suc-

129 1342 328 1379 censo
360 1342 466 1395 per
494 1324 679 1379 zelum
710 1324 1092 1392 laudabilem,
1126 1324 1424 1380 orationes
1455 1328 1514 1378 et
1533 1323 1809 1394 depreca-

128 1415 340 1469 tiones
372 1420 605 1469 nostras
637 1430 838 1469 coram
860 1419 914 1467 te
945 1413 1328 1481 eﬂ‘undendo,
1357 1430 1493 1469 cum
1513 1411 1804 1467 mentium

130 1503 950 1571 illuminatione,animorum
972 1502 1804 1574 castimonia,linguarumque

129 1593 497 1664 triumphali
519 1593 883 1658 laudatione,
907 1593 1236 1647 clamemus
1266 1592 1340 1647 ad
1373 1598 1450 1661 te,
1482 1608 1720 1647 oremus
1746 1597 1806 1647 et

132 1683 437 1751 dicamus,
468 1684 643 1738 Pater
673 1688 879 1738 noster
910 1683 1008 1753 qui
1043 1700 1106 1737 es
1137 1682 1199 1737 in
1222 1681 1407 1738 ccelis.

207 1773 480 1844 Papulas.
516 1773 931 1827 Sanctiﬁcetur
958 1788 1178 1827 nomen
1218 1777 1408 1827 tuum.

208 1864 480 1918 Sacerdos
520 1862 735 1917 elevans
792 1877 992 1917 vocem.
1040 1863 1142 1928 Ne,
1186 1860 1456 1927 Domine,
1490 1861 1800 1933 permittas

1434 477 1622 538 LITU
1633 475 1815 537 RGIA
1858 477 1924 538 S.
1970 477 2292 539 IGNATII.

131 610 250 680 qui
283 610 581 681 inquinati
617 615 774 680 sunt,
831 611 1080 683 largitor
1129 612 1442 679 donorum,
1484 612 1797 667 thesaurus
1826 614 1880 680 Α
1981 614 2261 669 Sacerdos.
2307 614 2470 670 Juste
2504 619 2561 670 et
2614 616 2945 673 secundum
2976 617 3308 689 veritatem,
3360 618 3559 674 valde-

3455 482 3574 544 978

1923 718 2038 772 que
2096 702 2552 771 rationabiliter,
2594 704 2890 760 debentur
2937 705 3394 778 magnificentia
3453 711 3568 762 tua:

1922 790 2128 846 laudes
2158 808 2364 847 omnes
2386 791 2814 860 indesinentes,
2846 795 3052 865 hymni
3071 800 3129 849 et
3145 796 3571 852 exsultationes

1919 880 2483 953 triumphales,quia
2501 897 2611 937 nos
2628 882 2819 937 fecisti
2831 883 3039 955 dignos
3058 900 3166 955 per
3185 883 3568 941 clementiam

1923 973 2082 1024 tuam
2113 968 2267 1024 dono
2285 970 2397 1025 hoc
2418 970 2597 1037 bono,
2622 975 2682 1025 et
2695 970 2940 1040 caelesti,
2973 972 3241 1028 alimenti
3274 973 3452 1045 hujus
3480 974 3570 1029 in-

1917 1058 2352 1131 corruptibilis:
2386 1076 2783 1133 rogamusque
2806 1077 3070 1117 amorem
3102 1066 3271 1117 tuum
3296 1079 3434 1134 erga
3461 1063 3567 1118 ho-

1915 1148 2110 1203 mines
2140 1147 2523 1217 ineffabilem,
2547 1154 2614 1203 ut
2668 1165 2789 1204 non
2846 1155 3151 1206 convertas
3183 1149 3335 1206 festa
3364 1156 3569 1206 nostra

1916 1237 1978 1292 in
2009 1236 2256 1304 luctum,
2277 1254 2469 1307 neque
2491 1238 2723 1294 cantica
2753 1244 2958 1294 nostra
2974 1239 3035 1294 in
3058 1239 3564 1312 ejulatum,neque

1915 1325 2161 1398 dejicias
2185 1327 2378 1396 capita
2408 1333 2611 1382 nostra
2636 1343 2834 1384 coram
2850 1328 3078 1399 judicio
3100 1346 3112 1382 :
3136 1345 3328 1400 neque
3353 1330 3563 1384 erube-

1914 1431 2147 1469 scamus
2177 1415 2236 1469 in
2269 1415 2364 1470 die
2395 1416 2806 1485 novissimo,in
2838 1432 2953 1487 quo
2986 1418 3396 1488 unusquisque
3420 1434 3561 1473 con-

1913 1523 2117 1579 gruam
2152 1508 2696 1562 remunerationem
2750 1507 3000 1580 accipiet
3031 1526 3045 1575 ;
3091 1525 3223 1564 cum
3264 1509 3471 1581 Angeli
3502 1510 3563 1563 in

1913 1595 2125 1649 timore
2157 1595 2505 1660 consistent,
2539 1601 2597 1650 et
2626 1596 2967 1665 unigenitus
2998 1595 3180 1650 Filius
3238 1602 3373 1651 tuus
3409 1596 3563 1668 judi-

1912 1684 2087 1740 cabit.
2145 1684 2256 1739 Sed
2311 1684 2817 1756 quemadmodum
2845 1701 3075 1739 summe
3105 1685 3555 1741 misericordem

1911 1788 2050 1845 erga
2065 1789 2172 1828 nos
2185 1778 2242 1828 te
2255 1773 2595 1842 exhibuisti,
2618 1789 2792 1845 parce
2813 1773 3291 1844 pusillanimitati
3319 1778 3557 1843 nostrae,

1912 1862 2195 1917 miserere
2220 1862 2586 1918 inﬁrmitatis
2630 1869 2857 1918 natura;
2888 1868 3124 1928 nostras,
3161 1879 3281 1917 non
3313 1864 3374 1917 in
3397 1861 3558 1934 judi-

130 1969 252 2007 nos
274 1951 489 2021 jactari
520 1950 929 2005 vexationibus
958 1949 1297 2017 mundanis,
1326 1949 1445 2005 sive
1463 1949 1796 2017 diabolicis,
1832 1976 1877 2042 Β
1910 1951 2089 2019 cium,
2139 1957 2240 2007 aut
2287 1953 2846 2008 condemnationem
2904 1956 3187 2023 reputans
3242 1952 3413 2007 nobis
3444 1952 3556 2006 hoc

125 2043 302 2097 ultra
331 2042 390 2097 id
420 2041 575 2113 quod
607 2057 942 2112 possumus,
969 2041 1051 2094 ita
1079 2045 1145 2095 ut
1182 2040 1425 2094 omnino
1458 2040 1522 2094 in
1549 2039 1799 2094 infirmi-

126 2137 281 2197 tate,
312 2131 660 2202 aagritudine
720 2135 778 2183 et
807 2129 1209 2183 confractione
1244 2128 1437 2183 cordis
1468 2127 1674 2195 simus,
1736 2133 1794 2182 et

124 2238 162 2276 a
195 2221 533 2275 domestica
578 2218 984 2274 familiaritate
1016 2223 1117 2272 tua
1148 2217 1328 2272 alieni
1362 2217 1715 2286 efﬁciamur,
1750 2218 1797 2272 si

125 2310 328 2365 nostri
361 2325 563 2364 curam
604 2325 725 2363 non
756 2307 1054 2363 habueris.
1102 2309 1182 2362 Ne
1214 2306 1294 2361 sis
1350 2306 1798 2375 immisericors,

126 2399 612 2469 Domine,neque
639 2402 866 2453 avertas
887 2397 1100 2452 faciem
1130 2400 1290 2451 tuam
1322 2412 1357 2450 a
1385 2396 1579 2463 nobis,
1605 2412 1799 2466 neque

126 2487 346 2561 procul
394 2487 576 2542 facias
607 2485 830 2541 auxilia
862 2491 994 2552 tua;
1022 2485 1125 2540 sed
1156 2483 1353 2555 aspice
1380 2501 1508 2553 nos,
1541 2488 1598 2540 et
1629 2485 1796 2539 mitte

124 2578 387 2651 gratiam
421 2581 584 2631 tuam
617 2575 691 2630 ad
719 2580 990 2630 nostrum
1014 2573 1367 2629 subsidium.
1405 2573 1488 2627 Ab
1522 2573 1795 2627 omnibus

127 2666 493 2723 criminibus
520 2666 709 2720 libera
725 2681 855 2732 nos,
876 2680 1070 2734 neque
1100 2663 1351 2717 inducas
1383 2679 1490 2717 nos
1520 2662 1581 2715 in
1610 2666 1797 2716 tenta-

126 2758 385 2824 tionem,
412 2756 552 2826 quia
586 2755 689 2809 tibi
722 2759 811 2808 est
867 2757 1157 2824 potestas,
1191 2758 1250 2806 et
1278 2752 1595 2822 imperium
1628 2756 1794 2805 aeter-

124 2862 301 2914 num,
332 2849 389 2899 et
420 2844 525 2899 tibi
558 2842 805 2915 gloriam
846 2848 905 2897 et
935 2842 1259 2914 gratiarum
1313 2841 1611 2896 actionem
1645 2839 1791 2894 refe-

122 2938 344 2992 rimus.

198 3024 466 3096 Populus.
507 3026 717 3077 Amen.

196 3113 485 3169 Sacerdos.
522 3114 663 3166 Pax.

198 3205 494 3258 Diaconus.
528 3202 678 3255 Ante
710 3200 1146 3269 susceptionem
1181 3197 1603 3268 mysteriorum
1656 3197 1786 3252 isto.

1907 2058 2124 2096 munus
2156 2042 2455 2110 tuum,sed
2487 2042 2559 2097 ad
2592 2041 2988 2106 sanctitatem,
3012 2047 3071 2096 et
3098 2041 3464 2113 vigilantiam
3498 2044 3555 2094 et

1904 2130 2181 2186 viaticum
2213 2131 2423 2186 salutis
2452 2133 2765 2185 nostrae.Et
2795 2136 2852 2186 te
2878 2131 3048 2185 decet
3076 2130 3283 2203 gloria,
3339 2130 3549 2197 honor,

1905 2226 1963 2275 et
1987 2221 2326 2292 imperium,
2360 2219 2659 2291 simulque
2688 2219 2994 2293 unigenito
3024 2219 3171 2275 Filio
3206 2224 3304 2275 tuo
3335 2225 3393 2274 et
3424 2219 3554 2291 Spi-

1904 2311 2043 2365 ritui
2076 2309 2453 2366 sanctissimo
2487 2315 2606 2364 tuo.

1974 2400 2234 2471 Populus.
2267 2401 2475 2454 Amen.

1974 2490 2257 2546 Sacerdos.
2287 2490 2425 2544 Pax.

1976 2579 2238 2649 Populus.
2274 2581 2343 2633 Et
2371 2594 2505 2633 cum
2537 2577 2746 2649 spiritu
2778 2582 2909 2635 tuo.

1974 2669 2262 2723 Diaconus.
2297 2670 2455 2735 Post,
2490 2672 2601 2723 etc.

1975 2759 2237 2829 Populus.
2272 2759 2481 2813 Coram
2507 2762 2582 2812 te.

1974 2849 2234 2904 Sacerdos
2262 2848 2477 2902 elevans
2506 2862 2704 2901 vocem.
2759 2846 2885 2900 Tibi
2917 2846 3019 2916 qui
3056 2846 3292 2917 genitus
3322 2851 3412 2900 est
3468 2844 3541 2902 ab

1904 2944 2225 3003 aterno,ex
2245 2936 2474 2991 lumine
2505 2942 2751 3002 mterno,
2780 2940 2837 2989 et
2866 2935 3212 2990 incarnatus
3234 2952 3296 2989 es
3318 2934 3539 3005 absque

1899 3027 2022 3082 ulla
2050 3027 2401 3091 mutatione,
2435 3043 2507 3081 ex
2535 3030 2702 3080 utero
2732 3024 3023 3097 virginali,
3045 3025 3264 3096 gratias
3295 3025 3548 3096 agimus,

1899 3121 1957 3170 et
1985 3121 2050 3169 ut
2077 3116 2410 3185 requiescat
2434 3106 2677 3169 dextera
2707 3118 2808 3168 tua
2836 3129 3015 3184 super
3042 3128 3151 3167 nos
3192 3129 3398 3168 omnes
3418 3129 3551 3184 per-

1897 3211 2098 3277 petuo,
2160 3202 2550 3275 postulamus.
2585 3201 2929 3257 Sacerdotes
2979 3200 3183 3257 altaris
3231 3201 3317 3255 tui
3365 3201 3552 3273 gloria

121 3310 259 3348 rum
303 3295 672 3355 Sanctorum,
707 3305 838 3359 qum
894 3287 1092 3342 Oblata
1124 3292 1283 3351 sunt,
1340 3286 1556 3340 iterum
1588 3302 1787 3341 coram
1829 3316 1870 3381 ρ
1900 3292 2090 3358 afﬁce,
2127 3297 2183 3346 et
2238 3290 2649 3345 ministrantes
2701 3289 2806 3344 tibi
2865 3288 2928 3344 in
2976 3289 3199 3343 honore
3231 3289 3549 3344 constitue.

120 3381 381 3436 Domino
414 3377 784 3434 misericordi
817 3377 1011 3448 capita
1027 3382 1230 3431 nostra
1260 3375 1638 3431 inclinemus.

196 3469 464 3540 Populus.
494 3468 703 3522 Coram
738 3470 816 3533 te,
839 3465 1109 3519 Domine.

195 3559 468 3615 Sacerdos
511 3557 727 3612 elevans
776 3571 980 3610 vocem.
1047 3554 1192 3609 Cum
1250 3552 1415 3607 omni
1475 3557 1690 3608 natura
1739 3558 1793 3608 et

122 3655 406 3705 creatura
434 3645 764 3702 caelestium
796 3650 854 3699 et
884 3642 1281 3710 terrestrium,
1316 3658 1446 3713 quaa
1472 3648 1526 3696 te
1565 3642 1793 3697 adorat:

128 3739 408 3801 Domine,
440 3742 508 3792 ut
534 3738 735 3793 animo
764 3735 1156 3807 concipimus,
1188 3750 1296 3789 nos
1328 3750 1564 3804 quoque
1591 3733 1794 3788 adora‘

130 3829 364 3883 tionem
397 3843 595 3881 veram
626 3843 760 3881 cum
793 3824 1042 3881 cervicis
1063 3822 1423 3878 demissione
1455 3821 1564 3877 tibi
1596 3822 1792 3876 offeri-

129 3934 265 3972 mus
292 3934 306 3983 ;
342 3922 456 3970 eta
492 3931 724 3970 summa
747 3913 1034 3969 charitate
1070 3918 1170 3966 tua
1200 3910 1595 3982 postulamus,
1630 3916 1694 3964 ut
1718 3910 1794 3964 il-

126 4006 394 4061 lumines
425 4005 656 4060 animas
684 4009 917 4058 nostras
950 4002 1192 4057 veritate
1256 4006 1371 4055 tua.
1431 3999 1646 4054 Munda
1682 4017 1792 4055 nos

125 4097 395 4165 hyssopo
414 4100 512 4148 tuo
536 4093 874 4148 :sanctiﬁca
902 4108 1010 4146 nos
1032 4091 1343 4145 sanctitate
1369 4096 1463 4144 tua
1487 4096 1789 4144 :converte

124 4200 236 4239 nos
268 4182 343 4237 ad
374 4183 650 4236 timorem
685 4187 873 4246 tu..m,
898 4180 1130 4251 placeat
1162 4179 1266 4233 tibi
1297 4183 1363 4233 ut
1393 4178 1592 4232 mittas
1622 4179 1791 4232 nobis

124 4271 583 4328 benedictiones
614 4270 908 4333 tuas,etin
928 4270 1082 4324 hunc
1111 4269 1349 4324 modum
1374 4275 1548 4338 atque
1576 4267 1792 4323 talibus

126 4364 306 4418 bonis
340 4361 707 4432 locupletans
738 4376 947 4421 nos.nc
979 4360 1307 4430 permittas,
1343 4365 1408 4412 ut
1436 4359 1522 4412 rei
1554 4358 1791 4413 acceda-

130 4470 266 4506 mus
314 4451 388 4506 ad
420 4451 900 4504 communionem
934 4449 1086 4502 hanc
1118 4447 1404 4501 viviflram
1437 4447 1703 4518 corporis
1735 4452 1791 4502 et

129 4540 446 4612 sanguinis
475 4539 765 4611 unigeniti
800 4537 927 4592 Filii
958 4537 1065 4604 tui,
1092 4554 1194 4607 per
1216 4553 1391 4606 quem
1422 4543 1473 4590 et
1508 4553 1641 4591 cum
1675 4553 1789 4606 quo

131 4637 183 4684 te
212 4630 392 4684 decet
418 4628 606 4699 gloria
624 4633 683 4682 et
700 4626 1018 4697 imperium
1032 4641 1167 4679 cum
1191 4625 1411 4695 Spiritu
1435 4631 1533 4679 tuo
1559 4631 1783 4680 sancto.

199 4716 468 4789 Populus.
502 4720 707 4772 Amen.

201 4808 492 4861 Sacerdos.
528 4808 669 4859 Pax.

200 4897 469 4964 Populus.
505 4896 573 4947 Et
604 4910 737 4947 cum
780 4892 993 4963 spiritu
1029 4895 1148 4945 tuo.

202 4984 489 5039 Sacerdos.
527 4983 611 5036 Sit
644 4981 998 5045 benedictio,
1035 4988 1145 5033 etc.

204 5073 468 5142 Pupulus.
498 5074 564 5125 Et
600 5087 753 5136 cum,
788 5076 898 5123 etc.

204 5166 498 5218 Diaconus.
535 5163 677 5215 Cum
715 5162 947 5214 timore.

199 5252 490 5310 Sacerdos.
528 5251 744 5305 Sancta
776 5248 1016 5303 sanctis.

205 5341 471 5411 Populus.
509 5341 670 5395 Unus
701 5340 875 5393 Pater
903 5341 1166 5392 sanctus.

204 5431 497 5484 Diaconus.
535 5428 769 5482 Stemus
801 5426 1104 5481 decenter.

205 5520 471 5591 Papulas.
502 5518 731 5573 Gratias
761 5517 1011 5589 agimus.

1904 3382 2082 3437 Senes
2113 3380 2568 3435 mansuetudine
2619 3396 2765 3434 orna
2795 3384 2853 3433 et
2881 3377 3134 3449 adjuva;
3163 3378 3418 3448 impetus
3442 3378 3551 3449 ju-

1902 3488 2117 3527 venum
2150 3486 2355 3525 coerce
2388 3485 2401 3535 ;
2436 3486 2650 3540 pueros
2672 3469 2857 3523 educa
2885 3469 2948 3523 in
2995 3467 3302 3529 modestia.
3361 3473 3420 3521 et
3478 3467 3554 3521 ad

1902 3575 2200 3614 summum
2223 3558 2488 3613 scientias
2512 3557 2740 3629 apicem
2770 3556 3552 3628 perducito.Sana,Domine,

1857 3662 1863 3669 '
1901 3646 2369 3715 intirmos,ablue
2393 3647 2654 3702 maculas
2679 3652 3054 3718 peccatorum
3083 3664 3097 3713 ;
3118 3645 3363 3717 obsigna
3380 3661 3553 3701 cruce

1900 3743 2002 3793 tua
2027 3739 2320 3810 virgines;
2353 3737 2583 3792 custodi
2617 3737 2836 3792 lectum
2870 3736 3321 3807 conjugatorum
3348 3737 3549 3803 ;mitte

1900 3828 2103 3895 egenis
2136 3827 2539 3891 saturitatem;
2591 3831 2715 3879 esto
2751 3825 3152 3896 orphanorum
3185 3831 3441 3892 curator,
3491 3830 3552 3879 et

1898 3915 2262 3970 confortator
2289 3913 2620 3968 viduarum.
2664 3915 2845 3968 Parce
2894 3912 3012 3967 illis
3061 3913 3161 3983 qui
3188 3919 3549 3983 acceperunt

1898 4021 2112 4075 corpus
2145 4009 2307 4058 tuum
2337 4019 2350 4069 ;
2386 4007 2441 4057 et
2471 4018 2573 4057 eos
2595 4001 2695 4071 qui
2719 4001 2997 4055 biberunt
3028 4017 3098 4055 ex
3114 4001 3399 4072 sanguine
3423 4005 3543 4070 tuo,

1897 4095 2156 4166 perfecte
2188 4090 2719 4164 puriﬁca.Benedic
2742 4090 2860 4143 illis
2882 4090 2982 4160 qui
3006 4106 3111 4160 per
3128 4104 3365 4143 crucem
3385 4094 3547 4143 tuam

1898 4182 2145 4237 salutem
2205 4178 2508 4235 consecuti
2567 4184 2706 4233 sunt
2739 4199 2753 4242 ;
2786 4177 3092 4232 sanctiﬁca
3147 4176 3325 4231 etiam
3357 4193 3547 4249 agnos

1896 4270 2088 4342 gregis
2116 4268 2223 4329 tui,
2267 4282 2402 4321 oves
2438 4274 2566 4320 tuas
2613 4264 2804 4319 adduc
2834 4264 2908 4319 ad
2938 4263 3085 4318 ovile
3118 4268 3283 4319 tuum
3319 4280 3331 4317 :
3367 4278 3549 4334 agnos

1898 4366 2027 4414 tuos
2062 4360 2119 4413 in
2154 4357 2441 4412 doctrinis
2473 4356 2589 4410 tuis
2622 4355 2933 4413 conﬁrma.
2967 4370 3456 4425 unumquemque
3489 4354 3549 4408 in

1893 4449 2078 4522 gradu
2112 4453 2170 4502 et
2200 4446 2407 4502 ordine
2429 4462 2534 4501 suo
2552 4444 2853 4514 visita,per
2870 4444 3337 4499 misericordiam
3362 4450 3545 4498 tuam-

1895 4541 2008 4593 Nos
2031 4543 2251 4601 autem,
2288 4536 2553 4597 Domine,
2578 4551 2776 4589 servos
2810 4538 3028 4599 tuos,et
3052 4533 3380 4587 sacerdotio
3412 4534 3542 4587 fun-

1897 4634 2104 4698 gentes
2140 4626 2263 4683 tibi.
2298 4625 2506 4697 dignos
2537 4623 2704 4679 effice
2762 4622 2986 4676 visione
3019 4622 3101 4677 tui
3137 4640 3151 4689 ;
3186 4639 3294 4676 nos
3339 4638 3546 4676 omnes

1899 4714 2085 4770 adduc
2121 4715 2193 4768 ad
2252 4712 2653 4769 habitaculum
2688 4718 2851 4766 tuum
2878 4716 3147 4777 ;mentes
3189 4716 3421 4764 nostras
3455 4711 3547 4762 tir-

1901 4820 2025 4858 mas
2057 4806 2224 4857 effice
2259 4803 2320 4857 in
2350 4802 2667 4857 dilectione
2700 4805 2799 4854 tua
2832 4817 2846 4865 ;
2879 4799 3035 4854 oculi
3091 4801 3277 4852 nostri
3309 4797 3547 4851 videant

1900 4892 2274 4963 majestatem
2291 4891 2615 4946 timendam
2636 4897 2798 4945 tuam
2824 4904 2958 4955 ;ora
2979 4894 3181 4942 nostra
3202 4888 3544 4957 repleantur

1899 4980 2467 5037 sanctiﬁcationilius
2502 4980 2617 5035 tuis
2646 4996 2659 5045 ;
2690 4977 2849 5032 labia
2880 4982 3100 5037 nostra,
3130 4976 3397 5033 Domine.
3424 4974 3549 5029 lau-

1899 5070 2002 5125 des
2041 5076 2165 5123 tuas
2198 5069 2603 5138 pronuntient.
2635 5066 2942 5136 Patrisque
3002 5065 3084 5118 tui
3136 5064 3427 5119 benedicti
3489 5068 3549 5117 et.

1901 5159 2078 5215 beati.
2113 5164 2170 5211 et
2201 5157 2451 5227 Spiritus
2487 5157 2590 5219 tui,
2652 5154 2783 5219 vivi,
2848 5153 3057 5223 sancti,
3115 5152 3462 5208 viviticantis
3494 5159 3554 5208 et.

1902 5247 2010 5302 tibi
2036 5243 2582 5301 consubstantialis.

1974 5337 2235 5406 Populus.
2272 5338 2479 5389 Amen.

1975 5424 2271 5479 Diaconus.
2303 5421 2581 5487 Benedic,
2622 5418 2891 5473 Domine.

1977 5514 2260 5570 Sacerdos.
2293 5510 2545 5568 Benedic
2575 5507 2872 5566 omnibus.
