3956 6308
365 361 486 422 983

1865 361 1933 422 S.
1981 360 2280 422 IGNATII

3667 363 3818 424 984‘

1507 543 1598 597 III.
1631 543 1688 598 S.
1739 543 1988 612 Ignatius
2036 541 2331 610 Smyrnam
2377 545 2630 612 navigat.

437 668 582 722 Cum
612 666 801 721 multa
826 682 962 738 ergo
1009 666 1314 722 alacritate
1373 674 1430 721 et
1486 666 1713 733 laetitia,
1744 665 2009 738 patiendi
2041 669 2093 734 Α

2195 667 2340 721 Μετὰ
2373 665 2595 736 πολλῆς
2641 665 2819 721 τοίνυν
2875 664 3182 741 προθυμίας
3231 667 3322 720 καὶ
3357 672 3555 746 χαρᾶς,
3592 665 3790 730 ἐπιθυ-

366 755 711 826 cupiditate,
737 755 1051 810 Antiochia
1074 755 1400 810 Scleuciam
1423 755 1749 820 descendit,
1773 761 1834 810 et
1859 755 2020 809 illinc

368 843 500 897 navi
530 849 728 896 vectus
785 849 874 896 est
899 860 912 908 ;
972 859 1227 913 cumque
1272 849 1405 914 post
1435 844 1656 898 multos
1685 843 1920 898 labores
1946 841 2022 897 ad

370 932 819 1002 Smyrnensinm
837 931 1046 986 urbem
1068 931 1414 1003 appulisset,
1439 932 1628 987 multa
1645 949 1783 988 cum
1814 932 2022 987 laetitia

367 1037 398 1075 e
428 1021 559 1074 navi
593 1019 922 1086 descendit,
955 1036 1022 1075 ac
1053 1027 1328 1075 sanctum
1361 1021 1774 1092 Polycarpum,
1810 1021 2018 1091 Smyr-

365 1109 642 1164 nensium
656 1109 1334 1180 episcopum,quondam
1353 1109 1832 1181 condiscipulum
1847 1126 2022 1164 suum

365 1197 561 1253 videre
587 1197 886 1252 festinavit
909 1215 922 1252 :
946 1198 1181 1252 fuerant
1201 1199 1362 1252 enim
1385 1199 1527 1253 olim
1557 1200 1744 1254 sancti
1766 1197 2021 1269 apostoli

365 1287 610 1342 Joannis
631 1287 928 1358 discipuli.
948 1287 1120 1358 Apud
1141 1303 1318 1358 quem
1343 1288 1692 1357 diversatus,
1716 1305 1852 1342 cum
1886 1303 2021 1342 eum

369 1375 768 1444 spiritualium
801 1375 1228 1430 charismatum
1261 1378 1608 1448 participem
1639 1377 2022 1445 fecisset,suis

368 1465 547 1519 etiam
581 1465 831 1519 vinculis
861 1470 1019 1519 esset
1047 1465 1352 1536 gloriatus,
1376 1467 1586 1522 orabat
1616 1483 1774 1536 eum,
1807 1473 1872 1520 ut
1902 1465 2024 1520 vel-

370 1553 453 1606 let
472 1553 840 1623 proposilum
865 1553 1050 1624 ipsius
1071 1554 1350 1625 adjuvare
1375 1572 1387 1622 ;
1412 1561 1471 1610 et
1502 1556 1756 1610 maxime
1780 1555 2022 1626 quidem

371 1641 484 1696 hoc
505 1641 750 1713 rogabat
767 1647 946 1696 totam
966 1642 1292 1699 Ecclesiam
1317 1649 1695 1714 (exceperant
1711 1645 1872 1700 enim
1895 1661 2024 1699 san-

369 1735 528 1785 ctum
553 1730 723 1785 illum
737 1731 925 1785 virum
950 1731 1216 1787 civitates
1239 1737 1417 1804 atque
1440 1733 1720 1788 Ecclesia:
1742 1735 1894 1788 Asiae
1918 1750 2025 1804 per

368 1819 680 1890 episcopos
701 1824 761 1874 et
784 1820 1160 1891 presbyteros
1180 1825 1236 1873 et
1261 1820 1706 1887 diaconos,cum
1721 1838 1931 1877 omnes
1948 1822 2022 1877 ad

368 1924 506 1963 eum
536 1908 969 1975 festinarent,si
1000 1909 1152 1965 forte
1184 1916 1416 1983 partem
1448 1913 1821 1968 charismatis
1852 1913 2022 1984 spiri-

2133 757 2235 828 μίᾳ
2261 760 2359 811 τοῦ
2397 756 2622 825 πάθους,
2679 755 2957 820 κατελθὼν
3012 755 3119 810 ἀπὸ
3181 755 3519 830 Ἀντιοχείας
3567 755 3642 816 είς
3683 759 3786 826 τήν

2133 843 2474 912 Σελεύκειαν,
2507 843 2707 899 ἐκεῖθεν
2765 843 2948 918 εἴχετο
2997 847 3097 898 τοῦ
3144 841 3342 905 πλοός’
3393 845 3483 899 καὶ
3513 843 3786 922 προσχὼν

2133 931 2268 1004 μετὰ
2297 931 2470 986 πολὺν
2527 931 2769 1004 κάματον
2825 935 2893 996 τῆ
2954 930 3282 1007 Σμυρναίων
3330 931 3495 986 πόλει
3523 935 3662 1002 (98),
3692 932 3786 985 σὺν

2131 1015 2320 1091 πολλῇ
2381 1022 2528 1096 χαρᾷ
2579 1013 2816 1080 καταϐάς
2875 1021 2973 1087 τῆς
3030 1019 3187 1088 νηὸς,
3239 1015 3466 1073 ἒσπευδε
3504 1018 3597 1072 τὸν
3628 1020 3787 1092 ἅγιον

2134 1105 2514 1181 Πολύκαρπον,
2542 1109 2632 1163 τὸν
2665 1107 2987 1182 Σμυρναίων
3011 1105 3338 1177 ἐπίσκοπον,
3356 1107 3446 1162 τὸν
3477 1128 3788 1180 συνακροα-

2128 1199 2248 1266 τήν,
2281 1197 2586 1251 θεάσασθαι⁶
2622 1195 2960 1274 ἐγεγόνεισαν
3010 1197 3112 1272 γὰρ
3170 1195 3342 1251 πάλαι
3399 1197 3640 1268 μαθηταὶ
3690 1201 3792 1250 τοῦ

2131 1284 2286 1360 ἁγίου
2339 1284 2650 1340 ἀποστόλου
2709 1285 2979 1341 Ἰωάννου.
3040 1287 3170 1360 Παρ’
3228 1284 3273 1356 ᾧ
3331 1286 3648 1360 καταχθεὶς,

2132 1375 2512 1447 πνευματικῶν
2548 1373 2694 1446 αὐτῷ
2741 1376 3079 1444 κοινωνήσας
3131 1374 3516 1448 χαρισμάτων,
3547 1374 3639 1427 καὶ
3675 1379 3792 1434 τοῖς

2134 1460 2358 1537 δεσμοῖς
2412 1462 2856 1538 ἐγκαυχώμενος,
2916 1463 3212 1536 παρεκάλει
3261 1461 3542 1526 συναθλεῖν
3590 1466 3661 1534 τῇ
3697 1463 3795 1517 αῦ-

2130 1557 2228 1608 τοῦ
2255 1553 2505 1628 προθέσει
2539 1555 2673 1626 (99),
2713 1550 2950 1626 μάλιστα
2998 1553 3096 1625 μὲν
3153 1555 3312 1625 κοινῇ
3343 1556 3514 1606 πᾶσαν
3544 1549 3794 1620 Ἐκκλη-

2133 1645 2250 1698 σίαν
2311 1641 2632 1713 (ἐδεξιοῦντο
2689 1642 2793 1716 γὰρ
2826 1641 2916 1697 τὸν
2977 1643 3134 1717 ἅγιον
3193 1639 3282 1696 διὰ
3326 1645 3432 1694 τῶν
3473 1639 3788 1695 ἐπισκόπων

2131 1733 2218 1788 καὶ
2253 1726 2632 1808 πρεσϐυτέρων
2683 1733 2770 1786 καὶ
2819 1728 3080 1786 διακόνων
3130 1731 3182 1784 αἱ
3226 1737 3327 1800 τῆς
3375 1729 3566 1794 Ἀσίας
3596 1729 3790 1791 πόλεις

2130 1822 2219 1878 καὶ
2265 1821 2610 1892 Ἐκκλησίαι,
2665 1822 2876 1876 πάντων
2927 1818 3294 1894 ἐπειγομένων
3344 1820 3482 1894 πρὸς
3521 1818 3711 1886 αὐτὸν,
3746 1817 3792 1873 εἲ

2129 1931 2247 1973 πως
2296 1911 2460 1985 μέρος
2520 1908 2863 1988 χαρίσματος
2925 1904 3136 1964 λάϐωσι
3193 1909 3589 1980 πνευματικοῦ)
3650 1906 3794 1981 ἐξαι-

3701 1286 3794 1339 καὶ

369 1997 550 2054 tualis
572 1999 644 2054 ab
667 2016 736 2054 eo
759 2000 1100 2071 acciperent
1118 1999 1184 2070 3’)
1212 2017 1224 2064 ;
1258 2017 1324 2056 ac
1346 2019 1466 2072 praa
1489 2003 1718 2057 caeteris
1750 2007 2020 2058 sanctum
2057 2025 2102 2090 Β

2188 2021 2300 2062 ντως
2335 1996 2392 2055 δὲ
2421 1999 2513 2055 τὸν
2547 1999 2700 2075 ἅγιον
2749 1997 3136 2074 ΙΙολύκαρπον,
3167 1996 3284 2065 ἵνα,
3317 1995 3406 2052 διὰ
3433 2001 3544 2051 τῶν
3581 1997 3792 2073 θηρίων

374 2087 787 2158 Polycarpum,
819 2094 885 2142 ut
936 2089 1113 2145 citius
1143 2106 1250 2160 per
1299 2091 1475 2158 feras,
1509 2090 1931 2163 inconspicuus
1962 2093 2024 2146 in

379 2177 601 2232 mundo
633 2178 840 2244 "actus,
874 2194 1075 2234 coram
1105 2179 1338 2234 Christo
1369 2187 1759 2251 compareret.

2136 2091 2325 2143 θᾶττον
2381 2089 2589 2165 ἀφανὴς
2641 2092 2719 2160 τῷ
2777 2088 2972 2160 κόσμῳ
3025 2085 3337 2164 γενόμενος,
3369 2085 3681 2164 ἐμφανισθῇ
3714 2089 3792 2157 τῷ

2135 2177 2417 2253 προσώπῳ
2446 2180 2542 2232 τοῦ
2567 2179 2820 2251 Χριστοῦ.

1299 2295 1390 2348 IV.
1421 2295 1670 2363 Ignatius
1698 2297 1888 2351 scribit
1919 2297 2192 2366 Ecclesiis,
2229 2294 2538 2366 praesertim
2565 2295 2845 2350 Romam.

438 2419 631 2486 Atque
662 2417 786 2472 haec
809 2418 892 2473 sic
914 2418 1148 2475 dicebat
1171 2427 1228 2476 et
1251 2421 1335 2476 sic
1361 2420 2020 2493 contestabatur,usque

375 2505 522 2560 adeo
555 2505 880 2562 extendens
920 2525 1184 2564 amorem
1217 2509 1278 2564 in
1308 2509 1629 2579 Christum,
1661 2516 1727 2565 ut
1756 2527 1862 2582 per
1891 2511 2027 2582 pul-

372 2595 576 2650 chram
598 2595 1034 2652 confessionem
1053 2601 1110 2653 et
1129 2598 1390 2654 studium
1411 2600 1744 2670 eorum,qui
1765 2617 1871 2670 pro
1895 2600 1946 2671 ej
1959 2616 2025 2654 us

371 2683 698 2739 certamine
729 2684 903 2740 simul
935 2684 1120 2740 Deum
1153 2686 1639 2755 orabant,coelum
1671 2693 1830 2742 esset
1857 2703 2025 2742 acce-

371 2777 604 2844 pturus,
631 2779 813 2844 utque
843 2773 1135 2845 Ecclesiis,
1160 2793 1290 2847 quas
1313 2777 1422 2849 ipsi
1458 2793 1564 2849 per
1594 2783 1854 2832 rectores
1887 2793 2026 2832 suos

377 2869 780 2932 occurrerant,
813 2864 1152 2920 mercedem
1175 2866 1468 2932 redderet,
1489 2866 1706 2939 gratias
1733 2884 1914 2938 agens
1936 2867 2028 2922 lit-

374 2951 521 3006 teris
553 2949 627 3006 ad
658 2968 756 3007 eas
785 2953 1006 3022 missis,
1028 2971 1058 3008 e
1081 2954 1294 3025 quibus
1325 2955 1516 3026 gratia
1543 2955 1869 3026 spiritualis
1891 2973 2024 3011 cum

375 3040 527 3096 votis
557 3046 616 3096 et
645 3041 1160 3114 adhortationibus
1184 3043 1466 3098 stillabat.
1491 3045 1635 3098 Cum
1660 3060 1796 3117 ergo
1820 3061 2026 3100 omnes

373 3145 512 3201 erga
543 3148 604 3186 se
634 3131 917 3188 benevole
949 3134 1193 3189 aﬂ‘ectos
1241 3139 1530 3203 cerneret,
1564 3135 1782 3189 veritus
1810 3141 1919 3202 est,
1953 3151 2026 3189 ne

369 3217 623 3274 fratrum
653 3221 914 3276 charitas
963 3222 1226 3276 studium
1259 3222 1436 3276 eundi
1478 3221 1551 3277 ad
1583 3224 1770 3278 Deum
1800 3223 2026 3279 incide-

371 3313 483 3376 ret,
516 3307 657 3361 dum
691 3309 940 3378 pulchra
969 3310 1082 3379 ipsi
1115 3315 1494 3380 essetaperta
1524 3312 1790 3382 martyrii
1813 3312 2022 3383 janua.

373 3395 512 3459 Quae
553 3396 627 3450 ad
673 3396 999 3454 Ecclesiam
1054 3400 1454 3454 Romanorum
1489 3399 1726 3470 scripsit
1757 3399 2025 3472 subjecta

371 3489 530 3538 sunt.

2209 2419 2306 2478 Καὶ
2335 2424 2501 2475 ταῦτα
2561 2417 2740 2480 οὕτως
2789 2414 2996 2495 ἔλεγεν,
3029 2417 3118 2472 καὶ
3151 2417 3321 2480 οὕτως
3364 2414 3794 2492 διεμαρτύρατο,

2132 2510 2390 2564 τοσοῦτον
2435 2508 2752 2564 ἐπεκτείνων
2807 2508 2905 2577 τὴν
2965 2507 3099 2582 πρὸς
3157 2507 3387 2582 Χριστὸν
3444 2506 3688 2582 ἀγάπην,
3721 2507 3793 2568 ὡς

2135 2597 2364 2674 οὒρανοῦ
2427 2597 2650 2672 μέλλων
2709 2601 2787 2671 (1)
2837 2591 3300 2670 ἐπιλαμϐάνεσθαι
3349 2594 3440 2652 διὰ
3482 2603 3586 2666 τῆς
3616 2594 3798 2664 καλῆς

2134 2687 2442 2765 ὁμολογίας
2474 2686 2562 2742 καὶ
2594 2693 2694 2757 τῆς
2736 2691 2843 2742 τῶν
2878 2686 3284 2763 συνευχομένων
3320 2687 3453 2760 ὑπὲρ
3485 2693 3586 2755 τῆς
3618 2685 3796 2755 ἀθλή-

2136 2799 2271 2840 σεως
2304 2776 2570 2847 σπουδῆς,
2595 2774 2894 2832 ἀποδοῦναι
2945 2774 3001 2831 δὲ
3047 2777 3138 2832 τὸν
3177 2777 3368 2848 μισθον
3399 2781 3516 2838 ταῖς
3551 2773 3792 2843 Ἐκκλη-

2136 2867 2280 2931 σίαις
2309 2873 2428 2929 ταῖς
2488 2867 2886 2934 ὑπαντησάσαις
2927 2863 3073 2938 αὐτῷ
3132 2863 3224 2919 διὰ
3279 2870 3387 2942 τῶν
3449 2864 3795 2938 ἡγουμένων,

2133 2956 2472 3032 γραμμάτων
2531 2955 2872 3032 εὐχαριστῶν
2929 2958 3002 3026 (2)
3059 2954 3472 3030 ἐκπεμφθέντων
3529 2953 3672 3027 πρὸς
3706 2951 3793 3006 αὖ·

2134 3046 2251 3111 τὰς,
2285 3046 2657 3118 πνευματικὴν
2720 3045 2837 3116 μετ’
2896 3043 3066 3118 εὐχῆς
3115 3043 3200 3098 καὶ
3251 3042 3623 3114 παραινέσεως
3654 3042 3792 3096 ἀπο-

2137 3133 2440 3202 σταζόντων
2495 3133 2658 3208 χάριν
2723 3134 2820 3205 (3).
2873 3133 3180 3205 Τοιγαροῦν
3238 3129 3366 3192 τοὺς
3415 3131 3620 3192 πάντας
3656 3131 3798 3205 ὁρῶν

2136 3221 2396 3284 εὐνοϊκῶς
2429 3218 2808 3294 διακειμένους
2847 3219 2970 3293 περὶ
3003 3217 3182 3286 αὐτὸν,
3217 3214 3499 3296 φοϐηθεῖς,
3551 3221 3629 3292 μή
3667 3239 3799 3274 ποτε

2135 3311 2169 3380 ἡ
2201 3317 2302 3380 τῆς
2341 3307 2714 3387 ἀδελφότητος
2770 3311 2974 3383 στοργή
3032 3311 3131 3378 τήν
3191 3309 3328 3383 πρὸς
3379 3308 3577 3382 Κύριον
3629 3309 3798 3363 αὐτοῦ

2136 3397 2375 3468 σπουδὴν
2406 3397 2628 3472 ἐκκόψῃ,
2677 3397 2853 3467 καλῆς
2911 3397 3280 3472 ἀνεῳχθείσης
3318 3399 3468 3469 αὐτῷ
3499 3396 3672 3468 θύρας
3700 3401 3796 3452 τοῦ

2137 3487 2456 3562 μαρτυρίου,
2487 3489 2576 3542 οἶα
2604 3486 2741 3562 πρὸς
2789 3487 2890 3555 τήν
2948 3485 3277 3556 Ἐκκλησίαν
3311 3483 3623 3541 ἐπιστέλλει
3652 3487 3788 3542 Ῥω-

2136 3579 2312 3651 μαίων
2325 3619 2338 3646 ,
2372 3577 2750 3634 ὑποτέτακται.

1040 3718 1270 3787 Legitur
1297 3717 1386 3774 hic
1416 3720 1665 3790 Epistola
1695 3721 1750 3776 S.
1782 3722 1993 3791 Ignatii
2019 3723 2094 3776 ad
2137 3724 2427 3778 Romanos.
2477 3721 2614 3776 Vide
2641 3737 2812 3792 supra
2841 3721 2952 3778 col.
2979 3723 3105 3776 685.

1481 3845 1544 3900 V.
1579 3845 1828 3915 lgnatius
1857 3863 1892 3902 a
1917 3849 2155 3918 Smyrna
2197 3850 2420 3903 Romam
2448 3846 2672 3902 dicitur.

447 3967 764 4037 Postquam
797 3984 933 4040 ergo
960 4009 974 4036 ,
1021 3973 1086 4024 ut
1143 3968 1392 4038 volebat,
1426 3969 1679 4040 epistola
1711 3987 1819 4026 sua
1850 3987 2028 4042 repu-

365 4061 614 4126 gnantes
644 4057 855 4112 fratres
882 4059 1178 4114 Romanos
1223 4059 1676 4128 composuisset,
1707 4077 1743 4115 a
1773 4061 2026 4131 Smyrna

365 4145 601 4199 solvens
619 4145 968 4216 (urgebatur
989 4137 1152 4202 enim
1173 4163 1208 4201 a
1232 4146 1524 4201 militibus
1536 4148 2020 4218 Christophorus,

365 4239 430 4288 ut
452 4233 527 4287 ad
547 4233 787 4303 publica
808 4235 1150 4304 spectacula
1169 4251 1396 4308 magnaa
1425 4237 1625 4292 Roma:
1648 4243 2019 4307 prOperaret,

368 4337 485 4392 quo
513 4337 632 4390 prae
659 4321 849 4376 oculis
875 4323 1075 4394 populi
1099 4323 1350 4379 Romani
1371 4323 1509 4378 feris
1533 4324 1737 4380 bestiis
1768 4323 2022 4380 traditus

369 4424 650 4463 coronam
683 4412 1024 4466 certaminis
1055 4415 1538 4483 consequeretur)
1573 4413 1803 4484 appulit
1841 4415 2020 4468 Troa-

367 4497 516 4552 dem.
545 4497 766 4554 Deinde
798 4499 964 4555 illinc
996 4501 1282 4570 Neapolin
1315 4500 1546 4571 ductus,
1581 4519 1685 4572 per
1712 4501 2016 4574 Philippos

367 4588 700 4660 peragravit
754 4589 1151 4644 Macedoniam
1185 4596 1244 4644 et
1289 4589 1362 4644 ad
1393 4607 1524 4645 eam
1555 4589 1713 4662 Epiri
1761 4595 2012 4660 partem,

373 4692 504 4746 quae
525 4676 602 4732 ad
621 4676 1015 4749 Epidamnum
1036 4677 1150 4733 sita
1173 4684 1280 4744 est,
1300 4679 1361 4732 in
1385 4678 1699 4734 maritimis
1721 4678 1866 4733 locis
1887 4679 2017 4734 navi

439 4847 486 4882 ⁸³
513 4848 680 4905 Rom.
712 4863 750 4914 ι,
785 4847 877 4904 11.

438 5041 552 5107 (98)
583 5040 700 5094 Cfr.
733 5041 854 5111 lgn.
886 5040 964 5092 ad
992 5041 1142 5093 Rom.
1176 5055 1226 5094 c.
1262 5041 1312 5092 5.

443 5114 554 5182 (99;
583 5113 622 5164 Ι.
645 5129 694 5163 e.
720 5109 994 5182 precibus
1014 5128 1046 5164 a
1065 5111 1182 5164 Deo
1203 5115 1496 5181 petere,ut
1523 5111 1804 5181 'gnatium
1829 5109 2017 5180 gloria

372 5181 636 5254 martyrii
654 5183 898 5254 donaret
927 5183 1098 5252 eique
1112 5181 1508 5254 constantiam
1528 5182 2011 5254 praeberentluaa.

441 5249 637 5324 (lfita
665 5253 920 5324 Toupius
952 5249 1412 5308 et'Jacobsonus.
1447 5249 1547 5324 Ms'.
1584 5249 1832 5322 μέλλειν.

439 5321 516 5395 (2)
545 5327 687 5393 [ﬁge
721 5321 1142 5397 εὐχαριστικῶν.
1173 5326 1368 5380 ϐιιΑΒ..
1413 5321 1734 5397 εᾼύχαρίτων.
1769 5326 1939 5397 TOUP.

439 5398 514 5466 (3)
537 5395 946 5466 Similem‘fere
970 5395 1329 5466 locutionem
1354 5395 1532 5450 habes
1553 5397 1615 5452 in
1632 5396 2012 5466 Ep.adMagn.

369 5484 417 5520 c.
452 5463 945 5539 Ἲ14ηδροσισθῆναι.

440 5539 514 5605 (4)
544 5537 672 5592 Le.
707 5553 1075 5608 componere,
1094 5537 1326 5591 animos
1375 5538 1548 5592 aliter
1604 5537 2010 5603 sentientium,

371 5622 588 5674 eosque
619 5609 692 5661 ad
724 5609 782 5663 id
813 5607 1209 5680 pronandum,
1242 5608 1401 5676 quod
1430 5609 1556 5679 ipse
1588 5610 1882 5680 cupiebat,
1914 5609 2014 5662 ad-

368 5675 604 5730 ducere.
639 5679 802 5731 Cum.

412 5691 604 5730 ucere.
639 5691 802 5732 ULER.

2210 3969 2547 4045 Καταρτίσας
2600 3969 2798 4041 τοίνυν,
2855 3967 2930 4030 ὠς
2988 3964 3282 4038 ἠϐούλετο,
3338 3967 3464 4030 τοὺς
3510 3966 3564 4022 ἐν
3591 3967 3787 4042 Ῥώμῃ

2132 4062 2239 4113 τῶν
2271 4055 2523 4136 ἀδελφῶν
2571 4056 2800 4120 ἄκοντας
2860 4055 2948 4114 διὰ
2993 4065 3094 4126 τῆς
3143 4055 3440 4126 ἐπιστολῆς
3472 4061 3574 4130 (4),
3605 4058 3788 4118 οὕτως

2134 4147 2389 4222 ἀναχθεὶς
2421 4145 2528 4202 ἀπὸ
2573 4153 2674 4215 τῆς
2725 4147 3004 4222 (Σμύρνης
3051 4147 3373 4222 κατεπίγετο
3402 4147 3506 4221 γάρ
3541 4147 3645 4200 ὑπὸ
3677 4151 3783 4200 τῶν

2133 4240 2479 4311 στρατιωτῶν
2531 4237 2558 4290 ὁ
2609 4235 2984 4314 Χριστοφόρος
3037 4238 3112 4308 (5)
3160 4235 3360 4314 φθάσαι
3413 4234 3509 4294 τὰς
3559 4233 3784 4312 φιλοτιο

2134 4323 2260 4396 μίας
2294 4329 2369 4398 (6)
2396 4324 2448 4378 ἐν
2477 4328 2545 4398 τῇ
2581 4323 2789 4398 μεγάλῃ
2821 4323 3038 4398 Ῥώμῃ,
3081 4323 3166 4378 ἳνα
3211 4321 3297 4378 ἐπ’
3347 4319 3500 4396 ὄψεσι
3547 4327 3648 4377 τοῦ
3681 4321 3783 4392 δή·

2133 4434 2239 4486 μου
2269 4413 2558 4485 Ῥωμαίων
2620 4413 2814 4487 θηρσὶν
2873 4412 3088 4488 ἀγρίοις
3142 4409 3490 4486 παραδοθεὶς,
3534 4416 3630 4466 τοῦ
3662 4433 3788 4466 στε-

2129 4499 2296 4572 φάνου
2338 4503 2436 4569 τῆς
2492 4500 2776 4570 ἀθλήσεως
2833 4499 3096 4576 ἐπιτύχῃ)
3132 4503 3404 4575 προσέσχε
3433 4505 3500 4574 τῇ
3535 4498 3782 4572 Τρωάδι.

2132 4589 2262 4647 Εἶτα
2318 4589 2515 4644 ἐκεῖθεν
2575 4589 2864 4664 καταχθεὶς
2920 4587 3009 4644 ἐπὶ
3065 4591 3163 4657 τὴν
3225 4587 3519 4651 Νεάπολιν,
3555 4587 3647 4643 διὰ
3679 4596 3784 4644 Φι-

2128 4677 2348 4732 λίππων
2381 4675 2690 4753 παρώδευεν
2725 4675 3056 4736 Μακεδονίαν
3114 4680 3212 4752 (τ),
3262 4679 3350 4732 καὶ
3396 4677 3518 4752 περὶ
3570 4682 3649 4751 (8)
3683 4691 3783 4745 την

2193 5040 2268 5111 (5)
2301 5039 2416 5096 Cfr.
2449 5042 2572 5111 lgn.
2606 5041 2681 5095 ad
2707 5041 2847 5110 Eph.
2883 5057 2933 5096 c.
2967 5043 3020 5096 9.

2196 5111 2274 5198 (β)
2379 5127 2430 5165 e.
2467 5111 3133 5198 ludi,.magno.suniptu
3193 5129 3227 5167 a
3283 5113 3617 5168 candidatis
3651 5130 3778 5170 ma-

2123 5183 2476 5254 gistratuum
2507 5183 2772 5238 exhiberi
2803 5183 2974 5238 soliti.
3014 5183 3202 5238 Sin-ru.

2195 5255 2280 5324 (7)
2311 5254 2472 5309 Adde
2529 5256 2688 5326 πεζῇ.
2750 5260 2815 5310 ut
2849 5255 3092 5327 legebat
3124 5261 3236 5312 vet.
3291 5257 3400 5312 int.
3436 5258 3626 5312 SIITl-l.
3661 5257 3778 5312 Cfr.

2121 5327 2248 5379 Act.
2281 5342 2396 5387 xw,
2432 5328 2518 5390 11,
2555 5329 2638 5380 12.
2675 5326 3056 5398 Ιιζιιξιιὶυελνὶει
3097 5327 3364 5398 Egnatia,
3397 5329 3776 5384 Thessalonio

2123 5413 2252 5451 cam
2284 5412 2422 5468 cum
2451 5398 2770 5467 Dyrrachio
2802 5397 3176 5468 (Epidamno)
3191 5397 3468 5468 jungenti
3492 5417 3637 5454 usus
3665 5407 3775 5455 est.

2122 5468 2237 5522 Cfr.
2271 5467 2450 5532 Tafel,
2506 5469 2758 5538 Epistola
2814 5467 3206 5538 gratulatoria’
3240 5467 3335 5523 ad
3363 5473 3773 5527 universitatem

2121 5539 2358 5611 Gotting.
2399 5540 2555 5602 1837,
2589 5556 2681 5610 pp.
2719 5541 2772 5601 3,
2810 5539 2894 5605 15,
2929 5545 2987 5594 et
3015 5542 3237 5596 Dissert.
3269 5541 3339 5595 de
3385 5545 3477 5597 via
3502 5542 3771 5611 Egnatia.

2121 5609 2365 5679 Tubing.
2402 5611 2558 5667 1841.
2591 5609 2646 5680 p.
2671 5612 2749 5680 ,16
2780 5626 2912 5680 sqq.

2189 5681 2270 5750 (8)
2301 5678 2402 5736 Ms.
2434 5680 2559 5754 περὶ
2589 5678 2702 5738 καί.
