3956 6308
151 429 289 490 985

1639 431 2154 494 MARTYRIUM.

3478 425 3596 488 986

152 560 432 635 Ἤπειρον
456 561 556 630 τὴν
582 561 720 636 πρὸς
777 558 1135 636 Ἐπίδαμνον,
1196 561 1249 617 ἐν
1303 568 1419 626 τοῖς
1477 562 1822 638 παραθαλατ-

1974 570 2197 635 nventa,
2216 581 2323 636 per
2341 563 2705 619 Adriaticum
2724 578 2887 618 mare
2909 560 3236 634 navigavit;
3272 560 3408 617 inde
3436 563 3588 632 Tyr—

154 650 461 721 τίοιςνηὸς
492 648 798 731 ἐπιτυχὼν,
841 646 998 708 ἔπλει
1053 653 1117 708 τὸ
1171 651 1511 728 Ἀδριατικὸν
1570 653 1829 727 πέλαγος,

157 739 415 803 κάκεῖθεν
470 735 664 802 ἐπιϐάς
750 745 848 796 τοῦ
906 741 1269 818 Τυρρηνικοῦ,
1320 743 1411 798 καὶ
1468 739 1826 818 παραμείϐων

159 831 375 899 νήσους
400 850 459 885 τε
488 830 577 885 καὶ
630 828 848 900 πόλεις,
881 828 1313 907 ὑποδειχθέντων
1345 833 1424 904 τῷ
1455 833 1598 910 ἀγίῳ
1632 832 1825 888 [Ιοτιό-

163 917 311 985 λων,
343 918 504 980 οὗτὸς
541 920 633 992 μὲν
663 917 895 992 ἐξελθεῖν
931 918 1203 989 ἔσπευδεν,
1236 923 1356 977 κατ’
1397 920 1551 997 ἴχνος
1589 919 1822 998 βαδίζειν

162 1005 376 1063 ἐθέλων
406 1013 503 1063 τοῦ
526 1007 840 1064 ἀποστόλου
873 1008 1117 1066 Ηαύλοὺ.
1148 1011 1237 1073 Ὡς
1270 1008 1326 1065 δὲ
1354 1009 1610 1066 ἐπιπεσὸν
1646 1011 1824 1086 βίαιον

160 1101 388 1169 πνεῦμα
418 1097 480 1152 οὐ
514 1099 839 1173 συνεχώρει,
870 1106 972 1169 τῆς
1003 1100 1138 1169 νηὸς
1184 1099 1242 1155 ἐκ
1300 1100 1554 1176 πρύμνης
1611 1101 1825 1176 ἐπειγο-

167 1187 366 1260 μένης,
400 1186 699 1262 μακαρίσας
755 1188 854 1255 τὴν
904 1185 955 1242 ἐν
1008 1187 1200 1262 ἐκείνῳ
1227 1194 1301 1262 νῷ
1332 1189 1485 1262 τόπῳ
1513 1195 1621 1244 τῶν
1653 1188 1823 1246 ἀδελ-

162 1280 289 1354 φῶν
312 1274 549 1349 ἀγάπην,
598 1275 741 1330 οὕτω
797 1275 1087 1352 παρέπλει.
1122 1280 1427 1355 Τοιγαροῦν
1461 1277 1512 1333 έν
1551 1284 1649 1351 μιᾷ
1680 1280 1824 1352 ἡμέ-

169 1386 241 1441 ρᾳ
274 1365 363 1421 καὶ
395 1366 547 1421 νυκτὶ
576 1370 645 1439 τῇ
689 1368 827 1440 αὐτῇ
887 1367 1097 1442 οὗρίοις
1154 1367 1377 1442 ἀνέμοις
1430 1372 1825 1445 προσχησάμε-

159 1476 279 1522 νοι,
310 1458 476 1526 ἡμεῖς
512 1456 605 1527 μὲν
639 1454 861 1518 ἄκοντες
920 1458 1266 1532 ἀπηγόμεθα,
1327 1459 1595 1521 στένοντες
1629 1459 1716 1513 ἐπὶ
1746 1461 1825 1532 τῷ

166 1542 265 1619 ἀφ’
293 1543 455 1615 ἡμῶν
492 1539 755 1614 μέλλοντι
787 1548 1061 1619 χωρισμῴ
1082 1549 1180 1599 τοῦ
1210 1542 1431 1601 δικαίου
1452 1547 1712 1623 γίνεσθαι’
1736 1552 1827 1619 Τῷ

168 1627 231 1685 δὲ
270 1632 388 1684 κατ’
414 1629 583 1705 εὐχήν
616 1625 901 1685 ἀπέϐαινεν
935 1630 1223 1688 σπεύδοντι
1278 1636 1465 1689 θᾶττον
1528 1635 1827 1711 ἀναχωρῆ-

169 1740 262 1774 σαι
292 1723 389 1775 τοῦ
417 1719 652 1793 κόσμου,
709 1720 800 1774 ἳνα
830 1722 1004 1797 φθάσῃ
1067 1723 1203 1797 πρὸς
1256 1723 1314 1778 ὃν
1379 1723 1664 1801 ἤγάπησεν
1714 1724 1824 1781 K6-

168 1828 310 1884 ριον,
359 1806 755 1872 Καταπλεύσας
783 1813 910 1886 γοῦν
945 1810 1023 1874 εἷς
1050 1812 1177 1874 τοὺς
1238 1809 1464 1884 λιμένας
1513 1813 1823 1886 Ῥωμαίων,

1941 656 2194 711 rhenum
2244 656 2561 727 ingressut,
2623 653 2848 709 insulas
2897 657 2957 707 et
3010 652 3274 708 civitates
3331 652 3587 722 transiit,

1940 746 2309 815 ostensisque
2342 749 2544 799 sancto
2567 744 2689 798 viro
2719 741 3003 810 Puteolis,
3025 742 3148 814 ipse
3164 742 3409 813 quinem
3432 758 3594 813 egre-

1941 833 1998 888 di
2030 833 2326 905 cupiebat,
2356 850 2490 888 cum
2512 832 2690 887 vellet
2719 848 2826 904 per
2853 830 3098 904 vestigia
3138 830 3304 887 Pauli
3336 830 3591 902 apostoli

1936 923 2212 978 incedere
2234 921 2301 976 ⁸³.
2335 924 2480 978 Cum
2511 939 2647 977 vero
2679 923 2915 976 irruens
2944 926 3153 975 ventus
3181 920 3592 975 vehementior

1944 1012 2004 1068 id
2030 1029 2151 1067 non
2182 1017 2485 1082 pateretur
2539 1028 2682 1066 nave
2714 1027 2748 1065 a
2779 1010 2958 1082 puppi
3018 1008 3293 1079 impulsa,
3352 1009 3585 1064 beatam

1937 1102 2280 1174 prmdicavit
2310 1101 2658 1156 cliaritatem
2716 1100 2965 1154 fratrum
3028 1099 3186 1153 illius
3247 1098 3386 1164 loci,
3421 1104 3479 1152 et
3503 1099 3587 1153 sic

1936 1190 2462 1262 prmternavigavit.
2490 1190 2670 1261 lgitur
2701 1206 2818 1244 uno
2843 1189 2936 1243 die
2965 1194 3023 1243 et
3052 1193 3222 1243 nocte
3253 1187 3461 1242 eadem
3492 1204 3584 1241 se-

1940 1280 2149 1335 cundis
2182 1280 2368 1334 ventis
2399 1280 2490 1333 usi
2515 1278 2981 1343 abducebantur,
3007 1293 3114 1332 nos
3132 1275 3370 1346 quidem
3396 1276 3584 1342 inviti,

1934 1373 2244 1441 gementes
2273 1368 2347 1423 ob
2370 1367 2975 1439 separationemjusti
3002 1366 3169 1420 illius
3193 1382 3227 1419 a
3256 1365 3430 1419 nobis
3455 1380 3588 1419 mox

1938 1459 2304 1513 futuram.At
2334 1457 2385 1511 ei
2419 1474 2492 1511 ex
2522 1462 2656 1510 voto
2687 1473 2782 1510 res
2806 1454 3522 1525 contingebat,festinanti
3556 1469 3586 1505 e

1936 1547 2158 1602 mundo
2185 1545 2487 1601 discedere
2518 1550 2586 1600 ut
2614 1545 2686 1599 ad
2720 1544 2999 1600 dilectum
3035 1544 3350 1599 Dominum
3380 1558 3585 1613 perve-

1936 1637 2111 1691 niret.
2145 1637 2333 1701 Quare
2365 1652 2499 1690 cum
2532 1634 2861 1706 navigando
2893 1634 3259 1707 pervenisset
3288 1632 3349 1687 in
3378 1637 3588 1703 portus

1935 1730 2359 1792 Romanorum,
2389 1726 2643 1796 ﬁnisque
2658 1725 2950 1781 immundi
2970 1722 3290 1795 spectaculi
3314 1721 3586 1776 immine-

1933 1823 2045 1882 ret,
2079 1816 2300 1872 milites
2333 1816 2671 1872 tarditatem
2703 1832 2855 1887 wgre
2887 1814 3158 1869 ferebant
3185 1830 3198 1878 ;
3260 1818 3322 1867 at
3352 1811 3583 1882 episco-

170 1895 495 1971 μελλούσης
530 1895 708 1972 λέγειν
737 1904 839 1967 τῆς
898 1898 1200 1969 ἀκαθάρτου
1259 1900 1600 1979 φιλοτιμίας,
1636 1904 1686 1957 οἱ
1718 1904 1817 1974 μὲν

1974 1922 2037 1960 us
2067 1905 2328 1978 gaudens
2358 1904 2706 1977 urgentibus
2727 1904 2994 1975 parebat.

169 1991 507 2058 στρατιῶται
539 1987 669 2061 ὑπὲρ
694 1994 795 2057 τῆς
826 1985 1162 2064 βραδυτῆτος
1193 1988 1508 2065 ἤσχαλλον,
1543 1992 1570 2046 ὁ
1604 1989 1659 2046 δὲ
1690 1990 1983 2056 ἐπίσκοπος
2016 1994 2223 2069 χαίρων
2250 1992 2655 2067 κατεπείγουσιν
2691 1992 3015 2062 ὑπήκουσεν.

1272 2118 1363 2172 νι·
1394 2120 1645 2188 Ignatius
1677 2123 1864 2178 Romae
1892 2138 1927 2175 a
1958 2119 2140 2175 bestiis
2176 2120 2488 2175 devoratur.

246 2236 483 2298 Ἐκεῖθεν
524 2234 616 2289 οὖν
648 2235 929 2307 ἐώσθησαν
988 2236 1094 2291 ἀπὸ
1150 2242 1247 2293 τοῦ
1300 2239 1642 2313 καλουμένου
1675 2242 1821 2318 Ιιόρ⁸

166 2344 271 2379 του
303 2325 381 2397 (6)
438 2321 835 2403 διεπεφήμιστο
890 2327 992 2401 γάρ
1050 2323 1159 2396 ἣδη
1210 2327 1277 2381 τὰ
1328 2329 1468 2383 κατά
1520 2330 1613 2385 τὸν
1674 2331 1828 2407 ἅγιον

171 2413 467 2488 μάρτυρα)ο
530 2419 877 2488 συναντῶμεν
909 2418 1021 2487 (10)
1070 2420 1188 2476 τοῖς
1251 2414 1509 2492 ἀδελφοῖς
1558 2414 1712 2496 φόϐῳ
1741 2421 1829 2475 καὶ

166 2506 322 2577 χαρᾷ
351 2502 840 2577 πεπληρωμένοις,
895 2504 1183 2578 χαίρουσιν
1244 2505 1337 2576 μὲν
1395 2505 1477 2584 ἐφ’
1507 2509 1596 2568 οἷς
1626 2508 1826 2582 ἡξίωνυ

165 2612 235 2647 το
265 2597 369 2659 τῆς
400 2595 498 2645 τοῦ
533 2592 809 2668 Θεοφόρου
842 2591 1153 2668 συντυχίας,
1187 2589 1552 2671 φοϐουμένοις
1575 2594 1652 2664 δὲ,
1687 2595 1827 2653 διότι

168 2700 275 2754 περ
306 2679 393 2734 ἐπὶ
427 2680 651 2744 θάνατον
687 2682 715 2735 ὁ
746 2686 996 2743 τοιοῦτος
1059 2678 1246 2757 ἤγετο.
1307 2683 1431 2739 Τισὶ
1465 2682 1521 2738 δὲ
1552 2686 1643 2740 καὶ
1673 2706 1822 2761 παρ-

167 2767 448 2843 ήγγελλεν
476 2771 798 2845 ἡσυχάζειν,
841 2769 1019 2840 ζέουσι
1069 2772 1159 2826 καὶ
1220 2770 1442 2847 λέγουσι
1500 2776 1826 2831 καταπαύειν

164 2858 263 2912 τὸν
298 2855 478 2931 δῆμον
513 2859 653 2933 πρὸς
706 2859 770 2913 τὸ
826 2861 902 2932 μὴ
962 2858 1235 2930 ἐπιζητεῖν
1297 2859 1591 2917 ἀπολέσθαι
1621 2863 1713 2917 τὸν
1744 2861 1825 2918 δί-

167 2967 351 3002 καιον.
400 2949 498 3010 “Oc
552 2947 708 3012 εὐθὺς
766 2947 925 3023 γνοὺς
993 2953 1074 3021 τῷ
1131 2950 1418 3021 πνεύματι.
1478 2952 1568 3005 καὶ
1624 2953 1828 3017 πάντας

167 3036 577 3111 ἀσπασάμενος,
613 3037 841 3108 αῗτήσας
895 3057 953 3092 τε
1009 3040 1136 3113 παρ’
1194 3039 1368 3094 αὐτῶν
1426 3042 1525 3110 τήν
1559 3040 1826 3112 ἀληθινὴν

170 3127 418 3201 ἀγάπην,
449 3126 677 3182 πλείονά
698 3148 757 3182 τε
777 3131 885 3182 τῶν
914 3126 966 3183 ἐν
989 3131 1056 3202 τῇ
1090 3127 1352 3202 ἐπιστολῇ
1375 3126 1689 3209 διαλεχθεὶς
1712 3133 1824 3205 (11)

167 3215 264 3269 καὶ
293 3215 483 3277 πείσας
517 3217 592 3288 μὴ
627 3218 892 3292 φθονῆσαι
942 3221 1020 3288 τῷ
1079 3214 1365 3272 σπεύδοντι
1411 3219 1545 3287 πρὸς
1589 3220 1680 3273 τὸν
1717 3219 1824 3276 Κό-

2013 2243 2184 2298 Illinc
2215 2260 2350 2315 ergo
2383 2242 2660 2297 abierunt
2688 2242 2760 2297 ab
2821 2258 2912 2307 eo,
2973 2240 3073 2311 qui
3133 2239 3349 2293 dicitur
3378 2241 3588 2292 Portus

1938 2333 2087 2404 (jam
2117 2349 2252 2388 vero
2276 2348 2481 2403 sparsa
2499 2337 2625 2387 erat
2646 2332 2834 2386 sancti
2858 2329 3133 2401 martyris
3154 2329 3331 2398 fama)
3356 2344 3370 2394 ;
3396 2325 3591 2381 obvia-

1940 2438 2074 2476 mus
2104 2421 2384 2477 fratribus
2408 2426 2569 2476 metu
2592 2427 2650 2475 et
2668 2420 2882 2493 gaudio
2905 2418 3169 2490 repletis,
3195 2415 3588 2490 gaudentibus

1941 2510 2370 2580 quidem,quod
2391 2526 2710 2581 congressu
2729 2508 3059 2578 Theophori
3082 2509 3235 2561 Deus
3257 2507 3418 2576 ipsos
3432 2508 3591 2559 esset

1940 2599 2236 2671 dignatus,
2264 2599 2614 2653 timentibus
2639 2604 2857 2666 autem,
2883 2596 3041 2667 quod
3075 2595 3207 2650 talis
3229 2596 3315 2649 vir
3335 2594 3408 2649 ad
3431 2610 3592 2649 mor-

1940 2694 2059 2741 tem
2082 2687 2718 2752 duceretur.Qt:osdam
2744 2687 2922 2741 etiam
2946 2685 3198 2752 monuit,
3232 2690 3296 2739 ut
3322 2684 3589 2753 quiesce.

1938 2781 2089 2831 rent.
2126 2777 2227 2847 qui
2259 2776 2561 2831 fervebant
2610 2776 2986 2845 aiebantque,
3020 2791 3081 2828 se
3133 2772 3419 2844 populum
3462 2788 3590 2826 esse

1938 2865 2265 2931 sedaturos,
2302 2882 2374 2919 ne
2407 2865 2593 2919 virum
2619 2862 2848 2934 justum
2899 2861 2973 2917 ad
3032 2877 3239 2915 necem
3271 2865 3584 2930 quaareret.

1938 2954 2044 3019 Qui
2069 2971 2201 3008 cum
2235 2953 2549 3008 confestim
2579 2969 2705 3007 rem
2739 2952 2952 3023 spiritu
2975 2950 3343 3022 cognovisset
3372 2954 3430 3002 et
3459 2963 3584 3002 om-

1940 3059 2046 3097 nes
2104 3043 2434 3109 salutasset,
2469 3048 2526 3096 et
2556 3041 2627 3096 ab
2661 3042 2734 3095 iis
2768 3057 2969 3095 verum
3023 3056 3286 3093 amorem
3318 3038 3588 3109 pluribus

1938 3132 2153 3199 verbis,
2188 3149 2364 3202 quam
2394 3132 2453 3185 in
2486 3131 2757 3202 epistola,
2792 3130 3079 3200 petiisset,
3112 3128 3304 3198 iisque
3346 3143 3587 3198 persua-

1939 3221 2134 3290 sisset,
2169 3237 2241 3275 ne
2273 3220 2384 3274 sibi
2425 3220 2756 3275 inviderent
2788 3219 2862 3274 ad
2896 3217 3212 3273 Dominum
3260 3215 3588 3281 festinanti,

169 3325 318 3379 ριον,
352 3301 497 3360 οὕτω
532 3305 665 3376 μετά
722 3303 1074 3379 γονυνλισίας
1131 3306 1346 3361 πάντων
1403 3312 1510 3361 τῶν
1549 3305 1822 3387 ἀδελφῶν,

1974 3330 2123 3380 tunc,
2160 3318 2474 3383 postquam
2530 3312 2725 3366 cuncti
2768 3311 2981 3365 fratres
3038 3325 3229 3382 genua
3260 3307 3593 3373 flexissent,

168 3392 560 3467 παρακαλέσας
607 3394 700 3448 τὸν
735 3394 856 3449 Υὶὸν
884 3399 982 3449 τοῦ
1044 3398 1178 3449 Θεοῦ
1239 3395 1371 3469 ὑπὲρ
1426 3402 1531 3450 τῶν
1590 3396 1831 3468 Ἐκκλη-

169 3486 335 3551 σιῶν,
369 3482 501 3557 ὑπὲρ
531 3485 631 3547 τῆς
668 3486 765 3537 τοῦ
819 3480 1071 3558 διωγμοῦ
1127 3483 1537 3553 καταπαύσεως,
1569 3486 1700 3559 ὑπὲρ
1732 3493 1831 3556 τῆς

171 3576 293 3626 τῶν
342 3569 592 3649 ἀδελφῶν
646 3571 725 3633 εἰς
785 3570 1071 3642 ἀλλήλους
1122 3572 1358 3646 ἀγάπης,
1418 3574 1645 3649 ἀπήχθη
1701 3576 1833 3647 μετᾶ

179 3657 430 3728 σπουδῆς
464 3663 538 3723 είς
565 3661 628 3714 τὸ
685 3661 1074 3736 ἀμφιθέατρον.
1127 3661 1263 3717 Εἶτα
1320 3660 1473 3725 εὐθὺς
1535 3660 1834 3736 ἐμϐληθεὶς

173 3749 411 3804 κατὰτὸ
439 3748 609 3804 πάλαι
656 3751 978 3825 πρόσταγμα
1024 3751 1121 3805 τοῦ
1182 3751 1446 3827 Καίσαρος
1504 3754 1640 3826 (12),
1695 3754 1831 3827 μελ-

176 3838 404 3895 λουσῶν
450 3840 774 3895 καταπαύειν
824 3845 933 3896 τῶν
965 3840 1300 3917 φιλοτιμιῶν
1357 3842 1444 3912 (ἦν
1503 3843 1606 3919 γάρ
1635 3842 1827 3921 ἐπιφαο

169 3929 298 3996 νής,
361 3928 434 3990 ὡς
491 3925 734 3999 ἐδόκουν,
785 3931 820 3999 ἡ
881 3927 1154 4007 λεγομένη
1212 3934 1281 4003 τῇ
1335 3931 1624 4003 Ῥωμαῖκῇ
1679 3937 1830 4009 φωνῇ

169 4014 601 4091 τριπαιδέκάτη
663 4020 798 4090 (13),
852 4020 973 4082 καθ’
1030 4019 1097 4087 ἢν
1156 4017 1466 4081 σπουδαίως
1526 4021 1830 4095 συνῄεσαν),

171 4105 360 4168 οὕτως
393 4106 585 4178 θηρσὶν
615 4106 793 4180 ὠμοῖς
821 4107 970 4181 παρά
1014 4111 1093 4176 τῷ
1148 4113 1262 4180 ναῷ
1287 4104 1666 4183 παρεϐάλλετο
1696 4112 1830 4183 (14),

175 4193 259 4256 ὡς
287 4194 413 4267 παρ’
445 4193 579 4249 αὐτὰ
632 4198 730 4249 τοῦ
762 4195 923 4271 άγίου
959 4197 1233 4269 μάρτυρος
1265 4197 1528 4271 Ἰγνατίου
1577 4196 1829 4272 πληροῦ-

170 4295 302 4347 σθαι
337 4286 436 4352 τὴν
468 4283 757 4356 ἐπιθυμίαν
790 4289 921 4355 (15),
943 4286 1079 4340 κατά
1134 4289 1196 4341 τὸ
1240 4289 1641 4363 γεγραμμένον·
1687 4290 1833 4343 Ἐπι-

171 4371 353 4445 θυμία
384 4370 597 4428 δικαίου
630 4371 813 4444 δεκτή⁶
864 4375 952 4429 ἳνα
1015 4372 1202 4448 μηδενὶ
1262 4382 1371 4431 τῶν
1426 4375 1678 4455 ἀδελφῶν
1702 4377 1828 4431 ἐπα-

170 4463 325 4536 χθὴς
350 4459 438 4516 διὰ
465 4469 563 4531 τῆς
598 4460 880 4536 συλλογῆς
934 4467 1031 4517 τοῦ
1065 4462 1317 4538 λειψένου
1371 4464 1620 4539 γένηται,
1652 4468 1829 4529 καθὼς

169 4563 386 4628 φθασας
417 4550 469 4605 ἐν
497 4555 565 4624 τῇ
618 4549 885 4625 ἐπιστολῇ
934 4553 1032 4621 τήν
1095 4551 1235 4608 ἰδίαν
1298 4554 1555 4627 ἐπεθύμει
1586 4556 1830 4629 γενέσθαι

160 4638 473 4696 τελείωσιν.
512 4640 659 4697 Μὸνα
690 4640 792 4713 γὰρ
824 4639 891 4695 τὰ
919 4640 1231 4717 τραχύτερα
1262 4649 1371 4698 τῶν
1429 4643 1600 4718 ἀγίων
1660 4643 1825 4699 αὐτοῦ
1858 4678 1901 4740 D

166 4728 448 4802 λειψάνων
502 4726 853 4806 περιελείφθη
888 4770 904 4797 ,
973 4730 1127 4784 ἅτινα
1182 4732 1257 4794 εἷς
1316 4733 1415 4801 τήν
1477 4732 1821 4811 Ἀντιόχειαν

241 4918 293 4955 ⁸³
321 4922 449 4977 Act.
482 4937 676 4990 xxvm,
710 4921 798 4988 13,
832 4924 918 4976 14.
994 4919 1043 4955 ³⁴
1070 4922 1238 4976 Prov.
1270 4938 1330 4988 ι,
1362 4923 1451 4981 24.

239 5113 319 5176 (9|
354 5109 533 5183 Hodie
565 5109 612 5164 Il
642 5112 810 5165 Porto
839 5128 1021 5183 prope
1055 5111 1288 5166 ostiam.

244 5184 357 5249 (10)
394 5182 477 5236 lta
508 5190 786 5238 mouente
819 5183 1066 5237 Smithio
1100 5182 1359 5237 restituit
1393 5182 1758 5238 Jacobsonus
1792 5200 1821 5237 e

167 5253 379 5339 codice
438 5253 704 5307 Pariensi
764 5271 868 5325 pro
922 5253 1154 5325 vulgata
1213 5255 1466 5309 lectione
1524 5252 1617 5306 σὺν
1678 5253 1824 5324 αὐτῷ

225 5345 357 5465 ι(ῒί)
390 5395 461 5449 Sc
518 5394 577 5448 in
618 5395 878 5465 Epistola
910 5413 1017 5452 sua
1054 5396 1129 5451 ad
1160 5398 1476 5452 Romanos.

238 5470 354 5537 (1'2)
387 5465 479 5519 Sic
506 5465 770 5535 loquitur
800 5467 1057 5539 Martyrii
1091 5471 1363 5539 scriptor,
1388 5467 1526 5537 quia
1554 5472 1689 5522 ante
1714 5468 1825 5522 ali-

168 5544 320 5630 quot
369 5552 608 5591 menses
669 5539 1029 5594 sententiam
1097 5540 1512 5610 pronuntiarat
1539 5540 1824 5610 TraJanus

171 5614 357 5751 “(12%)
394 5679 658 5751 Scuante
706 5680 996 5751 Kalendas
1041 5666 1372 5751 Ianuarias,
1404 5686 1472 5735 ut
1528 5697 1599 5735 ex
1630 5698 1757 5751 cap.
1793 5682 1825 5732 7

168 5746 424 5825 apparet
451 5766 464 5803 :
500 5746 726 5821 Εγένετὸ
759 5748 816 5804 δε
843 5754 1011 5806 ταῦτα
1040 5757 1105 5820 τῆ
1139 5752 1246 5827 πρὸ
1278 5746 1574 5825 δεκατριῶν
1604 5746 1827 5806 Καλαν-

1937 3402 2182 3473 ipseque
2216 3401 2428 3455 Filium
2464 3401 2563 3456 Dei
2586 3418 2692 3473 pro
2722 3399 3000 3454 Ecclesiis
3032 3405 3089 3453 et
3118 3414 3223 3469 pro
3255 3396 3584 3451 cessatione

1938 3490 2370 3562 persecutionis
2393 3497 2576 3561 etpro
2592 3496 2795 3545 mutuo
2829 3489 3075 3543 fratrum
3108 3488 3263 3541 inter
3291 3503 3353 3541 se
3384 3501 3585 3540 amore

1942 3586 2219 3651 precatus
2247 3585 2421 3648 esset,
2479 3578 2767 3634 abductus
2800 3583 2888 3633 est
2919 3577 3228 3633 confestim
3261 3577 3321 3630 in
3352 3574 3585 3646 amphi-

1938 3670 2257 3725 theatrum.
2292 3669 2440 3723 Dein
2471 3669 2628 3723 illico
2660 3669 2724 3722 in
2764 3667 2821 3722 id
2860 3668 3163 3722 immissus
3204 3683 3274 3721 ex
3305 3665 3583 3721 mandato

1936 3758 2185 3813 Caesaris
2216 3757 2446 3829 pridem
2478 3757 2636 3823 dato,
2683 3757 2799 3812 fine
2860 3756 3328 3827 spectaculorum
3385 3754 3585 3810 immi-

1940 3852 2120 3901 nente
2150 3851 2300 3915 (erat
2322 3847 2478 3899 enim
2512 3845 2820 3913 solemnis,
2865 3852 2930 3900 ut
2961 3845 3268 3916 putabant,
3300 3844 3447 3911 dies,
3482 3843 3582 3912 qui

1937 3935 2156 3990 dicitur
2185 3938 2447 3990 Romana
2476 3933 2674 4005 lingua
2705 3934 2912 3988 tertius
2942 3933 3228 3999 decimus,
3290 3949 3404 4001 quo
3458 3937 3586 3985 stu-

1938 4024 2106 4080 diose
2137 4028 2574 4094 convenerant),
2609 4023 2693 4077 sic
2714 4022 3053 4078 crudelibus
3085 4021 3224 4076 feris
3249 4020 3416 4091 juxta
3442 4025 3585 4073 tem-

1936 4113 2100 4184 plum
2128 4119 2216 4166 est
2246 4112 2533 4183 objectus,
2568 4117 2635 4166 ut
2663 4111 2825 4166 illico
2858 4109 3044 4164 sancti
3079 4108 3353 4179 martyris
3376 4107 3581 4177 lgnatii

1937 4201 2287 4272 impleretur
2316 4200 2699 4268 desiderium,
2732 4204 2907 4271 prout
2949 4198 3235 4269 scriptum
3268 4202 3394 4252 est:
3428 4198 3577 4251 Desi-

1935 4291 2147 4344 derium
2164 4291 2309 4359 justi
2328 4296 2405 4344 est
2435 4295 2712 4359 acceptum
2732 4288 2805 4354 3‘;
2826 4293 2890 4342 ut
2917 4303 3129 4358 nempe
3160 4285 3309 4341 nulli
3332 4285 3581 4339 fratrum

1936 4379 2127 4451 gravis
2157 4379 2326 4433 fieret
2346 4378 2421 4433 ob
2454 4394 2693 4433 suarum
2726 4376 3116 4447 reliquiarum
3147 4374 3586 4439 collectionem,

1939 4467 2443 4538 quemadmodum
2477 4468 2641 4538 prius
2673 4467 2732 4520 in
2765 4466 3014 4536 epistola
3059 4470 3381 4535 optaverat,
3417 4480 3585 4518 suam

1936 4558 2507 4613 consummationem
2536 4557 2682 4611 ﬁeri.
2710 4556 2856 4610 Sola:
2880 4555 3035 4608 enim
3063 4554 3332 4609 duriores
3357 4560 3587 4609 sancta-

1934 4663 2067 4700 rum
2085 4648 2214 4716 ejus
2235 4647 2619 4717 reliquiarum
2646 4653 2838 4716 partes
2862 4644 3102 4711 relicta),
3126 4649 3184 4696 et
3210 4641 3581 4697 Antiochiam

1933 4735 2145 4791 ablatas
2176 4742 2516 4805 sunt,atque
2540 4735 2600 4789 in
2625 4735 2808 4790 linteo
2831 4732 3136 4803 depositas,
3170 4737 3233 4785 ut
3266 4731 3578 4785 thesaurus

1932 5108 2037 5165 δῶν
2075 5110 2467 5177 Ἰαννουαρίωκ.
2503 5114 2604 5168 Die
2638 5114 2738 5166 illo
2775 5109 3232 5166 celebrabantur
3262 5109 3415 5164 binis
3450 5109 3577 5165 die-

1932 5186 2041 5239 bus
2074 5183 2382 5253 Sigillaria,
2416 5185 2655 5253 adjectA
2685 5180 3113 5238 Saturnalibus.

2005 5259 2114 5323 (14)
2140 5252 2284 5309 Erat
2313 5257 2813 5326 ainphitheatrum
2872 5261 2974 5308 aut
3022 5254 3146 5326 ξΙονὶ
3210 5252 3445 5326 Latiari,
3479 5257 3581 5305 aut

1934 5327 2152 5398 Stygio,
2184 5335 2243 5381 et
2274 5324 2471 5382 Dianas
2503 5344 2734 5383 sacrum
2760 5344 2775 5392 ;
2801 5324 3189 5398 quamobrem
3219 5325 3437 5398 mirum
3460 5339 3580 5398 non

1935 5395 2173 5465 est,'hic
2206 5400 2411 5469 templi
2450 5395 2833 5454 mentionem,
2874 5395 3022 5469 fieri.
3081 5396 3247 5451 CLaa.
3288 5397 3459 5469 V_et_us
3496 5396 3581 5469 in-

1937 5475 2162 5541 terpres
2195 5465 2475 5541 non—legii
2503 5474 2583 5540 τῷ
2637 5472 2766 5538 ναῷ,
2828 5468 3007 5541 habet
3038 5468 3196 5541 enim
3227 5483 3241 5541 _:
3275 5465 3583 5541 abjmpiis.

1935 5532 2184 5595 fortasse
2218 5532 2430 5610 legens
2449 5558 2460 5594 :
2524 5532 2680 5594 παπὰ
2720 5532 2842 5592 ’τῶν
2900 5536 3135 5592 ἀνοσίων
3191 5538 3310 5593 sive
3341 5532 3582 5609 ἀνομων.

1938 5613 2102 5667 Ξκιτιι

2009 5684 2121 5753 (15)
2156 5682 2295 5737 Vide
2327 5683 2447 5752 lgn.
2480 5683 2570 5738 ad.
2602 5686 2755 5738 Rom.
