3956 6308
828 580 1059 636 CAPUT
1095 581 1166 635 II.

256 718 467 778 Postea
496 734 633 779 vero
665 734 799 778 cum
830 734 989 779 nono
1022 739 1178 779 anno
1210 722 1373 795 regni
1407 710 1497 776 sui
1544 714 1833 791 Trajanus

174 817 516 867 remeasset
544 812 617 867 de
646 812 890 869 victoria
920 814 1267 885 Scytharum
1302 817 1359 865 et
1386 813 1608 866 Dacum
1652 814 1711 865 et
1741 804 1835 862 di-

178 916 490 957 versarum
522 903 788 973 gentium
815 918 828 969 ;
860 908 918 959 et
946 904 1185 974 putaret
1211 901 1371 973 quod
1413 904 1614 972 posset
1657 907 1831 953 suum

176 991 504 1064 imperium
526 992 823 1062 amittere,
855 993 971 1049 nisi
1003 993 1473 1048 Christianorum
1496 990 1833 1063 piissimum

174 1078 406 1136 cultum
433 1075 506 1136 ad
524 1075 920 1138 idololatriam
941 1076 1279 1148 inclinaret;
1305 1090 1511 1136 omnes
1526 1073 1629 1133 Dei
1644 1074 1831 1133 culto-

174 1184 279 1226 res
311 1171 413 1226 aut
442 1168 801 1239 sacrificare,
846 1174 947 1226 aut
995 1172 1154 1227 certe
1212 1171 1361 1226 mari
1416 1162 1829 1241 compellebat.

176 1264 345 1316 Tunc
370 1258 589 1317 timens
619 1274 725 1333 pro
757 1254 1019 1317 Ecclesia
1049 1260 1557 1317 Antiochenorum
1579 1255 1832 1314 fortissi-

177 1364 319 1405 mus
352 1349 570 1406 Christi
601 1348 774 1407 miles
810 1344 1092 1424 ignalius,
1123 1346 1278 1405 ultro
1310 1349 1573 1422 perrexit
1603 1348 1676 1404 ad
1694 1346 1831 1405 Tra‘

171 1443 415 1515 janum,
452 1444 854 1497 transeuntem
886 1435 990 1496 illo
1021 1448 1289 1513 tempore
1317 1455 1423 1513 per
1437 1434 1831 1505 Antiochiam,

177 1536 244 1587 et
264 1530 647 1586 festinantem
673 1524 746 1586 ad
767 1530 1110 1587 Armeniam
1135 1530 1194 1586 et
1217 1527 1750 1599 Parthos.Cumque
1773 1528 1834 1582 in

177 1620 401 1675 faciem
429 1618 585 1692 regis
641 1616 877 1692 Trajani
938 1615 1241 1689 astilisset,
1299 1613 1587 1689 Trajanus
1641 1616 1832 1672 dixit:

182 1730 213 1760 α
253 1704 395 1773 Quis
428 1724 488 1763 es
515 1713 599 1775 tu,
632 1708 1032 1777 cacodzemon,
1064 1710 1165 1779 qui
1192 1708 1396 1763 nostra
1424 1708 1718 1779 praecepta
1748 1703 1835 1762 fe-

186 1799 378 1853 stinas
410 1798 762 1871 transgredi.
797 1805 855 1853 et
882 1798 1015 1854 aliis
1045 1792 1366 1869 persuades
1396 1803 1463 1853 ut
1518 1796 1667 1852 male
1697 1807 1831 1868 per-

186 1888 383 1944 eant?
415 1909 442 1938 »
472 1888 732 1959 Ignatius
763 1887 949 1942 dixit:
983 1910 1011 1937 ‹‹
1045 1889 1226 1942 Nemo
1275 1887 1687 1957 'l‘heophorum
1737 1902 1831 1941 ca-

182 1977 596 2034 codarmonem
626 1982 795 2032 vocat
820 1994 835 2044 ε
868 1975 1039 2049 longe
1070 1977 1230 2031 enim
1262 1992 1297 2030 a
1327 1976 1508 2030 servis
1538 1974 1641 2030 Dei
1671 1991 1835 2030 rece-s
1868 1952 1912 2013 Β

175 2068 330 2123 dunt
346 2067 669 2121 (immanes.
690 2064 823 2121 Scio
847 2065 1089 2136 quidem
1108 2066 1248 2136 quia
1268 2064 1550 2119 molestus
1567 2065 1652 2118 eis
1666 2076 1798 2119 sum
1822 2076 1834 2131 ;

182 2160 502 2229 propterea
530 2168 623 2210 me
656 2150 809 2210 male
841 2152 1313 2209 cacodaemenem
1348 2152 1585 2209 vacasti.
1637 2152 1836 2208 Conli-

178 2252 311 2301 teor
340 2245 503 2301 enim
536 2261 630 2299 me
656 2240 957 2300 Christum
983 2259 1179 2316 regem
1205 2242 1422 2298 habere
1449 2260 1461 2297 :
1497 2242 1557 2297 et
1575 2236 1833 2297 dissolvo

180 2335 422 2390 illorum
457 2332 726 2388 consilia.
756 2355 786 2383 ››
817 2334 1105 2405 Trajanus
1149 2332 1335 2387 dixit:
1389 2356 1417 2382 π
1446 2334 1518 2386 Et
1562 2332 1698 2402 quis
1748 2337 1840 2386 est

180 2422 569 2491 Theophorus
592 2416 620 2475 7
641 2439 669 2470 »
703 2421 963 2492 Ignatius
992 2420 1182 2477 dixit;
1222 2444 1241 2467 ι
1277 2420 1383 2484 Qui
1408 2419 1707 2474 Christum
1732 2419 1837 2473 ha~

182 2512 285 2567 bet
308 2509 370 2565 in
401 2516 661 2582 pectore.
694 2531 725 2561 »
757 2503 1049 2581 Trajanus
1082 2504 1271 2565 dixit:
1300 2529 1328 2559 »
1359 2510 1430 2563 Et
1458 2518 1566 2563 nos
1595 2504 1835 2563 nontibi

182 2596 458 2655 videmur
486 2590 705 2655 habere
734 2599 875 2654 deos
925 2599 986 2653 in
1036 2604 1295 2671 pectore,
1349 2616 1495 2669 quos
1547 2589 1836 2652 habemus

183 2689 571 2747 auxiliatores
602 2696 808 2744 contra
836 2683 1085 2744 hostes?
1114 2707 1138 2732 ν
1170 2689 1431 2761 Ignatius
1478 2687 1662 2742 dixit:
1705 2707 1733 2736 ι(
1768 2684 1837 2741 Et

178 2779 481 2835 dmmonia
510 2780 777 2843 gentium
800 2778 941 2833 deus
964 2772 1519 2844 existimans,erras.
1556 2772 1716 2833 Unus
1747 2782 1837 2830 est

175 2867 340 2923 enim
366 2865 538 2936 Deus,
568 2864 666 2938 qui
690 2864 829 2921 fecit
848 2866 1060 2922 malum
1086 2868 1142 2922 et
1165 2866 1404 2935 terram,
1430 2877 1593 2921 mare
1626 2864 1683 2921 et
1705 2875 1834 2920 Om-

169 2957 275 3011 nia
306 2974 438 3027 quaa
470 2956 531 3010 in
575 2956 661 3011 eis
716 2960 894 3011 sunt:
953 2958 1010 3009 et
1067 2972 1225 3010 unus
1271 2955 1614 3026 unigenitus
1663 2957 1831 3009 Jesus

171 3045 444 3100 Christus
474 3039 657 3099 Filius
689 3045 838 3115 ejus,
872 3043 1042 3114 cujus
1072 3044 1399 3098 amicitiam
1458 3042 1762 3114 acquisivi.
1800 3065 1827 3093 »

171 3136 468 3206 Trajanus
498 3132 683 3188 dixit:
747 3152 774 3183 ‹‹
808 3134 1164 3189 Cruciﬂxum
1216 3134 1363 3188 dicis
1395 3144 1429 3188 a
1482 3135 1690 3188 Pontio
1724 3134 1828 3187 Pi-s

172 3224 336 3279 lato?
370 3244 397 3272 »
430 3222 688 3295 ignauus
718 3219 903 3277 dixit:
938 3246 963 3271 α
1009 3216 1178 3277 illum
1212 3217 1311 3293 qui
1372 3221 1661 3277 eruciiixit
1692 3231 1830 3293 pecs

1661 437 1942 504 IARTY
1949 438 2148 503 RIUM
2157 487 2171 501 .

1855 577 1911 641 Α,
1936 589 2073 630 cum
2105 575 2373 645 apostolo
2404 580 2504 630 tuo
2536 575 2720 630 Paulo
2749 573 2961 631 ferreis
2983 573 3230 630 vinculis
3276 564 3523 646 alligari.
3556 590 3584 627 ti

3475 435 3596 504 990

1942 664 2063 718 Hoc
2091 662 2315 733 dicens,
2349 671 2408 720 et
2438 682 2568 720 cum
2603 665 2809 721 lmtitia
2846 665 3178 737 suscipiens
3222 664 3476 732 vincula,
3529 664 3588 722 et

1940 760 2119 807 orans
2150 754 2341 824 primo
2373 772 2478 826 pro
2510 755 2791 820 Ecclesia,
2834 761 2893 809 et
2949 771 3081 810 eam
3129 771 3263 810 cum
3312 754 3590 826 lacrymis

1943 842 2369 898 commendans
2412 844 2698 910 Domino;
2747 844 2900 899 sicut
2949 844 3104 899 aries
3153 860 3404 915 magnus
3451 843 3592 898 boni

1941 926 2133 1002 gregis
2155 928 2296 1000 dux,
2319 948 2352 987 a
2373 928 2758 987 ferocissimis
2783 924 3070 987 militibus
3094 932 3595 999 ducebatur,cru-

1943 1019 2261 1076 delissimis
2275 1022 2821 1087 manibus,Romam
2834 1022 3039 1078 bestiis
3053 1022 3127 1078 ad
3140 1021 3567 1078 comestionem
3580 1061 3593 1075 .

2586 1154 2817 1213 CAPUT
2852 1151 2948 1213 Ill.

2012 1276 2312 1335 Tollentes
2344 1281 2521 1353 igitur
2549 1281 2783 1336 beatum
2838 1282 3152 1354 lgnatium,
3208 1280 3474 1353 pervenit
3516 1273 3589 1336 ad

1943 1362 2272 1424 Seleuciam
2299 1387 2311 1435 ;
2346 1366 2503 1425 unde
2533 1376 2592 1424 et
2621 1362 2892 1442 navigare
2925 1364 3276 1425 habuerunt.
3313 1368 3383 1424 Et
3410 1365 3595 1440 respi-

1944 1457 2107 1513 ciens
2130 1464 2367 1513 sanctUs
2415 1456 2672 1531 lgnatius
2720 1464 2852 1531 post
2902 1454 3153 1514 multum
3204 1458 3466 1514 laborem
3518 1452 3592 1513 ad

1944 1548 2382 1618 Smyrnaeorum
2401 1549 2719 1614 civitatem,
2745 1565 2876 1604 cum
2904 1547 3089 1604 multo
3113 1544 3324 1620 gaudio
3348 1547 3590 1603 descen-

1946 1632 2091 1692 dens
2119 1637 2191 1693 de
2220 1639 2374 1707 navi,
2406 1636 2727 1694 festinabat
2758 1638 3026 1694 sanctum
3060 1634 3447 1710 Polycarpum
3474 1634 3595 1709 epi-

1945 1736 2185 1797 scopum
2222 1728 2659 1799 Smyrnazorum
2693 1727 3097 1799 coadjutorem
3152 1744 3323 1783 suum
3370 1724 3594 1785 videre.

1943 1817 2204 1872 Fuerunt
2231 1823 2426 1871 autem
2476 1812 2650 1872 ambo
2707 1810 2979 1888 discipuli
3032 1812 3274 1872 JOannis
3320 1813 3590 1887 apostoli.

1944 1908 2125 1971 Quem
2159 1905 2268 1960 sibi
2302 1906 2623 1961 adductum
2658 1906 2863 1962 beatus
2893 1907 3250 1977 Polyoarpus
3279 1904 3507 1973 videns,
3534 1910 3591 1960 et

1944 1995 2399 2066 spiritualiterei
2422 1996 2891 2064 communicans,
2910 2001 2970 2051 et
2993 1994 3239 2049 vinculis
3270 1993 3401 2064 ejus
3421 2008 3592 2048 coeat-

1944 2078 2193 2143 sultans.
2227 2082 2393 2155 rogat
2422 2098 2555 2138 eum
2588 2085 2673 2139 ire
2705 2083 2779 2139 ad
2800 2082 3167 2155 propositum
3196 2094 3388 2139 suum.
3413 2082 3592 2154 Magis

1942 2180 2138 2229 autem
2173 2174 2571 2228 communiter
2609 2175 2805 2229 omnis
2836 2172 3094 2229 Ecclesia
3121 2179 3285 2246 rogat
3321 2189 3456 2228 cum
3487 2187 3594 2244 per

1942 2268 2213 2319 sanctum
2245 2264 2590 2334 episcopum
2628 2264 3043 2334 Polycarpum.
3099 2268 3156 2317 et
3202 2279 3308 2333 per
3356 2267 3590 2317 sanctos

1938 2352 2316 2424 presbyteros
2347 2358 2404 2407 et
2435 2353 2739 2407 diaconos.
2788 2352 2899 2406 Sed
2950 2360 3008 2407 et
3058 2362 3264 2406 omnes
3311 2351 3589 2406 Ecclesia;

1938 2441 2091 2497 Asia;
2123 2440 2483 2497 festinabant
2515 2438 2589 2496 ad
2638 2454 2795 2511 eum,
2850 2444 2917 2497 ut
2963 2439 3462 2513 participarentnr
3515 2439 3588 2495 de

1939 2522 2231 2603 spirituali
2266 2532 2395 2602 ejus
2427 2523 2860 2587 benedictione.
2888 2530 3139 2587 Maxime
3162 2535 3360 2585 autem
3378 2532 3433 2584 et
3452 2546 3589 2584 san-

1940 2626 2099 2675 ctum
2136 2620 2519 2691 i’olyrarpum
2552 2621 2960 2688 hortabantur,
2996 2626 3060 2674 ut
3088 2636 3225 2675 cum
3272 2619 3585 2687 animaret,

1941 2725 2055 2779 quo
2087 2715 2534 2762 consummatus
2566 2724 2599 2762 a
2628 2704 2859 2775 bestiis,
2893 2708 3211 2761 invisibilis
3244 2706 3463 2761 mundo
3502 2707 3586 2759 ef~

1938 2798 2148 2864 fectus,
2180 2800 2646 2868 praesentaretur
2680 2795 2983 2851 obtutibus
3015 2794 3254 2851 Christi.

2009 2890 3583 2959 (20)................

2538 3012 2580 3073 E
2620 3012 2870 3075 CAPITE
2908 3012 2974 3072 ν.

2009 3174 2023 3195 .
2069 3179 2080 3192 .
2128 3172 2141 3192 .
2187 3172 2199 3191 .
2248 3178 2260 3191 .
2305 3178 2318 3191 .
2361 3139 2429 3192 Et
2468 3135 2679 3191 exinde
2711 3135 3115 3208 proficiscens,
3148 3135 3336 3206 Trojaa
3366 3144 3580 3205 approa

1932 3225 2258 3297 pinquavit.
2282 3223 2584 3282 Adductus
2608 3230 2802 3281 autem
2821 3220 3261 3296 Neapolim,per
3281 3220 3549 3294 Philippe
3565 3254 3576 3264 -

164 3319 391 3375 catum,
424 3318 484 3367 et
513 3313 881 3366 inventorem
914 3311 1081 3381 ejus;
1116 3317 1174 3366 et
1226 3306 1327 3381 qui
1374 3328 1491 3365 non
1533 3304 1825 3380 Iiustiiicat
1866 3315 1908 3381 (ζ
1938 3312 2056 3370 sios
2087 3316 2320 3370 transiit
2352 3308 2755 3370 Macedoniam
2786 3312 3059 3386 pedibus,
3084 3316 3143 3368 et
3170 3313 3413 3384 Epirum
3446 3330 3577 3383 qua)

160 3403 467 3459 idolorum
498 3400 864 3469 servitorem,
894 3401 998 3455 sed
1024 3401 1125 3471 qui
1158 3400 1218 3454 in
1253 3400 1429 3455 corde
1451 3417 1557 3455 suo
1588 3401 1700 3455 hoc
1724 3418 1815 3455 sa«

166 3493 277 3566 pit.
314 3512 341 3541 »
383 3491 671 3561 Trajanus
702 3489 886 3544 dixit:
935 3513 962 3538 «
995 3489 1079 3544 Tu
1128 3500 1263 3560 ergo
1318 3489 1379 3542 in
1420 3489 1607 3560 teipse
1656 3487 1816 3543 Chri~

168 3586 332 3636 stum
362 3576 601 3651 gestas?
634 3600 660 3627 »ι
696 3578 955 3650 igltatius
985 3576 1164 3631 dixit:
1200 3599 1227 3627 α
1266 3576 1493 3648 Utique.
1523 3576 1817 3649 Scriptum

170 3675 265 3723 est
300 3669 459 3722 enim
492 3685 503 3722 :
542 3662 816 3723 Habitaba
846 3669 903 3721 in
934 3669 1027 3734 eis,
1059 3672 1110 3721 et
1140 3660 1512 3721 inambulatio.
1552 3690 1572 3718 ι
1610 3660 1819 3738 Traja-

166 3775 285 3813 nus
317 3757 506 3812 dixit:
540 3776 568 3807 α
606 3756 897 3828 ignatium
926 3755 1152 3821 censui,
1187 3754 1482 3810 dicentem
1525 3756 1586 3810 in
1627 3756 1819 3827 seipso

164 3848 479 3904 continere
500 3846 873 3913 crucifixum,
910 3845 1167 3899 vinctum
1199 3861 1232 3899 a
1262 3845 1552 3899 militibus
1574 3844 1818 3916 perduci

163 3937 243 3994 ad
276 3950 551 4001 magnam
581 3933 791 3990 urbem
826 3934 1090 3990 Romam.
1116 3946 1311 3988 escam
1335 3934 1538 3989 bestiis
1562 3946 1665 4005 pro
1684 3944 1815 3990 avo-

167 4025 408 4082 catione
441 4023 661 4096 populi.
695 4045 722 4072 ››
749 4020 909 4079 lianc
930 4022 1287 4077 sententiam
1310 4020 1558 4077 audiens
1580 4030 1820 4079 sanctus

170 4122 405 4187 mattyr
434 4114 713 4186 Ignatius,
748 4130 882 4168 cum
938 4112 1152 4184 gaudio
1196 4113 1528 4182 exsultavit,
1578 4112 1817 4168 dicens:

173 4230 203 4258 α
239 4204 470 4259 Gratias
503 4203 606 4257 tibi
636 4219 763 4274 ago,
796 4202 1065 4269 Domine,
1099 4202 1379 4272 quoniam
1422 4216 1514 4256 me
1564 4203 1819 4272 perfecte

168 4293 483 4350 honorastl
515 4292 575 4345 in
607 4292 707 4346 tua
737 4290 1077 4357 dilectione,
1112 4294 1170 4345 et
1199 4290 1444 4362 dignum
1485 4302 1579 4345 me
1627 4281 1819 4348 fecieti

244 4448 359 4521 (20)
390 4444 689 4521 integrum
723 4436 980 4521 caput},
1016 4456 1149 4521 cum
1190 4449 1354 4516 parte
1406 4445 1672 4521 proxime
1723 4463 1816 4501 se-

164 4514 435 4593 quentis,
467 4514 635 4593 abest
667 4532 699 4571 a
731 4514 840 4571 ms.
900 4514 1288 4593 Cottoniano;
1337 4514 1466 4593 qua)
1518 4517 1755 4593 quidem
1791 4534 1821 4573 e

162 4584 345 4649 tertio
375 4584 811 4662 ignaﬁanarum
845 4584 1229 4659 epistolarum
1289 4584 1606 4642 collecto—re
1656 4586 1823 4644 Usse-

164 4666 298 4720 rius
327 4654 639 4787 "supplevit.

241 4734 358 4787 i2il
438 4744 523 4787 ea.
559 4755 585 4783 ‹(
617 4728 639 4786 Ἰ

438 4746 465 4786 e

266 4735 358 4806 2t)
392 4728 523 4806 [ἐς.
559 4755 585 4783 ‹‹
617 4728 1063 4806 Tyrrhenicum.
1101 4752 1129 4779 ››

264 4798 564 4930 22'{_Alter
617 4798 782 4857 vetus
839 4799 1180 4872 interpres:
1239 4816 1266 4851 (ἰ
1301 4798 1564 4883 Ostens'is
1614 4808 1817 4858 Sancto

264 4877 340 4930 :io
370 4885 442 4930 IS.
478 4892 506 4924 »
541 4870 638 4929 ubi
671 4865 985 4930 lenendum
1018 4895 1044 4921 ‹‹
1079 4864 1359 4926 Puteolis.
1395 4888 1421 4921 ι»
1457 4864 1560 4927 Hic
1617 4878 1815 4928 autem

159 4864 442 4945 Po'ciolis,
478 4892 506 4924 »
541 4870 638 4945 ubi
671 4864 1359 4945 legendum‘quuteqiis.
1395 4888 1421 4921 ι»
1457 4864 1560 4945 Hic
1617 4878 1815 4928 autem

159 4932 554 5015 Cottonia'nus
585 4932 901 5015 interpres.
955 4968 980 4991 ιι
1028 4932 1749 5015 Ρριηίοιιιιῃιρρὶεοορηω
1784 4957 1812 4997 ἡ

154 5012 495 5088 fabricavit,
530 5029 706 5088 quem
737 5008 795 5069 et
825 5020 1028 5071 sancto
1061 5008 1284 5088 lghatio
1343 5008 1572 5069 obviam
1614 5008 1815 5072 'exiSSe

156 5083 354 5155 ﬁnxit,
391 5083 724 5144 Griecbrum
784 5098 919 5157 quae
972 5083 1233 5141 vertebat
1290 5088 1567 5142 Actorum
1617 5088 1813 5142 minus

156 5166 325 5233 recte
343 5152 639 5233 percepta
670 5152 1214 5233 sen_tentla.__Ussen._

235 5225 922 5303 (23"Exactiorquidem
956 5225 1106 5285 alius
1136 5230 1304 5303 vetus
1334 5227 1648 5303 interpres.

228 5298 341 5375 (24)
379 5298 628 5373 Reliqua
658 5298 875 5375 horum
932 5302 1211 5375 Actorum
1262 5298 1540 5375 similiter
1580 5300 1812 5375 praesti—

155 5360 389 5439 tissem,
425 5360 545 5429 nisi
572 5371 912 5443 interpretis
943 5364 1268 5427 obstitisset
1312 5360 1547 5443 ἀκρισία,
1580 5360 1699 5443 'qui
1750 5366 1808 5426 in

1931 3409 2021 3458 est
2043 3404 2215 3474 juxta
2242 3403 2660 3474 Epidamnium
2685 3418 2854 3457 secus
2887 3417 3089 3468 mare;
3140 3407 3315 3471 atque
3368 3400 3579 3455 exinde

1930 3493 2127 3549 navim
2149 3493 2577 3561 conscendens,
2601 3491 2889 3564 navigavit
2908 3502 3014 3563 per
3039 3486 3401 3545 Adriaticum
3420 3489 3576 3560 pela-

1930 3596 2057 3656 gus.
2091 3579 2161 3636 Et
2190 3592 2324 3637 cum
2356 3581 2494 3637 inde
2525 3576 2872 3637 ascenderet
2910 3578 2983 3636 ad
3039 3578 3391 3653 Tyranicum
3440 3572 3571 3650 (21),

1931 3677 2235 3727 ostensum
2267 3668 2358 3726 est
2387 3676 2590 3727 sancto
2624 3662 2894 3726 Pontiolo
2926 3670 3036 3742 (22)
3070 3668 3365 3741 episcopo,
3418 3662 3577 3739 quod

1931 3762 2058 3834 ipse
2085 3761 2443 3816 transiturus
2466 3766 2641 3817 esset.
2665 3763 2733 3815 Et
2754 3760 2983 3815 obviam
3008 3762 3058 3814 ei
3081 3762 3306 3828 exiens,
3332 3759 3575 3813 testina-

1932 3850 2032 3904 bat
2062 3848 2225 3917 sequi
2260 3849 2389 3919 ejus
2420 3847 2663 3918 vestigia
2687 3852 2972 3917 tanquam
3004 3846 3256 3917 apestoli
3288 3846 3473 3900 Pauli.
3507 3847 3577 3898 Et

1931 3950 2051 3992 non
2083 3937 2274 4008 potuit
2304 3936 2494 4005 sequi,
2528 3932 2736 4006 spiritu
2769 3931 2932 3991 navis
2955 3946 3143 4006 prorae
3165 3930 3570 3988 incumbente.

1930 4022 2001 4081 Et
2028 4024 2311 4097 Ignatius,
2346 4016 2689 4079 beatiﬁcans
2716 4018 2778 4079 in
2809 4041 2877 4078 eo
2910 4018 3036 4078 loco
3057 4024 3297 4077 fratrem
3321 4038 3494 4076 suum
3516 4021 3577 4075 in

1932 4108 2250 4169 dilectione
2282 4110 2411 4182 (23),
2448 4112 2528 4166 ita
2561 4112 2867 4183 navigavit.
2912 4111 3171 4181 Denique
3204 4124 3323 4164 una
3373 4110 3467 4164 die
3520 4114 3578 4164 et

1935 4221 2001 4259 ea
2031 4209 2200 4258 nocte
2235 4202 2534 4273 prosperis
2564 4201 2755 4255 ventis
2786 4201 2897 4269 usi,
2932 4204 3327 4271 pervenerunt
3357 4199 3430 4253 ad
3477 4208 3577 4253 ur-

1932 4294 2067 4348 bem
2098 4292 2341 4348 Romam
2375 4290 2509 4362 (24).

1932 4440 2110 4503 rebuS
2140 4444 2725 4517 postquaniilomam
2754 4443 3045 4517 attigisset
3083 4443 3341 4517 ignatius
3366 4515 3371 4517 Α
3397 4460 3575 4514 expo-

1933 4512 2169 4587 nendis,
2205 4512 2538 4587 posthabita
2569 4528 2770 4569 eorum
2806 4512 2905 4585 qui
2938 4512 3411 4587 agniti—martyris
3434 4512 3577 4586 prte-

1935 4586 2131 4645 sentes
2151 4586 2409 4643 adfuisse
2433 4602 2492 4641 se
2518 4587 2793 4643 dixerunt
2814 4586 3577 4654 n_arratione,recentiorem

1853 4679 1899 4743 Ι)
1935 4658 2320 4743 bipgraphum
2355 4658 2521 4743 sequi
2559 4658 2741 4742 magis
2772 4648 2987 4743 voluit;
3017 4657 3120 4743 qui
3152 4648 3384 4743 poetica
3405 4657 3578 4743 plane

1931 4722 2275 4800 iideulcngos
2297 4722 2769 4785 sermonesiriler
2785 4722 3200 4800 imperatorem
3222 4722 3575 4797 etignatium

1926 4803 2145 4858 ibidem
2172 4801 2673 4870 intercessisse,et
2692 4801 2851 4870 varia
2879 4804 3305 4870 tormentorum
3331 4808 3569 4870 genera,

1924 4880 2058 4929 ante
2090 4881 2422 4928 extremUm
2453 4863 2832 4943 supplicium,
2884 4863 3195 4943 pertulisse
3251 4863 3567 4940 movi-Lyram

1924 4951 2295 5001 commentus
2309 4949 2397 4998 est
2422 4958 2435 5008 ;
2464 4938 2596 4998 cum
2621 4938 3239 5011 cruciatuumillor‘um
3263 4938 3455 5011 neque
3473 4960 3573 4996 an-

1924 5018 2181 5085 tiquiora
2204 5017 2366 5085 Acta.
2393 5023 2591 5085 neque
2610 5014 2734 5085 ipse
2758 5010 3179 5085 Metaphrastes
3203 5010 3567 5085 mentionem

1924 5036 1965 5072 ιι
2012 5036 2181 5072 utora
2204 5036 2366 5073 Λϐιᾶ.
2393 5036 2623 5085 neque]
2674 5036 2734 5069 SB
2758 5036 3179 5085 MBLZIPIH'HSIBS
3204 5036 3567 5069 lIlt‘llLlUlle

1922 5036 2104 5144 aliam
2135 5084 2372 5150 fecerit;
2398 5092 2605 5157 etpost
2624 5036 2959 5157 garthicam
2980 5084 3415 5157 expeditionem
3439 5084 3572 5157 Tra-

1913 5163 2127 5242 janum
2161 5154 2749 5242 nunquam‘iiomam
2785 5154 3337 5242 remissa—ideoque
3390 5156 3570 5211 rebus

1921 5226 2051 5286 istis
2092 5230 2377 5299 interPSse
2410 5226 2653 5299 omnino
2687 5240 2804 5281 non
2838 5229 3120 5299 potuisse,
3165 5230 3428 5283 Romana
3462 5245 3568 5281 nos

1919 5303 2119 5357 doceat
2154 5293 2419 5354 historia.
2459 5292 2746 5366 Usasaws,
2782 5292 2852 5353 tu'
2876 5294 3104 5370 prmisit.
