3956 6308
416 351 532 418 998

1621 350 1686 417 8.
1730 348 2254 417 POLYOARPUS
2298 351 2654 418 MARTYR.

1296 519 1662 584 Tertulliani
1695 520 1771 586 du
1803 521 1922 586 hoc
1951 521 2206 600 Trajaui
2249 523 2569 607 Rescripta
2608 523 2938 588 ententia.
3011 573 3016 580 .

483 672 714 726 Plinius
734 669 1055 739 Secundus,
1079 687 1212 724 cum
1240 671 1596 742 provinciam
1623 676 1870 741 regeret,
1895 671 2064 726 dam-
2093 675 2144 744 Α
2176 679 2241 732 ut
2269 679 2572 732 nocentes.
2615 675 2812 730 Parcit
2841 679 2902 729 et
2930 673 3129 729 saavit:
3169 669 3502 728 dissimulat
3537 675 3596 724 et
3626 670 3837 728 anim-

415 762 571 816 natis
622 759 975 832 quibusdam
1037 759 1410 825 Christianis,
1467 759 1822 836 quibusdam
1881 761 2063 836 gradu

411 852 616 923 pulsis,
651 851 778 920 ipsa
811 856 1007 904 tamen
1043 849 1423 908 multitudine
1479 851 1877 920 perturbatus,
1920 851 2063 924 quid

414 940 485 994 de
518 958 729 1004 cancro
757 947 955 1010 ageret
985 939 1283 996 consuluit
1303 945 1438 994 tunc
1461 941 1778 1012 Trajanum
1813 941 2061 1016 impera-

414 1037 600 1085 torem
631 1046 642 1083 :
679 1029 959 1099 allegans.
988 1036 1200 1099 praeter
1221 1029 1680 1085 obstinationem
1724 1045 1842 1083 non
1875 1030 2056 1088 sacri-

415 1119 649 1182 ﬁcandi,
685 1119 832 1173 nihil
866 1117 1026 1172 aliud
1057 1135 1118 1172 se
1152 1117 1224 1175 de
1255 1118 1642 1173 sacramentis
1675 1135 1877 1173 eorum
1902 1136 2057 1176 com-

413 1211 660 1283 perisse,
709 1225 886 1280 quam
937 1213 1119 1262 cmtus
1176 1207 1562 1262 antelucanos
1621 1208 1693 1262 ad
1725 1207 2055 1262 canendum

411 1299 662 1356 Christo.
696 1305 762 1351 ut
793 1297 1016 1366 Deo,et
1071 1297 1143 1354 ad
1203 1297 1720 1354 confwderandum
1785 1297 2054 1374 discipli-

414 1385 1391 1456 nam,homicidium,adulterium,
1422 1387 1711 1450 fraudem,
1745 1387 2052 1458 perﬁdiam

409 1483 466 1531 et
496 1481 709 1530 caetera
741 1475 965 1528 scelera
997 1475 1400 1548 prohibentes.
1437 1477 1595 1530 Tunc
1627 1477 1912 1548 Trajanus
1965 1493 2056 1534 re-

411 1565 668 1636 scripsit,
693 1565 802 1624 hoc
823 1581 1010 1636 genus
1037 1565 1428 1636 inquirendos
1461 1565 1698 1636 quidem
1732 1583 1852 1619 non
1886 1582 2012 1622 esse
2039 1581 2052 1630 ;

408 1655 636 1711 oblatos
670 1673 805 1710 vero
836 1655 1034 1732 puniri
1075 1661 1366 1730 oportere.

479 1746 521 1800 Ο
561 1746 918 1804 sententiam
971 1745 1324 1802 necessitate
1357 1745 1666 1802 confusam
1703 1744 1714 1800 !
1758 1747 1938 1820 Negat
1967 1745 2054 1801 in-

407 1834 729 1911 quirendos
767 1841 836 1890 ut
891 1836 1258 1901 innocentes,
1311 1841 1367 1890 et
1421 1834 1665 1890 mandat
1722 1834 2056 1912 puniendos

2173 763 2442 820 advertit.
2475 764 2626 830 Quid
2657 765 3038 840 temetipsum
3101 777 3352 818 censura
3381 760 3788 817 circumvenis
3817 759 3842 812 ?

2175 855 2231 908 Si
2265 853 2528 922 damnas,
2565 871 2671 908 cur
2700 869 2820 910 non
2851 859 2910 907 et
2938 850 3193 926 inquiris
3219 850 3246 904 ‘2
3296 849 3353 904 Si
3385 866 3506 904 non
3541 848 3832 922 inquiris,

2172 960 2276 997 cur
2299 960 2417 998 non
2450 949 2508 997 et
2554 943 2806 998 absolvis
2835 942 2863 996 ‘?
2926 939 3271 1000 Latronibus
3321 939 3694 1012 vestigandis
3729 955 3838 1014 per

2171 1033 2479 1092 universas
2507 1032 2838 1104 provincias
2901 1030 3172 1090 militaris
3231 1029 3404 1084 statio
3437 1029 3730 1084 sortitur:
3769 1029 3829 1082 in

2171 1140 2303 1178 reos
2337 1123 2664 1198 majestatis
2705 1129 2762 1178 et
2818 1121 3085 1198 publicos
3144 1120 3338 1178 hostes
3395 1119 3596 1176 omnis
3649 1119 3833 1173 homo

2170 1203 2342 1276 miles
2374 1221 2499 1282 est;
2533 1214 2606 1272 ad
2639 1213 2849 1276 socios,
2883 1213 2958 1268 ad
2988 1211 3260 1272 conscios
3291 1227 3480 1286 usque
3512 1209 3834 1285 inquisitio

2169 1304 2526 1362 extenditur.
2561 1303 2761 1362 solum
2793 1301 3193 1360 Christianum
3235 1299 3455 1372 inquiri
3491 1315 3620 1354 non
3669 1297 3835 1362 licet,

2167 1393 2364 1448 olTerri
2397 1392 2553 1461 licet,
2581 1391 2750 1466 quasi
2781 1389 2944 1450 aliud
2999 1394 3203 1444 actura
3261 1393 3416 1444 esset
3477 1387 3828 1458 inquisitio,

2167 1499 2345 1554 quam
2373 1481 2614 1536 oblatio.
2646 1479 2944 1536 Damnatis
2962 1495 3098 1552 ergo
3124 1477 3407 1542 oblatum,
3435 1493 3616 1548 quem
3644 1493 3827 1530 nemo

2166 1569 2350 1626 voluit
2378 1569 2728 1644 requisitum
2756 1585 2769 1635 ;
2795 1567 2916 1642 qui,
2949 1565 3253 1642 puto.jam
3280 1581 3398 1620 non
3433 1565 3568 1621 ideo
3601 1564 3830 1622 meruit

2166 1676 2423 1732 pmnam.
2459 1659 2599 1734 quia
2656 1673 2877 1714 nocens
2909 1661 2996 1714 est
3031 1672 3042 1710 :
3077 1655 3181 1710 sed
3211 1656 3370 1732 quia,
3432 1671 3556 1710 non
3605 1654 3824 1726 requi-

2167 1747 2410 1818 rendus,
2454 1747 2746 1802 inventus.

1163 2033 1286 2040 ..-
1303 2034 1423 2040 -———-
1438 2035 1702 2041 ψ
1716 2031 1886 2041 --.ῌσ
1945 2031 2797 2040 ———.—.————--_...—.______*~.___—.—
2814 2030 2956 2036 ...κ’
2976 2029 3260 2036 .-..-----η
3277 2029 3406 2037 .——-—
3419 2029 3654 2039 -—_.———_.

2213 2031 2797 2040 _...—.__———_*~._____._
2814 2030 2956 2036 ...κ’
2976 2029 3212 2036 .—_———-—-
3221 2030 3260 2036 ιη
3277 2029 3406 2037 .——-—
3419 2029 3654 2039 -—_.———_.

1089 2247 1274 2432 S.
1440 2240 3123 2444 POLYCARPUS

1853 2593 1942 2684 M
1960 2596 2024 2685 A
2041 2591 2356 2686 RTYR

392 2837 2233 3014 SMYﬂNfEOBllM
2425 2835 3811 3010 EPISCOPUS

1428 3270 2784 3413 PllOLEGOMl‘ZNA

989 3666 1278 3737 (HEPELLE,
1315 3671 1538 3722 Patrum
1570 3667 1997 3737 apostolicorum
2027 3667 2224 3736 Opera,
2259 3663 2350 3720 ed.
2400 3666 2452 3733 3,
2484 3665 2551 3718 Tt‘

1646 3667 1997 3722 ostolicorum
2027 3667 2224 3736 Opera,
2259 3663 2350 3720 ed.
2400 3666 2452 3733 3,
2484 3663 2764 3736 Tubingaa
2799 3665 2954 3732 1847,
2999 3663 3202 3732 ἰηο8ο.)

1194 3999 1357 4090 DE
1426 3998 2024 4094 EPISTOLA
2103 3995 2198 4088 S.
2269 3993 2979 4092 POLYCARPI.

445 4259 490 4314 Ι.
526 4259 605 4314 De
637 4259 848 4330 patria,
881 4276 1118 4332 genere,
1152 4261 1281 4318 loco
1311 4279 1378 4316 ac
1413 4267 1675 4334 tempore
1703 4259 2007 4320 nativitati:

2257 4256 2537 4326 ὑπηρετῶν
2588 4259 2686 4312 τοῦ
2743 4255 2971 4331 Κυρίου,
3026 4261 3128 4330 τὴν
3188 4259 3508 4331 intuma:th
3564 4260 3809 4339 ἐγκεχει-

375 4344 427 4398 S.
455 4343 762 4416 Polycarpi
789 4346 934 4404 nihil
958 4355 1327 4420 compertum
1343 4347 1649 4407 habemus.
1675 4349 1812 4414 Quae
1834 4352 2031 4405 autem

373 4431 444 4484 de
477 4433 790 4501 apostolici
823 4435 1002 4505 hujus
1024 4436 1127 4490 viri
1155 4437 1270 4492 vita
1293 4437 1366 4491 ad
1389 4454 1497 4492 nos
1519 4441 1936 4508 pervenerunt,
1962 4452 2031 4490 ea

371 4519 719 4576 Gallandius
751 4523 900 4578 bene
933 4525 1231 4597 congessit
1259 4529 1356 4595 (1).
1394 4549 1421 4576 ‹‹
1458 4526 1542 4579 Ab
1571 4525 1858 4597 apostolis
1891 4541 2026 4578 eum

369 4609 670 4679 edoctum,
706 4617 930 4667 etcum
971 4615 1196 4683 multis,
1246 4615 1345 4686 qui
1379 4615 1694 4670 Dominum
1739 4613 2026 4682 viderant,

369 4697 744 4755 familiariter
767 4709 1062 4758 versatum
1086 4721 1215 4758 esse
1231 4709 1482 4758 testatur
1499 4705 1758 4758 lrenaeus
1784 4707 1885 4774 (Ξ),
1901 4705 2030 4776 ejus

368 4787 719 4862 discipulus,
752 4790 844 4848 his
877 4791 1070 4848 verbis
1100 4791 1225 4847 :Kai
1261 4790 1621 4868 Πολ-ὅκαρπος
1655 4791 1759 4847 ὑπὸ
1791 4791 2024 4846 ἀποστό-

364 4871 474 4931 λων
511 4877 900 4948 μαθητευθεὶς,
932 4879 1022 4936 καὶ
1056 4880 1503 4956 ωναναστραφεὲς
1534 4878 1772 4946 πολλοὶς
1794 4885 1912 4942 τοῖς
1933 4880 2024 4938 τὸν

364 4964 602 5038 Χριστὸν
637 4966 959 5036 ἑωρακόσιν.
993 4971 1281 5042 Deinceps
1314 4973 1755 5043 Smyrnmorum
1797 4971 2028 5042 episco-

367 5070 510 5126 pum
535 5055 609 5108 ab
630 5055 776 5127 ipsis
801 5057 1196 5116 familiaribus
1228 5077 1294 5116 ac
1314 5061 1605 5116 ministris
1631 5061 1866 5116 Domini
1890 5077 2027 5116 con-

367 5143 665 5214 stitutum,
699 5151 834 5218 post
860 5145 1154 5206 Irenaeum
1186 5149 1225 5204 l.
1284 5167 1334 5206 c.
1373 5149 1553 5207 tradit
1611 5149 1902 5208 Eusebius
1931 5151 2026 5220 (3),

363 5233 453 5290 sic
481 5234 751 5291 scribens
779 5253 793 5292 :
819 5237 943 5292 Τῶν
980 5236 1302 5294 ἀποστόλων
1332 5237 1612 5310 ὁμιλητὴς
1643 5236 2024 5311 Πολύκαρπος,

362 5330 463 5394 τῆς
492 5325 633 5381 κατὰ
696 5327 949 5403 Σμύρναν
1011 5329 1340 5402 Ἐκκλησῖας
1385 5334 1521 5406 πρὸς
1566 5337 1674 5388 τῶν
1732 5331 2022 5388 autumant

436 5504 522 5584 ζ
737 5515 843 5572 vet,
879 5511 1015 5584 ΡΡ.Ξ
1047 5511 1377 5584 ῑνΡῐιο-ιθρξη
1409 5529 1462 5584 p_.
1497 5527 1624 5568 mn
1651 5529 1738 5582 sq.

551 5577 960 5672 gd.ﬂhaf-1'_:Ill;
994 5581 1043 5634 3.
1079 5582 1249 5652 Apud
1279 5577 1492 5642 Euseb.
1525 5585 1596 5642 Η.
1632 5577 1716 5654 13.;
1756 5599 1830 5652 ιν,
1865 5583 1951 5640 14.

439 5645 518 5712 (3)
548 5647 618 5700 Η.
654 5652 744 5713 8.,
776 5666 860 5718 ιιι,
897 5645 984 5705 36.

2145 4345 2413 4420 ρισμένος.
2471 4347 2614 4418 Ejus
2674 4351 2876 4404 tamen
2929 4348 3206 4408 Ecclesiae
3265 4352 3692 4428 episcopatum
3739 4354 3806 4412 ab

2137 4437 2363 4490 Joanne
2387 4435 2656 4505 apostolo
2681 4435 2874 4505 ipsum
2908 4438 3228 4509 accepisse,
3259 4440 3455 4510 prodit
3485 4443 3802 4498 Tertullia-

2139 4541 2249 4578 nus
2269 4526 2348 4594 (4)
2373 4539 2385 4576 :
2412 4543 2432 4570 α
2459 4522 2651 4577 Edant
2679 4540 2836 4596 ergo,
2869 4527 3072 4595 inquit,
3103 4528 3363 4599 origines
3385 4529 3796 4588 Ecclesiarum

2137 4628 2379 4667 suarum
2411 4629 2424 4678 ;
2451 4610 2717 4666 evolvant
2747 4612 3018 4668 ordinem
3077 4615 3492 4688 episcoporum
3527 4636 3801 4688 suorum,

2135 4701 2218 4755 ita
2245 4717 2350 4772 pes
2383 4702 2790 4755 successiones
2809 4702 2884 4756 ab
2916 4703 3090 4758 initio
3109 4703 3552 4773 decurrentem,
3578 4714 3644 4762 ut
3672 4709 3806 4781 pri-

2137 4805 2270 4844 mus
2302 4789 2404 4846 ille
2445 4789 2759 4863 episcopus
2790 4791 3051 4866 aliquem
3085 4809 3152 4848 ex
3186 4794 3474 4869 apostolis
3505 4795 3598 4853 vel
3626 4814 3794 4872 apos~

2134 4879 2265 4934 licis
2297 4879 2454 4946 viris,
2490 4879 2590 4950 qui
2624 4885 2821 4940 tamen
2851 4898 2986 4938 cum
3007 4883 3353 4956 apostolicis
3377 4901 3796 4956 perseverave-

2135 4967 2278 5033 rint,
2311 4967 2588 5026 babuerit
2621 4977 2925 5027 auctorem
2979 4977 3038 5026 et
3087 4978 3596 5032 antecessorem...
3643 4977 3796 5033 sicut

2139 5057 2581 5130 Smyrnmorum
2613 5059 2875 5114 Ecclesia
2897 5060 3288 5138 Polycarpum
3317 5063 3392 5120 ab
3421 5065 3652 5122 Joanne
3683 5066 3796 5124 col-

2135 5147 2396 5204 locatum
2419 5146 2622 5202 refert.
2665 5149 2909 5220 -Neque
2963 5149 3134 5208 aliter
3191 5168 3333 5210 sane
3395 5153 3798 5228 Hieronymus

2139 5235 2212 5306 (5)
2248 5251 2261 5289 :
2304 5257 2334 5288 ς(
2366 5235 2747 5311 Polycarpus,
2781 5238 3030 5298 Joannis
3063 5241 3318 5314 apostoli
3348 5241 3714 5316 discipulus,
3744 5249 3802 5306 et

2141 5325 2214 5384 ab
2246 5341 2316 5384 eo
2345 5325 2614 5398 Smyrnae
2645 5326 2962 5400 episcopus
2988 5329 3324 5387 ordinatus.

2219 5505 2293 5576 (4)
2323 5505 2397 5560 De
2420 5507 2762 5576 prescript.,
2796 5523 2846 5564 ο.
2873 5509 2959 5565 32.

2209 5575 2287 5649 (5)
2319 5576 2497 5633 Calai.
2530 5575 2720 5651 script.
2755 5579 2906 5650 ccc-1.,
2939 5596 2988 5638 c.
3037 5583 3118 5638 i7.
