3956 6308
95 409 248 474 1001

756 401 1383 468 PROLEGOMENA.
1427 429 1508 448 ει·-
1548 396 1623 458 II.
1669 395 1770 456 DE
1813 389 2224 456 MARTYRIO
2268 390 2335 451 S.
2378 387 2850 453 POLYGARPI.

3356 391 3514 454 1002

93 542 307 618 Ignatii
335 538 766 614 disputavimus
800 538 883 610 (in
932 537 1278 609 praefatione
1331 533 1402 589 ad
1435 533 1564 604 ejus
1621 531 1749 602 Epi-
1780 533 1840 597 Α
1870 545 1940 581 ex
1969 524 2470 618 Andreae-Schotti
2502 525 2836 596 apographo
2863 523 3140 581 Claudius
3192 526 3512 584 Salmasius

260 652 329 688 Sl.

260 652 286 687 s
317 677 329 688 .

97 635 263 776 sm‘iil.
291 640 431 777 llaec
451 719 700 792 epistola
721 734 931 773 manca
953 715 1204 770 habetur
1225 715 1286 768 in
1309 711 1584 768 omnibus
1603 712 1752 766 Grae-

97 813 186 868 cis
219 811 518 867 codicibus
550 809 746 864 motis.
788 808 894 862 Ubi
943 811 1139 861 autem
1181 805 1415 859 codices
1448 802 1749 868 deﬁciunt,

102 903 187 957 ini
221 902 598 957 continenter
635 897 1006 954 subnectitur
1034 894 1284 966 epistola
1315 893 1616 956 Barnabas,
1649 889 1750 944 sed

93 993 291 1062 capite
323 994 595 1045 trnncato
631 988 764 1058 (25).

171 1083 377 1136 Totam
411 1096 545 1133 vero
576 1077 884 1148 Polycarpi
911 1073 1222 1146 epistolam
1255 1077 1420 1127 vetus
1451 1072 1606 1126 notis
1627 1087 1750 1124 ser-

93 1171 254 1225 vavit
284 1169 493 1235 versio,
539 1183 715 1238 quam
748 1167 974 1236 primus
1030 1164 1165 1217 I298
1224 1161 1485 1226 Parisiis,
1519 1159 1591 1214 ab
1624 1159 1750 1229 ipso

92 1261 423 1325 inventam,
461 1255 746 1327 evulgavit
771 1254 1026 1308 Jacobus
1053 1252 1237 1307 Faber
1268 1248 1654 1320 Stapulensis.

175 1350 371 1403 Graece
406 1352 464 1400 et
495 1346 698 1400 Latine
730 1344 957 1415 primus
982 1341 1294 1413 epistolam
1318 1340 1376 1392 in
1399 1338 1591 1394 lucem
1626 1353 1744 1408 pro-

95 1438 238 1492 tulit
268 1436 448 1492 Duaci
484 1436 618 1489 1633
678 1435 886 1488 Petrus
945 1430 1286 1496 Halloixius,
1314 1445 1385 1483 ex
1416 1427 1752 1499 apographo

92 1526 395 1582 Francisci
429 1523 722 1588 Turriani,
755 1539 789 1577 ο.
810 1522 934 1576 viro
964 1519 1306 1575 doctissimo
1362 1517 1575 1573 Iacobo
1635 1516 1750 1570 Sir-

95 1615 322 1672 mondo
355 1616 408 1669 S.
442 1615 489 1669 J.
525 1613 598 1668 ad
631 1612 802 1666 illum
829 1609 1179 1665 transmisso
1213 1607 1344 1680 (26).
1397 1609 1536 1661 Post
1565 1621 1754 1660 annos

98 1707 167 1759 14
196 1703 450 1760 Iacobus
483 1702 751 1758 Usserius
783 1699 947 1756 aliud
999 1702 1207 1754 nactus
1241 1695 1564 1767 exemplar,
1595 1693 1754 1765 quod

1867 633 2048 672 manu
2082 633 2186 671 sua
2217 615 2575 687 descriptum
2605 631 2738 669 cum
2770 615 2967 670 Isaaco
3003 617 3202 672 Vossio
3244 635 3514 674 commu-

1863 708 2166 772 nicaverit,
2201 707 2347 762 illud
2379 706 2627 761 contulit
2656 723 2788 761 cum
2813 708 2970 762 edito
3006 709 3399 780 Halloixiano,
3432 717 3518 768 at-

1863 814 1977 868 que
2008 797 2159 852 hanc
2190 796 2672 867 Polycarpianam
2703 795 3012 866 epistolam
3047 813 3180 852 cum
3211 805 3404 856 vetere
3423 801 3518 856 in—

1861 893 2118 959 terprete
2143 887 2388 941 Londini
2412 885 2701 956 evulgavit
2725 887 2858 938 1647
2882 902 2895 952 ;
2919 903 3096 956 quam
3130 887 3344 943 deinde
3368 906 3518 945 nova

1860 977 2349 1048 interpretatione
2424 975 2771 1030 adornatam
2830 976 3097 1031 exhibuit
3152 979 3505 1040 Cotelerius.

1862 1069 2032 1120 Anno
2062 1068 2197 1120 1709
2223 1065 2443 1137 prodiit
2462 1065 2696 1119 Thomas
2717 1064 2951 1119 Smithii
2977 1065 3158 1120 editio
3205 1075 3514 1139 prmstans,

1864 1171 2113 1225 eamque
2139 1160 2376 1209 secutus
2399 1153 3086 1208 esttiallandiusJ‘lovam
3115 1155 3373 1228 denique
3393 1158 3517 1213 edi-

1865 1244 2088 1298 tionem
2125 1245 2257 1298 1838
2291 1249 2348 1298 et
2378 1245 2512 1297 1840
2544 1242 2708 1314 (edit.
2743 1243 2805 1312 11)
2839 1242 3145 1298 adornavit
3166 1246 3517 1305 Guilielmus

1861 1333 2247 1400 Jacobsonus,
2283 1332 2588 1388 codicibus
2620 1332 2920 1400 Vaticano,
2953 1333 3220 1388 Parisino
3253 1342 3312 1390 et
3343 1337 3518 1391 Medi-

1865 1441 1967 1478 ceo
2007 1423 2398 1478 Laurentiano
2422 1438 2585 1476 usus.

1939 1514 2051 1568 VII.
2087 1514 2164 1566 De
2189 1511 2492 1582 Polycarpi
2525 1509 2783 1564 doctrina
2827 1508 3278 1581 disputaverunt
3338 1513 3512 1569 Lum-

1863 1622 2040 1677 perus
2097 1606 2228 1676 (27),
2291 1603 2600 1674 Heynsius,
2655 1603 2860 1660 Junius
2914 1619 2982 1658 ac
3037 1619 3148 1658 van
3192 1604 3346 1660 Gilse
3379 1607 3514 1678 (28),

1868 1694 2184 1749 Mcehlerus
2223 1694 2332 1764 (29)
2364 1697 2422 1747 et
2450 1692 2574 1749 alii.

911 2067 1074 2159 DE
1141 2061 1775 2158 MABTYRIO
1848 2060 1942 2154 S.
2013 2056 2732 2153 POLYCARPI.

169 2279 215 2332 Ι.
253 2301 280 2327 ‹‹
309 2278 469 2333 Inter
489 2276 864 2349 praeclariora
923 2273 1333 2331 ecclesiasticae
1391 2273 1760 2344 antiquitatis
1792 2274 1838 2339 B
1869 2271 2079 2326 borum
2103 2271 2254 2327 serie
2287 2270 2347 2326 in
2381 2271 2658 2328 omnibus
2688 2276 2939 2341 retenta,
2961 2274 3205 2345 soloque
3253 2274 3512 2346 particu-

93 2372 493 2422 monumenta
522 2366 734 2420 merito
766 2370 1112 2420 recensetur
1166 2363 1419 2435 Epistola
1474 2361 1750 2418 Ecclesiae

92 2457 478 2528 Smyrnensis
509 2456 581 2511 de
609 2456 894 2526 martyrio
922 2456 976 2509 S.
1013 2454 1348 2524 Polycarpi,
1381 2453 1552 2521 adeo,
1585 2457 1650 2506 ut
1680 2451 1749 2505 il-

90 2546 216 2601 lam
241 2561 393 2617 pene
426 2546 715 2616 integram
757 2544 1044 2599 Eusebius
1085 2543 1344 2599 Historia
1402 2559 1522 2597 suae
1570 2557 1752 2596 ncces-

86 2637 241 2690 sario
285 2637 626 2689 inserendam
659 2634 1082 2688 existimaverit
1114 2633 1248 2704 (30).
1298 2631 1574 2696 Quinimo
1615 2631 1748 2684 illu-

59 2794 62 2796 γ
93 2724 240 2778 stris
283 2724 412 2793 ejus
436 2724 730 2793 interpres
764 2723 1027 2778 Valesius
1058 2739 1126 2777 eo
1160 2722 1466 2793 processit,
1500 2725 1565 2775 ut
1587 2719 1752 2774 affir-

93 2811 284 2865 marit
310 2810 442 2880 (31),
473 2810 780 2881 Polycarpi
803 2810 1049 2880 ejusque
1077 2809 1373 2864 sociorum
1404 2806 1753 2876 martyrium

93 2899 322 2954 litteris
355 2899 638 2954 traditum
671 2916 799 2954 esse
831 2899 1097 2953 omnium
1151 2899 1432 2969 primum,
1492 2902 1753 2965 Actaque

95 2994 439 3059 martyrum
473 2989 634 3043 nulla
661 2993 892 3043 exstare
925 2988 1265 3057 antiquiora
1291 3003 1302 3053 ;
1328 3003 1438 3040 nec
1469 2985 1756 3040 dubitarit

93 3077 376 3149 proinde,
407 3077 550 3148 quin
596 3078 700 3132 illa
754 3078 1203 3147 Smyrnensium
1263 3074 1515 3146 epistola
1563 3074 1752 3145 primo

89 3168 233 3222 loco
268 3167 460 3237 posita
489 3167 666 3221 fuerit
696 3167 768 3221 ab
802 3166 1142 3231 Eusebio,in
1175 3166 1326 3219 libro
1350 3181 1525 3234 quem
1550 3163 1755 3218 inscri-

91 3257 220 3328 psit
253 3253 512 3327 Αρχαίων
547 3257 832 3328 μαρτυρῶν
885 3255 1194 3328 συναγωγή.
1257 3254 1511 3308 Molliter
1554 3257 1753 3307 tamen

89 3343 488 3414 excipiendus
520 3344 606 3398 vir
635 3344 1055 3408 doctissimus;
1089 3342 1349 3397 nondum
1385 3342 1604 3412 quippe
1649 3341 1756 3396 de-

91 3439 276 3498 tecta,
312 3450 428 3503 quo
461 3439 729 3504 tempore
759 3432 855 3487 ille
880 3433 964 3487 sic
984 3432 1294 3494 sentiebat,
1321 3434 1463 3486 Acta
1487 3431 1754 3502 martyrii

89 3526 150 3578 S.
189 3523 403 3594 Ignatii
437 3523 686 3577 sincera.
725 3544 754 3571 »
785 3524 871 3576 Ita
902 3521 1238 3576 Gallandius
1261 3521 1394 3591 (32).

169 3612 242 3666 ΙΙ.
281 3612 536 3683 Insignis
557 3612 684 3666 haec
703 3610 777 3666 de
801 3612 1080 3680 martyrio
1113 3609 1481 3681 S.Polycarpi
1506 3609 1756 3679 epistola

83 3700 456 3765 rectissime,
491 3708 554 3754 ut
599 3700 883 3754 Smithius
932 3700 1102 3754 docet
1133 3701 1268 3769 (33),
1301 3721 1328 3748 ‹‹
1390 3698 1506 3753 dici
1562 3703 1757 3768 potest

90 3787 392 3863 ἐγκιῦκλιος
425 3791 472 3844 si
511 3791 805 3859 encyclica,
839 3796 904 3843 ut
961 3806 1032 3844 ex
1090 3789 1489 3859 imscriptione
1545 3793 1707 3858 patet
1739 3805 1752 3854 ;

89 3884 309 3948 utpote
341 3878 414 3932 ad
446 3879 636 3934 varias
667 3878 980 3944 Ecclesias,
1014 3883 1134 3932 tam
1161 3877 1220 3930 in
1245 3877 1381 3932 Asia
1410 3877 1625 3930 minori
1670 3876 1757 3929 vi-

93 3971 258 4034 cina,
294 3983 472 4037 quam
513 3967 651 4022 alibi
687 3969 750 4022 in
811 3968 942 4021 aliis
1001 3966 1334 4037 provinciis,
1389 3964 1523 4018 κατὰ
1582 3963 1756 4017 πάντα

91 4056 272 4110 τόπον
307 4056 704 4120 transmissa;
765 4074 902 4127 quae
952 4055 1022 4110 de
1082 4055 1153 4109 iis
1212 4055 1372 4124 solis,
1431 4071 1562 4124 qua;
1620 4052 1756 4106 κατὰ

96 4146 342 4212 Πόντον,
354 4148 530 4216 juatta
559 4148 793 4200 Pontum
825 4146 952 4199 sitaa
983 4149 1171 4211 erant,
1204 4145 1355 4199 male
1404 4145 1760 4215 interpreta-

94 4244 200 4292 tur
261 4234 550 4288 Eusebius
611 4236 742 4303 (34),
797 4251 902 4304 pro
960 4232 1157 4292 πάσαις
1213 4237 1334 4294 ταῖς
1401 4231 1538 4285 κατὰ
1585 4231 1759 4284 πάντα

91 4323 294 4389 τόπον,
328 4339 463 4378 cum
505 4323 580 4378 ad
638 4339 844 4377 omnes
885 4322 1198 4385 Ecclesias,
1255 4321 1354 4376 ubi
1413 4321 1759 4376 Christianae

89 4414 409 4484 religionis
441 4413 732 4484 professio
753 4413 1112 4482 vigebat,per
1132 4411 1433 4465 Orientem
1464 4411 1760 4482 praecipue

94 4501 586 4575 sparsas,debeat
610 4500 919 4572 propagari
940 4505 997 4553 et
1026 4499 1263 4553 extendi
1293 4499 1364 4553 ab
1396 4499 1540 4570 ipsis
1561 4500 1759 4553 Phila-

95 4591 532 4662 delphensibus
554 4593 986 4661 (35),quantum
1021 4589 1080 4642 in
1113 4589 1256 4659 ipsis
1289 4595 1434 4655 erat,
1478 4592 1594 4648 τοῖς
1634 4584 1760 4641 ἐπέ-

94 4701 253 4736 κεινα
303 4677 558 4755 ἀδελφοῖς
618 4679 1118 4735 communicanda
1174 4680 1330 4748 (36);
1379 4678 1585 4732 eadem
1627 4695 1752 4732 ver-

178 4822 459 4894 (25)_Vide
492 4822 720 4894 Proleg.
773 4821 845 4876 ad
881 4822 1050 4893 epist.
1089 4821 1141 4875 S.
1179 4820 1479 4888 Barnabae,
1512 4821 1760 4892 hujusce

97 4892 324 4951 Patrol.
357 4899 398 4946 t.
435 4895 499 4948 II.
536 4892 684 4948 Εοιτ.

178 4966 295 5031 (26)
329 4964 441 5017 Cfr.
479 4965 710 5035 Proleg.
747 4957 908 5019 ad‘S.
949 4964 1298 5018 Barnabam.

175 5039 297 5102 (27)
331 5036 466 5090 Hist.
507 5036 670 5091 theol.
707 5038 832 5090 crit.
868 5041 907 5091 t.
937 5037 981 5103 Ι,
1015 5053 1071 5106 p.
1103 5037 1355 5090 351-346.

176 5106 823 5230 (28)(Ῐοηυηθηιαιίοηεε
853 5107 916 5160 de
976 5107 1249 5176 theologia
1307 5111 1535 5162 Patrum
1584 5114 1761 5177 apost.

176 5195 262 5230 ira
293 5195 330 5230 ι.
368 5194 402 5230 D
463 5179 647 5230 60-69.
685 5197 737 5230 ι).
774 5179 966 5230 78-84.
1000 5195 1054 5230 ῐ).
1091 5181 1284 5230 75-78.

94 5179 330 5243 morali,
368 5194 402 5248 p
463 5179 647 5244 60-69,
685 5197 737 5248 p.
774 5179 966 5236 78-84.
1000 5195 1054 5248 p.
1091 5181 1284 5234 75—78.

178 5251 302 5317 (29)
336 5250 621 5319 Patrolog.
660 5256 700 5305 t.
730 5250 774 5316 Ι,
809 5266 864 5318 p.
903 5251 1158 5302 159-162.

181 5321 302 5386 (30)
333 5321 467 5374 Hist.
504 5322 632 5376 eecl.
669 5338 738 5386 ιγ,
780 5323 863 5373 15.

174 5391 294 5530 (31)
325 5392 471 5446 Ibid.
507 5397 631 5446 not.
669 5396 719 5445 1.

174 5466 273 5530 (32
331 5463 603 5517 Biblioth.
635 5471 719 5518 vet

173 5462 294 5534 (32)
331 5463 603 5517 Biblioth.
635 5471 876 5518 veterum
910 5464 1136 5516 Patrum
1166 5462 1206 5517 1.
1241 5480 1290 5517 c.
1326 5480 1381 5532 p.
1417 5479 1640 5516 Lxxx1x.

186 5534 306 5603 (33)
339 5534 525 5587 Schol.
562 5536 624 5587 in
654 5537 756 5604 Ep.
792 5536 1013 5603 Slnyrn.
1046 5535 1215 5602 Eccl.,
1250 5552 1306 5605 p.
1343 5535 1462 5586 113.

175 5606 294 5674 (34)
330 5606 466 5660 Hist.
511 5606 660 5660 Eccl.
693 5623 769 5671 ιν,
808 5607 888 5658 lii.

177 5679 292 5749 (35)
328 5679 455 5732 Non
487 5676 1056 5748 Philadelphensibus,
1106 5675 1210 5731 sed
1258 5675 1535 5731 fidelibus
1583 5675 1770 5732 Philo-

440 5795 706 5856 Punon.
740 5791 849 5855 Gn.
895 5792 968 5854 Υ.

1868 2361 2008 2416 laris
2035 2361 2330 2430 Ecclesia),
2381 2362 2454 2416 ad
2512 2380 2690 2434 quam
2750 2363 3043 2436 dirigitur,
3103 2365 3345 2420 nomine
3375 2381 3509 2420 mu-

1866 2456 2007 2506 tato.
2043 2473 2070 2500 »

1939 2541 2031 2594 III.
2055 2541 2214 2594 Hanc
2230 2540 2540 2610 epistolam
2575 2558 2694 2596 non
2729 2544 3013 2598 continuo
3045 2548 3179 2614 post
3207 2543 3517 2616 Polycarpi

1867 2629 2241 2698 martyrium.
2266 2629 2367 2682 sed
2401 2628 2705 2699 aliquanto
2737 2637 2870 2701 post
2904 2637 3167 2702 tempore
3226 2648 3261 2686 a
3318 2633 3518 2703 Smyr-

1868 2719 2015 2772 naeis
2046 2717 2325 2787 scriptam
2348 2716 2528 2772 fuisse
2552 2720 2860 2774 contendit
2879 2719 3516 2791 Valesius(37),dicens:

1871 2828 1894 2858 (ι
1931 2808 2074 2862 Cum
2107 2807 2598 2861 Philomelienses
2621 2808 2693 2862 de
2727 2810 3031 2880 Polycarpi
3060 2810 3343 2880 martyrio
3363 2811 3522 2866 fama

1867 2905 2097 2954 tantum
2130 2915 2196 2953 ac
2227 2915 2463 2954 rumore
2497 2905 2670 2955 tenus
2709 2902 3055 2968 audiissent,
3089 2901 3313 2956 litteras
3338 2902 3520 2957 dede-

1867 2996 2006 3044 runt
2063 2989 2136 3044 ad
2193 2991 2633 3059 Smyrnzeorum
2692 2991 3029 3060 Ecclesiam,
3099 2999 3393 3064 rogantes,
3454 2998 3519 3048 ut

1869 3083 2101 3141 cuncta,
2132 3095 2260 3148 quae
2287 3079 2346 3132 in
2379 3078 2703 3134 beatissimi
2738 3081 2842 3134 viri
2872 3081 3148 3151 passione
3177 3087 3341 3154 gesta
3388 3083 3517 3137 fue-

1868 3174 2023 3235 rant,
2058 3167 2402 3236 singillatim
2435 3170 2763 3239 perscripta
2793 3169 2864 3224 ad
2906 3171 3067 3240 ipsos
3115 3171 3511 3227 mitterentur.

1867 3256 2031 3321 Quod
2063 3256 2304 3326 quidem
2335 3256 2730 3312 libentissime
2763 3259 3170 3330 praestiterunt
3200 3260 3511 3331 Smyrnaei,

1868 3346 2085 3416 scripta
2114 3344 2188 3399 ad
2217 3345 2374 3415 ipsos
2407 3346 2677 3413 epistola,
2712 3365 2890 3417 quam
2917 3348 2978 3402 in
3009 3348 3284 3402 manibus
3332 3349 3510 3404 habe-

1866 3451 2018 3489 mus.
2051 3434 2111 3488 Id
2171 3439 2370 3488 autem
2429 3434 2808 3490 subindicant
2866 3437 2956 3490 his
3026 3436 3216 3491 verbis
3267 3437 3339 3509 (c.
3373 3438 3512 3507 20):

1868 3522 2023 3594 ὑμεῖς
2059 3521 2153 3593 μὲν
2186 3521 2280 3575 οὖν
2311 3521 2577 3590 ἠξιώσατε
2608 3520 2696 3576 διὰ
2723 3523 2995 3578 πλειόνων
3035 3521 3351 3594 δηλωθῆναι
3382 3523 3514 3596 ὑμῖν

1865 3611 1932 3666 τὰ
1969 3610 2253 3683 γενόμενα.
2291 3634 2317 3661 ››
2369 3613 2481 3667 Sed
2532 3617 2713 3683 primo
2764 3631 2918 3669 anno
2975 3621 3110 3687 post
3156 3622 3410 3671 mortem
3459 3617 3514 3671 S.

1868 3701 2175 3773 Polycarpi
2208 3705 2338 3756 acta
2369 3702 2494 3755 haec
2521 3704 2855 3773 conscripta
2890 3721 3018 3758 esse
3049 3705 3188 3759 inde
3222 3722 3292 3760 ex
3321 3722 3390 3761 eo
3423 3722 3520 3776 ap-

1866 3796 2052 3861 paret,
2086 3790 2243 3860 quod
2274 3790 2501 3860 primus
2534 3791 2658 3845 dies
2688 3792 3128 3847 anniversarius
3161 3794 3337 3863 hujus
3368 3810 3519 3848 mar-

1866 3877 2001 3947 tyrii
2027 3877 2292 3930 nondum
2325 3877 2654 3932 celebratus
2686 3879 2818 3948 fuit,
2840 3885 2905 3932 ut
2935 3896 3004 3933 ex
3034 3897 3162 3951 cap.
3197 3883 3261 3933 18
3292 3881 3518 3952 perspi-

1867 3982 2077 4020 oimus.

1937 4057 2028 4109 IV.
2062 4054 2382 4125 Epistolam
2409 4053 2480 4108 de
2540 4055 2822 4126 martyrio
2879 4055 3216 4128 Polycarpi,
3271 4072 3513 4112 nomine

1867 4143 2144 4198 Ecclesiae
2202 4142 2576 4212 Smyrnensis
2633 4143 2704 4198 ab
2771 4146 3044 4199 Evaresto
3093 4146 3511 4216 conscriptam,

1870 4235 2096 4288 Marcus
2126 4233 2389 4302 quidam,
2421 4249 2526 4287 seu
2558 4233 2878 4289 Martianus
2909 4236 3043 4306 (38),
3093 4234 3168 4290 ad
3217 4235 3514 4291 Philome-

1869 4324 2088 4378 lienses
2113 4323 2357 4393 pertulit
2399 4322 2529 4394 (39).
2575 4323 2891 4394 Exemplar
2920 4331 3119 4379 autem
3166 4325 3345 4396 hujus
3395 4325 3515 4398 epi-

1871 4413 2036 4467 stolae
2073 4411 2280 4466 habuit
2335 4413 2614 4478 Irenmus,
2642 4412 2800 4482 quod
2831 4414 3006 4468 Gaius
3029 4415 3156 4484 ejus
3187 4414 3515 4486 discipulus

1870 4501 2268 4572 descripsit,et
2288 4506 2416 4570 post
2439 4518 2574 4555 eum
2598 4501 2862 4556 Socrates
2894 4501 3134 4571 quidam
3153 4503 3514 4571 Corinthius,

1869 4597 2046 4661 atque
2079 4589 2501 4654 alius,Pionius
2533 4590 2774 4644 nomine
2800 4591 2934 4660 (40).

1946 4682 2006 4734 ν.
2041 4679 2318 4750 Epistolas
2351 4679 2725 4749 Smyrnensis
2752 4679 3024 4734 Ecclesia
3069 4680 3359 4750 optimum
3406 4683 3519 4735 Eu-

1871 4824 2023 4877 τηθὶὶί
2054 4821 2364 4893 epistolam
2399 4825 2661 4876 nostram
2697 4820 3046 4893 inscriptam
3077 4819 3260 4893 fuisse
3318 4822 3524 4876 statuit

1871 4891 2436 4973 Jacobsonus.,quem
2456 4909 2577 4973 _no-s
2600 4892 2784 4973 secuti
2809 4891 3049 4973 sumus._
3066 4891 3180 4946 Cir.
3214 4909 3344 4973 qum
3368 4893 3523 4948 infra

1874 4967 1946 5020 ad
1980 4965 2425 5036 inscriptionem
2456 4965 2630 5035 hujus
2662 4963 2936 5036 Epistolm
2980 4963 3408 5020 adnotavimus.

1969 5037 2056 5106 36)
2090 5038 2192 5104 Ep.
2221 5035 2375 5106 Eccl.
2408 5036 2662 5106 Smyrn.,
2692 5051 2742 5091 c.
2775 5038 2862 5089 20.

1969 5110 2054 5174 37)
2085 5109 2212 5160 Not.
2250 5111 2270 5159 1
2309 5105 2383 5160 ad
2405 5105 2614 5160 Euseb.
2649 5107 2782 5162 Hist.
2805 5107 2930 5160 ecct.
2965 5122 3039 5172 ιν,
3075 5109 3160 5160 15.

1947 5179 2056 5248 (38)
2091 5179 2174 5232 Ita
2201 5177 2441 5231 exhibet
2466 5183 2628 5231 vetus
2661 5177 2972 5248 interpres.

1947 5247 2056 5318 (39)
2094 5248 2233 5301 Vide
2267 5250 2503 5317 Martyr.
2547 5247 2872 5319 Polycarpi,
2899 5266 2950 5313 c,
2979 5251 3068 5302 20.

1950 5320 2061 5391 (40)
2099 5319 2253 5392 Ibid.
2279 5336 2308 5372 c
2331 5391 2338 5392 ί
2363 5321 2449 5371 22.
2497 5323 2638 5392 Acta
2668 5319 3018 5392 quaedamis.
3053 5319 3362 5392 Polycarpi
3385 5334 3521 5392 spu-

1878 5389 1984 5451 ria,
2018 5392 2222 5444 I’ionio
2245 5391 2380 5443 huic
2411 5391 2635 5444 auctori
2667 5390 2816 5444 falso
2870 5390 3112 5456 tributa,
3148 5389 3355 5446 Petrus
3390 5389 3522 5444 Hal-

1877 5462 2195 5534 loixiusiin
2236 5463 2382 5534 Vitis
2408 5463 2636 5534 Patrum
2660 5462 2958 5534 70r_ientat.,
2994 5467 3033 5515 t.
3099 5463 3173 5534 1,7
3201 5469 3334 5534 post
3388 5477 3524 5516 eum

1881 5533 2200 5588 Bollandus
2233 5533 2418 5587 edidit
2450 5533 2510 5586 in
2539 5533 2691 5588 Actis
2722 5532 3069 5599 Sanctorum,
3106 5533 3182 5588 ad
3206 5532 3221 5534 “
3245 5534 3403 5589 diem
3457 5534 3528 5586 26

1878 5607 2119 5661 Januar.

3125 5793 3208 5852 33
