3956 6308
399 401 553 463 1003

1601 392 1662 452 S.
1713 385 2155 450 POLYCARPI
2201 382 2600 444 MARTYPJS

3667 384 3690 441 1
3704 382 3822 442 004

397 536 596 593 sebius
627 533 882 607 praabuit
938 531 1370 598 testimonium,
1415 527 1512 598 qui
1573 525 1863 597 potiorem
1923 521 2052 591 ejus
2085 524 2132 586 Α
2167 517 2313 572 false
2343 517 2739 607 ascribuntur,
2775 515 3047 607 genuinis
3073 515 3514 607 Smyrnmorum
3549 515 3819 607 epistolae.

395 631 628 698 partem
661 625 916 679 Historiae
947 638 1066 676 suaa
1100 619 1372 686 inseruit,
1432 617 1596 671 hisce
1646 613 1839 669 verbis
1897 611 2008 698 (41)
2036 625 2050 662 :

401 697 486 768 Ἕν
542 711 723 782 τούτῳ
771 708 826 764 δὲ
886 712 1199 783 (tempore)
1259 708 1286 760 ὁ
1336 702 1721 776 Πολύκαρπος,
1786 697 2053 773 μεγίστων

395 801 494 869 τήν
553 798 744 854 Ἀσίαν
803 791 1326 869 ἀναθορυϐησάντων
1419 790 1707 867 διωγμῶν,
1775 783 2053 861 μαρτυρῖῳ

394 886 718 944 τελειοῦται.
772 883 1225 960 Ἀναγκαιότατον
1277 878 1336 936 δὲ
1376 881 1542 935 αὐτοῦ
1590 878 1651 932 τὸ
1716 874 1899 940 τέλος,
1959 873 2052 948 ἐγ-

394 979 616 1054 γράφως
677 971 754 1030 ἔτι
812 973 1134 1049 φερόμενον,
1203 974 1444 1045 ἡγοῦμαι
1505 966 1615 1022 δεῖν
1675 968 1866 1039 μνήμῃ
1948 969 2051 1054 τῇς

395 1052 634 1140 ἱστορίας
699 1062 867 1132 τῆσδε
924 1060 1274 1124 καταθέσθαι.
1340 1060 1500 1114 ’Ἐστι
1559 1054 1615 1110 δὲ
1665 1058 1698 1122 ἡ
1744 1054 1923 1130 γραφή
1992 1052 2052 1106 ἐκ

401 1139 700 1229 προοώπού
765 1154 830 1220 ἧς
897 1149 1059 1209 αὐτὸς
1118 1145 1448 1216 Ἐκκλησίας
1493 1145 1701 1217 ἡγεῖτο,
1753 1145 1869 1201 ταῖς
1913 1139 2050 1194 κατὰ

401 1228 606 1298 Πόντον
660 1239 970 1315 παροικίαις
1025 1239 1092 1292 τὰ
1157 1239 1274 1290 κατ’
1362 1233 1519 1287 αὐτὸν
1601 1228 2051 1302 ἀποσημαίνουσα

399 1329 488 1386 διὰ
517 1330 745 1397 τούτων,
777 1350 833 1386 κ.
877 1350 928 1383 τ.
964 1326 1017 1382 λ.
1054 1329 1394 1397 Sequuntur
1425 1322 1601 1377 verba
1630 1319 1902 1392 Epistolas
1949 1335 2052 1372 no-

402 1429 559 1477 stree.

471 1508 1037 1577 Ibidem,postquam
1073 1503 1360 1558 Eusebius
1391 1502 1579 1557 multa
1601 1499 1848 1572 protulit
1878 1515 1945 1553 ex
1982 1514 2052 1554 ea

403 1597 674 1670 epistola,
700 1595 1004 1650 concludit
1025 1594 1114 1647 his
1145 1592 1336 1647 verbis
1371 1591 1490 1657 ;Ta‘:
1525 1589 1617 1660 μὲν
1648 1585 1713 1655 δὴ
1764 1586 1898 1640 κατὰ
1957 1585 2047 1639 τὸν

401 1688 698 1756 θαυμασιον
757 1683 846 1737 καὶ
908 1679 1269 1735 ἀποστολικὸν
1341 1677 1722 1752 Πολύκαρπον,
1797 1673 2049 1730 τοιούτου

399 1773 703 1842 κατηξίωτο
733 1770 949 1841 τὲλους,
981 1774 1086 1824 τῶν
1119 1768 1253 1822 κατὰ
1279 1770 1379 1837 τὴν
1424 1767 1748 1840 Σμυρναίων
1811 1762 2049 1831 Ἐκκλη-

2164 607 2322 662 mala
2351 607 2558 663 fraude
2590 606 2880 678 adjunxit.
2916 604 3120 660 Verbis
3150 604 3313 659 enim
3349 602 3530 663 καθὼς
3575 600 3818 672 δηλώσω

2165 693 2215 748 ἐν
2247 699 2327 766 τῷ
2355 694 2580 764 καθεξῆς
2612 694 3117 751 Pseudo-Pionius
3164 693 3408 758 indicat,
3465 696 3819 764 sequentibus

2165 784 2227 857 (i.
2253 801 2303 839 e.
2341 785 2498 840 Actis
2557 784 2774 855 spuriis
2804 783 3071 854 adjectis)
3104 798 3165 837 se
3197 782 3642 838 declaraturum
3671 800 3816 850 esse,

2165 890 2294 944 qua;
2325 874 2688 944 Polycarpus
2716 889 2823 944 per
2844 872 3269 927 revelationem
3327 871 3441 942 ipsi
3474 872 3820 927 manifesta-

2162 963 2330 1018 verit.

2233 1051 2351 1107 VII.
2407 1051 2730 1123 Epistolam
2789 1049 3066 1106 Ecclesiae
3153 1049 3532 1121 Smyrnensis
3591 1051 3819 1121 primus

2167 1144 2365 1198 Graece
2398 1149 2456 1198 et
2487 1143 2689 1198 Latine
2721 1141 2845 1213 (sed
2871 1142 3067 1196 Graece
3108 1157 3226 1195 non
3267 1141 3581 1213 integram)
3637 1141 3821 1196 edidit

2163 1236 2372 1289 Petrus
2404 1233 2726 1288 Halloixius
2757 1233 2818 1286 in
2853 1233 2996 1286 Vitis
3022 1233 3250 1286 Patrum
3279 1232 3511 1295 0rient.,
3552 1236 3592 1287 t.
3625 1232 3648 1285 Ι
3684 1232 3819 1301 (47).

2162 1325 2457 1393 lntegram
2491 1328 2688 1377 autem
2721 1338 2850 1376 eam
2879 1337 3034 1375 anno
3085 1321 3220 1374 1647
3283 1320 3525 1374 Londini
3580 1336 3652 1374 ex
3708 1321 3823 1374 Me-

2163 1413 2403 1483 nologio
2460 1413 2658 1467 Graaco
2711 1427 2856 1467 mss.
2890 1410 3127 1465 Barocc.
3180 1409 3464 1480 evulgavit
3518 1411 3820 1474 Usserius,

2164 1502 2406 1557 Parisiis
2435 1501 2784 1558 Cotelerius.
2813 1499 3092 1555 Eamdem
3125 1499 3339 1554 deinde
3388 1501 3538 1554 Actis
3597 1507 3820 1569 marty-

2164 1608 2287 1645 rum
2315 1591 2542 1646 sinceris
2562 1590 2879 1645 Ruinartus
2914 1589 3184 1656 intexuit,
3238 1594 3295 1643 et
3354 1588 3645 1643 Smithius
3705 1589 3824 1644 edi-

2165 1680 2311 1734 tioni
2336 1681 2478 1751 Epp.
2513 1680 2722 1752 Ignatii
2756 1685 2813 1734 et
2865 1677 3175 1749 Polycarpi
3209 1676 3436 1732 addidit
3470 1679 3631 1732 1709.
3667 1679 3824 1733 Smi-

2164 1770 2355 1824 thium
2389 1774 2625 1824 secutus
2657 1773 2745 1822 est
2799 1767 3160 1823 Gallandius.
3194 1767 3583 1821 Novissimam
3614 1774 3677 1821 et
3709 1768 3824 1822 ele-

403 1864 519 1917 σίαν
553 1859 800 1938 ἀδελφῶν
832 1862 930 1930 τὴν
960 1858 1230 1932 ἱστορίαν,
1261 1855 1312 1911 ἐν
1422 1853 1813 1927 διδηλώκαμεν
1872 1851 2047 1906 αὐτῶν

2235 1859 2576 1912 ηιιιὶεείιῐιθῐῃ
2625 1857 2946 1912 editionem
3008 1858 3144 1910 1838
3195 1860 3252 1911 et
3319 1858 3456 1910 1840
3531 1856 3701 1924 (edit.
3765 1859 3827 1926 ιι)

408 1951 732 2026 Ἐπιστολῇ,
762 1948 1242 2023 κατα-τεθειμένων.

487 2047 566 2100 De
595 2044 876 2114 martyrio
912 2044 965 2096 S.
1000 2041 1309 2112 Polycarpi
1341 2039 1602 2095 Irenaaus
1649 2039 1758 2108 (42)
1825 2053 2061 2108 quoque

409 2135 587 2188 verba
608 2134 781 2188 fecit:
815 2131 939 2185 Ἐπὶ
970 2127 1114 2183 πολὺ
1145 2128 1248 2202 γὰρ
1298 2127 1585 2200 παρέμεινε
1637 2125 2059 2196 (Polycarpus)

410 2221 502 2275 καὶ
532 2221 670 2276 πάνυ
714 2218 1009 2294 γηραλέος,
1063 2213 1290 2286 ἐνδόξως
1339 2215 1430 2270 καὶ
1487 2211 1873 2291 ἐπιφανέστατα
1923 2231 2060 2287 μαρ-

406 2313 673 2382 τυρήσας,
704 2307 900 2378 ἐξῆλθε
929 2311 1027 2362 τοῦ
1061 2305 1204 2381 βίου.

483 2400 767 2454 Similiter
790 2397 1326 2468 Hieronymus(43);
1348 2419 1374 2446 «
1399 2400 1600 2450 Postea
1614 2398 2060 2466 vero,regnante

411 2492 482 2545 Μ.
506 2489 805 2544 Antonino
841 2493 898 2541 et
929 2489 983 2542 L.
1019 2487 1257 2542 Aurelio
1288 2485 1632 2553 Commodo,
1667 2489 1878 2555 quarta
1931 2487 2064 2554 post

408 2582 701 2635 Neronem
732 2575 1716 2650 persecutione,Smyrnm,sedente
1741 2589 2062 2645 proconsu-

409 2669 486 2737 le,
521 2675 577 2724 et
615 2669 890 2724 universo
948 2667 1166 2739 populo
1226 2667 1287 2721 in
1318 2665 1752 2736 amphitheatro
1781 2664 2060 2718 adversus

408 2774 542 2813 eum
566 2764 943 2830 personante,
974 2757 1093 2828 igni
1128 2755 1379 2810 traditus
1409 2761 1517 2809 est.
1564 2777 1591 2803 »

477 2849 568 2904 Vl.
593 2850 795 2903 Totam
829 2847 1102 2901 Ecclesiae
1122 2845 1497 2915 Smyrnensis
1520 2843 1834 2915 epistolam
1860 2858 2060 2912 nemo,

412 2953 589 3006 quem
613 2937 884 3003 sciam,in
908 2935 1154 2989 dubium
1178 2934 1419 3000 vocavit,
1456 2932 1686 3004 ipsique
1705 2931 1895 2986 critici
1918 2931 2028 3001 rigi
2045 2961 2058 2971 -

410 3024 641 3080 dissimi
664 3025 900 3080 laudem
935 3024 986 3077 ei
1011 3024 1344 3078 tribuerunt
1375 3021 1506 3091 (44).
1567 3021 1668 3089 Iis,
1701 3037 1832 3091 quas
1885 3036 2064 3090 supra

407 3118 550 3185 (n.1)
584 3130 652 3168 ex
680 3114 904 3168 Valesio
928 3113 1314 3183 protulimus,
1354 3126 1422 3165 ea
1452 3109 1764 3174 addemus,
1824 3125 1954 3178 qua
1988 3108 2064 3162 il-

2170 1947 2378 2003 Oxonii
2434 1946 2718 2018 evulgavit
2764 1945 3167 2014 [Jacobsonus,
3222 1944 3413 1999 tribus
3489 1944 3824 2012 codicibus,

2168 2035 2815 2101 Barocciano,Parisino
2831 2033 3637 2089 etCaasareo-Vindobonensi
3659 2051 3824 2090 usus.

2240 2127 2384 2179 Vlll.
2424 2127 2495 2178 De
2523 2125 2775 2179 doctrina
2805 2123 2985 2194 hujus
3016 2123 3280 2195 epistolae
3319 2123 3452 2191 pcfr.
3517 2124 3822 2196 Lumper.,

2167 2216 2297 2269 Hist.
2334 2213 2502 2269 theol.
2537 2215 2684 2280 crit.,
2720 2219 2759 2268 t.
2793 2214 2947 2284 IItp.
2989 2215 3256 2267 453-459.

2239 2313 2329 2367 ΙΧ.
2372 2311 2675 2367 Addamus
2705 2311 2962 2381 denique
3022 2327 3154 2381 quas
3199 2310 3452 2365 Thomas
3511 2311 3821 2374 Smithius,

2167 2402 2334 2456 testis
2365 2399 2660 2469 αὐτόπτης,
2689 2399 2759 2455 de
2794 2401 3138 2472 Smyrnensi
3177 2399 3640 2471 amphithartro,
3704 2419 3820 2472 quo

2166 2492 2221 2546 S.
2249 2491 2608 2562 Polycarpus
2639 2495 2866 2562 martyr
2896 2489 3190 2561 gloriosus
3241 2489 3406 2556 obiit,
3441 2488 3640 2560 deque
3696 2493 3823 2563 ejus

2169 2579 2437 2651 sepulcro
2469 2583 2709 2634 enarrat
2737 2578 2832 2634 his
2865 2577 3060 2633 verbis
3091 2578 3204 2648 (48)
3231 2595 3243 2632 :
3277 2599 3306 2628 «
3331 2578 3418 2633 Ad
3449 2578 3660 2648 latera,
3723 2596 3822 2634 an-

2167 2668 2315 2738 quit,
2339 2667 2585 2722 alterius
2605 2673 2788 2738 portae
2841 2669 3016 2731 arcis,
3080 2683 3209 2737 quae
3255 2667 3330 2721 ad
3365 2667 3665 2722 orientem
3716 2675 3822 2734 est,

2167 2757 2360 2811 adhuc
2390 2757 2658 2812 visuntur
2693 2755 2824 2811 dua;
2847 2756 3084 2827 aquilaa,
3119 2759 3523 2812 Romanorum
3544 2757 3822 2828 insignia,

2167 2846 2540 2918 largiusculas
2563 2852 2621 2901 et
2649 2846 2805 2901 belle
2839 2847 3077 2916 quidem
3113 2845 3442 2902 delineatm.
3473 2848 3627 2902 Hinc
3673 2851 3826 2903 inter

2167 2935 2672 3000 descendendum,
2707 2936 2965 3006 amplum
3002 2936 3505 3005 amphitheatrum
3540 2937 3618 2991 ad
3650 2939 3823 2992 Nota-

2167 3025 2472 3095 peliotem,
2506 3041 2622 3094 quo
2655 3025 2711 3079 S.
2762 3025 3123 3096 Polycarpus
3176 3026 3459 3095 martyrio
3506 3034 3822 3082 coronatus

2171 3117 2282 3177 est,
2318 3114 2688 3170 intravimus.
2721 3113 3000 3185 gradibus
3030 3113 3222 3168 saxeis
3253 3129 3287 3167 a
3336 3115 3540 3169 Turcis
3601 3116 3678 3170 ad
3735 3133 3825 3170 or-

407 3202 802 3259 lustrissimus
822 3200 1227 3272 Scaligerusin
1254 3197 1919 3252 Anidmadversionibus
1934 3197 2056 3251 suis
2087 3229 2130 3295 C
2171 3202 2398 3256 nandas
2421 3202 2578 3257 asdes
2608 3202 2773 3257 illinc
2797 3202 3067 3258 sublatis.
3095 3205 3160 3256 ln
3184 3201 3353 3272 cujus
3381 3203 3677 3259 lateribus
3697 3205 3828 3259 duas

411 3291 859 3362 Eusebianis(p.
894 3291 1016 3358 121)
1047 3288 1256 3342 eﬂ‘atus
1289 3292 1395 3341 est.
1424 3307 1450 3338 α
1485 3289 1615 3341 llam
1658 3293 1816 3354 sunt,
1849 3288 2052 3354 inquit,

405 3380 801 3435 vetustissima
817 3378 922 3432 illa
935 3377 1204 3431 Ecclesiae
1219 3376 1781 3447 martyria,quorum
1800 3375 2054 3430 lectione

407 3472 640 3540 piorum
664 3470 898 3524 animus
917 3469 997 3521 ita
1011 3467 1287 3532 afficitur,
1311 3471 1376 3519 ut
1405 3481 1714 3536 nunquam
1740 3463 2056 3520 saturinde

404 3557 642 3622 redeat;
669 3557 828 3626 quod
851 3555 1091 3625 quidem
1110 3555 1193 3609 ita
1215 3555 1782 3624 esse,unusquisque
1806 3570 1909 3624 pro
1926 3569 2060 3623 cap-

406 3652 470 3701 tu
501 3663 604 3701 suo
630 3652 687 3700 et
709 3645 1086 3700 conscientia:
1143 3644 1314 3699 modo
1369 3644 1589 3698 sentire
1640 3648 1851 3714 potest.
1887 3643 2054 3697 Certe

409 3751 513 3806 ego
547 3735 694 3788 nihil
720 3751 985 3803 unquam
1026 3734 1087 3788 in
1133 3733 1380 3788 historia
1415 3732 1815 3787 ecclesiastica
1844 3731 1980 3796 vidi,
2025 3749 2059 3786 a

408 3824 578 3894 cujus
611 3823 865 3878 lectione
888 3823 1244 3877 commotior
1262 3820 1630 3889 recedam,ut
1659 3837 1778 3875 non
1801 3819 2056 3891 amplius

409 3930 577 3968 meus
609 3930 737 3968 esse
769 3913 990 3967 videar.
1025 3934 1053 3961 ››

479 4003 704 4057 Nostris
736 4001 1102 4073 temporibus
1133 4000 1463 4071 prassertim
1496 3999 1806 4054 Mmhlerus
1839 3998 2056 4069 episto-

405 4092 479 4146 lae
512 4092 691 4162 hujus
722 4107 961 4145 causam
993 4090 1112 4160 egit
1135 4091 1266 4160 (45).

475 4179 796 4235 Nonnullas
824 4179 1093 4244 lacinias,
1125 4177 1455 4248 praesertim
1505 4175 1766 4232 fabulam
1825 4175 1896 4230 de
1955 4193 2055 4231 co-

404 4269 607 4324 lumba
637 4286 687 4324 c.
714 4271 801 4332 16,
834 4267 1109 4339 Epistolai
1132 4272 1348 4321 nostras
1381 4283 1415 4320 a
1471 4265 1900 4337 posterioribus
1952 4266 2053 4321 ad-

404 4357 555 4412 ditas
590 4373 738 4426 esse,
772 4356 1206 4411 contenderunt
1240 4356 1579 4410 Heumanus
1611 4354 1720 4426 (46)
1782 4359 1840 4408 et
1900 4355 2001 4409 alii
2035 4373 2048 4422 ;

400 4462 522 4500 non
555 4445 750 4516 plane,
783 4450 848 4498 ut
878 4445 1128 4510 videtur,
1162 4443 1404 4514 injuste.

472 4534 759 4604 Equidem
790 4533 1062 4588 ultimam
1093 4533 1302 4603 capitis
1325 4533 1394 4586 22
1431 4531 1805 4602 particulam,
1831 4549 1962 4603 quaa
1980 4533 2050 4588 de

2169 3307 2453 3361 cavernae,
2489 3291 2703 3361 quibus
2729 3291 3158 3346 claudebantur
3187 3290 3414 3355 leones,
3439 3291 3550 3345 sibi
3573 3293 3833 3347 invicem

2167 3385 2569 3449 apponuntur.
2606 3379 2948 3450 Sepulcrum
2983 3381 3038 3433 S.
3095 3378 3426 3450 Polycarpi,
3459 3379 3626 3449 quod
3657 3381 3720 3434 in
3752 3381 3836 3435 la-

2168 3473 2290 3522 tere
2325 3468 2543 3522 montis
2570 3468 2852 3524 adversus
2884 3470 3341 3522 Euro—austrum
3361 3468 3555 3522 adhuc
3589 3486 3832 3523 conser-

2169 3559 2546 3613 vatur.Graaci
2579 3557 2676 3611 die
2706 3557 3084 3629 festo,ipsius
3113 3559 3417 3612 memoria:
3449 3566 3831 3623 consecrato,

2168 3663 2275 3717 pro
2309 3663 2492 3702 more.
2526 3647 2625 3716 qui
2660 3646 2817 3718 apud
2846 3647 3007 3716 ipsos
3039 3645 3286 3712 obtinet,
3321 3645 3676 3700 solemniter
3738 3649 3834 3701 in-

2167 3736 2382 3789 visunt.
2418 3736 2604 3790 Situm
2653 3742 2743 3790 est
2800 3737 2860 3789 in
2917 3736 3172 3805 quadam
3229 3735 3496 3802 aadicula,
3557 3736 3833 3791 ecclesize

2166 3826 2318 3880 forte
2348 3826 2826 3897 sacello,alii,per
2858 3841 3036 3896 quam
3066 3825 3210 3880 illuc
3242 3826 3722 3881 transeunduum
3745 3834 3833 3880 est

2167 3913 2461 3984 contigua.
2495 3913 2560 3966 In
2584 3913 2695 3967 hoc
2736 3917 3126 3967 monumento
3184 3911 3590 3980 instauranda,
3627 3913 3675 3966 si
3751 3913 3826 3968 ab

2166 4001 2658 4072 impressionibus
2713 4001 2912 4067 aeriis,
2965 4001 3012 4054 si
3063 4017 3096 4055 a
3144 4000 3366 4068 Turcis,
3397 4000 3444 4054 si
3477 4017 3508 4055 a
3542 4001 3828 4056 Christia-

2165 4090 2259 4143 nis
2291 4088 2787 4152 Occidentalibus,
2813 4089 2913 4159 qui
2943 4089 3274 4159 fragmenta
3304 4088 3622 4143 marmoris
3653 4090 3834 4160 quasi

2165 4183 2252 4232 tot
2279 4179 2568 4248 reliquias
2619 4177 2828 4232 exinde
2861 4177 3100 4242 tollunt,
3171 4177 3417 4232 laedatur
3473 4183 3836 4234 temeretur-

2166 4283 2278 4338 que
2314 4285 2326 4333 ;
2361 4267 2678 4322 laudabilis
2710 4267 2943 4322 illorum
2967 4266 3292 4322 collocatur
3316 4282 3515 4337 opera,
3579 4267 3701 4323 olla
3761 4271 3831 4324 ti-

2165 4357 2290 4411 ctili
2322 4372 2555 4426 quoque
2588 4356 2706 4411 illic
2737 4355 3027 4427 apposita,
3061 4355 3122 4409 in
3155 4371 3333 4426 quam
3376 4355 3630 4426 quisque
3691 4357 3822 4412 fere

2163 4462 2283 4516 prae
2366 4444 2768 4509 veneratione,
2820 4460 2937 4514 qua
2993 4458 3132 4515 erga
3194 4441 3285 4495 τὸν
3337 4438 3824 4516 Μεγαλομάρτυρι

2162 4549 2268 4604 pro
2301 4532 2531 4587 Christo
2563 4532 2780 4586 invicta
2809 4531 2991 4586 animi
3047 4530 3366 4602 praesentia
3417 4531 3570 4585 mori
3632 4534 3820 4587 susti-

402 4593 585 4676 Piorio
618 4622 899 4692 loquitur,
936 4593 1199 4692 spuriam
1253 4593 1466 4675 censeo
1524 4620 1673 4674 etab
1724 4593 1826 4675 illo
1847 4593 2052 4677 ‘confe-
2086 4593 2130 4657 D
2162 4593 2405 4676 nentem
2453 4621 2660 4688 fertur,
2695 4620 2815 4675 illic
2840 4593 3066 4676 ductus.
3085 4618 3365 4690 pauculos
3415 4636 3623 4690 aspros
3673 4638 3826 4675 con-

401 4716 575 4780 ctam,
603 4711 701 4780 qui
754 4709 1131 4781 supposititia
1158 4710 1270 4762 ista
1301 4710 1357 4763 S.
1384 4707 1693 4779 Polycarpi
1725 4715 1874 4778 acta,
1911 4727 2050 4782 quo-

401 4817 535 4856 rum
575 4816 755 4871 supra
813 4798 1181 4854 mentionem
1229 4797 1498 4865 fecimus,
1561 4814 1810 4868 quasque
1843 4799 2048 4855 Pionio

477 4970 588 5038 (41)
619 4971 760 5024 Hist.
793 4970 922 5023 eccl.
949 4985 1019 5037 ιν,
1056 4970 1140 5022 15.

477 4973 558 5038 (41
619 4971 760 5024 Hist.
793 4970 922 5023 eccl.
949 4985 1019 5037 ιν,
1056 4970 1140 5022 15.

474 4970 588 5112 (42)
619 5041 757 5096 Adv.
792 5043 930 5096 Har.
965 5056 1047 5108 in,
1077 5040 1130 5092 2.
1168 5038 1336 5109 Apud
1390 5038 1602 5094 Euseb.
1663 5041 1802 5095 Hist.
1860 5042 2044 5098 eccles.

403 5128 473 5172 iv,
510 5115 593 5165 14.

468 5185 576 5249 (43)
608 5182 782 5238 Catat.
817 5185 1008 5252 script.
1043 5182 1171 5236 eccl.
1198 5199 1248 5237 c.
1285 5185 1375 5235 17°

463 5254 574 5323 (44)
611 5253 747 5308 Vide
781 5254 1119 5321 Tillemont,
1143 5254 1445 5317 Memoires,
1480 5256 1620 5318 etc.,
1653 5258 1693 5308 t.
1719 5254 1788 5319 II,
1838 5271 1894 5324 p.
1947 5255 2043 5308 341

393 5339 584 5394 seqq.,
615 5324 752 5380 edit.
790 5327 1171 5392 Veneta,1732
1206 5330 1264 5379 et
1295 5324 1519 5379 Fabric.
1552 5325 1697 5383 Bibl.
1726 5326 1846 5394 Gr.,
1900 5325 2044 5380 edit.

392 5394 643 5464 Harles.,
680 5402 719 5450 t.
754 5397 871 5464 VII,
906 5413 964 5469 p.
994 5397 1081 5449 51.

2061 5595 2139 5615 φ

2153 4709 2307 4780 jicit,
2338 4709 2506 4764 utin
2557 4725 2732 4763 omne
2791 4725 2979 4763 navum
3041 4712 3350 4779 perennet.
3389 4727 3414 4759 α
3475 4707 3609 4762 Haec
3665 4709 3826 4763 Smi-

2161 4799 2340 4854 thius.

2231 4973 2338 5041 (45)
2372 4973 2680 5041 Patrotog.,
2713 4976 2754 5026 t.
2789 4972 2830 5024 Ι.
2864 4987 2920 5041 p.
2954 4972 3080 5025 410.
3114 4970 3229 5025 Cfr.
3264 4968 3556 5038 Neander,
3615 4970 3820 5025 Kirch.

2161 5041 2343 5098 Gesch.
2376 5048 2416 5098 t.
2445 5044 2489 5107 Ι,
2519 5060 2578 5114 p.
2612 5044 2735 5097 739.

2232 5115 2339 5183 (46)
2375 5112 2669 5169 Vide—not.
2704 5112 2778 5168 ad
2809 5129 2859 5168 c.
2888 5113 2974 5167 16.

2233 5187 2340 5251 (47)
2373 5187 2510 5240 Dum
2543 5189 2774 5240 exstant
2805 5185 3104 5239 versiones
3137 5184 3420 5254 antiques,
3454 5199 3717 5253 quarum
3745 5185 3832 5238 al-

2162 5261 2290 5310 tora
2319 5257 2678 5326 metaphrasis
2698 5257 2894 5327 potius
2927 5272 3106 5327 quam
3145 5257 3320 5310 versio
3351 5262 3460 5310 est.

2234 5329 2337 5393 (48)
2371 5325 2537 5382 Notit.
2571 5325 2716 5398 septi
2761 5329 2907 5381 Asiae
2944 5325 3133 5388 Ἐοοί..
3159 5343 3215 5396 p.
3253 5329 3375 5397 164,
3408 5325 3554 5381 edit.
3595 5327 3823 5393 Oxon.,

2164 5400 2321 5453 1672.
2357 5399 2629 5470 Lumper.
2663 5399 2704 5452 Ι.
2747 5415 2824 5466 ο.,
2859 5404 2897 5455 t.
2926 5398 2994 5465 lI,
3028 5415 3085 5469 p.
3109 5399 3232 5452 461.
