3956 6308
141 423 270 485 1005

1226 422 1616 486 EPISTOLA
1667 424 1764 483 AD
1805 421 2396 485 PHIIJPPENSES.

3368 425 3526 487 1006

300 752 772 928 ΤΟΥ
893 750 1604 928 ΑΓΙΟΥ
1722 749 3366 928 ΠΟΛΥΚΑΡΠΟΥ

1073 1057 1472 1115 ΕΠΙΣΚΟΠΟΥ
1508 1055 1828 1112 ΣΜΥΡΝΗΣ
1869 1057 1992 1112 ΚΑΙ
2030 1056 2564 1114 ΙΕΡΟΜΑΡΊῪΡΟΣ

373 1269 846 1399 ΠΡΟΣ
943 1262 2232 1394 ΦΙΛΙΠΠΗΣΙΟΥΣ
2341 1264 3250 1396 ΕΠΙΣΤΟΛΗ

813 1675 1531 1842 SANGTI
1680 1673 2807 1841 POLYCARPI

372 1971 1270 2070 SMYBNIEOBUM
1355 1968 1918 2065 EPISCOPI
2011 1969 2165 2066 ET
2258 1971 3274 2070 HIEROMABTYRIS

1491 2200 2145 2328 EPISTULA

1021 2441 1255 2576 Al)
1351 2437 2652 2578 PHILIPPENSES

122 2845 487 2920 Ηολύιιαρπος
518 2843 609 2898 καὶ
662 2843 716 2897 οἱ
774 2842 865 2896 σὺν
916 2841 1066 2911 αύτῷ
1121 2833 1479 2913 πρεσϐύτεροι
1534 2839 1602 2910 τῇ
1648 2837 1774 2894 Ἐκ·
1807 2843 1854 2908 Α
1887 2840 1943 2892 Ρ‹

1936 2837 2242 2909 olycarpus
2274 2843 2331 2894 et
2360 2840 2461 2909 qui
2493 2856 2629 2895 cum
2662 2857 2730 2895 eo
2752 2843 3084 2913 presbyteri
3106 2843 3380 2899 Ecclesia
3403 2844 3528 2914 Dei,

180 2935 394 3006 κλησίᾳ
418 2937 514 2988 τοῦ
555 2935 692 2987 Θεοῦ
747 2934 816 3004 τῇ
867 2926 1202 3001 παροικούσῃ
1256 2926 1575 2988 Φιλίππους
1631 2931 1766 2996 (49)⁰

181 3025 341 3090 ἔλεος
374 3026 499 3096 ὑμῖν
544 3023 634 3078 καί
690 3021 877 3096 εἰρήνη
936 3020 1082 3094 παρὰ
1139 3023 1272 3073 Θεοῦ
1330 3017 1772 3092 παντοκράτορος

185 3117 278 3172 καὶ
311 3115 509 3187 Κυρίου
543 3114 722 3182 Ἰησοῦ
751 3107 987 3184 Χριστοῦ
1018 3111 1114 3163 τοῦ
1146 3114 1406 3182 Σωτῆρος
1437 3109 1601 3178 ἡμῶν
1632 3105 1774 3176 πλη-

183 3202 426 3273 Θυνθείη.

1954 2943 2084 2998 quaa
2116 2929 2533 3000 peregrinatur
2562 2930 2885 3002 Philippis:
2915 2932 3321 2988 misericordia
3369 2933 3531 2989 vobis

1955 3021 2012 3070 et
2043 3033 2156 3087 pax
2188 3033 2221 3072 a
2254 3017 2371 3072 Deo
2417 3019 2845 3090 omnipotente,
2899 3027 2959 3076 et
3011 3037 3044 3076 a
3093 3022 3343 3078 Domino
3391 3024 3528 3079 Jesu

1954 3105 2185 3162 Christo
2217 3107 2515 3162 Salvatore
2546 3113 2749 3163 nostro
2781 3109 3226 3182 multiplicetur.

807 3300 852 3354 Ι.
884 3301 1026 3354 Laus
1056 3297 1122 3351 ob
1156 3297 1554 3366 benignitatem
1585 3312 1718 3366 erga
1744 3299 1950 3365 fratres
1980 3298 2189 3352 vinctos
2219 3303 2270 3351 et
2301 3297 2364 3351 ob
2391 3301 2604 3366 ﬁrmam
2633 3297 2818 3366 ﬁdem.

182 3418 500 3493 Συνεχάρην
535 3416 662 3488 ὑμῖν
724 3412 976 3489 μεγάλως
1027 3409 1077 3466 ἐν
1129 3409 1314 3486 Κυρίῳ
1370 3412 1531 3482 ἡμῶν
1582 3409 1762 3478 Ἰησοῦ

116 3510 353 3584 Χριστῷ,
389 3504 697 3578 δεξαμένοις
725 3504 793 3558 τὰ
844 3503 1141 3576 μιμήματα
1185 3506 1284 3568 τῆς
1335 3497 1575 3569 ἀληθοῦς
1628 3497 1766 3572 ἀγά-

111 3619 241 3669 πης,
275 3597 366 3651 καὶ
398 3595 806 3670 προπέμψασιν,
841 3592 915 3653 ὡς
946 3585 1206 3644 ἐπέϐαλεν
1257 3589 1403 3661 ὑμῖν,
1451 3587 1578 3647 τοὺς
1629 3587 1766 3641 ἐνει-

114 3685 436 3759 λημμένους
469 3689 583 3744 τοῖς
615 3681 975 3759 ἆγιοπρεπέσι
1007 3676 1248 3752 δεσμοῖς,
1285 3676 1432 3732 ἂτινά
1482 3675 1592 3731 ἐστι
1647 3673 1766 3730 δια-

115 3775 176 3845 δγς
193 3795 341 3849 ματα
365 3777 469 3828 τῶν
511 3771 732 3841 ἀληθῶς
767 3769 868 3824 ὑπὸ
901 3771 1034 3824 Θεοῦ
1063 3767 1154 3822 καὶ
1213 3769 1308 3821 τοῦ
1358 3765 1556 3838 Κυρίου
1606 3767 1766 3836 ἡμῶν

108 3863 548 3937 ἐκλελεγμένων·
611 3860 698 3914 καὶ
749 3859 832 3914 ὅτι
930 3852 1123 3932 βεϐαία
1170 3863 1269 3924 τῆς
1328 3853 1559 3916 πίστεως
1613 3854 1765 3924 ὑμῶν

111 3957 262 4029 ρίζα,
323 3950 374 4021 ἐξ
432 3950 678 4025 ἀρχαίων
731 3944 1222 4024 καταγγελλομένη
1291 3942 1534 4019 χρόνων,
1594 3942 1762 4020 μέχρι

101 4050 194 4099 νῦν
245 4039 511 4114 διαμένει,
543 4039 634 4093 καὶ
687 4040 1025 4114 καρποφορεῖ
1070 4034 1144 4096 εἰς
1189 4034 1280 4088 τὸν
1343 4031 1537 4108 Κύριον
1598 4033 1758 4105 ἡμῶν

99 4135 319 4202 Ἰησοῦν
353 4128 610 4204 Χριστὸν,
652 4128 711 4189 ’ὸς
762 4125 1044 4198 ὑπέμεινεν
1101 4123 1233 4197 ὑπὲρ
1306 4126 1414 4176 τῶν
1476 4120 1758 4194 ἁμαρτιῶν
1799 4156 1841 4220 Β

99 4222 272 4292 ἡμῶν
315 4213 421 4275 ’ὲως
463 4212 698 4277 θανάτου
743 4216 1096 4279 καταντῆσαι,
1129 4231 1157 4259 ‹‹
1190 4209 1248 4262 ’ὀν
1301 4208 1516 4282 ἤγειρεν
1549 4207 1576 4259 ὁ
1610 4205 1761 4277 Θεὸς,

101 4291 280 4366 λύσας
307 4303 400 4365 τὰς
426 4299 625 4363 ὠδῖνας
655 4303 752 4354 τοῦ
791 4296 944 4372 ᾇδου.
996 4297 1092 4359 Εἰς
1149 4295 1208 4350 δν
1259 4294 1357 4351 οὐκ
1407 4291 1612 4356 ἰδόντες
1670 4316 1764 4349 πι-

102 4400 344 4460 στεύετε,
379 4388 721 4452 πιστεύοντες
751 4387 808 4443 δὲ
836 4385 1166 4462 ἀγαλλιᾶσθε
1207 4389 1352 4460 χαρᾷ
1401 4381 1764 4455 ἀνεκλαλήτῳ

102 4485 198 4541 καὶ
229 4478 624 4555 ὓεδοξασμὲνῃο
660 4500 686 4532 ν
719 4477 796 4539 εἷς
835 4476 902 4546 ἢν
936 4471 1142 4530 πολλοὶ
1171 4473 1528 4546 ἐπιθυμοῦσιν
1584 4470 1764 4526 εἰσελ-

103 4580 244 4642 θεῖν,
281 4569 486 4631 είδότες
517 4567 598 4624 ὅτι
660 4565 908 4643 «χάριτί
959 4564 1075 4620 ἐστε
1132 4559 1485 4636 σεσωσμένοι,
1547 4559 1647 4616 οὐκ
1709 4558 1760 4634 ἐξ

99 4661 312 4742 ἔργων,
345 4683 376 4713 »
408 4657 556 4715 ἀλλὰ
585 4657 858 4729 θελήματι
888 4657 1043 4725 Θεοῦ,
1077 4650 1167 4707 διὰ
1197 4653 1378 4723 Ἰησοῦ
1410 4653 1667 4725 Χριστοῦ.

1945 3415 2294 3485 Magnopere
2328 3413 2674 3485 congavisus
2707 3430 2838 3469 sum
2869 3413 3032 3469 vobis
3056 3415 3117 3470 in
3143 3415 3392 3472 Domino
3417 3434 3527 3472 no-

1877 3507 1997 3556 stro
2027 3503 2166 3557 Jesu
2196 3502 2447 3569 Christo,
2482 3501 2641 3572 quod
2684 3519 2833 3558 vera)
2882 3504 3188 3560 charitatis
3237 3506 3526 3578 imagines

1877 3591 2243 3662 suscepistis,
2261 3597 2319 3646 et
2344 3591 2500 3661 quod
2523 3598 2698 3663 prout
2718 3593 2916 3648 decuit
2933 3611 3054 3658 vos,
3091 3596 3354 3650 comitati
3383 3597 3525 3653 estis

1877 3695 1996 3744 eos,
2032 3681 2132 3749 qui
2162 3679 2446 3750 implicati
2471 3685 2607 3733 sunt
2632 3680 2898 3748 vinculis,
2923 3698 3052 3751 quas
3075 3685 3297 3738 sanctis
3321 3701 3526 3740 conve-

1876 3769 2069 3832 niunt,
2102 3785 2351 3839 quaeque
2386 3767 2720 3823 diademata
2770 3776 2908 3824 sunt
2959 3787 3184 3840 eorum,
3241 3774 3341 3842 qui
3391 3791 3524 3830 vere

1877 3864 2015 3913 sunt
2043 3875 2078 3912 a
2109 3859 2224 3911 Deo
2256 3862 2313 3911 et
2346 3857 2591 3911 Domino
2615 3864 2819 3913 nostro
2854 3860 3024 3913 electi
3051 3867 3142 3925 ;et
3173 3862 3330 3931 quod
3352 3863 3525 3920 ﬁrma

1877 3948 2013 4004 fidei
2044 3952 2250 4001 vestras
2281 3946 2468 4010 radix,
2501 3946 2573 4000 ab
2605 3947 2864 4017 antiquis
2898 3949 3261 4018 temporibus
3284 3967 3521 4008 annun-

1875 4039 2038 4103 tiata,
2064 4051 2253 4105 usque
2276 4034 2469 4089 adhuc
2502 4035 2516 4067 ί
2551 4041 2861 4104 permanet
2892 4053 2960 4090 ac
2982 4037 3239 4092 fructum
3262 4039 3434 4093 affert
3457 4040 3519 4096 in

1874 4126 2121 4182 Domino
2154 4129 2357 4178 nostro
2388 4123 2524 4178 Jesu
2554 4123 2804 4192 Christo,
2838 4126 2936 4194 qui
2970 4142 3076 4196 pro
3124 4127 3380 4198 peccatis
3411 4146 3521 4184 no-

1878 4216 2014 4271 stris
2046 4230 2232 4284 usque
2264 4212 2337 4268 ad
2367 4217 2622 4267 mortem
2653 4211 2928 4268 devenire
2959 4215 3260 4282 sustinuit,
3289 4239 3316 4267 ‹‹
3341 4234 3520 4288 quem

1877 4301 2251 4359 rcsuscitavit
2279 4302 2454 4369 Deus,
2487 4299 2694 4355 solutis
2750 4300 3051 4356 doloribus
3109 4303 3328 4360 inferni
3361 4305 3402 4360 ³.
3457 4309 3522 4363 In

1877 4409 2056 4464 quem
2078 4408 2198 4446 non
2216 4389 2483 4445 videntes
2505 4388 3086 4457 creditis,credentes
3112 4398 3306 4447 autem
3328 4396 3522 4451 exsul-

1878 4482 2013 4536 tatis
2045 4480 2252 4535 lastitia
2281 4477 2663 4534 inenarrabili
2697 4483 2756 4532 et
2777 4478 3102 4550 gloriﬁcata
3122 4480 3171 4548 3;
3199 4504 3227 4531 »
3251 4482 3311 4536 in
3342 4501 3518 4555 quam

1873 4569 2045 4626 multi
2078 4568 2420 4624 desiderant
2450 4565 2717 4633 introire,
2748 4567 3022 4638 scientes,
3063 4571 3221 4641 quod
3271 4593 3300 4621 «
3333 4575 3522 4645 gratia

1874 4661 2018 4715 estis
2048 4658 2270 4728 salvati,
2304 4674 2424 4712 non
2455 4674 2526 4712 ex
2549 4656 2828 4728 operibus
2857 4659 2900 4725 ‘,
2923 4679 2951 4708 »
2971 4658 3075 4714 sed
3100 4659 3396 4717 voluntate
3416 4664 3521 4718 Dei

1872 4766 1980 4822 per
2006 4750 2205 4804 Jesum
2235 4747 2556 4804 Christum.

1399 4881 1468 4936 ll.
1503 4875 1832 4935 Adhortatio
1857 4875 1932 4933 ad
1959 4876 2238 4931 virtutem.

173 5022 300 5097 (50)
355 5042 386 5072 «
441 5017 535 5073 Διὸ
583 5014 986 5088 ἀναζωσάμενοι
1042 5012 1138 5074 τὰς
1189 5009 1388 5097 ὀσφύας
1443 5008 1596 5097 ὑμῶν

97 5091 448 5169 δουλενύσατε
480 5109 561 5179 τῷ
595 5109 710 5176 Θεῷ
763 5101 815 5158 ἐν
867 5097 1022 5180 φόϐῳ
1059 5124 1088 5152 ››
1136 5098 1225 5154 καὶ
1275 5096 1525 5168 ἀληθείᾳ,
1567 5091 1766 5150 ἀπολί-

1950 5027 1977 5055 ‹‹
2003 5005 2254 5074 Propter
2273 5000 2432 5073 quod
2451 5000 2734 5057 succincti
2755 5000 2990 5058 lumbos
3019 5007 3243 5061 vestros
3263 5006 3284 5041 ⁸
3309 5009 3522 5066 servits

1878 5096 1994 5150 Deo
2026 5093 2087 5148 in
2120 5092 2330 5147 timore
2357 5090 2379 5124 ⁸
2405 5113 2432 5141 ››
2455 5096 2512 5146 et
2530 5092 3204 5164 veritate,relinquentes
3224 5096 3401 5154 inane
3432 5117 3525 5156 va-

95 5201 315 5261 πόντες
347 5197 447 5266 τὴν
479 5196 639 5264 κενὴν
677 5179 1074 5268 ματαιολογίαν
1106 5190 1196 5244 καὶ
1225 5189 1323 5256 τὴν
1378 5190 1483 5241 τῶν
1535 5182 1766 5240 πολλῶν
1880 5184 1940 5239 ni

1936 5183 2213 5254 Lloquium
2246 5185 2303 5234 et
2331 5179 2484 5251 vulgi
2519 5198 2804 5248 errorem,
2845 5203 2874 5232 α
2906 5182 3216 5240 credentes
3249 5186 3310 5242 in
3362 5205 3525 5256 eum,

93 5289 360 5358 πλάνην,
412 5281 850 5343 «πιστεύσαντες
909 5280 986 5341 εἰς
1041 5278 1134 5334 τὸν
1189 5276 1475 5352 ἐγείραντα
1527 5274 1618 5328 τὸν
1673 5271 1772 5327 Κύ-

1882 5273 1982 5344 qui
2014 5271 2328 5326 Dominum
2359 5274 2629 5325 nostrum
2657 5272 2862 5326 Jesum
2883 5271 3177 5328 Christum
3211 5291 3241 5330 e
3275 5279 3526 5336 mortuis

177 5408 197 5442 ¹
227 5403 496 5477 Philipp.
530 5419 569 5467 ι,
591 5405 644 5458 5.
723 5401 745 5436 ³
775 5402 902 5456 Act.
937 5415 998 5463 n,
1029 5398 1118 5452 24.
1194 5393 1217 5430 ³
1247 5395 1510 5459 IPetr.1,
1542 5391 1595 5446 8.
1673 5389 1696 5424 ⁴
1718 5389 1931 5461 Ephes.

1955 5405 2014 5454 ιι,
2035 5388 2145 5456 8,9.
2222 5383 2288 5439 ⁵1
2311 5385 2466 5439 Petr.
2493 5388 2635 5452 1,13;
2664 5387 2876 5457 Ephes.
2903 5404 2974 5456 v1,
3001 5391 3089 5444 17.
3163 5391 3185 5425 ⁵
3207 5391 3527 5459 Psal.n,ti.

172 5523 296 5594 (49)
325 5523 416 5576 Ita
433 5517 850 5594 Jacobsonuse
868 5513 1137 5594 θοὰν-ει..
1165 5505 1621 5594 ᾼΙὶξφιλίξποις.
1646 5506 1762 5594 Cfr,
1796 5507 1839 5573 ρ

1878 5505 1952 5559 ad
1974 5502 2235 5580 _Cori_ntli._
2263 5517 2312 5555 c.
2346 5502 2399 5554 9.
2427 5499 2547 5580 Cfr.
2581 5500 3007 5580 Prpl‘egomena
3035 5511 3239 5580 nostra
3267 5507 3343 5561 ad
3398 5511 3528 5580 epi-

83 5600 108 5654 I
144 5571 349 5652 (313131:
363 5571 416 5646 Ῑ
419 5571 1007 5669 ,VEtinscriptionem
1037 5582 1221 5654 Epist.
1252 5579 1408 5635 Eccl.
1443 5579 1674 5649 Smyrn.
1694 5577 1767 5631 de
1813 5571 1824 5573 ’
1879 5575 2058 5669 stolas
2088 5571 3101 5669 Elplemﬂen‘ti‘szﬂg."(é’ptrquZ-L
3122 5577 3181 5669 12,

83 5686 151 5726 m
169 5664 406 5738 artyrio
439 5663 770 5738 Polycarpi.

174 5720 299 5811 (50)
333 5720 570 5791 Similia:
593 5720 875 5805 leguntur
902 5725 1060 5799 apud
1089 5725 1476 5792 Clementem,
1519 5720 1704 5793 Epist.
1739 5740 1768 5768 »

1950 5646 2059 5718 (51)
2088 5646 2423 5699 Pronomen
2453 5642 2714 5696 restituit
2739 5643 3104 5702 Jacobsonus
3137 5642 3207 5704 ex
3245 5647 3416 5706 codd.
