3956 6308
178 463 338 526 1009

1331 467 1727 530 EPISTOLA
1768 467 1875 528 AD
1919 465 2510 527 PHILIPPENSES.

3456 455 3608 515 1010

180 598 281 658 τὰς
314 602 568 670 γυναῖκας
603 598 755 671 ίιμῶν
813 598 862 654 ἐν
918 602 987 669 τῇ
1043 597 1260 674 δοθείσῃ
1313 599 1502 661 αὐταῖς
1531 598 1824 654 πίστεικαῖ

1987 598 2119 666 ιίιιὶ,
2151 597 2366 653 deinde
2414 601 2472 653 et
2523 601 2745 651 vestras
2784 608 3021 660 uxores,
3057 589 3367 646 ambulare
3397 589 3459 643 in
3487 589 3602 643 ﬁde

181 685 370 760 ἀγάπῃ
413 688 504 740 καὶ
564 687 777 762 ἁγνείᾳ,
837 688 1165 762 στεργούσας
1221 690 1346 752 τοὺς
1411 690 1611 744 ἑαυτῶν
1642 685 1838 763 ἄνδρας

189 774 245 829 ἐν
303 773 445 848 πάσῃ
505 775 757 848 ἀληθείᾳ,
817 778 904 831 καὶ
967 778 1257 851 ἀγαπώσας
1313 781 1514 841 πάντας
1545 778 1594 848 ἐξ
1627 777 1743 832 ἴσου
1784 780 1838 832 ’ἐν

185 864 334 937 πάσῃ
397 862 706 941 ἐγκρατείᾳ,
759 866 849 919 καὶ
909 865 975 920 τὰ
1032 867 1188 921 τέκνα
1241 864 1512 922 παιδεύειν
1567 868 1666 936 τήν
1706 887 1840 920 παι-

187 949 211 968 ἢ

183 949 330 1006 δείαν
381 957 477 1007 τοῦ
517 949 690 1032 φόϐου
746 958 844 1008 τοῦ
901 959 1034 1010 Θεοῦ
1091 958 1224 1028 (62)·
1274 955 1369 1017 τὰς
1407 958 1587 1030 χήρας
1619 977 1836 1031 σωφρο·

174 1040 378 1103 νούσας
432 1041 556 1114 περῖ
602 1043 702 1109 τήν
752 1046 849 1097 τοῦ
904 1043 1101 1118 Κυρίου
1159 1043 1360 1112 πίστιν,
1411 1042 1833 1117 ἐντυγχανούσας

173 1127 546 1192 ἀδίαλείπτως
579 1131 702 1205 περὶ
756 1132 989 1201 πάκτων,
1049 1133 1256 1206 μακρὰν
1305 1129 1466 1195 οὔσας
1507 1134 1684 1203 πάσης
1717 1130 1832 1186 δια-

172 1212 375 1286 ϐολῆς,
405 1218 770 1290 κάταλαλιᾶς,
804 1221 1298 1296 ψευδομαρτυρίας,
1351 1219 1714 1297 φιλαργυρίας
1741 1223 1834 1276 καὶ

169 1309 375 1368 παντὸς
451 1311 640 1361 κακοῦ·
725 1309 1098 1384 γινιοσκοῦσας
1155 1310 1235 1362 ὅτι
1297 1309 1398 1362 εἶσὶ
1453 1311 1834 1383 θυσιαστήριον

169 1395 286 1467 (63)
321 1399 473 1464 Θεοῦ,
508 1398 600 1451 καὶ
652 1398 736 1451 ὅτι
779 1397 947 1451 πάντα
982 1403 1430 1470 μωμοσκοπεῖται
1464 1401 1596 1466 (⁸74),
1629 1397 1720 1452 καί
1750 1396 1836 1452 λέ-

167 1483 337 1554 ληθεν
368 1485 527 1539 αὐτὸν
562 1483 736 1553 οὐδὲν,
771 1483 895 1541 οὔτε
923 1485 1236 1562 λογισμῶν,
1267 1484 1390 1542 οὕτε
1439 1487 1674 1557 ἐννοιῶν,
1710 1487 1834 1542 οὒτε

169 1592 224 1626 τι
256 1577 362 1628 τῶν
396 1579 650 1649 κρυπτῶν
675 1581 776 1644 τῆς
799 1573 1044 1649 καρδίας,

1948 689 2090 760 ipsis
2121 687 2334 742 tradita
2365 693 2424 741 et
2455 688 2515 741 in
2543 685 2828 740 charitate
2884 686 2941 736 et
2985 681 3279 746 castitate,
3328 682 3599 733 amantes

1951 778 2105 831 viros
2138 794 2274 831 suos
2307 777 2367 830 in
2399 775 2560 831 omni
2592 773 2858 839 veritate,
2890 788 2958 825 ac
3005 770 3320 840 diligentes
3351 771 3596 821 cunctos

1950 866 2277 938 aequaliter,
2312 867 2372 920 in
2401 866 2562 920 omni
2595 861 2980 926 continentia,
3005 865 3063 915 et
3086 859 3319 914 erudire
3353 857 3504 912 ﬁlios
3536 857 3597 910 in

1947 955 2262 1026 disciplina
2284 954 2514 1008 timoris
2536 953 2638 1007 Dei
2663 971 2678 1018 ;
2710 951 2914 1005 viduas
2936 966 3070 1003 vero
3099 948 3438 1015 doceamus,
3465 961 3594 999 esse

1944 1045 2266 1115 prudentes
2297 1045 2453 1098 circa
2484 1042 2660 1097 ﬁdem
2691 1040 2945 1106 Domini,
2980 1036 3427 1110 interpellantcs
3464 1035 3592 1089 sine

1945 1133 2388 1188 intermissione
2422 1149 2526 1204 pro
2559 1130 2836 1185 omnibus
2857 1129 3112 1200 ",longe
3144 1126 3488 1180 recedentes
3519 1123 3591 1177 ab

1945 1224 2104 1277 omni
2138 1222 2457 1289 calumnia,
2509 1218 2956 1284 detractatione,
3018 1216 3167 1271 falso
3224 1213 3594 1278 testimonio,

1945 1312 2190 1367 avaritia
2221 1317 2278 1365 et
2308 1311 2468 1366 omni
2505 1310 2658 1364 malo
2685 1325 2697 1374 ;
2727 1311 3169 1379 cognoscentes,
3206 1303 3364 1374 quod
3408 1302 3595 1357 altare

1945 1403 2045 1458 Dei
2079 1403 2218 1466 sint,
2253 1407 2312 1456 et
2341 1400 2499 1472 quod
2530 1400 2630 1455 ille
2682 1400 2883 1454 omnia
2929 1398 3085 1453 clare
3126 1393 3465 1468 perspiciat,
3499 1393 3597 1447 ni-

1943 1491 2146 1562 hilque
2179 1507 2315 1545 eum
2344 1490 2544 1557 lateat,
2577 1505 2685 1544 nec
2733 1487 3200 1550 ratiociniorum,
3234 1499 3344 1538 nec
3374 1481 3595 1554 cogita-

1945 1580 2197 1647 tionum,
2231 1595 2340 1634 nec
2371 1579 2697 1651 quidquam
2729 1577 3096 1633 occultorum
3127 1572 3343 1630 cordis.

1181 1721 1243 1776 V.
1278 1721 1474 1788 Ofﬁcia
1504 1721 1880 1787 diaconorum,
1904 1723 2172 1792 juvenum
2202 1728 2256 1776 et
2284 1723 2586 1790 virginum.

247 1856 472 1920 Εἰδότες
506 1859 596 1914 οὖν
641 1858 722 1914 δτι
765 1883 792 1911 (ι
827 1859 956 1921 Θεὸς
999 1860 1060 1914 οὐ
1113 1861 1521 1933 μυκτηρίξεται,
1558 1885 1585 1912 ››
1612 1860 1824 1938 ὀφείλο-

2008 1865 2272 1920 Scientes
2304 1882 2462 1936 ergo,
2497 1863 2654 1935 quod
2695 1885 2721 1913 «
2757 1865 2908 1917 Deus
2966 1877 3084 1915 non
3143 1858 3425 1913 irridetur
3453 1857 3522 1925 2’,
3555 1878 3587 1908 »

176 1969 274 2020 μεν
334 1947 497 2016 ἀξίως
553 1954 655 2017 τῆς
712 1946 940 2017 ἐντολῆς
990 1953 1087 2002 τοῦ
1142 1948 1231 2003 καὶ
1291 1945 1449 2019 δόξης
1497 1955 1828 2024 περιπατεῖν.

164 2037 417 2109 Ὁμοίως
477 2034 723 2091 διάκονοι
782 2037 1060 2112 ἄμεμπτοι
1121 2038 1456 2093 κατενώπιον
1512 2037 1680 2094 αὐτοῦ
1730 2046 1829 2107 τῆς

166 2119 551 2196 δικαιοσύνῃς,
581 2123 656 2187 ὡς
685 2128 818 2178 Θεοῦ
874 2123 966 2178 καὶ
1023 2128 1266 2199 Χριστοῦ
1301 2128 1412 2197 ξϐὅ)
1445 2122 1706 2192 διάκονοι,
1741 2125 1830 2180 καὶ

169 2213 276 2267 οὐκ
307 2212 631 2286 ἀνθρώπων
667 2214 742 2285 μή
777 2208 1053 2282 διάϐολοι,
1091 2215 1166 2285 μὴ
1192 2210 1407 2291 δίλογοι
1441 2216 1576 2288 (66),
1606 2215 1832 2293 ἀφιλάρ-

169 2322 357 2379 γυροι,
405 2300 686 2375 ἐγκρατεῖς
717 2303 842 2377 περὶ
874 2301 1067 2370 πάντα,
1101 2301 1496 2381 εὔσπλαγχνοι,
1524 2302 1829 2376 ἐπιμελεῖς,

168 2390 537 2464 πορευόμενοι
583 2391 722 2447 κατά
764 2393 863 2461 τὴν
913 2391 1173 2463 ἀλήθειαν
1223 2397 1317 2447 τοῦ
1367 2393 1592 2468 Κυρίου,
1625 2394 1683 2456 ὃς
1717 2393 1828 2468 ἐγέ-

170 2501 297 2535 νετο
342 2477 590 2542 διάκονος
639 2483 874 2536 πάντων*
928 2481 972 2553 ᾧ
1013 2481 1102 2537 ἐὰν
1152 2483 1603 2557 εὐαρεστήσωμεν
1653 2483 1704 2538 ἐν
1750 2489 1828 2556 τῷ

172 2574 269 2622 νῦν
325 2568 503 2637 αἰῶνι,
555 2568 958 2645 ἀποληψόμεθα
1023 2573 1113 2626 καὶ
1159 2572 1251 2626 τὸν
1303 2571 1598 2644 μέλλοντα,
1647 2575 1827 2636 καθὼς

176 2657 454 2734 ὑπέσχετο
484 2661 618 2731 ἡμῖν
648 2657 855 2734 ἐγεῖραι
902 2662 1052 2731 ἡμᾶς
1101 2658 1159 2715 ἔκ
1204 2665 1428 2733 νεκρῶν,
1477 2662 1566 2716 καὶ
1617 2662 1699 2716 ὅτι
1739 2661 1825 2718 ἐὰν

172 2745 632 2820 πολιτεύσώμεθα
687 2747 848 2818 ἀξίως
899 2748 1084 2816 αὐτοῦ,
1161 2774 1188 2802 ι(
1240 2750 1328 2804 καὶ
1389 2746 1828 2822 συμϐασιΛεῦσο-

174 2855 274 2908 μεν
320 2837 437 2908 (6’7)
491 2858 518 2887 »
582 2835 750 2908 αὐτῷ,
819 2834 933 2913 εἷ’γε
1012 2838 1360 2910 πιστεύομεν.
1429 2839 1672 2912 Ὁμοίως
1735 2841 1825 2895 καὶ

161 2926 422 2999 νεώτεροι
455 2922 733 2998 ἄμεμπτοι
790 2925 842 2979 ἐν
901 2931 1054 2997 πᾶσι,
1104 2927 1210 2998 πρὸ
1242 2929 1439 2989 παντὸς
1472 2933 1824 3003 προνοοῦντες

165 3012 408 3086 ἁγνείας,
467 3013 556 3068 καὶ
617 3011 1117 3092 χαλιναγωγοῦντες
1178 3016 1400 3078 ἑαυτοὺς
1461 3017 1566 3072 ἀπὸ
1624 3018 1824 3080 παντὸς

161 3109 372 3162 κακοῦ.
410 3105 585 3160 Καλὸν
617 3107 720 3180 γὰρ
747 3106 810 3160 τὸ
849 3105 1238 3170 ἀνακόπτεσθαι
1272 3111 1383 3180 (68)
1423 3107 1529 3162 ἀπὸ
1565 3113 1672 3163 τῶν
1707 3108 1823 3163 ἐπι·

1937 1954 2220 2009 debemus
2251 1955 2424 2026 digne
2455 1953 2733 2009 mandato
2764 1968 2832 2006 ac
2860 1951 3163 2006 voluntate
3214 1949 3343 2019 ejus
3373 1946 3588 2001 ambu-

1936 2044 2079 2099 lare.
2116 2045 2399 2098 Similiter
2428 2043 2659 2098 diaconi
2714 2043 2775 2096 in
2825 2046 3146 2110 conspectu
3177 2036 3426 2110 justitia}
3457 2036 3584 2106 ejus

1936 2135 2219 2205 inculpati
2250 2151 2379 2188 esse
2411 2134 2648 2202 debent,
2670 2133 2823 2187 sicut
2849 2131 3102 2186 ministri
3125 2129 3226 2182 Dei
3259 2135 3316 2182 et
3345 2126 3582 2194 Christi,

1936 2241 2057 2279 non
2089 2225 2440 2291 hominum;
2499 2240 2573 2278 ne
2631 2221 3090 2291 calumniatores
3129 2220 3266 2283 sint,
3301 2233 3374 2271 ne
3404 2215 3583 2270 bilin-

1935 2330 2076 2386 gues
2106 2315 2172 2380 ’³,
2205 2331 2315 2369 nec
2364 2314 2522 2369 avari
2551 2330 2564 2379 ;
2627 2312 2731 2367 sed
2785 2311 3158 2366 continentes
3189 2308 3249 2361 in
3281 2305 3582 2370 omnibus,

1934 2404 2371 2468 misericordes,
2405 2403 2617 2467 seduli,
2665 2401 3012 2456 incedentes
3052 2399 3224 2470 juxta
3275 2397 3586 2451 veritatem

1937 2493 2194 2560 Domini,
2227 2493 2328 2562 qui
2359 2492 2629 2546 omnium
2662 2490 2936 2545 minister
2964 2489 3152 2543 factus
3180 2491 3269 2540 est
3293 2485 3377 2550 ²⁴;
3412 2483 3504 2539 οιιὶ
3535 2483 3585 2536 si

1935 2581 1996 2635 in
2019 2580 2129 2635 hoc
2152 2581 2369 2635 saaculo
2394 2579 2816 2651 placuerimus,
2837 2577 3192 2647 recipiemus
3217 2579 3276 2628 et
3297 2574 3584 2640 futurum,

1935 2670 2432 2739 quemadmodum
2461 2669 2763 2740 pollicitus
2793 2671 2884 2721 est
2911 2665 3106 2728 nobis,
3140 2662 3298 2733 quod
3335 2660 3587 2715 resusci-

1933 2758 2082 2812 tabit
2114 2774 2221 2812 nos
2252 2776 2282 2812 e
2312 2757 2584 2822 mortuis,
2619 2755 2918 2827 quodque,
2955 2755 3003 2808 si
3059 2740 3234 2823 digne
3267 2751 3392 2821 ipso
3425 2749 3584 2804 viva-

1933 2863 2066 2900 mus
2094 2846 2161 2911 εδ,
2196 2846 2424 2900 «etiam
2457 2862 2591 2900 cum
2626 2862 2693 2899 eo
2728 2842 3106 2915 regnabimus
3129 2840 3195 2905 εδ,
3221 2861 3248 2888 ››
3281 2836 3576 2907 siquidem

1931 2935 2249 2989 credimus.
2283 2933 2467 2988 Simili
2515 2933 2690 2988 modo
2723 2939 2782 2987 et
2803 2932 3051 3003 juvenes
3083 2931 3144 2983 in
3176 2926 3452 2982 omnibus
3479 2925 3577 2978 in—

1931 3023 2256 3094 culpabiles
2286 3024 2425 3088 sint,
2485 3029 2621 3077 ante
2680 3021 2871 3076 omnia
2909 3018 3145 3073 solliciti
3177 3017 3248 3071 de
3279 3015 3570 3078 castitate,

1929 3131 1996 3168 ac
2027 3129 2089 3166 se
2119 3112 2190 3167 ab
2223 3113 2385 3166 omni
2417 3112 2573 3166 malo
2600 3111 2989 3165 refrenautes.
3015 3109 3238 3161 Bonum
3271 3104 3429 3158 enim
3463 3107 3572 3169 est,

162 3199 384 3266 θυμιῶν
417 3199 526 3248 τῶν
559 3198 668 3266 (69)
694 3192 746 3248 ἒν
807 3199 885 3267 τῷ
932 3196 1148 3266 κόσμῳ,
1201 3194 1282 3249 ὅτι
1327 3201 1469 3250 πᾶσα
1500 3222 1528 3250 ‹‹
1561 3197 1820 3270 ἐπιθυμία

1987 3201 2200 3256 )scindi
2228 3217 2262 3255 a
2292 3200 2712 3271 cupiditatibus
2745 3199 2919 3269 hujus
2950 3195 3179 3258 mundi,
3212 3193 3352 3263 quia
3381 3191 3576 3246 omnis

157 3284 302 3339 κατᾶ
350 3287 448 3337 τοῦ
491 3283 796 3354 πνεύματος
852 3282 1211 3358 στρατεύεται·
1265 3309 1293 3336 ››
1341 3286 1432 3339 καὶ
1478 3283 1655 3340 «οὔτε
1684 3286 1819 3361 πόρ·

155 3393 272 3441 νοι,
303 3368 435 3426 οὔτε
471 3371 731 3444 μαλακοὶ,
784 3370 905 3426 οὕτε
953 3373 1328 3445 ἀρσενοκοῖται
1377 3374 1659 3448 βασιλείαν
1692 3379 1825 3430 Θεοῦ

160 3459 708 3533 κληρονομήσουσιν,
770 3484 798 3512 ››
859 3459 982 3514 οὒτε
1039 3462 1090 3514 οἱ
1166 3465 1449 3526 ποιοῦντες
1506 3463 1572 3518 τὰ
1629 3463 1822 3520 ἄτοπα.

163 3551 265 3606 Διὸ
325 3546 444 3602 δέον
501 3549 797 3623 ἀπέχεσθαι
853 3549 958 3604 ἀπὸ
1034 3551 1249 3605 πάντων
1307 3551 1534 3619 τούτων,
1589 3553 1825 3609 ὑποτασ-

167 3637 440 3708 σομένους
498 3643 615 3699 τοῖς
676 3632 1060 3712 πρεσϐυτέροις
1111 3641 1201 3694 καὶ
1262 3637 1560 3709 διακόνοις,
1608 3643 1681 3706 ὡς
1712 3647 1828 3713 Θεῷ

163 3726 262 3783 καὶ
332 3728 558 3798 Χριστῷ
625 3729 754 3797 (ἹΟ)’
826 3727 920 3788 τὰς
984 3728 1278 3804 παρθένους
1343 3728 1395 3783 ἐν
1465 3729 1687 3804 ἀμώμῳ
1735 3732 1825 3786 καὶ

161 3817 314 3891 ἁγνῇ
349 3812 651 3885 συνειδήσει
683 3821 1023 3889 περιπατεῖν.

1935 3313 1962 3339 ‹‹
2000 3290 2291 3361 cupiditas
2322 3290 2538 3344 militat
2566 3289 2843 3344 adversus
2875 3287 3149 3357 spiritum
3169 3284 3232 3349 ³⁷,
3270 3305 3296 3332 ››
3329 3287 3388 3336 et
3417 3300 3447 3333 (ι
3472 3296 3576 3334 ne-

1937 3396 2051 3450 que
2100 3379 2423 3445 fornicarii,
2457 3395 2649 3448 neque
2681 3376 2914 3439 molles,
2948 3389 3140 3443 neque
3179 3369 3581 3425 masculorum

1938 3468 2350 3523 concubitores
2383 3483 2629 3539 regnum
2674 3465 2776 3520 Dei
2806 3462 3197 3536 possidebunt
3224 3458 3290 3527 93,
3327 3482 3353 3506 ››
3387 3471 3582 3528 neque

1940 3558 2040 3628 qui
2072 3557 2295 3612 absona
2323 3557 2569 3612 faciunt.
2603 3557 2792 3621 Quare
2824 3558 3055 3624 oportet
3085 3551 3157 3605 ab
3187 3551 3278 3604 his
3309 3546 3583 3602 omnibus

1939 3646 2258 3711 abstinere,
2292 3645 2503 3715 subjici
2553 3650 2751 3700 autem
2799 3641 3158 3714 presbyteris
3203 3645 3261 3694 et
3299 3635 3586 3703 diaconis,

1942 3741 2224 3805 tanquam
2255 3737 2371 3789 Deo
2403 3739 2461 3789 et
2489 3734 2718 3788 Christo
2745 3749 2757 3798 ;
2791 3732 3043 3803 virgines
3073 3746 3208 3784 vero
3240 3731 3473 3799 oportet
3519 3725 3583 3778 in

1941 3824 2323 3878 immaculata
2353 3829 2412 3877 et
2441 3829 2604 3878 casta
2631 3820 2994 3876 conscientia
3031 3818 3263 3889 degere.

1143 3964 1230 4018 VI.
1265 3966 1469 4034 Ofﬁcia
1493 3968 1940 4038 presbyterorum
1970 3974 2020 4023 et
2058 3970 2246 4037 ofﬁcia
2294 3969 2624 4022 communia.

251 4100 356 4156 Καὶ
417 4101 470 4155 οἱ
523 4097 884 4176 πρεσϐύτεροι
942 4100 1000 4158 δὲ
1057 4101 1425 4180 εὕσπλαγχοι,
1485 4107 1560 4168 εἰς
1627 4109 1828 4170 πάντας

174 4188 507 4261 ἐλεήμονες,
567 4189 974 4267 ἐπιστρέφοντες
1031 4195 1098 4247 τὰ
1165 4193 1861 4270 ἀποπεπλανημὲνα(’ῖι),’

177 4278 640 4350 ἐπισκεπτόμενοι
724 4283 924 4342 πάντας
1018 4281 1278 4352 ἀσθενεῖς,
1350 4286 1424 4355 μή
1503 4284 1834 4356 ἀμελοῦντες

179 4368 391 4440 χήρας,
449 4368 484 4436 ἢ
530 4367 787 4447 ὀρφανοῦ,
847 4369 882 4437 ἢ
939 4369 1189 4439 πένητος·
1237 4371 1384 4426 ἀλλὰ
1415 4398 1442 4424 ‹‹
1476 4380 1834 4446 προνοοῦντες

172 4456 260 4511 ἀεὶ
291 4460 388 4510 τοῦ
418 4455 592 4510 καλοῦ
639 4457 867 4512 ἐνώπιον
925 4463 1057 4514 Θεοῦ
1107 4460 1197 4514 καὶ
1255 4461 1582 4536 ἀνθρώπων,
1615 4488 1644 4516 ››
1692 4464 1832 4520 ἀπε-

2009 4113 2078 4164 Et
2107 4110 2439 4182 presbyteri
2472 4110 2591 4164 sint
2649 4109 2720 4164 ad
2777 4106 3358 4164 commiserationem
3389 4102 3583 4172 proni,

1942 4201 2354 4256 misericordes
2385 4217 2522 4271 erga
2547 4205 2812 4266 cunctos,
2845 4196 3182 4252 aberrantia
3212 4193 3584 4258 reducentes,

1939 4291 2246 4346 visitantes
2303 4289 2572 4343 infirmos
2629 4304 2858 4353 omnes,
2917 4303 3036 4341 non
3091 4283 3459 4355 negligentes
3499 4279 3588 4333 vi—

1944 4381 2142 4445 duam,
2166 4384 2269 4434 aut
2289 4377 2602 4450 pupillum,
2627 4383 2728 4431 aut
2758 4391 3079 4447 pauperem
3106 4392 3118 4441 ;
3153 4372 3256 4427 sed
3289 4394 3316 4421 ‹ι
3349 4367 3588 4426 solliciti

1945 4485 2179 4538 semper
2209 4467 2279 4521 de
2313 4466 2466 4520 bono
2497 4481 2694 4520 coram
2719 4466 2835 4518 Deo
2863 4469 2921 4517 et
2949 4460 3286 4516 hominibus
3305 4457 3371 4513 ’9.
3405 4478 3428 4506 ι
3463 4457 3592 4512 abs-

178 4543 418 4619 χόμινοι
484 4544 664 4616 πάσης
750 4545 944 4622 ὀργῆς,
1029 4548 1528 4623 προσωποληψίας,
1607 4552 1824 4627 κρίσεως

1991 4561 2199 4612 nentes
2216 4555 2287 4611 ab
2301 4555 2462 4611 omni
2475 4553 2930 4624 ira,acceptione
2949 4545 3588 4622 personarumjudicio

255 4688 356 4766 ξι]
387 4688 590 4766 Thess.
613 4707 674 4766 κν,
712 4692 804 4766 17...
847 4691 925 4766 ﬁ
949 4693 1070 4748 Gal.
1103 4710 1174 4762 v1,
1208 4697 1259 4749 7.
1339 4693 1385 4728 ³³
1417 4696 1602 4766 ΙνΤίιιι.
1635 4713 1716 4766 ιιι,
1745 4699 1800 4754 8.

1878 4700 1925 4735 ²⁴
1957 4700 2155 4756 Matth.
2183 4716 2281 4766 xx,
2313 4701 2400 4754 28.
2478 4697 2524 4732 2⁵
2550 4697 2803 4768 Philipp.
2842 4713 2878 4764 ι,
2903 4698 2990 4749 27.

3069 4691 3115 4726 2⁸
3147 4693 3194 4746 ΙΙ
3226 4691 3371 4746 Tim.
3405 4707 3465 4755 ιι,
3500 4693 3586 4745 l2.

175 4758 233 4795 ³⁷
265 4760 292 4814 Ι
319 4761 476 4815 Petr.
508 4778 569 4829 ιι,
602 4765 687 4816 11.
765 4763 808 4799 ³⁸
845 4764 871 4817 Ι
899 4765 1029 4819 Cor.
1054 4781 1128 4834 ινι,
1159 4758 1213 4832 9,
1251 4769 1336 4823 10.
1413 4765 1460 4801 ¹⁹
1491 4770 1655 4825 Rom.
1686 4758 1786 4842 in,
1820 4790 1824 4824 τ

1987 4773 2005 4827 [
2033 4773 2163 4828 Cor.
2195 4758 2308 4837 vni,
2336 4774 2423 4826 21.

181 4913 260 4994 ad
289 4912 561 4994 {ierint/5.,
588 4916 809 4994 ca_pp_._l
845 4921 904 4972 et
930 4918 1018 4994 21..
1043 4917 1159 4974 Cfr.
1184 4919 1612 4994 Prolegomena
1630 4929 1835 4982 nostra

175 4984 255 5041 ad
289 4985 600 5054 Epistolas.
635 4984 1065 5054 STClementis,
1097 5007 1158 5046 ιι.
1192 4991 1243 5045 3.

401 5057 490 5129 Sc.
525 5051 831 5129 διδάξωμεν
864 5051 1104 5122 ἑαυτούς.

253 5125 369 5197 (63)
391 5128 492 5211 ‘Ita
517 5125 904 5211 iacobsonus
935 5148 1006 5187 ex
1052 5131 1458 5211 tr_ibus_codd.
1489 5142 1547 5190 et
1583 5143 1694 5193 vet.
1730 5139 1830 5211 in-

176 5202 465 5278 terprete.
499 5200 614 5254 Alii
647 5201 1020 5278 θυσιαστήρια.
1083 5205 1504 5278 ϐοηδῑὶιιλείοηεε
1563 5210 1834 5278 apostolo-

175 5285 306 5324 rum
341 5268 443 5352 lib.
478 5287 544 5352 ιι,
569 5288 619 5326 c.
651 5273 747 5352 261
775 5268 928 5352 hanc
983 5276 1486 5345 comparationem
1519 5268 1831 5336 viduarum

177 5341 638 5417 cumaltaribus
661 5361 695 5399 a
713 5345 1036 5417 Polycarpo
1063 5341 1344 5417 mutuatae
1377 5365 1504 5404 esse
1536 5352 1829 5408 videntur.

255 5411 375 5496 (64)⁹
406 5417 487 5466 Ita
516 5411 904 5496 “Jacobs-onus
961 5411 1055 5496 ex“
1090 5416 1220 5474 cod.
1277 5420 1459 5496 Yatic.
1517 5423 1630 5477 Alii
1673 5426 1832 5496 ἡμῶν

175 5485 483 5536 σκοπεῖται.
510 5485 626 5544 Cfr.
659 5504 674 5541 ι
705 5487 883 5543 Clem.
917 5489 990 5542 ad
1017 5488 1167 5550 Cor.,
1198 5505 1248 5543 c.
1281 5491 1369 5543 41.

251 5554 361 5622 (65)
394 5555 481 5610 Ita
509 5557 873 5614 Jacobsonus
903 5575 1036 5614 cum
1067 5558 1259 5614 tribus
1299 5560 1470 5617 codd.
1505 5567 1564 5617 et
1592 5570 1705 5622 vet.
1740 5565 1833 5620 in-

174 5630 460 5705 terprete.
495 5627 642 5685 Huic
671 5630 914 5705 lectioni
945 5631 1123 5686 etiam
1155 5630 1458 5705 Syriacum
1489 5634 1666 5705 hujus
1696 5637 1834 5705 Epi-

175 5698 350 5776 stolas
379 5698 781 5776 fragmentum
830 5703 1003 5776 favet,
1065 5698 1222 5771 quod
1277 5698 1622 5776 Curetonus,
1649 5724 1706 5776 p.
1740 5698 1828 5776 ’34,

168 5766 309 5842 (cfr.
343 5766 566 5844 supfp.
599 5775 718 5847 154)
749 5766 1063 5831 nobiscum
1082 5766 1569 5837 communicavit.
1599 5766 1718 5836 Alii
1744 5766 1831 5836 le;

1943 4930 2156 4997 gerunt
2183 4921 2234 4978 ἐν
2263 4925 2495 4998 Χριστῷ.

2014 4999 2124 5066 (66)
2163 4998 2249 5050 Ita
2275 4985 2637 5066 Jacob'sonus
2667 4991 2916 5066 e_tr_ibus
2947 4985 3117 5046 codd.

2191 5067 2525 5139 Legendum
2551 5061 2966 5150 ’βασιλεύσομεν
3009 5074 3159 5150 Βοιιιξι
3212 5055 3406 5126 codd.,
3468 5072 3590 5112 non

1946 5131 2354 5211 βασιλεύσωμεν
2389 5155 2524 5211 eum
2551 5131 2720 5192 libris
2751 5131 3073 5211 impressis.
3108 5131 3226 5211 Jac.

2014 5211 2123 5279 (68)
2154 5199 2655 5279 Ita'Jacobsonus
2710 5224 2779 5279 ex
2838 5199 3024 5259 tribus
3056 5200 3225 5256 codd.
3265 5204 3322 5253 et
3353 5205 3460 5255 vet.
3497 5199 3591 5253 in-

1944 5277 2220 5351 terprete.
2258 5281 2402 5334 Male
2434 5281 2530 5333 alii
2564 5277 2978 5340 ἀνακόπτεσθαι,
3011 5288 3300 5351 emergere.

2037 5342 2126 5408 69)
2160 5351 2399 5406 Addidit
2427 5352 2784 5405 Jacobsonus
2813 5351 2920 5399 τῶν
2953 5363 3023 5399 ex
3063 5344 3191 5399 cod.
3225 5342 3406 5394 Vatic.

2040 5424 2126 5492 70)
2158 5423 2516 5503 Polycarpus
2565 5420 2826 5503 episcopi
2859 5434 2978 5503 non
3026 5416 3165 5471 facit
3196 5412 3581 5503 mentionem,

1943 5482 2161 5575 quippe
2191 5482 2314 5574 qui,
2346 5482 2704 5548 verecundia
2731 5482 3073 5560 impeditus,
3107 5502 3241 5542 eum
3272 5482 3457 5536 nollet
3485 5497 3584 5535 co-

1941 5565 2185 5619 hortari.
2218 5565 2357 5620 Vide
2386 5564 2590 5629 Bothe,
2624 5564 2755 5629 Anf.
2790 5578 2848 5629 p_.
2883 5561 2984 5613 409
3016 5576 3106 5629 sq.
3307 5624 3317 5629 _
3362 5623 3372 5629 _
3441 5624 3458 5629 _
3534 5627 3541 5629 ξ

1985 5576 2185 5619 ortam.
2221 5576 2357 5620 Vide
2387 5576 2590 5620 “01.118.
2624 5576 2755 5620 ΑηῙ.
2790 5578 2848 5620 D.
2883 5576 2984 5613 ουν
3016 5576 3106 5620 sq.

2013 5576 2185 5619 'I‘tal‘l.
2221 5576 2357 5620 Vide
2387 5576 2590 5630 liotne,
2624 5576 2755 5629 ΑηῙ.
2790 5578 2848 5630 p.
2883 5576 2984 5613 ουν
3016 5576 3106 5628 sq.

2013 5637 2124 5707 (7‘1)
2186 5637 2330 5707 Lege
2399 5632 2526 5696 τοὺς
2604 5627 3188 5700 ἀποπεπλανημένους,
3260 5623 3376 5679 nisi
3433 5624 3584 5679 forte

1941 5699 2186 5779 πρόϐατα
2214 5699 2595 5780 intelligatur.
2627 5707 2750 5760 JUN.
