3956 6308
409 397 559 459 1011

1619 399 1684 460 S.
1730 399 2168 462 POLYCARPI
2211 402 2628 463 MARTYRIS

3685 397 3846 459 1012

412 532 639 603 injusto
661 549 673 597 ;
695 532 869 603 longe
887 532 1230 588 recedentes
1248 532 1320 588 ab
1340 535 1500 588 omni
1519 534 1790 598 avaritia;
1809 551 1928 588 non
1951 535 2066 590 cito

2231 532 2388 588 Ξῖκου⁹
2451 535 2657 606 μακρὰν
2717 533 2866 594 ὄντες
2914 535 3091 602 πάσης
3149 529 3529 610 φιλαργυρίας·
3592 533 3679 604 μὴ
3744 553 3842 587 τα-

415 622 725 677 credentes
750 623 1031 677 adversus
1054 623 1314 695 aliquem
1341 641 1354 689 ;
1381 641 1498 678 non
1530 625 1713 680 severi
1738 625 1986 678 nimium
2009 625 2069 678 in

409 710 944 784 judicio,scientes,
969 729 1075 766 nos
1098 729 1304 767 omnes
1333 711 1631 768 debitores
1662 730 1790 768 esse
1824 713 2067 784 peccati.

417 800 474 854 Si
509 817 644 872 ergo
676 800 1070 872 deprecamur
1122 803 1456 866 Dominum,
1488 808 1552 856 ut
1592 803 1762 857 nobis
1792 801 2068 868 dimittat,

417 888 704 945 debemus
736 896 794 944 et
812 907 920 944 nos
939 891 1235 944 dimittere
1258 889 1305 925 ³ο
1329 908 1341 955 ;
1368 908 1504 946 nam
1529 908 1725 946 coram
1759 891 1990 945 Domini
2014 897 2071 944 et

417 979 522 1032 Dei
557 978 744 1033 oculis
777 982 1004 1048 stimus,
1031 986 1088 1033 et
1118 1001 1142 1031 ε
1169 995 1375 1034 omnes
1406 986 1540 1034 ante
1575 980 1834 1034 tribunal
1857 979 2070 1033 Christi

416 1073 593 1134 stare,
629 1073 687 1121 et
719 1085 1207 1139 unumquemque
1241 1086 1344 1140 pro
1397 1086 1458 1124 se
1500 1070 1791 1124 rationem
1823 1069 2071 1124 reddere

418 1163 648 1228 oportet
671 1159 736 1212 ³¹.
771 1181 798 1208 ››
837 1158 928 1212 Sic
975 1157 1172 1229 itaque
1233 1158 1558 1213 serviamus
1589 1157 1672 1212 illi
1700 1175 1830 1213 cum
1863 1159 2071 1213 timore

415 1251 476 1301 et
492 1246 657 1300 omni
680 1247 1032 1311 reverentia,
1056 1248 1208 1302 sicut
1233 1248 1514 1318 praacepit
1544 1248 1692 1319 ipse,
1717 1253 1775 1302 et
1798 1247 2069 1318 apostoli,

418 1336 519 1404 qui
552 1335 722 1388 nobis
754 1335 1134 1406 Evangelium
1165 1337 1616 1401 annuntiarunt,
1651 1343 1709 1391 et
1746 1338 2070 1408 prophetae,

421 1425 522 1494 qui
580 1425 813 1478 Domini
871 1426 1058 1479 nostri
1116 1426 1433 1481 adventum
1504 1427 2071 1498 praasigniﬁcarunt;

424 1513 706 1580 studiose,
746 1513 903 1584 quod
937 1513 1155 1569 bonum
1204 1521 1312 1583 est,
1349 1521 1665 1582 sectantes,
1709 1517 2074 1571 abstinentes

424 1618 460 1656 a
491 1601 786 1656 scandalis
845 1609 904 1657 et
955 1621 989 1658 a
1043 1604 1207 1658 falsis
1261 1605 1544 1659 fratribus
1586 1611 1644 1659 et
1673 1605 1744 1660 ab
1779 1605 1849 1658 iis
1880 1605 1978 1674 qui
2012 1605 2073 1659 in

425 1692 722 1762 hypocrisi
756 1709 976 1746 nomen
1011 1694 1247 1748 Domini
1278 1694 1498 1764 ferunt,
1535 1695 1636 1764 qui
1667 1711 1848 1750 vanos
1879 1695 2075 1749 homi-

425 1797 532 1836 nes
564 1781 624 1836 in
652 1798 914 1837 errorem
942 1782 1253 1838 inducunt.

2180 622 2324 697 χὲως
2356 623 2696 685 πιστεύοντες
2749 623 2885 677 κατά
2939 639 3103 684 τινος’
3167 622 3243 694 μή
3304 620 3583 692 ἀπότομοι
3628 618 3687 674 ἒν
3723 622 3838 692 κρί-

2180 733 2282 778 σει,
2332 710 2539 776 εἶ’δότες
2596 711 2678 768 ὅτι
2740 713 2932 774 πάντες
2993 710 3269 790 ὀφειλέται
3326 709 3480 782 ἐσμὲν
3538 709 3841 785 ἁμαρτίας,

2181 800 2246 856 Εἴ
2278 800 2369 856 οὖν
2405 799 2634 874 δεόμεθα
2691 805 2786 858 τοῦ
2847 800 3050 876 Κυρίου
3105 797 3196 852 ’ίνσ
3255 801 3390 872 ἡμῖν
3424 799 3560 878 ἀφῇ,
3603 799 3842 878 ὀφείλο-

2185 910 2277 962 μεν
2338 890 2427 944 καὶ
2485 892 2646 963 ἡμεῖς
2702 889 2929 968 ἀφιέναιο
2982 890 3232 944 ἀπὲνσντι
3289 888 3388 962 γὰρ
3436 893 3548 942 τῶν
3577 893 3686 942 τοῦ
3723 895 3840 944 Κυ-

2181 978 2301 1054 ρίου
2353 979 2442 1034 καὶ
2499 983 2632 1034 Θεοῦ
2700 977 3186 1052 ἐσμενόφθαλμῶν,
3259 978 3348 1032 καὶ
3410 1001 3432 1030 ε
3487 978 3706 1038 πάντας
3767 976 3847 1031 δεῖ

2181 1075 2520 1142 παραστῆναι
2576 1071 2656 1140 τῷ
2713 1069 2922 1142 βήματι
2978 1070 3075 1122 τοῦ
3138 1068 3402 1137 Χριστοῦ,
3457 1066 3552 1119 καὶ
3610 1063 3845 1120 ἕκαστον

2186 1158 2317 1231 ὑπὶρ
2350 1157 2542 1212 ἑαυτοῦ
2601 1154 2765 1232 λόγον
2825 1154 3030 1213 δοῦναι.
3068 1179 3094 1208 ιο
3154 1151 3341 1218 Οὕτως
3394 1154 3484 1210 οὖν
3520 1152 3846 1210 δουλε·3σω-

2186 1267 2280 1320 μεν
2312 1247 2464 1318 αὐτῷ
2524 1244 2659 1316 μετά
2713 1240 2888 1321 φόϐου
2946 1244 3037 1300 καὶ
3094 1247 3271 1314 πάσης
3315 1239 3626 1310 εὐλαϐείας,
3664 1246 3849 1303 καθὼς

2182 1335 2345 1398 αὐτὸς
2378 1334 2701 1404 ἐνετείλατο,
2757 1335 2850 1389 καὶ
2907 1335 2960 1388 οἱ
3018 1331 3501 1409 εὖαγγελισάμενοι
3554 1335 3704 1406 ἡμῖν
3737 1337 3852 1405 (72)

2183 1424 2508 1493 ἀπόστολοι,
2547 1425 2635 1478 καὶ
2696 1425 2748 1478 οἱ
2805 1430 3102 1501 προφῆται,
3163 1423 3214 1476 οἱ
3273 1423 3720 1496 προκηρύξαντες
3754 1424 3852 1490 τήν

2184 1511 2392 1568 ἔλευσιν
2439 1517 2533 1568 τοῦ
2591 1514 2794 1588 Κυρίου
2852 1516 3034 1584 ἡμῶν·
3096 1510 3338 1582 ζηλωταὶ
3396 1512 3521 1585 περὶ
3552 1512 3617 1565 τὸ
3651 1512 3851 1578 καλὸν,

2183 1598 2525 1680 ἀπεχόμενοι
2582 1607 2688 1656 τῶν
2741 1599 3058 1656 σκανδάλων
3117 1601 3209 1655 καὶ
3274 1605 3380 1655 τῶν
3441 1598 3848 1678 ψευδαδὲλφων

2181 1693 2408 1748 καὶτῶν
2445 1689 2496 1745 ἒν
2556 1691 2836 1765 ὑποκρίσει
2891 1691 3160 1768 φερόντων
3216 1691 3277 1744 τὸ
3331 1688 3505 1760 ὄνομα
3567 1692 3688 1763 (73)
3749 1696 3849 1746 τοῦ

2105 1769 2151 1834 Β
2184 1780 2403 1856 Κυρίου,
2439 1778 2634 1841 θ’ίτινες
2665 1779 3018 1836 ἀποπλανῶσι
3059 1781 3244 1842 κενοὺς
3275 1780 3618 1851 ἀνθρώπους.

1239 1938 1354 1992 VII.
1386 1939 1581 2006 Fugite
1614 1938 1854 2006 Docetas,
1889 1945 1940 1994 et
1960 1945 2305 2010 perseverate
2338 1941 2394 1994 in
2414 1938 2651 2009 jejuniis
2681 1945 2732 1994 et
2763 1941 3032 1993 oratione.

495 2103 520 2129 «
559 2081 762 2135 Omnis
795 2081 954 2135 enim
998 2081 1098 2150 qui
1159 2097 1278 2135 non
1335 2081 1642 2137 confessus
1672 2082 1851 2136 fuerit
1877 2084 2078 2137 Jesum

425 2169 725 2224 Christum
757 2171 817 2223 in
862 2185 1040 2224 carne
1093 2169 1345 2237 venisse,
1379 2171 1776 2225 Antichristus
1815 2177 1905 2225 est
1933 2171 1978 2204 ³³
2007 2189 2020 2235 ;
2050 2192 2076 2218 ››

423 2263 484 2310 et
513 2258 614 2326 qui
649 2273 768 2310 non
801 2258 1105 2312 confeSsus
1153 2258 1331 2311 fuerit
1379 2259 1729 2328 martyrium
1761 2259 1972 2323 crucis,
2010 2275 2080 2313 ex

427 2344 665 2398 diabolo
699 2353 822 2410 est;
885 2351 942 2400 et
983 2347 1083 2416 qui
1111 2347 1359 2417 Eloquia
1412 2347 1647 2402 Domini
1680 2347 1754 2402 ad
1787 2347 2082 2402 desideria

428 2450 537 2488 sua
569 2434 916 2501 traduxerit,
949 2436 1285 2506 dixeritque
1308 2453 1417 2490 nec
1440 2437 1940 2491 resurrectionem
1971 2453 2081 2492 nec

423 2519 718 2589 judicium
745 2539 897 2589 esse,
931 2523 1027 2578 hic
1083 2524 1512 2595 primogenitus
1543 2532 1632 2578 est
1662 2525 1910 2579 Satanas.
1945 2525 2080 2580 Ideo

423 2609 840 2680 relinquentes
870 2613 1190 2666 vanitatem
1221 2612 1541 2668 multorum
1575 2620 1632 2668 et
1660 2613 1840 2668 falsas
1869 2614 2083 2668 doctri-

425 2714 561 2764 nas,
593 2700 666 2754 ad
702 2701 978 2756 traditam
1035 2702 1206 2757 nobis
1265 2703 1338 2757 ab
1397 2703 1569 2757 initio
1624 2703 1956 2758 doctrinam
1988 2718 2084 2756 re-

427 2793 728 2843 vertamur
747 2789 814 2854 3',
848 2813 874 2839 «
905 2790 1214 2862 vigilantes
1247 2793 1307 2845 in
1340 2792 1712 2847 orationibus
1732 2792 1779 2826 ³⁵
1803 2815 1828 2841 ››
1865 2799 1923 2846 et
1950 2809 2084 2862 per—

427 2885 766 2933 severantes
798 2880 859 2934 in
885 2881 1160 2952 jejuniis,
1195 2881 1468 2951 precibus
1512 2887 1786 2952 rogantes
1815 2881 2082 2935 omnium

427 2975 873 3038 conspectorem
912 2973 1114 3035 Deum,
1147 2993 1175 3020 ‹‹
1210 2987 1285 3026 ne
1308 2988 1416 3026 nos
1433 2971 1677 3026 inducat
1707 2973 1768 3025 in
1800 2971 2081 3026 tentatio-

425 3072 565 3110 nem
585 3057 652 3127 ³⁵,
686 3080 713 3107 ι»
747 3059 901 3113 sicut
930 3059 1073 3114 dicit
1106 3061 1428 3114 Dominus:
1480 3080 1510 3112 (ι
1543 3060 1796 3130 Spiritus
1839 3060 2081 3130 quidem

427 3151 740 3216 promptus
772 3152 880 3216 est,
915 3163 1049 3202 caro
1083 3153 1281 3203 autem
1312 3149 1551 3204 inﬁrma
1571 3148 1637 3203 ³⁵.
1663 3172 1682 3198 ι

2258 2105 2285 2130 ‹‹
2327 2083 2435 2141 ΙΙᾶς
2483 2082 2608 2154 γὰρ,
2669 2081 2728 2142 ὃς
2787 2077 2847 2133 ἂν
2907 2081 2983 2151 μὴ
3044 2077 3319 2154 ὁμολογῇ,
3353 2081 3566 2148 Ἰησοῦν
3612 2082 3848 2154 Χριστὸν

2189 2168 2243 2223 ἐν
2303 2168 2460 2243 σαρκὶ
2520 2165 2863 2237 ἐληλυθέναι,
2920 2169 3289 2241 Ἀντίχριστος
3345 2167 3479 2223 ἐστι·
3515 2193 3544 2220 ››
3576 2171 3674 2223 καὶ
3708 2169 3845 2232 ὃςᾶν

2195 2262 2268 2331 μὴ
2304 2259 2554 2332 ὁμολογῇ
2601 2260 2663 2314 τὸ
2718 2259 3013 2332 μαρτύριον
3059 2263 3154 2312 τοῦ
3205 2263 3456 2332 σταυροῦ,
3508 2256 3570 2312 ἐκ
3599 2263 3703 2314 τοῦ
3735 2257 3849 2313 δια-

2191 2344 2363 2402 ϐόλου
2421 2348 2554 2404 ἐστί·
2615 2348 2704 2402 καὶ
2754 2349 2811 2409 ὃς
2863 2347 2921 2401 ἂν
2985 2345 3248 2422 μεθοδεύῃ
3283 2348 3351 2402 τὰ
3381 2348 3557 2423 Λόγια
3603 2354 3709 2403 τοῦ
3753 2357 3848 2403 Κυ-

2192 2437 2312 2510 ρίου
2371 2438 2506 2512 πρὸς
2559 2438 2654 2500 τὰς
2733 2436 2872 2499 ἰδίας
2959 2436 3272 2510 ἐπιθυμίας,
3326 2437 3416 2490 καὶ
3475 2435 3647 2513 λέγῃ,
3711 2441 3848 2511 μήτε

2190 2525 2474 2581 ἀνάστασιν
2525 2528 2661 2598 μήτε
2717 2525 2892 2601 κρίσιν
2943 2532 3101 2596 εἰναι,
3134 2526 3293 2586 οὗτος
3331 2526 3694 2600 πρωτότοκός
3741 2526 3848 2580 ἐστι

2188 2621 2290 2672 τοῦ
2324 2621 2548 2671 Σατανᾶ.
2584 2615 2677 2671 Διὸ
2732 2613 3124 2676 ἀπολείποντες
3183 2616 3293 2686 (³74)
3348 2617 3450 2683 τήν
3507 2615 3847 2685 ματαιότητα

2189 2706 2299 2761 τῶν
2331 2702 2559 2759 πολλῶν
2609 2703 2699 2758 καὶ
2757 2704 2852 2765 τὰς
2911 2700 3438 2778 ψευδοδιδασκαλίας
3472 2707 3612 2776 (Ἰὸ),
3649 2705 3736 2758 ἐπὶ
3763 2706 3849 2757 τὸν

2192 2793 2244 2864 ἒξ
2305 2793 2485 2868 ἀρχῆς
2544 2795 2679 2867 ἡμῖν
2740 2789 3110 2866 παραδοθέντα
3189 2791 3351 2866 λόγον
3406 2791 3842 2867 ἐπιστρέψωμεν,

2195 2906 2223 2935 ι(
2255 2885 2519 2955 νήφοντες
2552 2883 2686 2956 πρὸς
2717 2883 2811 2944 τὰς
2853 2883 3044 2958 εὐχὰς,
3081 2906 3108 2933 )2
3165 2882 3255 2935 καὶ
3313 2887 3846 2956 προσκαρτεροῦντες

2191 2972 2488 3042 νηστείαις,
2563 2969 2806 3042 δεήσεσιν
2894 2971 3210 3042 αῗτοὺμενοι
3291 2971 3383 3026 τὸν
3462 2973 3847 3039 παντεπόπτην

2196 3061 2348 3132 Θεὸν,
2434 3087 2460 3112 ‹‹
2528 3063 2602 3133 μή
2667 3061 2983 3136 εἰσενεγκεῖν
3061 3064 3210 3134 ἡμᾶς
3286 3060 3361 3121 εἰς
3431 3062 3765 3134 πειρασμὸν,
3821 3084 3843 3111 ιθ

2123 3153 2165 3220 α
2196 3151 2373 3211 καθὼς
2405 3151 2553 3205 εἶπεν
2585 3151 2613 3204 ὁ
2645 3150 2872 3224 Κύριος·
2938 3174 2965 3201 ‹‹
2999 3151 3073 3207 Τὸ
3134 3150 3229 3224 μὲν
3288 3153 3504 3223 πνεῦμα
3543 3152 3850 3224 πρόθυμον,

2187 3242 2224 3308 ἡ
2257 3236 2314 3294 δὲ
2347 3240 2471 3313 σὰρξ
2504 3237 2758 3309 ἀσθενής.
2805 3263 2832 3291 ››

1541 3373 1686 3428 VIII.
1715 3374 2052 3429 Perseverate
2074 3375 2132 3428 in
2161 3389 2255 3444 spe
2280 3381 2333 3429 et
2363 3373 2423 3429 in
2446 3375 2749 3446 patientia.

513 3520 927 3576 Indesinenter
981 3539 1116 3594 ergo
1172 3537 1617 3594 perseveremus
1648 3525 1708 3580 in
1758 3541 1859 3596 spe
1891 3529 2093 3580 nostra

442 3615 501 3665 et
529 3611 774 3682 pignore
790 3611 1038 3682 justitiaa
1061 3618 1299 3682 nostrae,
1326 3613 1481 3684 quod
1504 3620 1595 3669 est
1617 3615 1884 3669 Christus
1901 3615 2089 3680 Jesus,

442 3722 470 3749 ‹‹
501 3701 601 3770 qui
632 3707 875 3771 peccata
900 3707 1101 3756 nostra
1133 3703 1194 3757 in
1225 3721 1474 3775 corpore
1519 3721 1624 3759 suo
1656 3721 1836 3775 super
1864 3705 2091 3776 lignum

439 3789 686 3860 pertulit
705 3790 768 3858 ³⁷,
803 3790 902 3860 qui
947 3797 1254 3861 peccatum
1306 3809 1426 3847 non
1474 3793 1632 3861 fecit,
1664 3810 1773 3848 nec
1817 3794 2093 3847 inventus

441 3887 532 3934 est
561 3879 729 3935 dolus
760 3881 820 3935 in
853 3897 953 3936 ore
980 3881 1108 3952 ejus
1130 3881 1215 3948 33;
1250 3905 1277 3932 ››
1331 3882 1432 3937 sed
1481 3891 1723 3956 propter
1769 3901 1897 3950 nos,
1928 3889 1994 3938 ut
2031 3883 2094 3937 in

441 3969 569 4040 ipso
599 3969 861 4025 vivamus
879 3969 944 4037 3°,
979 3972 1178 4025 omnia
1223 3973 1524 4026 sustinuit.
1552 3970 1885 4026 lmitatores
1917 3971 2096 4040 igitur

443 4057 629 4113 simus
665 4059 963 4127 patientia;
997 4060 1163 4130 ejus;
1197 4066 1255 4114 et
1302 4061 1350 4115 si
1382 4061 1677 4132 patiamur
1707 4066 1950 4132 propter
1978 4076 2092 4114 no-

443 4163 582 4202 men
633 4148 762 4218 ejus
783 4149 850 4212 “,
910 4148 1095 4220 gloria
1153 4149 1324 4203 illum
1383 4150 1732 4206 afﬁciamus.
1787 4150 1905 4204 Hoc
1937 4150 2094 4204 enim

447 4235 780 4306 exemplum
837 4238 1010 4292 nobis
1069 4238 1268 4309 posuit
1319 4239 1379 4293 in
1439 4255 1502 4294 se
1560 4241 1709 4310 ipso,
1771 4245 1828 4294 et
1876 4256 1987 4295 nos
2037 4238 2096 4293 id

448 4323 831 4380 credidimus.

2271 3520 2663 3585 Ἀδιαλείπτως
2738 3520 2828 3577 οὖν
2905 3525 3398 3598 προσκαρτεριῖψεν
3497 3525 3568 3594 τῇ
3676 3519 3855 3575 ἐλπίδι

2201 3616 2364 3687 ἡμῶν
2421 3615 2510 3668 καὶ
2567 3617 2647 3685 τῷ
2701 3607 2980 3686 ἀρραόὦνι
3032 3618 3132 3680 τῆς
3191 3608 3542 3680 δικαιοσύνης
3583 3614 3771 3682 ἡμῶν,
3804 3610 3855 3667 ὃς

2203 3703 2312 3758 ἐστι
2373 3700 2604 3777 Χριστός
2663 3703 2898 3770 Ἰησοῦς,
2975 3725 3002 3750 ‹‹
3060 3701 3118 3761 ὃς
3175 3701 3460 3776 ἀνήνεγκεν
3538 3702 3704 3770 ἡμῶν
3768 3700 3855 3759 τὶς

2202 3791 2469 3866 ἅμαρτίας
2517 3795 2595 3862 τῷ
2653 3788 2776 3861 ἰδίῳ
2834 3789 3047 3862 σώματι
3107 3787 3193 3844 ἐπὶ
3249 3790 3312 3843 τὸ
3369 3787 3552 3858 ξύλον,
3586 3787 3649 3850 ὃς
3681 3790 3855 3861 ἀμαρ-

2201 3881 2318 3936 τίαν
2353 3881 2451 3936 οὐκ
2481 3879 2756 3950 ἐποίησεν,
2814 3877 2937 3933 οὐδέ
2985 3879 3173 3954 εὑρέθη
3209 3876 3372 3938 δόλος
3403 3876 3454 3931 ἐν
3504 3882 3586 3948 τῷ
3626 3880 3851 3948 στόματι

2205 3970 2389 4025 αὐτοῦ⁹
2458 3993 2478 4019 ιι
2539 3966 2684 4023 ἀλλὰ
2745 3965 2813 4021 δι’

2204 4059 2376 4113 πάντα
2439 4057 2692 4128 ὑπέμεινε
2746 4059 2878 4130 {76).
2950 4055 3196 4129 Μιμηταὶ
3260 4053 3355 4109 οὖν
3411 4056 3698 4130 γενώμεθα
3755 4059 3851 4117 τῆς

2901 3969 3070 4039 ⁹ἡμόἰς,
3121 3965 3214 4021 ’ίνα
3265 3969 3514 4038 ζήσωμεν
3575 3967 3629 4020 ἐν
3688 3966 3848 4034 αὐτῷ,

2208 4149 2488 4220 ὑπομονῆς
2549 4145 2733 4200 auro-3'
2795 4145 2880 4199 καὶ
2942 4145 3028 4198 ἑάν
3088 4147 3394 4219 πάσχωμεν
3427 4142 3516 4199 διά
3562 4145 3628 4198 τὸ
3685 4140 3849 4214 ὄνομα

2204 4237 2391 4306 αὐτοῦ,
2425 4234 2733 4306 δοξάζωμεν
2777 4239 2887 4306 (ἻἾ)
2934 4233 3115 4291 αὐτόν.
3173 4236 3376 4289 Τοῦτον
3437 4233 3541 4310 γὰρ
3591 4236 3731 4305 ἡμῖν
3764 4235 3845 4288 τὸν

2208 4326 2572 4400 ὑπογραμμὸν
2633 4321 2795 4394 ἔθηκε
2843 4321 2910 4377 δι’
2969 4323 3182 4392 ἑαυτοῦ,
3213 4323 3301 4378 καὶ
3353 4324 3516 4394 ἡμεῖς
3547 4325 3711 4376 τοῦτο
3745 4326 3849 4394 (7S)

2133 4407 2178 4472 Ι)
2208 4415 2617 4490 ἐπιστεύσαμεν.

1414 4566 1514 4623 IX.
1545 4568 1863 4624 Exerceatis
1884 4568 2218 4637 patientiam
2238 4561 2494 4634 exemplo
2523 4562 2753 4632 lgnatii,
2789 4566 2896 4616 etc.

529 4706 686 4778 Rogo
716 4705 916 4778 itaque
947 4723 1052 4762 vos
1101 4724 1328 4776 omnes,
1363 4715 1428 4764 ut
1475 4709 1766 4767 obediatis
1801 4711 1974 4768 verbo
1997 4711 2100 4784 ju—

524 4886 570 4921 ⁸ο
600 4885 768 4942 Mtth.
803 4903 878 4957 v1,
918 4891 996 4950 12,
1037 4890 1120 4943 14.

455 4960 742 5026 13;xxv1,
774 4960 863 5013 41.

453 5045 511 5100 v,
542 5032 604 5083 41
635 5045 649 5096 ;
681 5032 704 5083 I
734 5032 890 5099 Petr,
923 5045 996 5098 1v,
1031 5033 1116 5087 16.

1197 4888 1241 4924 ³¹
1278 4891 1444 4944 Rom.
1479 4907 1592 4954 xxv,
1627 4893 1713 4959 10,
1747 4892 1830 4946 12.

529 5199 639 5269 (72)
673 5200 772 5252 Ms.
805 5198 976 5267 ἡμᾶς.

529 5272 643 5340 (73)
674 5271 788 5326 Cfr.
822 5272 943 5341 Ign.
1003 5272 1076 5325 ad
1130 5273 1267 5342 Eph.
1327 5289 1376 5327 c.
1426 5277 1494 5330 7:

459 5337 634 5410 ὄνομα
665 5337 995 5414 περιφέρειν.
1027 5344 1144 5398 Jac.

531 5415 643 5485 (74)
667 5413 1073 5485 -Ιῑα-εχιιθίϋιιε
1119 5413 1286 5469 codd.
1330 5415 1589 5470 restituit
1613 5415 1972 5470 Jacobsonus
2002 5432 2106 5485 pro

460 5481 1059 5558 γυὶιζζᾶπολι-πόντεςρ
1099 5487 1460 5557 Polycarpus
1515 5488 1847 5558 respexisse
1879 5481 2111 5542 vide—tur

462 5554 656 5628 locum
687 5557 751 5628 ξ».
778 5555 1116 5621 Clementis,
1153 5554 1250 5628 ep.
1293 5575 1309 5612 ι
1339 5554 1412 5612 ad
1454 5554 1725 5626 Corinth,
1759 5576 1808 5614 c.
1841 5562 1893 5614 7.

541 5625 653 5764 E75)
685 5625 800 5680 Cfr.
835 5643 1011 5697 supra
1042 5645 1092 5682 c.
1126 5631 1180 5682 2.

570 5696 657 5760 76)
688 5695 804 5752 Cfr.
838 5696 960 5764 Ign.
1012 5697 1084 5751 ad
1141 5699 1180 5752 P

570 5696 657 5760 76)
688 5695 804 5752 Cfr.
838 5695 960 5767 13a.
1012 5697 1084 5751 ad
1141 5698 1326 5767 Polyc.
1368 5716 1418 5754 c.
1473 5701 1543 5753 3:
1599 5697 1691 5752 τὸν
1747 5698 1881 5753 κατὰ
1939 5698 2113 5752 πάντα

1922 4891 1969 4924 ³²
1999 4892 2022 4944 Ι
2051 4892 2216 4945 Joan.
2249 4905 2326 4953 IV,
2358 4891 2409 4942 3.

938 4958 984 4993 ³⁸
1017 4960 1217 5016 Matth.
1252 4977 1406 5028 xxvr,
1441 4963 1502 5015 41
1536 4978 1548 5028 ;
1580 4958 1750 5018 Marc.
1785 4979 1894 5029 xw,
1929 4964 2016 5016 38.
2087 4963 2129 4996 ³⁷
2162 4965 2186 5014 Ι
2215 4963 2371 5015 Petr.
2399 4975 2458 5024 ιι,
2490 4961 2580 5014 24.

1556 5269 1706 5344 δόλῳ
1761 5275 1987 5344 πονηρῷ
2043 5269 2104 5324 τὸ

2281 4711 2389 4780 (’79)
2437 4702 2750 4781 Ηαρακαλῶ
2805 4701 2897 4759 οὖν
2959 4701 3157 4767 πάντας
3208 4701 3349 4776 ὑμὰς
3399 4703 3720 4779 πειθαρχεῖν
3777 4705 3847 4768 τῷ

2505 4885 2553 4922 ³³
2580 4885 2712 4942 Jud.
2746 4889 2797 4942 3.
2891 4884 2937 4920 “
2960 4886 2985 4938 Ι
3015 4885 3170 4940 Petr.
3209 4902 3286 4949 IV,
3318 4889 3370 4940 7.

2657 4957 2704 4993 θα
2731 4957 2901 5026 Ibid.,
2933 4960 3021 5011 22.

3473 4885 3522 4920 ³⁸
3551 4884 3752 4939 Matth.
3779 4901 3851 4945 v1,

3099 4955 3147 4991 ⁸⁸
3181 4959 3386 5012 lJoan.
3423 4973 3498 5024 Iv,
3530 4959 3583 5010 9.
3661 4955 3709 4990 ⁸ο
3738 4960 3854 5010 Act.

2215 5198 2419 5273 τρόπον
2453 5193 2522 5250 δι’
2552 5197 2700 5266 ἡμᾶς
2733 5194 3115 5267 ὗπομείναντα.

2289 5269 2912 5340 (77)}taJacobsonus
2959 5285 2989 5324 e
3039 5267 3169 5324 cod.
3199 5267 3853 5324 Medico-Laurentiano.

2217 5335 2727 5420 δοξάζομεν.
2828 5411 2841 5420 _
2935 5411 2944 5420 _
3055 5411 3086 5420 Α
3222 5417 3229 5420 _
3413 5413 3435 5420 _
3650 5411 3661 5420 _
3693 5413 3703 5420 ,

2289 5409 2399 5482 (7⁷8)
2436 5409 2495 5466 1.
2523 5409 2720 5480 τοῦτῳ³
2755 5411 2866 5478 vel,
2901 5411 2946 5466 si
2982 5411 3311 5466 retineatur
3340 5413 3529 5478 τοῦτο,
3575 5410 3852 5465 subintel-

2224 5481 2338 5555 lige
2371 5481 2499 5536 εἶναι
2535 5484 2723 5538 διαιτιι.

2293 5556 2403 5626 (79)
2438 5557 2612 5609 Totus
2644 5555 2740 5608 hic
2771 5553 2935 5608 locus
2981 5570 3166 5626 usque
3219 5553 3294 5609 ad
3351 5551 3654 5607 ἀναστάντα
3687 5561 3772 5608 est
3798 5552 3858 5606 ab

2221 5626 2472 5683 Eusebio
2506 5627 2813 5698 repetitus,
2845 5627 2987 5681 Hist.
3022 5625 3151 5680 eccl.
3177 5641 3260 5693 ιιι,
3284 5626 3372 5680 36.
