3956 6308
407 381 564 443 1015
1605 381 1671 441 S.
1714 377 2148 442 POLYCARPI

2222 379 2603 442 WARTYBIS
3677 381 3841 442 1016

406 528 588 585 super
608 511 974 568 iracundiam
1006 515 1262 566 vestram
1288 509 1354 565 ".
1388 531 1416 560 ››
1455 511 1668 568 Beatus
1699 511 1799 581 qui
1827 511 2176 566 meminerit
2203 511 2316 582 (96)
2346 526 2360 576 ;
2392 510 2548 582 quod
2601 527 2706 583 ego
2737 511 2912 567 credo
2967 529 3096 568 esse
3125 512 3185 567 in
3214 511 3398 568 vobis.
3436 512 3597 567 Deus
3629 516 3838 568 autem

407 609 466 660 et
494 607 670 660 Pater
700 602 930 658 Domini
960 603 1145 657 nostri
1172 603 1310 658 Jesu
1341 601 1642 670 Christi,et
1673 601 1800 672 ipse
1831 603 2232 674 sempiternus
2264 601 2545 673 pontifex,
2577 603 2676 657 Dei
2709 602 2890 658 Filius
2911 603 3078 658 Jesus
3109 603 3396 670 Christus,
3427 603 3701 658 aediﬁcet
3731 619 3833 658 vos

408 693 470 749 in
505 692 620 748 ﬁde
652 697 709 748 et
739 693 1003 758 veritate,
1029 697 1086 746 et
1108 692 1168 745 in
1192 691 1355 746 omni
1387 689 1935 758 mansuetudine,et
1962 691 2088 746 sine
2116 691 2506 760 iracundia,et
2537 691 2900 762 inpatientia
2916 693 3442 765 etlonganimitate
3469 698 3533 748 et
3562 693 3838 748 toleran-

408 783 492 839 tia
523 788 582 838 et
611 781 879 838 castitate
907 799 920 846 ;
958 786 1015 836 et
1043 780 1142 835 det
1175 781 1334 835 vobis
1365 786 1584 836 sortem
1617 786 1676 834 et
1703 787 1932 851 partem
1964 781 2120 836 inter
2147 786 2387 836 sanctos
2417 787 2642 848 suos,et
2663 781 2834 836 nobis
2855 781 3156 837 vobiscum
3181 787 3238 860 et
3262 781 3544 836 omnibus
3562 781 3671 853 qui
3699 787 3838 837 sunt

413 872 522 928 sub
549 871 822 942 caalo,qui
855 870 1137 926 credituri
1169 876 1310 925 sunt
1338 870 1396 925 in
1431 869 1747 925 Dominum
1775 875 2045 925 nostrum
2075 870 2273 925 Jesum
2301 869 2598 925 Christum
2631 875 2689 924 et
2716 869 2776 925 in
2806 870 2996 942 ipsius
3027 872 3280 935 Patrem,
3315 871 3416 941 qui
3448 893 3477 921 «
3510 871 3839 926 resuscita-

407 962 488 1017 vit
519 978 654 1018 eum
673 959 1048 1016 amortuis“.
1067 961 1220 1015 »Pro
1236 958 1514 1016 omnibus
1545 959 1768 1014 sanctis
1793 960 2162 1016 orate.0rate
2191 960 2368 1015 etiam
2392 976 2496 1031 pro
2523 959 2759 1032 regibus
2791 961 3256 1032 etpotestatibus
3289 967 3342 1016 et
3363 961 3754 1034 principibus
3769 960 3835 1029 “,

408 1057 588 1122 atque
620 1067 727 1122 pro
757 1050 1256 1122 persequentibus
1288 1055 1345 1105 et
1373 1047 1712 1104 odientibus
1745 1065 1845 1104 vos
1872 1047 1944 1118 ⁵³,
1977 1054 2038 1104 et
2065 1065 2172 1121 pro
2205 1049 2468 1105 inimicis
2497 1050 2690 1105 crucis
2725 1066 2738 1103 :
2769 1056 2835 1105 ut
2862 1050 3089 1106 fructus
3120 1056 3314 1106 vester
3340 1051 3714 1107 manifestus
3765 1049 3838 1104 sit

406 1139 470 1194 in
502 1137 802 1208 omnibus,
833 1145 902 1195 ut
931 1140 1060 1196 sitis
1089 1139 1151 1194 in
1182 1139 1286 1195 illo
1317 1137 1585 1211 perfecti.

975 1314 1116 1371 XIII.
1153 1311 1428 1385 Epistolas
1454 1320 1662 1370 vestras
1687 1311 2047 1369 Antiochenis
2077 1311 2314 1368 tradam.
2344 1311 2507 1369 Vobis
2536 1312 2794 1384 epistolas
2827 1315 3036 1384 lgnatii
3063 1316 3245 1370 mitto.

481 1464 809 1537 Scripsistis
831 1465 906 1521 ad
931 1482 1025 1522 me
1055 1473 1114 1522 et
1151 1483 1252 1522 vos
1279 1471 1338 1520 et
1367 1465 1653 1538 Ignatius,
1684 1471 1771 1529 ut,
1825 1465 1875 1520 si
1923 1465 2058 1537 quis
2087 1467 2139 1532 Α

2243 1466 2357 1535 (97)
2389 1461 2690 1539 Ἐγράψατὲ
2732 1485 2828 1538 μοι
2910 1464 3001 1519 καὶ
3059 1463 3214 1537 ὑμεῖς
3259 1463 3349 1517 καὶ
3378 1464 3659 1538 Ἰγνάτιος
3692 1466 3832 1536 (98),

405 1551 556 1607 forte
588 1553 645 1624 [e
673 1554 949 1629 Smyrna]
977 1557 1038 1610 in
1070 1556 1298 1627 Syriam
1317 1555 2056 1628 proﬁcisceretur,vestras

405 1657 647 1713 quoque
660 1643 888 1700 litteras
902 1661 971 1700 eo
986 1645 1270 1712 deferret;
1296 1644 1454 1716 quod
1467 1643 1706 1715 quidem
1726 1643 2054 1715 perﬁciam,

407 1731 457 1785 si
491 1735 726 1804 tempus
759 1740 1162 1806 opportunum
1193 1740 1402 1790 nactus
1431 1733 1596 1788 fuero
1621 1749 1635 1800 ;
1659 1733 1748 1788 vel
1778 1749 1884 1804 ego
1905 1733 2056 1804 ipse,

406 1819 502 1875 vel
530 1838 636 1892 per
665 1823 850 1879 alium
880 1825 1241 1896 quempiam.
1261 1840 1438 1895 quem
1470 1823 1728 1896 legatum
1748 1829 1808 1878 et
1825 1839 1932 1894 pro
1959 1837 2057 1875 vo-

410 1909 506 1964 bis
539 1912 1091 1984 mittam.Epistolas
1121 1913 1350 1985 lgnatii,
1384 1929 1531 1983 quas
1562 1913 1636 1968 ad
1668 1928 1762 1967 me
1783 1911 1972 1977 misit,
2003 1915 2061 1966 et

2159 1549 2274 1621 ἵνα,
2307 1551 2394 1607 ἐάν
2425 1574 2508 1615 τις
2546 1552 2858 1628 ἀπέρχηται
2891 1553 2966 1616 εἰς
3027 1554 3227 1626 Συρίαν
3285 1556 3420 1625 (99),
3447 1552 3540 1607 καὶ
3594 1554 3669 1607 τὰ
3699 1555 3834 1626 παρ’

2167 1642 2322 1715 ὑμῶν
2353 1641 2671 1718 ἀποκομῖσῃ
2705 1644 3028 1718 γράμματασ
3088 1645 3222 1716 ὅπερ
3270 1645 3514 1712 ποιήσω,
3551 1641 3647 1697 ἐὰν
3673 1638 3835 1698 λάϐω

2166 1738 2356 1808 καιρὸν
2391 1730 2626 1804 εὔθετον,
2688 1731 2796 1788 εἴτε
2851 1731 2986 1810 ἐγὼ,
3045 1731 3154 1789 εἷ’τε
3211 1732 3270 1788 b'v
3322 1733 3528 1806 πέμψω
3559 1728 3837 1806 πρεσϐεύ-

2168 1843 2331 1877 σοντα
2360 1821 2452 1876 καὶ
2478 1821 2601 1897 περῖ
2663 1823 2834 1896 ὑμῶν.
2896 1823 3008 1884 Τὰς
3067 1821 3362 1884 ἐπιστολὰς
3423 1822 3706 1896 Ἰγνατίου
3760 1825 3836 1894 (1)

2166 1911 2264 1972 τὰς
2331 1912 2668 1990 πεμφθείσας
2722 1913 2860 1985 ἡμῖν
2921 1913 3011 1966 ὑπ’
3061 1912 3246 1980 αὐτοῦ,
3303 1913 3394 1966 καὶ
3437 1910 3647 1980 ἄλλας,
3701 1910 3835 1974 ὅσας

414 2006 663 2056 cunctas
692 2003 842 2057 alias
871 2020 1018 2074 quas
1049 2001 1439 2070 habemus,ad
1467 2018 1568 2057 vos
1590 2001 1885 2067 misimus,
1908 2000 2064 2056 sicut

2223 2021 2398 2078 χομεν
2427 2002 2556 2075 παρ’
2585 2001 2742 2076 ἡμῖν,
2811 1999 3131 2074 ἐπέμψαμεν
3206 2003 3353 2074 ὑμῖν,
3411 2001 3600 2065 καθὼς
3632 1999 3836 2056 ἐνετεί-

419 2088 778 2156 mandastis;
797 2107 942 2161 quas
965 2091 1206 2162 quidem
1229 2091 1366 2146 huic
1388 2090 1654 2162 epistola:
1677 2089 2061 2160 subjecimus.

415 2178 501 2232 Ex
527 2178 612 2233 eis
641 2195 924 2252 magnum
962 2181 1222 2235 fructum
1269 2180 1575 2251 percipere
1618 2177 1783 2233 vobis
1841 2177 2062 2234 licebit.

411 2265 732 2322 Continent
787 2269 948 2323 enim
1008 2267 1183 2322 tidem
1231 2274 1290 2324 et
1335 2267 1686 2338 patientiam
1717 2272 1777 2322 et
1806 2265 2064 2322 aediﬁca-

409 2353 635 2411 tionem
650 2356 991 2425 omnem,ad
1003 2357 1324 2412 Dominum
1348 2362 1622 2412 nostrum
1641 2357 2062 2428 pertinentem.

2174 2084 2357 2150 λασθε·
2392 2085 2592 2149 αἳτινες
2628 2085 3055 2162 ὑποτεταγμέναι
3113 2086 3218 2142 sici
3257 2091 3326 2160 τῇ
3381 2085 3664 2162 ἐπιστολῇ
3695 2087 3832 2142 ταύ-

2172 2195 2264 2250 τῃ’
2298 2174 2350 2245 ἐξ
2379 2176 2457 2230 ὦν
2491 2173 2705 2252 μεγάλα
2743 2175 3096 2252 ὠφεληθῆναι
3153 2173 3462 2246 δυνήσεσθε.
3499 2175 3832 2251 Ιῐεριὲιουσι

2171 2264 2275 2340 γὰρ
2297 2263 2476 2320 πίστιν
2503 2264 2594 2319 καὶ
2626 2265 2910 2338 ὑπομονὴν
2966 2265 3058 2320 καὶ
3113 2270 3286 2321 πᾶσαν
3331 2265 3671 2339 οἰκοδομὴν,
3731 2267 3830 2334 τήν

2175 2351 2254 2417 εἰς
2279 2354 2373 2408 τὸν
2395 2351 2594 2428 Κύριον
2624 2355 2786 2427 ἡμῶν
2820 2353 3145 2424 ἀνήκουσαν.

477 2519 551 2590 (2)
581 2521 650 2574 Et
676 2517 750 2574 de
780 2517 908 2590 ipso
942 2517 1166 2590 Ignatio
1192 2517 1290 2591 (3),
1321 2523 1382 2574 et
1413 2517 1486 2575 de
1517 2519 1630 2587 his,
1663 2517 1767 2591 qui
1798 2534 1934 2574 cum
1964 2533 2036 2572 eo
2065 2521 2225 2586 sunt,
2256 2515 2414 2588 quod
2444 2516 2665 2573 certius
2695 2517 3070 2590 agnoveritis,
3111 2516 3462 2590 signiﬁcate.

1439 2689 1580 2747 XIV.
1615 2687 1940 2745 Commendo
1995 2687 2145 2744 vobis
2176 2687 2532 2744 Crescentem.
2571 2687 2781 2743 Valete.

484 2867 619 2922 Hmc
649 2863 813 2920 vobis
845 2863 1052 2935 scripsi
1075 2879 1182 2936 per
1203 2862 1788 2931 Crescentem,quem
1819 2861 1883 2915 in
1913 2864 2268 2931 prasentem
2289 2858 2366 2932 (4)
2387 2859 2547 2914 diem
2569 2857 2978 2914 commendavi
2999 2857 3247 2926 vobis,et
3262 2875 3426 2914 nunc
3445 2860 3828 2918 commendo.

415 2955 801 3012 Conversatus
833 2959 922 3008 est
953 2952 1110 3007 enim
1135 2951 1450 3006 nobiscum
1477 2949 1957 3020 inculpabiliter;
1985 2947 2162 3003 credo
2193 2949 2332 3020 quia
2358 2953 2417 3003 et
2445 2947 2745 3003 vobiscum
2790 2947 3086 3004 similiter.
3121 2948 3394 3003 Sororem
3443 2955 3656 3005 autem
3707 2951 3830 3022 ejus

412 3043 704 3102 habebitis
733 3041 1234 3110 commendatam,
1267 3057 1402 3096 cum
1435 3039 1661 3094 venerit
1679 3038 1754 3094 ad
1783 3037 2249 3095 voancolumes
2280 3043 2466 3094 estote
2495 3037 2560 3092 in
2585 3037 2834 3093 Domino
2864 3039 3006 3094 Jesu
3035 3037 3285 3092 Christo.
3318 3037 3524 3095 Gratia
3545 3056 3686 3096 cum
3706 3057 3832 3096 om-

409 3131 588 3189 nibus
615 3130 780 3187 vobis
811 3129 908 3203 (5).
940 3132 1152 3186 Amen.

1567 3458 1732 3555 AN
1738 3457 2118 3568 TIQUA
2196 3455 2646 3552 VEBSIO

1321 3666 1676 3724 EPISTOLE
1716 3667 1774 3722 S.
1811 3666 2214 3724 POLYGARPI
2250 3665 2347 3721 AD
2385 3664 2907 3721 PHILIPPENSES.

1083 3810 1468 3883 (Corausius,
1507 3811 1698 3866 Patres
1727 3809 2037 3881 apostolici,
2069 3807 2143 3864 ed

2222 3806 2521 3865 Lmstelod.
2556 3809 2716 3874 1724,
2745 3812 2791 3865 t.
2823 3809 2867 3876 Ι,
2899 3824 2959 3880 p.
2994 3807 3142 3880 190.)

410 3967 774 4038 Polycarpus,
835 3969 888 4018 et
933 3961 1034 4033 qui
1085 3980 1206 4019 cum
1244 3979 1307 4018 eo
1359 3969 1487 4018 sunt
1511 3963 1842 4034 presbyteri,
1874 3963 2067 4018 Eccle-
2096 3971 2140 4038 Β
2175 3965 2378 4015 nostro
2407 3961 2546 4016 Jesu
2593 3959 2847 4027 Christo,
2882 3960 3220 4032 suscipiens
3271 3961 3592 4018 imitabilia
3647 3963 3822 4018 verba

479 4058 580 4114 six
607 4055 704 4110 Dei
743 4065 872 4123 qua
927 4056 1004 4106 est
1060 4049 1360 4120 Philippis,
1401 4051 1778 4106 misericordia
1806 4051 1977 4118 vobis,
2008 4055 2061 4104 et

466 4161 590 4216 pax
611 4160 646 4198 a
677 4143 787 4196 Deo
809 4142 1202 4212 omnipotente,
1236 4145 1288 4194 et
1343 4141 1470 4194 Jesu
1519 4139 1736 4196 Christo
1773 4139 2060 4196 Saluatore

478 4239 664 4288 nostra
695 4229 955 4285 abundet.

477 4323 523 4378 Ι.
557 4318 1008 4392 Congratulatus
1041 4334 1174 4374 sum
1203 4317 1371 4374 vobis
1387 4317 1698 4391 magnifice
1718 4318 1780 4373 in
1803 4318 2053 4374 Domino

2170 4047 2510 4104 dilectionis
2541 4064 2720 4122 quam
2751 4049 3097 4104 ostendistis
3127 4049 3188 4104 in
3218 4049 3356 4116 illis,
3391 4051 3491 4122 qui
3523 4053 3815 4124 praemissi

2167 4144 2330 4207 sunt,
2363 4139 2502 4194 viris
2533 4139 2777 4210 sanctis,
2821 4139 3125 4195 decorosis
3153 4139 3200 4174 ⁸³
3225 4140 3476 4196 vinculis
3505 4143 3812 4207 connexis,

2167 4245 2296 4300 quaa
2329 4234 2467 4284 sunt
2495 4243 2731 4283 coronae
2763 4227 2966 4284 electa;
2998 4229 3138 4296 Deo,
3162 4227 3326 4284 illius
3347 4230 3466 4285 veri
3501 4232 3690 4303 regni,
3715 4247 3817 4302 per

2164 4319 2484 4376 Dominum
2513 4324 2785 4375 nostrum
2814 4319 3014 4374 Jesum
3036 4318 3333 4375 Christum
3357 4337 3370 4387 ;
3389 4327 3447 4376 et
3467 4321 3612 4392 quia
3629 4321 3810 4376 ﬁrmi-

476 4471 526 4508 “
550 4469 764 4544 Ephes.
797 4487 872 4540 Iv,
903 4473 994 4526 26.
1025 4469 1074 4506 ⁵ο
1101 4471 1225 4527 Gal.
1253 4489 1296 4538 ι,
1329 4473 1378 4529 1.
1410 4471 1456 4507 ⁵⁸
1489 4473 1510 4530 Ι
1541 4473 1687 4529 Tim.
1721 4489 1778 4542 ιι,
1811 4475 1864 4526 2.
1887 4471 1934 4506 5’
1959 4472 2142 4528 Matth

2222 4489 2246 4541 ’,
2277 4473 2366 4528 44.
2399 4471 2444 4507 ⁸⁸
2473 4471 2548 4527 al.
2588 4470 2838 4527 decoris.

411 4616 550 4674 Mihi
579 4631 788 4671 sensus
819 4631 950 4671 esse
981 4615 1246 4672 videtur:
1299 4638 1327 4667 «
1361 4616 1474 4672 Vos
1530 4617 1820 4674 librorum
1867 4634 2059 4673 sacro-

409 4706 543 4747 rum
573 4686 1109 4762 scientiapolletis,
1141 4704 1257 4762 qua
1295 4704 1402 4760 ego
1434 4688 1775 4762 adhucinon
1805 4689 2054 4762 gaudeo.

409 4763 609 4834 Igitur,
641 4764 717 4834 ut
739 4759 801 4812 in
832 4757 926 4813 his
953 4757 1120 4812 libris
1147 4757 1371 4814 dictum
1406 4759 1713 4828 est,nolite
1753 4757 1836 4817 ita
1857 4761 2055 4830 irasci,

408 4829 476 4890 ut
496 4829 774 4903 peccetis.
799 4851 835 4903 Δ››

480 4899 590 4971 (96)
621 4904 714 4958 Sc.
747 4919 770 4948 ι
795 4899 975 4972 hujus
1007 4899 1322 4972 Scriptura:
1355 4917 1537 4957 sacrm
1559 4903 1848 4958 mandati.
1887 4925 1916 4955 »
1937 4903 2054 4958 Alii

405 4975 616 5044 legunt
637 4989 650 5026 :
687 4993 717 5044 (ς
753 4971 1124 5044 crediderit.-

474 5043 586 5116 (97)
618 5043 920 5116 Habentur
948 5043 1074 5098 haec
1104 5043 1303 5098 Graeca
1331 5044 1488 5116 apud
1547 5045 1866 5101 Eusebium
1905 5049 2049 5102 Hist.

405 5114 558 5190 σεεμ,
592 5131 666 5185 ιιι,
701 5115 788 5168 36.
823 5114 1155 5190 (Σΐιζηξιιριδθ.
1184 5131 1233 5169 c.
1293 5114 1387 5170 1οῖ
1429 5117 1544 5172 Cfr.
1605 5117 1678 5172 de
1724 5117 1836 5172 hoc
1861 5119 2054 5190 capite

406 5188 613 5254 Bothe,
635 5189 790 5254 Anf.,
823 5202 860 5256 p
907 5187 1031 5240 483.

478 5260 588 5330 (98)
613 5257 752 5330 Υίάθ
783 5258 907 5329 Ign.
939 5258 1012 5330 ad
1035 5257 1246 5330 Polyc,
1280 5274 1330 5314 c.
1355 5259 1409 5313 8.

479 5327 588 5402 (99)
618 5329 660 5382 l.
694 5345 746 5383 e.
777 5327 1242 5403 (Antiochiam.
1305 5351 1344 5403 is
1367 5330 1625 5400 lgnatius
1667 5334 1740 5395 (ο.
1775 5330 1852 5403 7)
1881 5329 2050 5403 Poly-

407 5400 583 5472 carpo
613 5400 1018 5473 mandaverat,
1049 5407 1117 5454 ut
1174 5401 1299 5473 ipse
1331 5401 1590 5473 legatum
1621 5403 1696 5457 ad
1726 5400 2050 5458 Ecclesiam

2167 4622 2397 4702 rant,ut
2427 4616 3050 4702 ipsorum-epistplam
3077 4633 3190 4702 suo
3222 4617 3412 4702 legato
3441 4620 3708 4678 traderet
3743 4623 3811 4679 ad

2164 4689 3030 4766 Antioche’npsperferendam.
3077 4689 3178 4746 His
3200 4689 3347 4746 votis
3386 4708 3450 4747 se
3493 4709 3812 4766 responsu-

2165 4777 2298 4815 rum
2323 4777 2450 4816 esse
2481 4760 2842 4833 Polycarpus
2868 4761 3201 4833 pollicetur.

2238 4833 2312 4905 (_l)
2343 4833 2744 4905 Desiguantur
2772 4832 2904 4905 dum
2963 4833 3170 4905 lgnatii
3229 4834 3546 4905 Epistolas;
3580 4853 3703 4893 una
3742 4838 3810 4893 ad

2165 4903 2576 4978 ljolycarpumj
2609 4903 2796 4958 altera
2817 4903 2893 4959 ad
2921 4903 3230 4976 Poiycarpi
3263 4903 3368 4960 seu
3389 4906 3807 4978 Smyrnensem

2163 4974 2508 5030 Ecclesiam.
2533 4974 2662 5029 Cor.

2235 5048 2308 5115 (2)
2339 5046 2470 5101 Haec
2497 5045 2713 5101 iterum
2736 5042 2891 5116 apud
2924 5043 3116 5100 solum
3140 5050 3398 5102 veterem
3419 5047 3806 5121 interpretem

2163 5123 2416 5172 exstant.

2236 5192 2309 5258 (3)
2329 5187 2690 5262 Polycarpus
2721 5187 2792 5243 de
2824 5191 3013 5262 morte
3043 5189 3254 5260 lgnatii
3295 5188 3426 5262 jam
3455 5192 3679 5262 certior
3720 5195 3805 5250 fa-

2163 5256 2304 5337 ctus;
2323 5256 2454 5337 erat
2469 5256 2618 5337 (vide
2643 5275 2694 5314 c.
2719 5262 2774 5337 9)
2801 5256 2943 5337 ;_se_d
2960 5256 3648 5332 circumstantias,dicta,
3673 5271 3804 5337 etc.,

2160 5337 2226 5386 ut
2255 5330 2505 5399 videtur,
2537 5329 2864 5402 ignorabat.
2892 5330 3014 5402 Jac.

2231 5405 2306 5471 (4)
2337 5403 2422 5455 lta
2443 5401 3026 5474 gJacObsonus.gVulg.
3065 5421 3093 5474 ᾳ
3126 5402 3235 5474 in?
3265 5404 3568 5474 praesenti.
3605 5426 3632 5456 ι
3667 5408 3805 5464 For-

408 5471 840 5551 antiochenam
872 5472 1152 5551 mitteret,
1170 5471 1254 5551 ob
1283 5471 1490 5551 pacem
1513 5473 1869 5551 restitutam,
1894 5480 1954 5528 et
1973 5473 2047 5544 (ο.
2089 5484 2134 5551 c

2222 5489 2321 5527 .sse
2353 5472 2712 5544 Polycarpus
2743 5471 2991 5551 scripsit
3013 5471 3140 5551 :‘fisi
3177 5471 3346 5551 μέχρι
3383 5478 3482 5529 τοῦ
3513 5477 3804 5551 παρόντος,

409 5543 603 5613 8)huic
625 5540 816 5613 legato
838 5543 1014 5596 simul
1031 5540 1314 5613 epistolas
1340 5543 1592 5598 aliarum
1650 5540 2050 5600 Ecclesiarum

463 5610 818 5686 yatulatorias
833 5610 1336 5686 traderet_.Praste_r
1350 5615 1460 5669 hoc
1480 5615 1687 5686 lgnatii
1703 5616 2051 5672 mandatum

445 5629 818 5668 l‘abulaIOI‘laS
833 5629 1336 5668 traderetrraster
1350 5629 1460 5669 HOC
1481 5629 1687 5686 ιειιᾶιιι
1703 5629 2050 5672 mandatum

407 5629 813 5752 ghilippenses
834 5699 1071 5754 quoque
1083 5683 1198 5756 ipsi
1209 5682 1591 5759 Polycarpum
1597 5688 1876 5758 precibus
1888 5687 2050 5744 adie-

2162 5569 2188 5595 «
2225 5541 2481 5614 semper,
2506 5541 2694 5614 usque
2727 5543 2800 5598 ad
2831 5541 2984 5614 hanc
3015 5541 3193 5600 diem;
3225 5541 3252 5594 »ί

2232 5617 2307 5686 (ὅ)
2341 5613 2429 5670 lita
2455 5613 2838 5690 lacobsonus.
2878 5613 3037 5686 Vulg.
3073 5637 3098 5665 ‹‹
3124 5617 3186 5671 in
3215 5616 3406 5690 gratia
3451 5635 3589 5676 cum
3613 5624 3802 5680 omni-

2157 5685 2269 5744 bus
2290 5685 2529 5744 vestris.
2549 5705 2579 5740 ι
