3956 6308
168 385 336 447 1017

1302 386 1684 448 EPISTOLA
1728 390 1832 447 AD
1883 389 2475 450 PHILIPPENSES.

3431 392 3587 454 1018

165 527 268 576 tas
301 521 440 575 ﬁdei
470 525 680 576 vestrm
711 537 745 575 a
770 521 1061 592 principio
1089 538 1276 593 usque
1309 539 1467 577 nunc
1499 526 1829 594 permanet,
1863 523 1915 588 Α
1943 538 2130 590 mum,
2162 524 2470 580 ambulare
2501 525 2561 580 in
2588 525 2884 581 mandatis
2908 525 3141 581 Domini
3168 543 3181 592 ;
3215 531 3274 582 et
3318 532 3451 597 post
3477 526 3592 582 hoc

167 617 232 664 et
261 610 588 664 fructiﬁcat
618 610 681 664 in
714 610 962 665 Domino
992 611 1130 666 Jesu
1157 612 1409 680 Christo,
1440 612 1538 681 qui
1556 611 1837 665 sustinuit

170 717 284 771 pro
316 700 574 771 peccatis
606 701 825 755 nostris
885 717 1069 772 usque
1121 701 1193 755 ad
1253 705 1543 755 mortem:
1596 723 1623 751 «
1659 717 1834 770 quem

176 791 555 845 resuscitavit
589 791 762 856 Deus,
823 790 1150 845 dissolvens
1198 791 1429 845 dolores
1477 791 1685 844 inferni
1742 790 1833 844 “:

177 896 363 950 quem
395 897 528 934 cum
565 897 684 934 non
716 879 1000 946 videritis,
1036 897 1194 935 nunc
1227 880 1469 951 diligitis
1497 899 1510 946 ;
1549 880 1605 933 in
1658 896 1835 950 quem

173 985 343 1022 nunc
375 985 495 1023 non
526 969 903 1040 aspicientes,
938 969 1217 1035 creditis;
1270 970 1578 1024 credentes
1636 974 1835 1024 autem

173 1058 515 1128 gaudebitis
535 1058 751 1129 gaudio
777 1058 1252 1123 inenarrabili,et
1274 1059 1568 1130 glorificat
1593 1090 1600 1107 ρ
1625 1057 1699 1124 55;
1728 1079 1754 1107 »
1775 1059 1835 1112 in

174 1147 338 1217 quod
368 1147 540 1202 multi
558 1146 901 1203 desiderant
923 1149 1197 1216 introire;
1223 1148 1479 1203 scientes
1501 1149 1639 1219 quia
1657 1170 1684 1197 ‹‹
1704 1164 1832 1219 gra-

171 1236 261 1290 tia
292 1236 436 1292 salvi
467 1236 603 1292 facti
638 1237 801 1304 estis,
838 1256 863 1288 ι
900 1253 1021 1292 non
1055 1254 1124 1292 ex
1182 1238 1460 1309 operibus
1507 1237 1574 1304 ⁵⁸,
1623 1236 1720 1292 sed
1771 1238 1833 1292 in

173 1323 482 1380 voluntate
513 1324 640 1391 Dei,
673 1339 779 1394 per
806 1325 1003 1379 Jesum
1037 1323 1356 1378 Christum.

253 1415 325 1468 Il.
361 1436 388 1463 «
422 1417 667 1484 Propter
695 1413 854 1484 quod
885 1413 1170 1468 succincti
1233 1413 1464 1468 lumbos
1514 1418 1736 1468 vestros
1767 1413 1830 1480 ⁵⁷,

181 1503 400 1558 servite
433 1504 550 1558 Deo
570 1520 705 1558 cum
730 1505 941 1559 timore
960 1505 1024 1565 ⁵⁸,
1051 1526 1077 1553 ››
1108 1509 1165 1558 et
1192 1505 1253 1559 in
1275 1504 1518 1559 veritate
1543 1519 1556 1568 ;
1588 1503 1833 1557 dimisso

173 1593 348 1647 inani
371 1591 711 1663 vaniloquio
727 1598 784 1648 et
807 1592 993 1647 multo
1009 1591 1056 1626 ‘9
1076 1610 1296 1648 errore.
1317 1616 1343 1643 ‹‹
1361 1592 1589 1647 Credite
1613 1608 1750 1663 ergo
1771 1593 1832 1646 in

173 1680 349 1735 illum
383 1682 483 1751 qui
528 1682 901 1736 resuscitavit
952 1683 1268 1737 Dominum
1317 1688 1585 1736 nostrum
1633 1683 1833 1736 Jesum

176 1771 480 1825 Christum
513 1787 580 1824 ex
613 1772 882 1834 mortuis,
917 1777 974 1824 et
1005 1771 1168 1826 dedit
1221 1773 1274 1825 ei
1322 1770 1570 1842 gloriam
1599 1771 1665 1838 5°,
1705 1795 1728 1819 ι)
1775 1777 1834 1826 et

175 1859 386 1913 sedem
412 1862 470 1913 in
493 1860 734 1915 dextera
756 1877 892 1915 sua:
916 1861 1008 1916 cui
1033 1860 1299 1932 subjecta
1320 1867 1459 1915 sunt
1490 1860 1689 1915 omnia
1717 1878 1800 1916 cce
1864 1887 1908 1951 Β

172 1948 371 2012 lestia,
406 1955 465 2003 et
497 1950 818 2017 terrestria,
851 1955 909 2004 et
946 1949 1334 2005 subterranea
1362 1950 1402 1983 ⁶¹
1432 1965 1444 2003 :
1480 1950 1571 2004 cui
1632 1949 1826 2004 omnis

174 2037 424 2108 spiritus
458 2038 636 2092 servit
669 2039 807 2108 ;qui
840 2044 1122 2093 venturus
1155 2039 1534 2110 estjudicare
1583 2039 1738 2092 vivos
1770 2041 1828 2092 et

175 2133 486 2180 mortuos:
520 2128 691 2199 cujus
723 2128 1073 2198 sanguinem
1103 2129 1369 2198 requiret
1416 2129 1570 2182 Deus
1623 2127 1694 2182 ab
1741 2130 1826 2182 eis

172 2214 280 2284 qui
313 2231 432 2268 non
463 2215 844 2270 crediderunt
873 2215 934 2268 in
966 2232 1101 2270 eum
1128 2232 1140 2268 :
1197 2215 1299 2286 qui
1359 2221 1416 2269 et
1458 2215 1829 2270 resuscitavit

173 2319 314 2357 eum
346 2321 380 2358 a
421 2308 666 2359 mortuis
697 2321 709 2359 :
746 2305 844 2374 qui
881 2311 937 2356 et
976 2321 1085 2358 nos
1117 2305 1578 2359 resuscitaturus
1629 2310 1716 2359 est
1763 2304 1825 2358 in

171 2393 295 2448 vita
323 2392 389 2458 δ’,
424 2393 472 2446 si
503 2393 819 2448 fecerimus
841 2393 1203 2448 voluntatem
1229 2394 1377 2463 ejus,
1395 2398 1454 2448 et
1474 2393 1822 2448 ambulave-

173 2483 367 2537 rimus
398 2483 460 2536 in
494 2482 788 2537 mandatis
821 2483 1028 2553 ipsius,
1050 2488 1108 2536 et
1129 2483 1515 2538 dilexerimus
1537 2499 1667 2552 quae
1699 2482 1824 2554 ipse

176 2571 390 2626 dilexit
416 2588 428 2626 :
466 2571 830 2628 abstinentes
861 2589 968 2626 nos
991 2571 1062 2626 ab
1081 2572 1243 2626 omni
1268 2571 1699 2643 injustitia,hoc
1714 2577 1820 2640 est,

177 2677 211 2716 a
272 2661 770 2731 concupiscentia,
829 2661 901 2716 ab
961 2661 1224 2725 avaritia,
1285 2677 1319 2716 a
1373 2660 1826 2730 detractione,a

174 2749 324 2804 falso
359 2750 736 2804 testimonio:
803 2774 822 2798 σι
887 2766 1008 2804 non
1065 2749 1382 2804 reddentes
1439 2749 1661 2804 malum
1719 2767 1824 2820 pro

173 2840 358 2907 malo,
390 2846 494 2894 aut
521 2839 804 2911 injuriam
836 2857 941 2910 pro
974 2839 1195 2911 injuria
1225 2838 1294 2908 ⁸³,
1327 2863 1352 2894 ››
1387 2845 1489 2894 aut
1517 2845 1826 2894 contume—

171 2929 318 2984 liam
349 2947 453 3001 pro
486 2929 869 2995 contumelia,
902 2936 1004 2984 aut
1034 2929 1417 2984 maledictum
1449 2946 1552 3000 pro
1589 2929 1826 2984 maledi-

170 3026 287 3074 cto.
325 3023 675 3075 Mementote
708 3020 865 3091 quod
900 3021 1184 3075 Dominus
1215 3020 1435 3075 docens
1459 3019 1640 3074 dixit:
1671 3042 1693 3071 (ι
1717 3021 1825 3074 No-

168 3109 669 3180 litejudicare,ne
687 3109 1042 3180 judicemini
1063 3127 1074 3176 ;
1099 3109 1398 3176 dimittite,
1422 3109 1825 3165 etdimittetur

166 3199 337 3254 vobis
371 3217 382 3252 :
419 3221 445 3248 ››
481 3200 872 3266 miseremini,
909 3204 966 3254 et
997 3200 1283 3254 Dominus
1325 3199 1703 3256 miserebitur
1735 3218 1823 3256 ve-

1945 613 2121 668 etiam
2150 614 2430 669 mulieres
2452 620 2693 683 vestras,
2723 615 2785 670 in
2816 615 2929 669 ﬁde
2947 632 3077 686 quas
3099 617 3238 670 data
3259 621 3348 670 est
3393 615 3498 684 eis,
3529 620 3588 670 et

1945 701 2281 771 dilectione,
2307 709 2362 757 et
2387 704 2654 759 castitate
2687 720 2699 769 ;
2725 709 2994 758 amantes
3018 721 3156 758 suos
3171 704 3323 758 viros
3344 705 3402 757 in
3422 703 3584 759 omni

1947 793 2188 846 veritate
2211 798 2270 847 et
2290 793 2597 856 charitate,
2622 793 2938 865 diligentes
2959 809 3164 848 omnes
3188 793 3496 864 aequaliter
3525 793 3586 846 in

1945 883 2106 935 omni
2140 882 2520 936 continentia.
2567 889 2624 937 et
2653 883 2809 937 ﬁlios
2841 881 3075 937 erudire
3109 884 3167 936 in
3193 883 3508 954 disciplina
3533 889 3591 936 et

1947 969 2157 1026 timore
2191 971 2311 1026 Dei.
2351 971 2547 1026 Vidum
2579 989 2712 1026 vero
2745 971 2972 1043 pudicae
2993 973 3150 1027 circa
3173 972 3350 1026 fidem
3378 972 3475 1026 Dei
3501 972 3589 1048 in:

1945 1059 2260 1130 terpellent
2289 1061 2658 1115 incessanter
2685 1078 2790 1132 pro
2813 1061 3088 1116 omnibus
3115 1079 3126 1114 :
3161 1062 3585 1132 elongantesse

1945 1148 2014 1202 ab
2048 1149 2322 1205 omnibus
2344 1149 2720 1205 diabolicis“
2752 1150 3303 1218 detractionibus,et
3324 1150 3470 1204 falso
3505 1155 3588 1202 te-

1945 1236 2244 1304 stimonio,
2277 1244 2337 1293 et
2365 1238 2437 1294 ab
2469 1239 2630 1294 omni
2663 1239 2818 1294 malo
2845 1255 2858 1306 ;
2891 1244 3314 1311 cognoscentes
3341 1238 3586 1309 seipsas,

1944 1327 2083 1396 quia
2113 1333 2252 1382 sunt
2281 1329 2605 1384 sacrarium
2651 1330 2786 1395 Dei;
2847 1330 3130 1399 quoniam
3180 1328 3385 1383 omnia
3431 1329 3584 1382 Deus

1943 1417 2246 1488 prospicit,
2281 1422 2339 1472 et
2369 1418 2516 1472 nihil
2547 1435 2682 1472 eum
2715 1419 2859 1473 latet
2887 1435 2900 1484 ;
2925 1434 3118 1488 neque
3151 1417 3448 1490 cogitatio,
3480 1433 3585 1470 ne-

1943 1523 2055 1576 que
2087 1507 2472 1575 conscientia,
2506 1523 2698 1577 neque
2729 1507 2968 1578 aliquod
3002 1506 3266 1562 abditum
3299 1505 3514 1562 cordis.

2016 1597 2073 1650 ν.
2111 1596 2374 1652 Scientes
2406 1613 2542 1668 ergo
2575 1597 2716 1666 quia
2745 1620 2772 1646 «
2807 1599 2962 1652 Deus
2996 1613 3114 1652 non
3142 1595 3446 1650 deridetur
3463 1593 3530 1661 ‘9,
3559 1617 3586 1643 ››

1943 1684 2227 1739 debemus
2258 1685 2431 1757 digne
2462 1687 2523 1739 in
2557 1686 2849 1740 mandatis
2881 1687 3031 1755 ejus,
3063 1690 3120 1739 et
3149 1684 3336 1756 gloria
3380 1683 3588 1738 ambu-

1942 1772 2082 1829 lare.
2120 1775 2405 1830 Similiter
2435 1775 2668 1830 diaconi
2694 1774 3085 1845 inculpabiles
3108 1774 3227 1828 sint
3259 1774 3317 1827 in
3345 1789 3585 1842 conspe-

1941 1870 2037 1917 ctu
2059 1863 2310 1936 justitiae
2343 1864 2492 1934 ejus,
2525 1865 2676 1918 sicut
2702 1863 2805 1919 Dei
2837 1869 2890 1918 et
2923 1863 3136 1918 Christi
3197 1861 3474 1927 ministri,
3524 1865 3584 1915 et

1938 1969 2056 2007 non
2086 1953 2399 2008 hominum
2427 1972 2440 2019 ;
2472 1971 2592 2008 non
2621 1953 3051 2021 criminatores,
3075 1969 3267 2022 neque
3293 1951 3581 2006 detracto-

1939 2059 2052 2111 res,
2085 2059 2278 2113 neque
2309 2044 2464 2098 avari
2493 2061 2505 2111 ;
2537 2043 2639 2098 sed
2673 2043 2876 2098 omnia
2905 2042 3246 2110 tolerantes,
3280 2041 3342 2094 in
3382 2039 3580 2094 omni-

1936 2131 2046 2185 bus
2074 2133 2510 2200 misericordes,
2544 2133 2858 2204 diligentes
2880 2132 2941 2186 in
2963 2129 3581 2198 omnibus,ambulan-

1940 2224 2026 2274 tes
2058 2221 2118 2274 in
2150 2222 2392 2276 veritate
2425 2222 2679 2290 Domini,
2712 2221 2811 2292 qui
2834 2220 3024 2276 factus
3051 2225 3141 2275 est
3163 2220 3432 2274 minister
3452 2233 3580 2272 om-

1937 2307 2102 2363 nium
2131 2329 2143 2376 ;
2178 2311 2270 2365 cui
2304 2310 2349 2365 si
2383 2312 2860 2383 complaceamus
2882 2310 2925 2344 το
2956 2310 3015 2364 in
3045 2310 3156 2364 hoc
3179 2309 3410 2373 saeculo,
3444 2323 3583 2378 per-

1937 2397 2225 2468 cipiemus
2255 2417 2321 2456 ea
2353 2418 2482 2470 qua:
2509 2401 2706 2456 futura
2739 2405 2914 2464 sunt;
2947 2399 3273 2454 secundum
3301 2397 3457 2468 quod
3488 2411 3582 2449 re-

1935 2489 2210 2558 promisit
2245 2491 2598 2546 resuscitare
2631 2507 2740 2545 nos
2771 2507 2804 2544 a
2835 2489 3104 2557 mortuis,
3131 2495 3189 2542 et
3209 2489 3254 2541 si
3302 2487 3475 2558 digne
3507 2501 3576 2540 eo

1936 2579 2262 2633 conversati
2285 2579 2596 2649 fuerimus,
2618 2586 2674 2636 et
2695 2582 2741 2636 si
2774 2579 3223 2642 crediderimus,
3249 2591 3575 2648 conregna-

1934 2668 2131 2723 bimus
2163 2685 2294 2724 cum
2338 2685 2426 2724 eo.
2458 2671 2708 2726 Iuvenes
2738 2668 3010 2724 similiter
3040 2665 3428 2736 inculpabiles
3460 2664 3578 2718 sint

1935 2758 1996 2812 in
2027 2757 2300 2812 omnibus
2327 2774 2340 2824 ;
2373 2775 2611 2813 omnem
2642 2758 3038 2830 ignorantiam
3068 2755 3112 2788 7‘
3159 2754 3577 2827 praevidentes,

1935 2847 2302 2902 refrenantes
2335 2865 2396 2902 se
2427 2848 2499 2902 ab
2535 2848 2696 2902 omni
2727 2847 2904 2902 malo.
2940 2847 3169 2901 Bonum
3192 2850 3282 2899 est
3307 2844 3464 2897 enim
3484 2842 3583 2896 ab-

1933 2936 2121 2991 scindi
2143 2937 2214 2991 ab
2242 2937 2516 2992 omnibus
2534 2936 3030 3007 concupiscentiis
3054 2932 3578 2998 mundi.Quoniam

1933 3026 2128 3080 omnis
2158 3026 2640 3097 concupiscentia
2692 3050 2717 3076 ‹‹
2754 3025 3032 3080 adversus
3089 3023 3361 3094 spiritum
3417 3020 3575 3075 mili-

1934 3120 2018 3169 tat
2036 3116 2081 3149 ⁷³
2111 3131 2124 3180 ;
2159 3137 2187 3164 ››
2219 3115 2360 3186 quia
2391 3137 2415 3167 ι
2441 3133 2634 3186 neque
2655 3114 2980 3181 fornicarii,
3001 3129 3194 3182 neque
3219 3111 3449 3175 molles,
3473 3126 3575 3164 ne-

1932 3221 2046 3274 que
2076 3205 2477 3260 masculorum
2501 3204 2935 3270 concubitores,
2967 3218 3214 3274 regnum
3248 3200 3348 3254 Dei
3381 3198 3576 3270 possi-

169 3286 299 3344 stri.
335 3309 360 3337 α
391 3287 516 3350 Qua
546 3287 706 3341 enim
736 3303 1019 3342 mensura
1046 3287 1236 3341 menSi
1271 3286 1520 3352 fueritis.
1545 3289 1820 3342 remetie-
1861 3263 1902 3328 Ο
1933 3294 2157 3348 debunt
2183 3296 2250 3363 ⁷³,
2285 3316 2312 3344 ››
2340 3311 2534 3365 neque
2564 3294 2774 3348 illicita
2802 3292 3107 3348 facientes.
3138 3292 3384 3358 Propter
3414 3286 3574 3358 quod

174 3380 271 3430 tur
303 3375 510 3430 eadem
543 3375 706 3430 vobis
736 3374 803 3432 ⁶⁴.
843 3400 863 3428 ι
903 3377 971 3430 Et
1003 3375 1160 3446 quod
1191 3375 1414 3430 dictum
1447 3381 1571 3430 est:
1599 3399 1625 3426 ‹‹
1665 3377 1824 3431 Beati

173 3480 466 3536 pauperes
496 3465 729 3536 spiritu,
762 3471 821 3520 et
845 3465 946 3536 qui
989 3465 1468 3536 persecutionem
1518 3466 1825 3536 patiuntur

174 3559 419 3625 propter
439 3553 774 3625 justitiam:
809 3553 1092 3624 quoniam
1124 3554 1386 3625 ipsorum
1441 3558 1528 3609 est
1574 3570 1820 3626 regnum

174 3646 458 3701 caalorum
487 3645 554 3699 ⁸⁵.
588 3665 616 3694 ››

240 3737 342 3791 IlI.
376 3737 506 3790 Haec
538 3739 758 3800 autem,
792 3733 1004 3788 fratres
1035 3734 1174 3797 mei,
1203 3750 1324 3789 non
1354 3750 1388 3788 a
1419 3735 1646 3805 meipso
1707 3735 1816 3790 im-

169 3841 386 3896 perans
415 3823 483 3894 66,
519 3823 711 3879 scribo
739 3822 900 3877 vobis
930 3822 1003 3878 de
1055 3822 1290 3895 justitia
1319 3843 1333 3890 ;
1383 3823 1485 3878 sed
1535 3824 1817 3893 quoniam

161 3932 262 3970 vos
289 3913 669 3986 provocastis.
701 3915 948 3984 Propter
973 3912 1130 3983 quod
1153 3928 1348 3982 neque
1379 3928 1712 3984 ego,neque
1746 3914 1822 3968 si-

160 4003 323 4058 milis
353 4003 504 4058 alius
539 4002 678 4069 mei,
701 4002 920 4073 poterit
953 4001 1120 4071 sequi
1171 4002 1522 4072 sapientiam
1575 4003 1730 4057 beati
1762 4009 1818 4058 et

163 4093 404 4164 gloriosi
441 4091 599 4147 Pauli
627 4111 639 4159 ;
675 4090 775 4161 qui
807 4090 918 4144 fuit
947 4090 1101 4161 apud
1133 4107 1259 4160 vos,
1301 4097 1358 4145 et
1388 4091 1545 4145 visus
1599 4097 1688 4146 est
1717 4109 1810 4146 se-

165 4182 428 4239 cundum
459 4181 668 4236 faciem
697 4179 832 4248 illis,
867 4180 964 4249 qui
997 4185 1138 4233 tunc
1192 4184 1380 4243 erant,
1428 4179 1805 4236 hominibus:

161 4271 262 4342 qui
298 4271 498 4326 docuit
528 4271 857 4325 certissime
885 4276 1062 4338 atque
1093 4267 1424 4322 ﬁrmissime
1447 4269 1688 4323 verbum
1711 4285 1807 4323 ve-

158 4361 391 4415 ritatis:
427 4359 527 4430 qui
560 4365 618 4413 et
647 4359 863 4413 absens
896 4357 1133 4428 scripsit
1161 4356 1322 4410 vobis
1371 4357 1685 4427 epistolas;
1732 4359 1807 4414 ad

157 4467 305 4520 quas
337 4448 762 4517 detlectamini,
788 4453 853 4501 ut
871 4446 1111 4517 possitis
1144 4445 1422 4500 aediﬁcari
1449 4447 1510 4500 in
1536 4447 1649 4501 ﬁde
1673 4464 1804 4517 qua)

158 4540 294 4595 data
325 4545 416 4594 est
442 4539 628 4605 vobis,
664 4553 794 4608 qua:
829 4543 918 4592 est
951 4541 1139 4591 mater
1194 4536 1462 4590 omnium
1511 4542 1798 4603 nostrum,

1931 3382 2218 3439 abstineri
2251 3389 2483 3455 oportet
2513 3383 2584 3439 ab
2618 3382 2892 3438 omnibus
2923 3381 3032 3436 his.
3068 3378 3327 3450 Subjecti
3387 3379 3576 3432 estote

1929 3475 2291 3545 presbyteris
2320 3480 2379 3529 et
2403 3474 2845 3541 diaconis,sicut
2869 3472 2985 3526 Deo
3019 3475 3076 3524 et
3101 3468 3352 3523 Christo.
3387 3465 3576 3537 Virgi-

1927 3578 2053 3629 nes,
2083 3563 2465 3619 immaculata
2496 3569 2554 3618 et
2583 3567 2745 3618 casta
2770 3558 3132 3616 conscientia
3171 3555 3487 3612 ambulate.

1998 3653 2086 3708 VI.
2120 3652 2455 3725 Presbyteri
2488 3652 2786 3723 simplices
2817 3651 2957 3715 sint,
2989 3648 3051 3702 in
3082 3645 3358 3702 omnibus
3385 3644 3566 3699 mise—

1923 3741 2205 3808 ricordes,
2229 3759 2438 3797 omnes
2459 3741 2530 3795 ab
2552 3757 2749 3795 errore
2771 3743 3200 3801 convertentes,
3234 3750 3440 3789 omnes
3471 3734 3570 3786 in-

1923 3830 2126 3885 ﬁrmos
2154 3831 2477 3897 visitantes,
2504 3829 2708 3884 viduas
2765 3833 2822 3883 et
2869 3826 3127 3898 pupillos
3176 3828 3233 3877 et
3272 3839 3561 3895 pauperes

1915 3935 2037 3973 non
2059 3920 2449 3992 negligentes;
2474 3917 2577 3973 sed
2595 3933 2868 3988 sempem
2891 3914 3265 3986 providentes
3287 3913 3442 3966 bona
3461 3928 3561 3965 co-

1914 4025 2042 4062 ram
2074 4010 2189 4063 Deo
2223 4013 2279 4062 et
2309 4007 2650 4062 hominibus
2679 4005 2746 4060 ν.
2776 4027 2803 4056 ››
2837 4004 3142 4060 Abstinete
3173 4018 3272 4054 vos
3302 4001 3375 4054 ab
3396 4000 3557 4054 omni

1916 4097 2244 4166 iracundia,
2276 4115 2308 4152 a
2330 4096 2557 4168 judicio
2590 4096 2835 4166 injusto,
2869 4095 3036 4164 longe
3071 4091 3143 4146 ab
3175 4090 3335 4144 omni
3366 4088 3556 4144 avari-

1916 4187 1996 4242 tia
2013 4192 2196 4242 estote
2229 4204 2240 4240 :
2268 4204 2388 4241 non
2413 4186 2527 4240 cito
2556 4184 2944 4240 consentiatis
2967 4181 3243 4236 adversus
3274 4178 3556 4249 aliquem,

1915 4293 1989 4331 ne
2016 4275 2482 4349 praevaricemini
2510 4275 2569 4329 in
2591 4274 2818 4346 judicio
2843 4291 2857 4340 ;
2891 4273 3145 4327 scientes
3169 4269 3308 4341 quia
3335 4267 3558 4322 debito-

1913 4380 2008 4418 res
2039 4380 2242 4418 sumus
2274 4363 2519 4434 peccati.
2553 4363 2609 4416 Si
2643 4377 2778 4433 ergo
2801 4361 3191 4431 deprecamur
3212 4357 3552 4423 Dominum,

1913 4457 1976 4508 ut
2008 4453 2178 4508 nobis
2209 4453 2503 4518 dimittat;
2539 4451 2822 4507 debemus
2845 4451 3023 4505 etiam
3049 4444 3551 4504 nosdimittere".

1910 4546 2062 4598 Ante
2085 4547 2465 4613 conspectum
2489 4541 2649 4596 enim
2664 4540 2969 4596 oculorum
2992 4539 3226 4593 Domini
3242 4552 3474 4602 sumus;
3500 4539 3559 4589 et

161 4631 560 4700 subsequente
581 4646 704 4701 spe,
726 4627 1099 4700 praecedente
1123 4625 1460 4696 dilectione,
1489 4644 1618 4697 quae
1638 4632 1726 4682 est
1746 4628 1807 4682 in
1838 4628 1886 4692 ι)
1918 4653 1945 4681 ‹‹
1981 4649 2187 4687 omnes
2220 4637 2452 4704 oportet
2481 4637 2672 4687 astare
2703 4636 2837 4685 ante
2892 4627 3155 4684 tribunal
3203 4625 3439 4691 Christi,
3496 4628 3554 4678 et

160 4723 300 4787 Deo,
335 4726 393 4774 et
423 4720 484 4774 in
517 4719 768 4787 Christo,
803 4723 861 4772 et
907 4719 968 4771 in
1013 4717 1303 4789 proximo.
1357 4717 1412 4771 Si
1463 4718 1622 4772 enim
1672 4717 1802 4788 quis

161 4809 376 4864 horum
411 4808 772 4862 intrinsecus
804 4805 1065 4877 repletus
1096 4805 1275 4860 fuerit
1305 4805 1601 4861 mandatis
1623 4806 1804 4878 justi-

159 4899 279 4967 tia),
314 4902 372 4951 et
397 4896 672 4952 habuerit
717 4894 1120 4964 dilectionem,
1163 4893 1333 4966 longe
1388 4900 1478 4949 est
1521 4895 1592 4950 ab
1641 4895 1802 4950 omni

154 4993 419 5059 peccato.

224 5077 314 5129 IV.
351 5073 717 5145 Principium
776 5077 976 5129 autem
1035 5072 1306 5128 omnium
1364 5073 1658 5130 malorum
1716 5081 1804 5132 est

157 5164 422 5220 avaritia.
457 5163 673 5218 Scitote
717 5178 876 5234 ergo,
938 5161 1077 5232 quia
1128 5183 1157 5212 «
1189 5162 1341 5216 nihil
1388 5163 1699 5220 intulimus
1738 5167 1801 5222 in

155 5257 316 5310 hunc
334 5253 846 5323 mundum,neque
865 5252 1097 5306 auferre
1111 5268 1428 5321 possumus
1445 5251 1510 5305 ‘7.
1533 5276 1560 5301 η
1592 5257 1800 5311 Arme-

156 5363 294 5402 mur
309 5343 787 5416 armisjustitiaa;
814 5347 872 5398 et
901 5341 1220 5398 doceamus
1251 5342 1648 5414 nosmetipsos
1677 5343 1801 5415 pri-

221 5471 269 5504 54
301 5476 426 5525 Act.
456 5487 515 5537 ιι,
548 5472 636 5526 24.
714 5469 760 5503 ⁸⁵
791 5469 810 5524 l
842 5470 996 5524 Petr.
1031 5484 1068 5536 1,
1102 5469 1152 5522 8.
1257 5467 1304 5503 ⁵⁸
1334 5468 1545 5538 Ephes.
1581 5485 1644 5537 ιι,
1674 5471 1728 5536 8,
1760 5474 1812 5526 9.

1916 4737 2402 4793 unumquemque
2433 4739 2539 4793 pro
2571 4737 2633 4776 se
2675 4721 2966 4775 rationem
3023 4716 3272 4772 reddere
3301 4715 3365 4769 ⁷⁸.
3400 4735 3430 4763 ››
3463 4713 3556 4768 Sic

1915 4826 2051 4882 ergo
2071 4812 2392 4867 serviamus
2420 4811 2471 4865 ei
2498 4827 2633 4868 cum
2656 4809 2888 4877 timore,
2917 4812 2976 4863 et
2997 4805 3159 4862 omni
3183 4801 3514 4858 reverentia
3537 4817 3551 4870 ;

1915 4900 2242 4956 secundum
2274 4900 2431 4970 quod
2489 4899 3030 4973 evangelizaverunt
3076 4894 3249 4949 nobis
3302 4887 3555 4962 apostoli

1912 4989 2168 5060 Domini,
2213 4995 2269 5043 et
2325 4989 2628 5060 prophetaa
2678 4987 3181 5043 annuntiaverunt
3235 4981 3554 5037 adventum

1913 5079 2145 5132 Domini
2176 5079 2364 5133 nostri
2393 5079 2530 5133 Jesu
2559 5077 2774 5132 Christi
2804 5093 2817 5131 :
2851 5076 3108 5132 zelantes
3146 5073 3338 5137 bona;
3371 5067 3555 5124 absti-

1911 5173 2124 5222 nentes
2153 5184 2189 5222 a
2217 5166 2532 5232 scandulis,
2561 5172 2620 5220 et
2673 5166 2841 5221 falsis
2886 5163 3185 5229 fratribus,
3240 5165 3298 5216 et
3340 5158 3440 5230 qui
3489 5157 3553 5212 in

1911 5257 2271 5329 hypocrisim
2300 5261 2537 5329 portant
2566 5272 2788 5311 nomen
2816 5253 3072 5323 Domini,
3124 5252 3225 5324 qui
3278 5249 3556 5306 aberrare

1909 5345 2136 5402 faciunt
2164 5339 2371 5402 inanes
2395 5345 2702 5401 homines.

1916 5473 1958 5515 ⁸⁷
1990 5475 2012 5528 Ι
2043 5475 2198 5529 Petr.
2233 5493 2269 5543 ι,
2313 5477 2397 5530 13.
2500 5472 2548 5509 ⁸⁸
2577 5472 2727 5543 Psal.
2759 5489 2824 5538 ιι,
2861 5476 2946 5528 11.
3049 5471 3096 5506 ⁵⁸
3123 5465 3550 5543 f._multorum.

147 5543 195 5576 δυ
232 5546 247 5598 ι
281 5545 433 5597 Petr.
469 5559 505 5606 ι,
539 5545 625 5595 21.
703 5542 746 5576 ⁶¹
778 5540 1032 5610 Philipp.
1059 5556 1116 5605 η,
1154 5540 1238 5594 10.
1282 5537 1477 5612 κέναι.
1499 5540 1574 5594 ad
1603 5543 1688 5595 vel
1716 5544 1778 5598 in
1807 5561 1810 5567 '

1936 5562 2007 5600 m.
2086 5545 2132 5580 ⁸³
2162 5548 2185 5599 I
2217 5537 2370 5600 P'etr.
2403 5563 2484 5612 ιιι,
2515 5549 2568 5600 9.
2644 5542 2692 5576 ⁶⁴
2723 5537 2922 5612 Matth.
2954 5559 3050 5612 vn,
3085 5537 3155 5607 1’;
3189 5541 3323 5612 Luc.
3355 5554 3426 5605 v1,
3459 5537 3550 5612 31!.

150 5614 198 5647 6⁵
231 5615 428 5669 Matth.
465 5631 516 5680 v,
545 5615 595 5682 3,
630 5615 731 5679 10;
767 5612 899 5667 Luc.
938 5608 1022 5678 'vi,
1072 5614 1158 5683 20.
1210 5678 1219 5683 _
1275 5611 1319 5646 ⁸⁸
1364 5613 1409 5679 f-
1466 5611 1810 5682 impetram-

1936 5617 1962 5650 ιτ
2007 5617 2030 5668 Ι
2077 5617 2211 5672 Tim.
2257 5633 2338 5683 vn,
2387 5608 2481 5671 7f
2554 5614 2603 5650 ⁸⁸
2650 5609 2988 5682 διαϐολικῆς.
3036 5608 3046 5612 ⁷
3105 5614 3151 5648 ⁶⁰
3199 5611 3320 5667 Gal.
3372 5626 3446 5676 v1,
3495 5608 3550 5661 7.

153 5685 199 5720 7°
229 5687 302 5740 al.
335 5687 476 5759 huic
504 5678 555 5759 si
583 5678 915 5759 placemus:
989 5678 1304 5759 7LiIvotac.
1366 5678 1427 5715 7"
1459 5678 1656 5759 l_Pe_tr.
1691 5702 1746 5755 ιι,
1775 5686 1805 5759 1

1972 5685 2019 5720 73
2049 5689 2072 5740 Ι
2102 5693 2233 5744 Cor.
2265 5678 2337 5759 vx,
2369 5691 2420 5742 9.
2461 5691 2545 5742 10.
2641 5687 2688 5722 ’¹⁴
2718 5687 2767 5742 ll
2797 5678 3078 5754 Con-vnn,
3110 5685 3173 5739 21
3202 5700 3217 5754 ;
3250 5686 3419 5741 Rom.
3453 5694 3553 5752 xu,

155 5759 244 5817 17.
323 5757 369 5793 ⁷⁵
395 5751 610 5816 Matth."
632 5771 703 5827 v1,
738 5756 826 5824 12,
858 5755 946 5813 14.
1019 5751 1067 5790 ⁷⁸
1097 5751 1267 5814 Rom.
1298 5770 1419 5835 xiv,
1451 5754 1537 5825 10,
1572 5754 1640 5815 12
1669 5751 1798 5817 θίἸΙ

1936 5778 1958 5817 λ.
1988 5773 2045 5829 v,
2079 5761 2166 5817 10.
2322 5751 2333 5759 ’
2621 5829 2628 5835 ῃ
2877 5825 2885 5835 ,
3064 5751 3072 5754 ’
3203 5751 3211 5754 ⁷
