3956 6308
397 341 553 402 1019

1596 337 1660 400 S.
1707 336 2154 402 POLYCARPI
2203 342 2252 401 Μ
2266 344 2306 400 Α
2322 342 2610 405 RTYRIS

3672 338 3704 396 1
3715 338 3836 400 020

471 477 588 530 VII.
620 495 643 525 α
668 476 874 532 Omnts
900 473 1060 530 enim
1083 473 1180 544 qui
1197 488 1314 528 non
1337 473 1868 528 conﬁteturlesum
1893 473 2057 529 Chri-
2083 479 2129 545 Α
2167 481 2233 530 ut
2257 476 2605 534 abstineatis
2637 477 2710 533 ab
2740 477 3004 543 avaritia,
3039 481 3098 530 et
3126 475 3254 530 sitis
3285 473 3427 530 casti
3463 477 3524 527 et
3552 488 3831 528 veraces.

398 569 556 619 stum
578 564 638 618 in
671 580 846 619 carne
878 564 1129 628 venisse,
1163 561 1258 616 hic
1289 561 1686 616 Antichristus
1713 567 1804 616 est
1825 560 1904 629 77;
1950 585 1962 609 ι
1993 568 2052 617 et

397 653 498 724 qui
536 670 652 708 non
685 653 1000 708 confitetur
1045 651 1390 722 martyrium
1443 651 1653 717 crucis,
1706 668 1776 706 ex
1811 651 2050 706 diabolo

396 750 520 810 est;
556 749 612 798 et
645 745 743 814 qui
778 742 1091 797 deviaverit
1125 742 1362 812 eloquia
1408 741 1642 796 Domini
1689 740 1762 796 ad
1813 742 2053 813 propria

396 833 713 896 desideria,
747 839 805 888 et
834 833 1048 887 dixerit
1077 848 1268 902 neque
1299 833 1823 900 resurrectionem,
1856 850 2049 904 neque

390 918 685 990 judicium
717 937 846 974 esse
873 939 885 987 ;
922 919 1017 974 hic
1047 919 1478 990 primogenitus
1506 926 1595 974 est
1624 920 1874 976 Satanae.
1911 922 2050 974 Pro-

396 1014 530 1080 pter
550 1010 706 1080 quod
730 1009 1136 1080 relinquentes
1161 1009 1480 1064 vanitatem
1497 1009 1840 1077 multorum,
1862 1014 1918 1064 et
1937 1009 2046 1064 fal-

399 1114 494 1153 sas
525 1099 845 1162 doctrinas,
881 1098 953 1153 ad
982 1097 1130 1152 illud
1163 1097 1321 1169 quod
1353 1099 1638 1154 traditum
1673 1103 1760 1153 est
1811 1098 1985 1152 nobis
2017 1114 2051 1153 a

398 1189 691 1259 principio
712 1189 953 1242 verbum
981 1188 1569 1244 revertamur.Sobrii
1597 1189 1780 1243 simus
1821 1189 1883 1242 in
1917 1204 2051 1242 ora-

393 1277 662 1332 tionibus
691 1276 759 1345 78,
777 1277 1010 1348 jejunia
1042 1277 1360 1333 tolerantes
1385 1294 1398 1343 ;
1428 1284 1486 1332 et
1517 1277 2050 1349 supplicationibus

395 1375 667 1442 petentes
690 1371 958 1425 omnium
983 1376 1421 1442 perspectorem
1436 1372 1775 1439 Dominum,
1796 1393 1822 1420 «ι
1843 1387 1918 1425 ne
1940 1386 2050 1424 nos

397 1458 642 1514 inducat
671 1459 733 1513 in
768 1460 1155 1514 tentationem
1188 1458 1271 1526 7';
1307 1481 1334 1508 ιι
1367 1460 1695 1516 secundum
1724 1460 1882 1531 quod
1904 1459 2052 1514 dixit

397 1548 687 1603 Dominus
717 1565 728 1602 :
763 1573 789 1599 «
825 1549 1075 1619 Spiritus
1105 1550 1345 1620 quidem
1395 1556 1704 1622 promptus
1755 1556 1862 1618 est,
1915 1566 2049 1605 caro

400 1642 598 1691 autem
631 1638 870 1693 infirma
897 1639 958 1690 ⁸ο.
1006 1661 1033 1688 ››

471 1727 611 1782 VIII.
648 1726 1066 1782 Indeﬁcienter
1096 1744 1232 1800 ergo
1268 1727 1588 1783 toleramus
1611 1733 1853 1800 propter
1884 1743 2051 1800 spem

398 1822 661 1872 nostram
696 1823 754 1872 et
783 1818 993 1890 pignus
1025 1817 1297 1888 justitize,
1333 1818 1490 1888 quod
1521 1824 1610 1872 est
1665 1819 1833 1873 Jesus
1881 1818 2048 1872 Chri-

396 1911 522 1960 stus
549 1923 561 1973 ;
599 1927 625 1955 ‹‹
661 1907 761 1976 qui
796 1906 1038 1961 sustulit
1066 1914 1306 1978 peccata
1334 1913 1539 1962 nostra
1570 1909 1629 1962 in
1661 1924 1910 1979 corpore
1945 1923 2049 1962 suo

395 1995 818 2068 superlignum
846 2013 858 2061 ;
885 1997 982 2065 qui
1013 2003 1320 2066 peccatum
1345 2013 1463 2051 non
1488 1997 2053 2064 fecit,necinventus

399 2091 491 2138 est
522 2084 693 2139 dolus
727 2085 784 2138 in
826 2100 925 2139 ore
957 2085 1086 2155 ejus
1115 2085 1182 2151 ει,
1218 2106 1244 2134 ››
1280 2085 1382 2139 sed
1415 2091 1656 2157 propter
1687 2102 1794 2140 nos
1855 2086 2056 2140 omnia

405 2174 706 2240 sustiuuit,
741 2178 808 2227 ut
836 2173 1099 2228 vivamus
1129 2175 1190 2228 in
1223 2175 1370 2245 ipso.
1409 2176 1740 2230 lmitatores
1762 2192 1898 2248 ergo
1927 2175 2054 2230 effi-

407 2263 634 2318 ciamur
663 2263 993 2318 tolerantiae
1024 2264 1151 2334 ejus
1181 2281 1193 2317 :
1229 2269 1306 2332 et,
1340 2264 1386 2318 si
1430 2265 1588 2335 passi
1631 2264 1919 2320 fuerimus
1950 2283 2054 2336 pro

406 2354 647 2408 nomine
681 2354 828 2423 ejus,
853 2354 1252 2425 gloriﬁcemus
1281 2355 1567 2410 eum.lloc
1588 2355 1748 2410 enim
1770 2355 1941 2410 nobis
1964 2356 2053 2410 in-

405 2441 625 2496 dicium
659 2443 859 2513 posuit
896 2441 968 2496 de
1002 2443 1234 2514 seipso;
1280 2448 1337 2498 et
1370 2460 1476 2498 nos
1509 2445 1619 2499 hoc
1669 2444 2053 2502 credidimus.

475 2531 572 2584 lX.
609 2532 766 2601 Rogo
799 2531 978 2603 igitur
1006 2547 1106 2585 vos
1138 2548 1344 2586 omnes
1375 2533 1651 2588 insistere
1683 2533 2058 2605 verbojusti-

405 2619 502 2674 tiae
535 2623 594 2674 et
622 2619 944 2691 patientius,
980 2637 1158 2690 quam
1191 2627 1248 2675 et
1273 2621 1508 2678 oculata
1542 2623 1655 2677 fide
1679 2622 2054 2692 vidistis,non

403 2708 596 2764 solum
619 2710 679 2762 in
708 2708 1071 2764 beatissimis
1093 2710 1214 2764 illis
1235 2712 1458 2783 Ignatio
1483 2717 1540 2765 et
1562 2713 1787 2766 Zozimo
1804 2718 1861 2766 et
1882 2712 2055 2777 Rufo,

406 2798 507 2852 sed
532 2804 591 2852 et
615 2798 674 2852 in
703 2798 837 2853 aliis
864 2799 964 2870 qui
988 2816 1059 2854 ex
1076 2799 1239 2854 vobis
1276 2807 1434 2868 sunt,
1462 2806 1519 2855 et
1540 2801 1599 2855 in
1623 2803 1751 2874 ipso
1774 2801 1974 2868 Paulo,
2002 2807 2060 2855 et

408 2889 636 2942 caeteris
657 2888 974 2958 apostolis:
995 2888 1361 2943 confidentes
1383 2889 1522 2960 quia
1547 2889 1605 2944 hi
1631 2906 1835 2944 omnes
1855 2906 1971 2944 non
1996 2890 2057 2943 in

407 2993 653 3032 vacuum
686 2983 1078 3032 cucurrerunt
1106 2976 1174 3046 ⁸³,
1197 2977 1300 3032 sed
1319 2979 1376 3032 in
1403 2977 1519 3033 fide
1541 2979 1880 3050 etjustitia;
1907 2985 1965 3034 et
1984 2977 2058 3033 ad

406 3065 672 3120 debitum
706 3067 815 3122 sibi
845 3067 1039 3122 locum
1083 3083 1116 3121 a
1144 3067 1190 3101 ⁸³
1221 3068 1488 3129 Domino,
1522 3068 1616 3121 cui
1649 3074 1705 3122 et
1763 3067 2056 3140 compassi

405 3163 561 3218 sunt,
598 3156 875 3211 abierunt
900 3175 913 3222 ;
941 3157 1080 3226 quia
1109 3173 1229 3210 non
1254 3156 1363 3210 hoc
1385 3157 1669 3212 saaculum
1696 3156 2052 3222 dilexerunt,

2161 589 2187 616 ε(
2212 567 2517 624 Abstinete
2539 587 2639 624 vos
2661 569 2732 625 ab
2752 568 2914 623 omni
2938 567 3093 623 malo
3113 565 3179 622 ⁸⁸.
3207 588 3234 615 ››
3255 565 3363 630 Qui
3397 569 3601 620 autem
3643 563 3710 616 in
3739 563 3834 616 his

2161 673 2281 712 non
2304 664 2498 729 potest
2519 676 2579 714 se
2602 658 2952 731 gubernare,
2987 674 3102 729 quo
3136 656 3308 711 modo
3333 655 3430 709 alii
3460 653 3835 726 pronuntiat

2161 746 2273 802 hoc
2294 749 2321 802 ‘2
2338 748 2393 802 Si
2418 750 2551 820 quis
2573 765 2692 804 non
2719 748 3074 804 abstinuerit
3104 763 3164 802 se
3189 745 3261 802 ab
3280 745 3549 810 avaritia,
3581 742 3661 798 ab
3699 741 3835 796 ido-

2160 835 2399 892 lolatria
2430 838 2915 910 coinquinabitur
2943 837 3010 906 9°,
3044 842 3102 892 et
3123 843 3407 908 tanquam
3429 835 3589 889 inter
3609 839 3834 906 gentes

2152 926 2540 1000 judicabitur.
2575 928 2683 993 Qui
2715 933 2911 984 autem
2944 929 3219 1000 ignorant
3264 927 3307 962 ἰ
3351 924 3660 998 judicium
3715 923 3832 978 Do-

2160 1018 2357 1074 mini?
2382 1045 2405 1068 ‹‹
2432 1022 2522 1074 An
2541 1021 2866 1089 nescimus,
2899 1020 2998 1091 qui
3032 1018 3220 1074 sancti
3251 1017 3542 1073 mundum
3579 1015 3832 1086 judica-

2161 1107 2309 1163 bunt
2325 1108 2416 1164 9"?
2442 1132 2466 1158 ››
2492 1111 2644 1166 sicut
2675 1110 2892 1166 Paulus
2925 1109 3114 1165 docet.
3149 1111 3265 1182 Ego
3297 1113 3491 1163 autem
3523 1106 3687 1160 nihil
3713 1107 3830 1160 tale

2162 1197 2321 1252 sensi
2345 1197 2403 1251 in
2421 1195 2708 1267 vobis,vel
2739 1196 2957 1266 audivi,
2983 1197 3042 1252 in
3068 1196 3281 1268 quibus
3305 1193 3829 1250 laboravitbeatus

2161 1286 2398 1356 Paulus,
2433 1288 2532 1358 qui
2565 1289 2708 1343 estis
2739 1288 2801 1342 in
2832 1287 3123 1360 principio
3176 1283 3438 1357 epistola:
3472 1285 3604 1356 ejus
3637 1281 3709 1340 9'.
3747 1284 3829 1336 De

2158 1375 2324 1432 vobis
2357 1378 2577 1434 etenim
2609 1377 2896 1451 gloriatur
2927 1378 2986 1433 in
3014 1376 3288 1432 omnibus
3348 1373 3653 1439 Ecclesiis,
3693 1390 3830 1444 qua

2159 1465 2345 1521 Deum
2377 1466 2516 1523 sola:
2547 1473 2691 1522 tunc
2711 1469 3106 1538 cognoverant
3133 1482 3146 1531 ;
3181 1480 3290 1519 nos
3311 1468 3508 1518 autem
3542 1460 3830 1516 nondum

2159 1571 2512 1611 noveramus
2543 1557 2640 1628 (6).
2676 1555 2849 1611 Valde
2882 1571 3039 1628 ergo,
3071 1554 3304 1616 fratres,
3330 1551 3658 1606 contristor
3715 1567 3829 1621 pro

2159 1643 2263 1699 illo
2288 1651 2344 1699 et
2359 1663 2464 1717 pro
2482 1645 2736 1718 conjuge
2769 1644 3145 1716 ejus,quibus
3177 1642 3276 1697 det
3295 1641 3582 1697 Dominus
3615 1639 3827 1710 paeni-

2159 1735 2409 1788 tentiam
2439 1750 2637 1788 veram
2669 1734 2732 1787 “.
2763 1733 2952 1788 Sobrii
2983 1748 3120 1801 ergo
3153 1735 3338 1785 estote
3369 1735 3428 1784 et
3449 1746 3552 1784 vos
3584 1729 3652 1782 in
3684 1728 3826 1793 hoc,

2161 1828 2217 1876 et
2247 1840 2365 1878 non
2399 1823 2550 1878 sicut
2581 1823 2852 1878 inimicos
2899 1822 3047 1878 tales
3089 1820 3458 1888 existimetis,
3507 1817 3611 1874 sed
3668 1818 3828 1872 sicut

2157 1911 2466 1982 passibilia
2489 1911 2758 1967 membra
2779 1917 2836 1966 et
2859 1911 3118 1965 errantia
3139 1926 3239 1966 eos
3259 1913 3551 1974 revocate,
3585 1912 3654 1962 ut
3687 1923 3820 1961 om-

2155 2001 2322 2056 nium
2350 2007 2607 2057 vestrum
2639 2017 2850 2072 corpus
2882 1999 3139 2055 salvetis.
3171 1999 3289 2054 Hoc
3331 1997 3490 2052 enim
3546 2001 3824 2068 agentes,

2155 2108 2256 2147 vos
2287 2092 2446 2165 ipsos
2477 2092 2806 2148 aedilicatis.

2228 2183 2346 2236 XII.
2379 2181 2619 2237 Confido
2651 2184 2812 2238 enim
2843 2199 2939 2237 vos
2974 2181 3124 2236 bene
3157 2179 3517 2234 exercitatos
3573 2193 3712 2232 esse
3766 2176 3824 2230 in

2161 2271 2342 2325 sacris
2374 2271 2610 2338 litteris,
2647 2277 2702 2325 et
2731 2271 2879 2326 nihil
2915 2288 3015 2325 vos
3047 2269 3227 2336 latet,
3264 2267 3406 2322 mihi
3457 2271 3665 2320 autem
3699 2282 3818 2320 non

2159 2365 2248 2414 est
2279 2377 2626 2415 concessum
2650 2359 2845 2416 modo.
2872 2362 2942 2415 Ut
2962 2360 3056 2414 his
3079 2356 3396 2429 Scripturis
3421 2355 3648 2411 dictum
3687 2360 3778 2409 est
3812 2370 3823 2406 :

2159 2471 2186 2496 «ε
2219 2448 2575 2519 Irascimini,
2609 2454 2668 2504 et
2693 2448 2877 2503 nolite
2911 2463 3154 2520 peccare
3186 2444 3252 2500 θ’.
3289 2468 3316 2494 υ
3350 2447 3456 2510 Et;
3499 2467 3528 2493 ‹‹
3569 2443 3672 2499 Sol
3705 2459 3824 2497 non

2161 2537 2392 2593 occidat
2449 2555 2628 2610 super
2673 2537 3042 2593 iracundiam
3101 2540 3356 2591 vestram
3415 2533 3480 2588 ’°.
3523 2557 3542 2580 ι
3611 2533 3827 2588 Beatus

2162 2629 2262 2698 qui
2290 2627 2631 2682 meminerit
2659 2626 2726 2695 97,
2757 2627 2915 2698 quod
2950 2643 3054 2699 ego
3113 2623 3289 2681 credo
3341 2640 3468 2679 esse
3521 2623 3584 2677 in
3637 2623 3823 2676 vobis.

2162 2719 2315 2774 Deus
2344 2725 2540 2774 autem
2577 2724 2632 2774 et
2660 2720 2836 2774 Pater
2863 2717 3097 2772 Domini
3134 2715 3320 2771 nostri
3342 2717 3482 2770 Jesu
3517 2713 3824 2780 Christi,et

2161 2808 2287 2880 ipse
2320 2809 2721 2880 sempiternus
2744 2807 3035 2872 Pontifex,
3063 2807 3158 2862 Dei
3189 2805 3392 2868 Filius,
3418 2803 3696 2858 Christus
3725 2804 3819 2858 Je-

2162 2914 2280 2964 sus,
2317 2897 2572 2952 aediﬁcet
2593 2914 2692 2951 vos
2716 2897 2775 2951 in
2799 2896 2912 2951 ﬁde
2937 2900 2995 2951 et
3015 2897 3278 2962 veritate,
3305 2899 3362 2947 et
3382 2893 3442 2947 in
3469 2892 3638 2946 omni
3658 2909 3822 2946 man-

2161 2985 2499 3050 suetudine,
2533 2991 2592 3040 et
2613 2986 2740 3040 sine
2762 2984 3090 3047 iracundia,
3126 2989 3183 3038 et
3207 2983 3266 3036 in
3287 2981 3573 3053 patientia
3602 2987 3664 3036 et
3694 2980 3821 3034 lon-

2160 3075 2506 3148 ganimitate
2534 3081 2590 3130 et
2623 3074 2939 3129 tolerantia
2972 3079 3030 3128 et
3060 3072 3369 3138 castitate;
3401 3076 3458 3124 et
3499 3070 3599 3124 det
3661 3069 3821 3124 vobis

2169 3168 2387 3218 sortem
2408 3169 2468 3219 et
2486 3169 2716 3236 partem
2745 3163 2903 3217 inter
2924 3167 3160 3217 sanctos
3183 3166 3411 3225 suos,et
3431 3158 3604 3212 nobis
3628 3157 3823 3212 vobis-

405 3245 508 3299 sed
541 3262 674 3300 eum
708 3247 808 3316 qui
836 3262 941 3316 pro
969 3246 1114 3316 ipsis
1148 3252 1205 3300 et
1235 3262 1342 3316 pro
1374 3245 1547 3301 nobis
1565 3252 1835 3302 mortuus
1852 3252 1956 3313 est,
1996 3253 2054 3301 et
2093 3223 2136 3289 Ο
2165 3269 2321 3322 cum,
2356 3259 2414 3307 et
2444 3223 2722 3308 omnibus
2754 3253 2855 3322 qui
2889 3257 3027 3307 sunt
3057 3250 3164 3305 sub
3199 3249 3365 3314 coelo,
3401 3248 3499 3319 qui
3533 3247 3819 3302 credituri

405 3350 438 3387 a
474 3334 586 3387 Deo
619 3335 1026 3388 resuscitatus.

481 3424 544 3478 Χ.
581 3423 644 3476 Ιιι
679 3423 772 3478 his
804 3439 940 3494 ergo
971 3427 1143 3485 state,
1177 3428 1234 3477 et
1267 3424 1497 3478 Domini
1530 3425 1832 3497 exemplar
1857 3426 2057 3498 sequi-

407 3513 593 3579 mini;
629 3512 784 3566 ﬁrmi
817 3512 878 3566 in
911 3511 1026 3565 ﬁde
1080 3517 1137 3566 et
1185 3513 1612 3582 immutabiles,
1667 3515 2055 3570 fraternitatis

408 3608 724 3667 amatores,
757 3602 1067 3669 diligentes
1095 3602 1368 3672 invicem,
1420 3603 1480 3658 in
1535 3605 1778 3659 veritate
1826 3605 2053 3660 sociati,

401 3691 926 3746 ’inansuetudinem
941 3691 1172 3747 Domini
1196 3693 1465 3748 alterutri
1492 3700 1840 3765 praestantes
1856 3695 2058 3760 “,nul-

409 3781 533 3834 lum
565 3780 981 3852 despicientes.
1016 3784 1159 3836 Cum
1193 3783 1442 3854 potestis
1468 3774 1840 3849 benefacere,
1869 3784 2054 3839 nolite

410 3871 648 3926 differre
677 3889 690 3926 :
723 3873 864 3943 quia
897 3892 920 3921 α
959 3872 1334 3944 eleemosyna
1368 3873 1440 3928 de
1472 3879 1661 3929 morte
1693 3873 1906 3928 liberat
1933 3872 1998 3928 ⁸⁵.
2026 3897 2054 3924 ››

411 3962 626 4016 Omnes
656 3961 818 4016 vobis
849 3960 1100 4015 invicem
1129 3962 1379 4033 subjecti
1413 3969 1599 4018 estote
1626 3981 1639 4031 ;
1693 3986 1719 4012 «
1746 3980 2058 4019 conversa-

408 4051 634 4107 tionem
669 4056 921 4107 vestram
963 4051 1553 4124 irreprehensibilem
1603 4052 1888 4108 habentes
1919 4053 1965 4088 ⁸⁸
1997 4055 2057 4109 in

413 4141 690 4212 gentibus
720 4141 800 4207 '7;
851 4164 868 4188 ι
907 4145 972 4195 ut
1002 4157 1072 4195 ex
1101 4139 1272 4194 bonis
1306 4141 1584 4211 operibus
1616 4143 1822 4196 vestris
1854 4147 1911 4196 et
1958 4161 2058 4198 vos

409 4228 647 4284 laudem
679 4229 1068 4300 accipiatis,et
1087 4230 1372 4284 Dominus
1397 4230 1456 4284 in
1478 4230 1638 4284 vobis
1660 4247 1779 4284 non
1795 4230 2060 4302 blasphe-

409 4324 622 4372 metur.
660 4341 686 4366 ‹‹
725 4320 819 4372 Vm
851 4325 1047 4373 autem
1082 4317 1191 4384 illi,
1226 4335 1334 4389 per
1363 4335 1540 4389 quem
1575 4336 1792 4374 nomen
1825 4320 2058 4375 Domini

409 4405 856 4477 blasphematur
882 4406 950 4462 ⁸⁸.
977 4429 1004 4457 ››
1026 4407 1416 4462 Sobrietatem
1441 4424 1577 4479 ergo
1608 4407 1813 4463 docete
1829 4425 2056 4479 omnes,

409 4495 472 4550 in
506 4511 623 4565 qua
655 4501 711 4548 et
740 4512 839 4550 vos
871 4496 1324 4550 conversamini.

484 4585 579 4645 XI,
608 4584 793 4638 Nimis
817 4584 1194 4639 contristatus
1215 4601 1346 4638 sum
1375 4601 1480 4655 pro
1506 4584 1770 4650 Valente,
1797 4585 1894 4655 qui
1929 4602 2058 4656 pre-
2091 4586 2137 4651 Β

413 4673 612 4746 sbyter
645 4673 830 4728 factus
861 4679 952 4726 est
1007 4671 1325 4743 aliquando
1381 4673 1536 4744 apud
1584 4689 1722 4740 vos;
1771 4673 1928 4744 quod
1975 4675 2059 4729 sic

411 4761 643 4835 ignoret
663 4762 712 4816 is
735 4762 929 4817 locum
953 4762 1053 4832 qui
1081 4761 1252 4816 datus
1275 4766 1366 4815 est
1387 4761 1459 4816 ei.
1494 4763 1699 4816 Moneo
1726 4762 1926 4833 itaque
1957 4780 2057 4818 vos

486 4877 533 4912 ⁷⁷
573 4880 595 4932 Ι
625 4879 788 4935 Joan.
834 4895 902 4938 iv,
935 4879 986 4931 3.
1063 4875 1110 4912 ’⁷⁸
1135 4877 1157 4932 Ῑ
1187 4877 1343 4931 Petr.
1377 4895 1449 4944 ιγ,
1483 4882 1534 4932 '7.
1611 4878 1658 4912 7'
1686 4879 1884 4934 Matth.
1922 4897 1995 4948 γι,

486 4967 534 4985 .n
585 4967 622 4985 n
681 4953 744 4985 AA
839 4949 886 4985 ﬂ
919 4950 973 4985 η1
1027 4965 1156 4985 num
1281 4947 1413 4985 Βιηι
1469 4955 1893 4985 ητιωαοπηηιαο

2229 4879 2250 4913 °
2279 4879 2477 4985 Mattgi.
2511 4897 2663 4984 χξέι,
2686 4879 2791 4985 141.

1619 4955 1916 5005 ηθιιιθιιιθε.
2027 4951 2074 4985 ⁸⁵
2102 4951 2242 5005 Tob.
2275 4968 2378 5012 xu,
2411 4954 2462 5004 9.

1619 5022 1666 5056 ⁸⁸
1695 5023 1718 5075 l
1748 5023 1948 5076 Thess.
1986 5038 2036 5082 v,
2068 5023 2159 5076 22.
2271 5021 2318 5057 9°
2344 5022 2462 5082 Eph

410 4948 554 5022 lipp.
585 4967 644 5018 ιι,
681 4953 764 5004 16.
839 4949 886 4985 ⁸³
918 4950 992 5004 al.
1027 4965 1181 5004 cum.
1213 5021 1224 5022 ί
1271 4947 1330 5022 7⁸⁸
1357 4951 1432 5022 at.
1469 4955 1916 5020 praesentantes.

410 5020 596 5076 turlsa.
630 5040 725 5092 ιιι,
761 5025 831 5086 5;
868 5023 907 5075 l.
940 5022 1122 5092 lgnat.
1151 5021 1226 5075 ad
1258 5020 1430 5074 Trall.
1463 5023 1518 5075 8.

2164 3347 2303 3397 sunt
2333 3343 2392 3396 in
2424 3341 2741 3397 Dominum
2776 3346 3042 3397 nostrum
3075 3340 3276 3393 Iesum
3307 3337 3608 3392 Christum
3672 3343 3731 3390 et
3762 3337 3818 3389 in

2162 3429 2348 3500 ipsius
2375 3433 2629 3492 Patrem,
2656 3452 2685 3480 ‹‹
2711 3430 2810 3501 qui
2831 3427 3203 3485 resuscitavit
3226 3443 3356 3481 eum
3380 3443 3412 3480 a
3438 3425 3774 3480 mortuis”.
3794 3449 3817 3472 υ

2162 3519 2273 3574 Pro
2307 3519 2587 3574 omnibus
2617 3519 2839 3574 sanctis
2872 3523 3054 3574 orate.
3091 3516 3264 3572 Orate
3297 3515 3475 3570 etiam
3521 3531 3630 3585 pro
3665 3514 3818 3586 regi-

2162 3606 2272 3662 bus
2305 3614 2362 3662 et
2409 3609 2799 3679 potestatibus
2860 3613 2916 3662 et
2973 3604 3344 3678 principibus
3372 3602 3438 3669 ’9,
3473 3610 3656 3673 atque
3713 3620 3817 3674 pro

2162 3697 2655 3768 persequentibus
2678 3703 2736 3752 et
2765 3695 3104 3751 odientibus
3136 3711 3235 3747 vos
3274 3695 3314 3759 ¹,
3347 3697 3406 3746 et
3429 3709 3536 3763 pro
3557 3692 3819 3746 inimicis

2162 3786 2355 3840 crucis
2381 3801 2392 3851 ;
2414 3790 2478 3840 ut
2497 3785 2722 3840 fructus
2752 3790 2945 3840 vester
2963 3782 3314 3839 manifestus
3336 3782 3412 3836 sit.
3432 3781 3495 3836 in
3522 3780 3817 3849 omnibus,

2161 3879 2227 3930 ut
2258 3874 2386 3929 sitis
2417 3875 2477 3929 in
2509 3875 2612 3930 illo
2644 3874 2912 3947 perfecti.

2234 4052 2379 4106 XIII.
2415 4051 2744 4122 Scripsistis
2794 4051 2940 4106 mihi
3089 4049 3258 4122 Apud
3299 4045 3619 4122 Eusebium,
3673 4047 3812 4122 Hist.

2165 4129 2224 4177 et
2254 4139 2354 4198 vos
2384 4128 2449 4198 e_t_
2472 4118 2752 4198 [gnatius
2793 4129 2880 4198 ut_
2904 4122 2953 4177 si
3029 4118 3277 4198 eccl.m_.
3303 4121 3389 4198 3p.
3417 4149 3482 4198 -_-
3511 4118 3815 4198 navatae;

2167 4193 2301 4264 quis
2321 4188 2954 4264 vaditadSyriam,de-
3033 4211 3129 4261 μοι
3185 4189 3274 4264 τεαὶ
3328 4188 3484 4264 {ipsis
3529 4188 3622 4264 διᾴί
3655 4188 3817 4264 Hirti;

2165 4259 2315 4349 {erat
2342 4265 2568 4349 litteras
2597 4259 2781 4349 meas,
2806 4259 2954 4349 quas
3030 4259 3168 4330 mc,
3197 4260 3287 4349 ’ἕνα
3312 4259 3537 4349 ξάνντις
3567 4259 3813 4349 ἀπέρχη.

2166 4335 2361 4390 fecero
2393 4337 2465 4391 ad
2503 4354 2626 4405 vos,
2654 4338 2699 4390 si
2737 4331 2956 4390 habue-
3029 4354 3143 4405 ut_
3177 4331 3252 4405 εἷς
3310 4331 3531 4405 Συρίαν,
3565 4403 3574 4405 _
3609 4331 3816 4405 κςιιὶἪςδι

2165 4409 2351 4462 rimus
2383 4403 2619 4479 tempus
2665 4414 2945 4478 opportu-
3021 4403 3148 4477 παρ’
3173 4403 3814 4479 ὑμῶν-(Νιοβρξιοι-ιιε

2165 4495 2332 4541 num,
2367 4481 2485 4534 sive
2508 4473 2648 4551 'ego.
2669 4473 2772 4533 seu
2795 4479 2948 4550 lega-
3025 4473 3153 4546 cap.
3190 4473 3277 4551 t9,
3325 4473 3816 4551 spatiumst;

2167 4557 2264 4634 ιιιε
2291 4545 2705 4634 (ιιιεξωκωῑεβνρ
2728 4567 2834 4620 Pro
2857 4545 2952 4603 im-
3025 4545 3446 4634 missae“;
3475 4545 3610 4634 ξιτερ
3652 4548 3817 4629 ποιή-

2169 4621 2280 4677 bis.
2308 4611 2410 4691 ⁸(⁸7)
2465 4611 2753 4692 Epistolas
2803 4636 2944 4675 sane
3023 4611 3100 4692 σέιι
3131 4611 3244 4690 (8),’
3280 4611 3372 4692 ἒᾴν
3427 4611 3590 4692 M60)-
3632 4616 3814 4692 ιεαιρρν

2167 4685 2552 4762 lgnatii,qu[e
2576 4693 2942 4747 transmissae
3019 4685 3256 4762 εὖθείεόν,
3290 4685 3557 4762 εἳτεηέγ-ὼ,
3613 4685 3814 4762 εἶπ’δᾲ

2171 4753 2310 4818 sunt.
2361 4753 2525 4818 vobis
2556 4763 2580 4798 ³
2611 4763 2682 4819 ab
2732 4780 2824 4830 eo,
2876 4768 2934 4817 et
3007 4759 3211 4833 πέμψω
3245 4753 3661 4832 γπρςσϐεἶόσὺντα
3726 4753 3818 4837 καὶ

2895 4876 2940 4912 ⁸¹
2974 4878 2998 4932 I
3027 4878 3184 4932 Petr.
3221 4894 3284 4942 ιι,
3315 4878 3402 4941 24»,
3435 4875 3523 4930 22.
3619 4876 3667 4910 ⁸³
3698 4878 3819 4932 Phi.

2565 4949 2612 4984 ³⁸
2645 4945 2720 5004 al.
2750 4949 3217 5004 considerantes.
3321 4945 3367 4982 ⁸⁷
3401 4948 3423 5000 Ι
3453 4949 3608 5000 Petr.
3645 4965 3702 5012 ιι,
3739 4954 3817 5003 t2.

2271 5021 2318 5057 9°
2344 5022 2555 5093 Ephes.
2587 5038 2642 5090 v,
2669 5023 2706 5075 5
2733 5040 2747 5088 ;
2779 5021 2898 5075 Col.
2933 5037 3021 5085 ιιι,
3049 5023 3105 5093 ᾗ.
3154 5090 3167 5093 _
3210 5017 3258 5054 εί
3288 5019 3366 5093 (ιζἶ
3396 5017 3536 5093 Quis
3567 5019 3815 5093 ignorat.

407 5093 502 5148 "1
531 5095 660 5165 Cor.
697 5089 769 5157 vi,
802 5095 856 5146 2.
932 5089 990 5127 ⁸³⁷
1009 5091 1259 5162 Philipp.
1296 5109 1352 5165 1.7
1409 5093 1454 5127 ⁹⁴
1483 5093 1557 5148 al.
1593 5099 1879 5165 vestram.
1914 5091 1992 5165 7’5
2022 5093 2173 5148 Psal.
2209 5110 2286 5160 1v,
2320 5089 2407 5150 5.’
2449 5092 2497 5126 ⁰⁶
2526 5089 2738 5165 Ephes.
2775 5110 2843 5162 iv,
2877 5095 2968 5148 26.
3044 5090 3088 5125 9"
3112 5090 3188 5148 al.
3210 5089 3549 5146 crediderit.
3629 5089 3674 5124 ⁸³
3698 5092 3817 5149 Gal.

405 5182 447 5229 ι,
483 5168 532 5220 1.
610 5163 657 5199 θ’
691 5166 710 5217 l
739 5165 881 5220 Tim.
919 5180 980 5231 ιι,
1013 5166 1064 5218 2.
1146 5166 1164 5200 ¹
1198 5164 1399 5219 Matth.
1432 5181 1485 5234 v,
1513 5166 1602 5221 44.
1681 5165 1701 5198 ³
1731 5163 1979 5234 fnobis.

484 5280 560 5352 (6)
605 5283 668 5335 In
709 5281 956 5335 omnibus
1023 5280 1290 5344 Ecclesiis,
1336 5296 1464 5352 qua
1521 5282 1692 5336 Deum
1744 5281 1875 5336 solae
1927 5287 2058 5337 tunc

409 5351 776 5422 cognoverant
798 5369 819 5414 ;
857 5367 956 5406 nos
985 5359 1165 5406 autem
1195 5351 1443 5406 nondum
1463 5367 1808 5406 noveramus.
1829 5354 1941 5405 Per
1960 5369 2056 5407 nos

405 5425 800 5495 Polycarpum
831 5422 1107 5494 intelligit
1136 5423 1426 5477 Usserius.
1477 5425 1587 5490 Ego
1641 5424 2052 5492 Smyrnenses.

409 5495 551 5549 Vide
585 5511 710 5549 can.
746 5496 793 5548 3.
833 5499 958 5549 Cor.
989 5525 1062 5534 —
1091 5495 1193 5548 Nos
1224 5500 1403 5547 autem
1431 5496 1678 5548 nondum
1711 5509 2053 5548 noveramus.

404 5565 633 5620 Vixisse
663 5565 759 5618 his
789 5565 982 5621 verbis
1015 5581 1076 5618 se
1107 5565 1324 5630 innuit,
1358 5580 1492 5618 cum
1534 5581 1673 5620 suas
1722 5565 1938 5619 Paulus
1982 5565 2052 5619 ad

404 5633 697 5692 Ecclesiae
729 5636 971 5704 scripsit
998 5635 1300 5705 epistolas,
1337 5634 1476 5688 licet
1505 5635 1770 5689 nondum
1821 5637 2054 5690 Christo

405 5721 630 5767 nomen
659 5706 938 5762 dedisset.
971 5708 1022 5764 Δ
1050 5721 1168 5778 quo
1199 5710 1487 5778 tempore,
1531 5721 1668 5764 eum
1723 5706 1806 5764 ad
1823 5721 2054 5767 annum

2167 5297 2355 5351 usque
2387 5281 2597 5335 Christi
2633 5284 2754 5338 169.
2780 5297 2897 5351 quo
2921 5278 3272 5348 martyrium
3297 5277 3701 5351 s_ubiit,_vitam
3723 5279 3818 5334 ille

2167 5348 2550 5422 produxerit:
2585 5348 2908 5407 admodum
2931 5352 3260 5422 lonngum
3282 5348 3462 5422 illum
3496 5349 3681 5403 fuisse
3715 5367 3813 5406 ne-

2167 5419 2330 5477 cesse
2363 5429 2470 5485 est,
2504 5424 2576 5478 de
2607 5440 2723 5493 quo
2752 5424 2810 5476 in
2865 5419 3226 5493 analoquio,
3277 5419 3719 5493 ngyrnmorum
3752 5422 3816 5476 de

2169 5510 2411 5566 excessu
2443 5490 2640 5564 ipsius
2661 5492 2931 5566 Epistolas
2962 5491 3230 5566 prastixo,
3264 5490 3552 5546 diximus.
3590 5493 3784 5548 Ussxn.

2239 5567 2310 5634 (Ἴ)
2340 5561 2602 5632 Photius,
2637 5561 2919 5626 Biblioth,
2949 5561 3080 5618 cod.
3117 5563 3242 5634 126.

2238 5630 2318 5723 (δέ)
2377 5635 2484 5723 Tt.
2519 5630 2645 5723 παρ’
2672 5635 2853 5723 ..δμῷγ
2879 5630 3621 5723 ..ἐπικριξὲῖι,.γξέιιιιξξτξιρ
3665 5635 3816 5723 ίδξερ

2169 5703 2408 5780 ποιήσω.
2439 5707 2557 5767 Pro
2586 5703 2763 5781 ὑμῶν’,
2793 5707 2857 5764 in
2877 5703 3215 5779 Nicephoro'
3234 5707 3296 5759 et
3323 5703 3687 5776 quibusdam
3715 5703 3817 5768 Eu-
