3956 6308
124 376 288 441 1025

1605 373 2098 437 FRAGMENTA

3395 376 3551 441 1026

1469 747 2218 843 FRAGMENTA

847 985 890 1038 E
928 982 1469 1038 RESPONSIONUM
1508 981 1876 1036 CAPITUL‘S
1917 981 1972 1036 S.
2016 981 2436 1038 POLYCARPO
2474 983 2857 1053 ASCRIPTIS,

841 1193 1084 1254 Victoris
1113 1191 1374 1272 episcopi
1409 1189 1683 1271 σαρααηὶ
1715 1194 1954 1253 Catenae
1985 1191 2048 1249 in
2078 1207 2138 1250 1v
2171 1189 2597 1270 Evangelistas
2630 1193 2873 1254 inserta.

211 1593 525 1649 Matthaeus
583 1591 900 1646 Dominum
958 1588 1180 1644 dixisse
1263 1590 1514 1644 testatur
1540 1587 1581 1654 ³,
1639 1584 1796 1657 quod
1828 1587 1878 1651 Α
1909 1585 2301 1656 inspiratione
2332 1586 2530 1642 divina
2559 1588 2950 1660 prophetavit,
3001 1590 3127 1661 ipse
3157 1607 3192 1646 a
3220 1593 3415 1663 Moyse
3443 1592 3558 1648 hoc

142 1684 382 1753 Moyses
424 1679 630 1736 scribit
660 1679 838 1734 Adam
869 1678 1137 1734 locutum
1180 1676 1361 1731 fuisse
1409 1677 1522 1730 hoc
1577 1673 1798 1730 modo:

149 1795 168 1818 ι
209 1773 330 1824 Hoc
363 1785 522 1825 nunc
549 1785 615 1822 os
645 1783 716 1822 ex
749 1767 980 1822 ossibus
1011 1766 1183 1831 meis,
1219 1771 1275 1818 et
1327 1781 1462 1819 caro
1509 1781 1576 1818 ex
1626 1779 1802 1818 carne

147 1876 285 1914 mea
312 1875 324 1912 :
371 1864 614 1930 propter
643 1857 756 1910 hoc
787 1855 1089 1925 relinquet
1118 1854 1295 1908 homo
1332 1858 1564 1924 patrem
1599 1857 1657 1906 et
1685 1867 1812 1907 ma-

141 1955 300 2004 trem
333 1949 374 2014 ‘,
407 1969 435 1997 »
470 1951 580 2000 etc.
614 1945 724 2000 Sed
757 1944 1121 2000 concordant
1156 1942 1391 1997 Domini
1442 1941 1622 1996 verba
1669 1957 1802 1997 cum

141 2037 329 2110 Moysi
361 2034 770 2100 sermonibus;
805 2034 905 2105 qui
948 2033 1136 2088 Adam
1191 2031 1467 2103 praebens
1515 2030 1796 2099 officium,

1822 2203 1894 2262 ΙΙ.

1910 1674 2129 1729 dixisse
2159 1674 2434 1730 refertur.
2467 1677 2621 1731 Deus
2653 1693 2787 1732 vero
2815 1678 2915 1749 qui
2947 1695 3055 1750 per
3103 1679 3553 1752 inspiratiouem

1910 1763 2168 1818 divinam
2203 1764 2262 1818 in
2295 1765 2469 1820 corde
2503 1766 2687 1821 Adam
2722 1767 2836 1820 ista
2865 1767 3040 1823 verba
3080 1768 3375 1837 formavit,
3429 1771 3555 1842 ipse

1909 1853 2082 1907 Pater
2111 1869 2146 1908 a
2174 1854 2420 1908 Domino
2452 1861 2609 1910 recte
2642 1855 2872 1911 locutus
2901 1856 3082 1912 fuisse
3104 1857 3374 1913 refertur.
3407 1860 3550 1916 Nam

1911 1948 1968 1996 et
1990 1942 2177 1997 Adam
2213 1943 2366 1998 hanc
2394 1945 2764 2016 praphetiam
2797 1945 3078 2017 protulit;
3130 1953 3189 2002 et
3234 1950 3408 2004 Pater
3452 1948 3552 2022 qui

1911 2048 2047 2088 eum
2079 2032 2409 2104 inspiravit,
2440 2039 2598 2090 recte
2629 2035 2847 2091 dicitur
2874 2037 3210 2109 protulisse,

681 2379 838 2445 lusu,
879 2377 953 2432 ad
983 2376 1102 2432 haec
1130 2376 1296 2430 verba
1325 2374 1569 2430 Christi:
1604 2396 1626 2424 ι
1662 2373 1901 2430 Calicem
1925 2391 2102 2431 meum
2138 2376 2351 2445 bibatis,
2383 2381 2494 2434 etc.
2530 2378 2748 2450 (Matth.
2781 2397 2879 2448 xx,
2911 2382 3024 2450 23.)

216 2563 332 2616 Per
358 2558 703 2630 hujusmodi
735 2563 962 2630 potum,
996 2557 1291 2628 signiﬁcat
1331 2555 1692 2628 passionem.
1731 2557 1801 2608 Et

141 2650 434 2707 Iacobum
464 2650 706 2720 quidem
737 2647 1126 2703 novissimum
1180 2646 1464 2717 martyrio
1513 2661 1800 2700 consum-

143 2741 440 2798 mandum
468 2759 481 2808 ;
513 2741 758 2796 fratrem
779 2757 914 2795 vero
943 2739 1071 2810 ejus
1092 2739 1386 2793 Joannem
1409 2736 1800 2791 transiturum

142 2832 376 2900 absque
407 2830 686 2900 martyrio
714 2845 726 2882 :
747 2828 1016 2898 quamvis
1038 2833 1097 2881 et
1111 2826 1468 2882 afﬂictiones
1489 2825 1800 2896 plurimas,

143 2927 204 2976 et
231 2919 445 2974 exsilia
457 2917 926 2983 toleraverit;sed
940 2921 1330 2988 praeparatam
1345 2915 1627 2986 martyrio
1640 2931 1804 2969 men-

140 3015 292 3069 tem,
327 3009 592 3063 Christus
615 3011 938 3078 martyrem
954 3005 1244 3077 judicavit
1260 3004 1304 3058 ⁵.
1331 3006 1474 3058 Nam
1498 3003 1802 3074 apostolus

138 3099 388 3166 Paulus,
425 3120 453 3148 «
485 3094 1014 3170 Quotidie(inquit)
1039 3095 1261 3151 morior
1280 3093 1303 3128 ⁸
1326 3111 1338 3149 :
1362 3116 1390 3145 »
1419 3093 1799 3165 dumimpos-

1912 2555 2084 2612 sibile
2115 2557 2191 2612 sit
2219 2557 2482 2628 quotidie
2510 2559 2661 2615 mori
2695 2560 2998 2616 hominem
3057 2579 3125 2617 ea
3172 2567 3384 2632 morte,
3436 2579 3553 2634 qua

1913 2646 2099 2700 semel
2129 2647 2245 2701 vita
2267 2647 2392 2702 haac
2414 2647 2640 2702 finitur.
2677 2649 2788 2703 Sed
2814 2651 3097 2720 quoniam
3115 2667 3220 2722 pro
3242 2651 3554 2724 Evangelio

1913 2735 1986 2790 ad
2018 2741 2270 2790 mortem
2294 2736 2518 2807 jugiter
2551 2743 2678 2792 erat
2708 2744 3090 2809 praeparatus,
3124 2757 3184 2795 se
3227 2742 3376 2796 mori
3409 2758 3562 2811 quo-

1913 2824 2060 2879 tidie
2091 2825 2197 2879 sub
2233 2841 2300 2879 ea
2333 2825 2768 2896 significatione
2791 2832 3040 2883 testatus
3096 2835 3203 2883 est.
3241 2830 3474 2902 Legitur
3504 2835 3564 2884 et

1912 2915 1976 2970 in
2008 2914 2168 2969 dolio
2198 2915 2482 2970 ferventis
2517 2916 2653 2984 olei,
2682 2934 2789 2988 pro
2820 2919 3062 2973 nomine
3092 2919 3329 2984 Christi,
3358 2920 3566 2975 beatus

1911 3005 2170 3059 Joannes
2201 3004 2384 3060 fuisse
2419 3005 2748 3061 demersus.

1823 3262 1922 3318 III.

1159 3427 1317 3494 IDEM,
1361 3429 1438 3481 De
1467 3424 1630 3481 initio
1665 3424 1980 3495 Evangelisi
2007 3427 2305 3482 secundum
2336 3429 2610 3484 Marcum.

232 3590 690 3648 Rationabiliter
719 3589 1089 3662 evangelista;
1119 3587 1429 3660 principiis
1471 3585 1716 3641 diversis
1747 3601 1813 3640 u-
1848 3587 1894 3652 Β
1923 3586 2171 3659 incipit:
2206 3593 2272 3642 ut
2301 3588 2428 3660 ejus
2458 3589 2564 3643 ﬁlii
2594 3589 2881 3646 miraculo
2913 3591 3256 3659 nativitatis,
3316 3597 3373 3646 et
3419 3593 3568 3647 tanti

157 3679 668 3751 tuntur;quamvis
680 3695 801 3734 una
813 3677 1139 3746 eademque
1161 3675 1595 3748 evangelizandi
1611 3691 1817 3729 eorum

156 3769 449 3844 probetur
477 3769 751 3823 intentio.
788 3767 1116 3832 Mattheus,
1148 3771 1214 3820 ut
1245 3764 1505 3820 Hebraeis
1528 3763 1815 3832 scribens,

159 3857 522 3932 genealogiaa
553 3857 770 3912 Christi
801 3855 1072 3911 ordinem
1102 3855 1326 3911 texuit:
1358 3859 1421 3908 ut
1454 3852 1817 3920 ostenderet,

158 3949 238 4004 ab
273 3965 342 4003 ea
373 3947 673 4002 Christum
701 3944 1084 4000 descendisse
1119 3944 1416 4016 progenie,
1441 3942 1512 3998 de
1539 3959 1656 4012 qua
1682 3957 1819 3996 eum

157 4038 533 4093 nasciturum
564 4035 828 4091 universi
861 4033 1165 4106 propheta
1197 4032 1820 4087 cecinerantJoannes

155 4133 362 4184 autem
383 4126 458 4181 ad
478 4126 774 4196 Ephesum
801 4141 946 4178 cons
959 4123 1299 4192 titutus,qui
1323 4122 1515 4194 legem
1533 4127 1820 4192 tanquam

155 4234 228 4272 ex
259 4215 533 4288 gentibus
567 4215 944 4288 ignorabant,
970 4229 1004 4268 a
1026 4228 1204 4268 causa
1222 4219 1438 4266 nostrae
1465 4209 1820 4281 redemptio-

159 4307 256 4362 nis
289 4305 587 4377 Evangelil
621 4303 874 4376 sumpsit
903 4301 1214 4358 exordium
1244 4317 1410 4371 :qum
1435 4316 1615 4355 causa
1647 4316 1718 4354 ex
1752 4315 1820 4353 eo

158 4400 429 4467 apparet,
454 4393 612 4465 quod
641 4394 857 4448 Filium
885 4408 1060 4448 suum
1093 4392 1244 4445 Deus
1265 4407 1376 4461 pro
1401 4395 1604 4444 nostra
1627 4387 1819 4442 salute

157 4485 347 4540 voluit
375 4483 692 4539 incarnari.
731 4484 912 4538 Lucas
943 4497 1077 4535 vero
1112 4479 1457 4535 aZacharite
1492 4475 1820 4533 sacerdotio

1925 3676 2331 3747 prtedicatoris
2361 3677 2578 3745 ofﬁcio,
2611 3678 2981 3735 divinitatem
3027 3681 3242 3736 Christi
3296 3681 3569 3753 gentibus

1925 3765 2275 3820 declararet.
2302 3767 2465 3821 Unde
2487 3773 2545 3822 et
2575 3769 2800 3823 Marcus
2832 3771 3075 3840 antiqua
3103 3771 3428 3842 prophetici
3453 3787 3570 3840 my-

1927 3854 2092 3908 sterii
2109 3855 2509 3926 competentia
2529 3855 2806 3910 adventui
2822 3857 3038 3911 Christi
3061 3857 3350 3925 declarat;
3367 3865 3432 3914 ut
3448 3876 3568 3914 non

1926 3959 2096 4010 nova,
2129 3942 2233 4022 sed
2262 3944 2590 4014 antiquitus
2618 3945 2848 4016 prolata
2877 3948 3006 4017 ejus
3062 3947 3401 4018 praedicatio
3433 3964 3566 4018 pro-

1926 4033 2187 4089 baretur.
2222 4035 2335 4087 Aut
2365 4049 2470 4103 per
2499 4033 2610 4088 hoc
2642 4034 3014 4106 evangelistis
3045 4051 3200 4089 cura;
3233 4035 3362 4101 fuit,
3387 4051 3457 4092 eo
3481 4037 3570 4090 uti

1929 4122 2234 4196 prommio,
2267 4121 2425 4193 quod
2447 4123 2854 4192 unusquisque
2865 4122 3172 4193 judicabat
3201 4123 3571 4178 auditoribus

1929 4217 2222 4284 expetere.
2257 4210 2416 4265 Nihil
2437 4227 2572 4282 ergo
2591 4210 2954 4268 contrarium
2980 4211 3401 4282 reperitur,ubi
3434 4212 3574 4266 licet.

1929 4303 2176 4358 diversis
2207 4301 2465 4372 scriptis,
2500 4301 2576 4356 ad
2606 4300 2875 4356 eamdem
2907 4307 3108 4357 tamen
3147 4302 3402 4373 patriam
3434 4317 3572 4373 per-

1927 4393 2179 4447 venitur.

1824 4648 1918 4703 IV.

500 4821 652 4884 luxu,
684 4819 741 4870 in
774 4815 917 4870 illud
947 4834 965 4868 :
1003 4834 1024 4861 ι
1057 4813 1183 4869 Noli
1210 4828 1404 4869 vocare
1433 4814 1636 4867 amicos
1667 4817 1806 4880 tuos,
1832 4807 1927 4864 sed
1945 4821 2218 4878 pauperes
2247 4811 2300 4859 et
2332 4803 2555 4875 debiles,
2599 4825 2626 4852 »
2659 4808 2770 4858 etc.
2804 4805 2957 4873 (Luc.
2988 4821 3102 4871 XIV,
3147 4806 3257 4878 l2.)

236 4989 546 5062 Prascepit,
581 5004 701 5044 non
731 4987 976 5056 amicos,
1011 4985 1115 5041 sed
1146 4986 1417 5040 inﬁrmos
1440 4999 1704 5054 quosque
1728 4998 1823 5036 vo-
1862 4983 1903 5050 C
1934 4979 2179 5043 amicos,
2212 4977 2488 5041 arbitror,
2522 4975 2776 5049 intelligi
2806 4975 2919 5032 hoc
2948 4977 3078 5032 loco
3102 4977 3386 5037 debemus
3418 4983 3578 5056 illos,

167 5081 392 5139 candos
423 5078 496 5134 ad
527 5077 862 5150 prandium.
898 5075 1063 5142 Quod
1097 5075 1144 5130 si
1177 5073 1424 5129 claudus
1446 5078 1548 5126 aut
1573 5071 1823 5142 quilibet

169 5188 378 5230 eorum
408 5171 485 5226 sit
513 5169 760 5235 amicus,
803 5170 929 5224 sine
987 5167 1170 5222 dubio
1223 5165 1358 5220 talis
1405 5180 1511 5234 pro
1561 5161 1824 5217 amicitia

167 5263 419 5319 minime
450 5265 540 5314 est
569 5258 865 5330 rogandus
891 5276 904 5323 ;
938 5256 1095 5311 unde
1119 5255 1245 5326 ipsa
1276 5253 1443 5324 quasi
1467 5251 1740 5306 videntur
1762 5266 1823 5304 se

169 5353 522 5424 impugnare
554 5347 854 5404 mandata.
886 5348 1028 5401 Nam
1064 5345 1112 5399 si
1143 5360 1263 5398 non
1294 5339 1601 5409 amici,sed
1627 5338 1822 5394 claudi

171 5447 230 5498 et
259 5439 400 5496 caeci
434 5441 572 5493 sunt
613 5435 925 5502 invitandi,
996 5435 1274 5506 ipsosque
1317 5445 1552 5502 quoque
1603 5427 1826 5483 amicos

174 5546 306 5587 esse
340 5527 666 5598 contingat,
699 5540 1078 5596 nequaquam
1109 5537 1315 5594 rogare
1363 5519 1668 5574 debemus.
1712 5515 1825 5572 Sed

1933 5085 2080 5141 quos
2111 5084 2216 5138 pro
2248 5063 2456 5120 mundi
2488 5065 2665 5134 hujus
2696 5070 2932 5121 terrena
2951 5067 3426 5127 consideratione
3451 5074 3582 5129 dili-

1933 5159 2146 5231 gimus,
2179 5171 2299 5209 non
2332 5170 2437 5224 pro
2471 5153 2684 5208 divinas
2707 5155 3222 5226 contemplationis
3252 5159 3576 5216 intuitu.Hi

1935 5252 2069 5303 sunt
2103 5245 2282 5316 igitur
2311 5242 2483 5298 amici
2518 5241 2914 5312 relinquendi.
2949 5245 3234 5315 Denique,
3267 5247 3399 5303 ideo
3419 5249 3580 5306 debi-

1935 5334 2080 5389 lium
2101 5329 2374 5400 exempla
2398 5329 2878 5399 proposuit,quos
2902 5347 3007 5401 pro
3031 5331 3255 5388 nullius
3268 5351 3581 5405 possumus

1935 5427 2212 5494 appetere
2237 5418 2591 5473 necessitate
2609 5417 2848 5490 negotii,
2868 5419 2982 5473 nisi
3014 5425 3240 5476 tantum
3266 5439 3372 5494 pro
3388 5411 3584 5480 fructu

1934 5509 2345 5566 retributionis
2377 5511 2632 5562 aeterna.

251 5672 273 5706 ⁸
305 5669 509 5727 Matth.
551 5685 673 5736 xix,
707 5670 759 5722 5.
837 5666 859 5701 ⁴
891 5668 1032 5723 Gen.
1067 5681 1128 5721 ιι.
1162 5666 1251 5722 24.
1327 5662 1352 5698 ⁵
1379 5663 1506 5718 Act.
1535 5677 1638 5730 xu,
1663 5663 1718 5729 2,
1797 5665 1801 5687 ⁴

1916 5657 2032 5713 lor.
2064 5668 2154 5719 xv,
2187 5651 2274 5705 31.
