3956 6308
96 402 129 460 1
148 403 292 462 029

896 695 1138 791 ΤΗΣ
1257 689 2002 790 ΣΜΥΡΝΑΙΩΝ

718 398 966 462 EPIST.
1013 399 1410 460 ECCLESI/E
1453 397 1749 462 SMYRN.
1799 388 1900 459 DE
1948 399 2368 462 MARTYRIO
2411 401 2472 461 S.
2521 397 2973 463 POLYCARPI

3394 399 3553 464 1030

2108 693 2817 790 ΕΚΚΑΗΣΙΑΣ

1558 884 1723 942 ΠΕΡΙ
1764 883 2160 940 ΜΔΡΤΥΡΙΟΥ

342 1051 818 1226 ΤΟΥ
897 1049 1611 1224 ΑΓΙΟΥ
1692 1049 3332 1227 ΠΟΛΥΚΑΡΠΟΥ

698 1349 1606 1482 ΕΠΙΣΤΟΛΗ
1741 1350 2740 1481 ΕΓΚΥΚΛΙΟΣ
2835 1326 2969 1398 (28')

1107 1700 1740 1797 ECCLESIIE
1808 1699 2598 1796 SMYRNENSIS

316 2097 880 2260 MART
891 2094 1372 2262 YRIO
1458 2093 2177 2261 SANCTI
2252 2095 3381 2266 POLYCARPI

1138 2364 1731 2460 EPISTOLA
1821 2364 2563 2460 CIRCULARIS

135 2728 176 2781 ll
211 2726 523 2796 Ἐκκλησία
571 2731 668 2783 τοῦ
722 2731 881 2793 Θεοῦ,
912 2728 946 2795 ἡ
974 2729 1311 2801 παροικοῦσα
1370 2723 1622 2798 Σμύρναν
1651 2725 1784 2796 (29),
1811 2727 1865 2794 Α
1897 2725 1911 2778 l

1967 2724 2155 2780 :clesia
2184 2724 2287 2780 Dei
2319 2742 2449 2796 quae
2481 2726 2746 2798 Smyrna:
2796 2728 3232 2799 peregrinatur,
3276 2729 3554 2784 Ecclesia

195 2820 271 2889 τῇ
306 2813 610 2887 Ἐκκλησία
663 2820 760 2870 τοῦ
818 2819 952 2872 Θεοῦ
990 2819 1058 2888 τῇ
1117 2814 1456 2888 παροικούσῃ
1497 2811 1549 2866 ἐν
1607 2814 1788 2867 Φιλα-

199 2902 400 2975 μηλίῳ
459 2908 600 2976 (30),
647 2905 741 2959 καὶ
791 2905 987 2966 πάσαις
1043 2908 1162 2964 ταῖς
1215 2903 1353 2957 κατὰ
1406 2902 1580 2957 πάντα
1619 2901 1787 2956 τόπον

191 2999 301 3061 τῆς
357 2992 518 3069 ἁγίας
577 2993 667 3047 καὶ
726 2993 1030 3061 καθολικῆς
1088 2989 1417 3062 Ἐκκλησίας
1473 2989 1788 3064 παροικίαις

201 3085 350 3155 (31).
403 3081 578 3154 ἔλεος,
637 3083 824 3160 εἰρήνη
884 3084 975 3139 καὶ
1036 3084 1219 3158 ἀγάπη
1269 3082 1376 3138 ἀπὸ
1408 3087 1542 3137 Θεοῦ
1575 3082 1790 3155 Πατρὸς

193 3173 292 3225 καὶ
349 3176 446 3226 τοῦ
509 3173 715 3247 Κυρίου
781 3173 944 3246 ἡμῶν
1012 3173 1194 3243 Ἰησοῦ
1250 3173 1484 3247 Χριστοῦ
1543 3168 1790 3242 πληθυν-

197 3261 347 3329 θείη.

1967 2813 2070 2869 Dei
2103 2831 2235 2884 quas
2295 2815 2630 2870 Philomelii
2684 2818 3116 2888 peregrinatur,
3159 2823 3219 2874 et
3274 2818 3552 2874 omnibus

1970 2904 2190 2974 ubique
2222 2909 2516 2960 terrarum
2546 2911 2764 2961 sancta)
2797 2912 2856 2960 et
2907 2907 3213 2962 catholicas
3272 2907 3550 2962 Ecclesizn

1971 2995 2280 3066 parmciis:
2326 2995 2759 3063 misericordia,
2808 3013 2922 3067 pax
2971 3003 3028 3052 et
3083 2997 3338 3053 charitas
3369 3015 3402 3053 a
3432 2999 3550 3053 Deo

1971 3085 2142 3138 Patre
2171 3089 2228 3139 et
2257 3085 2508 3140 Domino
2555 3090 2759 3140 nostro
2789 3087 2928 3141 Jesu
2984 3087 3214 3143 Christo
3265 3087 3552 3159 multipli-

1973 3178 2160 3227 cetur.

1057 3381 1102 3435 Ι.
1146 3381 1226 3436 De
1254 3381 1519 3450 martyrio
1555 3377 1854 3450 Polycarpi
1905 3385 1959 3434 et
2013 3377 2286 3434 sociorum
2311 3379 2614 3436 scribimus.

196 3519 550 3593 Έγράψαμεν
600 3521 752 3593 ὑμῖν,
800 3518 1054 3600 ἀδελφοὶ,
1101 3523 1170 3577 τὰ
1217 3521 1349 3576 κατὰ
1405 3519 1531 3582 τοὺς
1582 3540 1786 3594 μαρτυ-

125 3610 434 3680 ρήσαντας,
465 3611 554 3663 καὶ
600 3610 690 3665 τὸν
747 3611 1011 3682 μακάριον
1060 3611 1442 3685 Ιιολύκαρπον,
1475 3608 1624 3671 ὅστις
1677 3609 1789 3664 ὥσ-

122 3716 228 3770 περ
290 3695 680 3773 ἐπισφραγίσας
755 3704 825 3773 τῇ
903 3699 1170 3773 μαρτυρίᾳ
1257 3699 1423 3754 αὐτοῦ
1489 3697 1786 3752 κατέπαυσε

121 3786 214 3839 τὸν
245 3782 514 3859 διωγμόν.
549 3785 755 3866 Σχεδὸν
812 3788 916 3864 γὰρ
978 3788 1145 3842 πάντα
1201 3787 1266 3842 τὰ
1323 3788 1637 3863 προάγοντα
1669 3785 1786 3862 ἐγὲ-

120 3893 273 3942 νετο,
298 3870 394 3927 ’ίνα
440 3876 576 3945 ἡμῖν
608 3877 635 3928 ὁ
679 3875 872 3948 Κύριος
935 3873 1136 3929 ἄνωθεν
1194 3871 1433 3948 ἐπιδείξῃ
1465 3874 1528 3929 τὸ
1558 3875 1694 3928 κατὰ
1721 3871 1783 3928 τὸ

123 3959 470 4037 Εὖαγγέλιον
540 3963 856 4038 μαρτύριον.
921 3962 1239 4037 Περιὲμενεν
1297 3964 1422 4037 γὰρ,
1474 3960 1565 4016 ἵνα
1616 3980 1787 4036 παρα-

1968 3522 2323 3592 Scripsimus
2354 3521 2542 3589 vobis,
2584 3523 2817 3591 fratres,
2873 3523 2944 3579 de
3006 3525 3358 3596 martyribus
3391 3531 3449 3581 et
3480 3526 3551 3581 de

1895 3610 2067 3665 beato
2100 3610 2444 3682 Polycarpo.
2478 3611 2578 3681 qui
2601 3612 2884 3683 martyrio
2917 3630 3045 3679 suo,
3066 3614 3227 3669 velut
3249 3615 3550 3687 signaculo

1897 3698 2175 3768 quodam,
2210 3701 2609 3770 persecutioni
2670 3701 2850 3754 ﬁnem
2883 3702 3184 3773 imposuit.
3219 3705 3360 3758 Fere
3393 3705 3552 3760 enim

1896 3790 2131 3854 cuncta,
2154 3804 2286 3858 quas
2321 3795 2773 3858 prascesserunt,
2796 3789 2928 3843 ideo
2952 3799 3366 3860 evenerunt,ut
3386 3793 3556 3848 nobis

1896 3875 2182 3929 Dominus
2206 3874 2461 3946 desuper
2480 3877 2821 3931 ostenderet
2842 3880 3212 3948 martyrium,
3240 3882 3552 3952 Evangelia

1895 3979 2252 4034 congruum.
2284 3965 2653 4034 Exspectavit
2681 3964 2840 4018 enim
2873 3966 3045 4032 tradi,
3080 3967 3232 4021 sicut
3263 3974 3321 4022 et
3352 3970 3556 4023 Domi-

125 4045 292 4121 δοθῇ,
353 4051 426 4112 ὡς
484 4051 574 4106 καί
632 4054 660 4106 ὁ
718 4053 942 4126 Κύριος,
991 4051 1086 4106 ’ἱνα
1145 4052 1385 4124 μιμηταὶ
1431 4053 1594 4124 ἡμεῖς
1625 4050 1788 4105 αὐτοῦ
1829 4068 1911 4132 Cl

1967 4067 2036 4116 ιε,
2060 4059 2128 4106 ut
2158 4057 2217 4105 et
2235 4068 2345 4106 nos
2370 4053 2555 4122 ipsius
2579 4069 2842 4108 essemus
2861 4053 3336 4124 imitatores,non
3356 4057 3550 4113 solum

125 4138 437 4211 γενώμεθα,
501 4142 578 4213 μὴ
633 4141 797 4213 μόνον
854 4145 1177 4203 σκοποῦντες
1243 4141 1306 4196 τὸ
1363 4141 1482 4204 καθ’
1541 4139 1789 4210 ἑαυτοὺς,

127 4224 282 4280 ἀλλὰ
311 4227 399 4281 καὶ
429 4228 492 4282 τὸ
522 4229 657 4283 κατά
704 4228 832 4293 τοὺς
888 4227 1082 4289 πὲλας.
1143 4229 1392 4303 ’Δγάπης
1417 4227 1520 4302 γὰρ
1551 4225 1790 4297 ἀληθοῦς

125 4319 220 4370 καὶ
269 4310 493 4390 βεϐαίας
524 4315 687 4390 ἐστὶν,
748 4321 824 4392 μὴ
873 4318 1038 4391 μόνον
1069 4319 1256 4374 ἑαυτὸν
1290 4316 1466 4382 θέλειν
1497 4317 1786 4387 σώζεσθαι,

127 4403 280 4459 sua
305 4405 392 4460 καὶ
433 4407 632 4468 πάντας
661 4406 788 4468 τοὺς
818 4403 1108 4485 ἀδελφούς.

1901 4146 2108 4196 nostra
2138 4139 2607 4206 considerantes,
2641 4141 2745 4196 sed
2777 4148 2834 4196 et
2863 4159 2952 4208 ea,
2986 4160 3117 4213 quae
3147 4143 3222 4199 ad
3247 4147 3548 4216 proximos

1899 4229 2221 4302 pertinent.
2254 4229 2570 4285 Charitatis
2600 4230 2762 4285 enim
2791 4246 2941 4286 verse
2973 4248 3041 4287 ac
3071 4232 3274 4289 solidas
3298 4239 3406 4303 est,
3430 4252 3551 4292 non

1897 4318 2074 4375 modo
2106 4335 2168 4374 se
2199 4319 2396 4391 ipsum
2429 4317 2578 4373 velle
2610 4319 2850 4390 servari,
2882 4321 2986 4376 sed
3015 4321 3195 4378 etiam
3216 4339 3424 4380 omnes
3444 4324 3556 4380 fra-

1900 4413 2044 4464 tres.

1351 4552 1422 4606 ΙΙ.
1454 4553 1766 4622 Martyrum
1807 4552 1953 4608 mira
1999 4549 2335 4607 constantia.

201 4694 459 4764 Μακάρια
493 4693 586 4766 μὶν
616 4693 707 4748 οῦν
738 4694 826 4748 καὶ
859 4697 1080 4768 γενναῖα
1106 4693 1174 4748 τὰ
1217 4693 1488 4768 μαρτύρια
1515 4691 1693 4747 πάντα
1717 4691 1785 4746 τὰ

124 4782 267 4838 κατά
286 4783 350 4838 τὸ
369 4781 591 4854 θέλημα
607 4786 705 4836 τοῦ
727 4786 861 4837 Θεοῦ
881 4782 1160 4859 γεγονότα.
1185 4787 1276 4836 Δεῖ
1294 4785 1395 4857 γὰρ
1421 4784 1536 4854 (23)
1557 4774 1787 4836 εὐλαϐε-

123 4875 353 4947 στὲρους
383 4873 530 4943 ἡμᾶς
586 4871 950 4946 ὑπάρχοντας,
1001 4875 1080 4942 τῷ
1119 4875 1236 4943 Θεῷ
1273 4872 1376 4940 τὴν
1403 4871 1541 4925 κατὰ
1569 4869 1785 4925 πάντων

126 4961 373 5033 ἐξουσίαν
404 4961 706 5016 ἀνατιθέναι
739 4964 868 5035 (33).
903 4963 1016 5034 (34)
1043 4962 1118 5017 Τὸ
1173 4961 1273 5036 γὰρ
1332 4966 1578 5038 γενναῖον
1610 4960 1784 5016 αότῶν

207 5117 323 5188 (28)
353 5116 468 5172 Cfr.
502 5117 792 5184 Neander,
851 5118 1088 5173 Kirchen
1145 5117 1332 5188 Gesch.
1381 5122 1423 5172 t.
1486 5117 1530 5183 Ι,
1565 5133 1621 5186 p.
1665 5119 1784 5185 107,

134 5187 266 5260 sqq.
303 5193 364 5243 et
390 5188 603 5246 Euseb.
640 5191 782 5260 Hist.
819 5190 944 5244 θεοὶ.
979 5189 1082 5246 lib.
1116 5205 1187 5256 xv,
1220 5205 1267 5243 c.
1306 5187 1388 5243 15.

206 5257 323 5331 (29)
356 5260 496 5332 Vide
530 5276 663 5331 quas
693 5259 768 5315 ad
801 5260 970 5332 epist.
998 5277 1013 5315 ι
1045 5259 1226 5316 Clem.
1260 5260 1333 5315 ad
1364 5257 1608 5315 Corinth.
1645 5275 1695 5314 c.
1733 5259 1783 5326 1,

134 5338 262 5386 not.
299 5332 329 5384 3
360 5331 794 5387 adnotavimus.

202 5403 316 5470 (30)
346 5403 434 5476 ita
462 5402 779 5476 legendum
834 5419 970 5476 cum
1012 5402 1144 5459 cod.
1179 5400 1452 5476 Vindob.,
1503 5415 1635 5476 cum
1671 5405 1780 5476 vet.

129 5469 237 5528 int.
275 5469 333 5528 et
354 5469 564 5531 Euseb.
592 5476 801 5531 Hister.
823 5475 950 5529 eccl.
976 5489 1052 5539 IV,
1077 5473 1401 5539 15.Reliqui
1428 5469 1786 5528 eoddxbila-

131 5539 348 5616 δελφίς,
380 5547 504 5602 Jac.
537 5545 959 5602 Philomelium
991 5551 1083 5601 est
1111 5545 1253 5601 urbs
1283 5539 1567 5616 Phrvgiaa.

203 5615 316 5759 (3t;
347 5617 466 5672 Cfr.
497 5619 620 5688 Ign.
654 5617 727 5672 ad
753 5617 972 5687 Smyrn.
1004 5633 1054 5672 c.
1088 5618 1141 5672 8.

203 5690 294 5758 (32
350 5688 437 5744 Ita
463 5687 826 5745 Jacobsonus
858 5705 889 5744 e
919 5688 1120 5746 codice

199 5685 316 5758 (32)
350 5688 437 5744 Ita
463 5685 826 5745 Jacobsonus
854 5685 889 5744 δ
919 5688 1120 5746 codice
1155 5685 1402 5743 Vindob.
1427 5685 1575 5742 Male
1600 5685 1778 5742 Editi:

1965 4695 2142 4749 Beata
2169 4697 2228 4749 et
2251 4708 2539 4766 generosa
2568 4691 2809 4748 fuerunt
2835 4699 3050 4752 cuncta
3076 4699 3381 4770 martyris,
3414 4717 3546 4772 quas

1889 4783 2060 4854 juxta
2087 4781 2452 4837 voluntatem
2499 4780 2601 4837 Dei
2661 4789 3005 4839 evenerunt.
3039 4785 3185 4842 Cum
3231 4788 3392 4844 enim
3439 4806 3548 4847 nos

1894 4870 2294 4944 religiosiores
2355 4870 2562 4938 simus,
2621 4871 2738 4926 Deo
2809 4871 3077 4929 omnium
3130 4891 3332 4932 rerum
3388 4884 3552 4950 pote-

1895 4965 2108 5016 statem
2140 4957 2510 5014 ascribamus
2541 4965 2792 5031 Oportet.
2825 4961 2968 5026 Quis
3000 4963 3158 5019 enim
3188 4967 3552 5038 generosita-

1892 5113 1982 5168 καὶ
2014 5110 2138 5185 γάρ,
2163 5126 2345 5166 sensu
2367 5109 2553 5238 plane
2585 5111 2772 5168 nullo.
2805 5113 3129 5171 Cotelerius
3151 5131 3182 5173 e
3207 5121 3550 5193 conjectura

1894 5185 2005 5238 γοῆ
2039 5183 2114 5238 ad
2143 5198 2309 5237 oram
2339 5181 2382 5236 li
2427 5182 2477 5236 ri
2500 5189 2798 5238 posuerat.
2823 5185 3042 5238 Sensus
3064 5193 3192 5238 est:
3217 5212 3246 5238 ‹‹
3269 5193 3408 5238 Cum
3445 5195 3542 5238 ηρῑ

1894 5185 2005 5259 χρή
2027 5183 2114 5240 'ad
2143 5198 2309 5237 oram
2339 5183 2477 5262 libri
2498 5189 2798 5255 posuerat.
2823 5185 3042 5267 Sensus
3064 5193 3192 5244 est:
3217 5212 3246 5240 ‹‹
3269 5183 3414 5248 Cum
3441 5195 3544 5250 Dei

1893 5257 2194 5336 voluntate
2239 5269 2443 5336 omnia
2499 5261 2810 5336 regantur,
2860 5263 3037 5313 etiam
3092 5259 3454 5336 Polycarpus
3486 5270 3546 5321 et

1893 5328 2056 5408 socii
2062 5327 2233 5408 juxta
2261 5324 2522 5380 divinam
2551 5324 2918 5385 voluntatem
2949 5324 3234 5402 martyrio
3273 5324 3412 5392 sunt
3441 5353 3546 5394 co-

1894 5405 2199 5542 Γοῗέὶθῖίίῖίίδ
2225 5467 2610 5542 Jacobsonus,
2663 5469 2764 5541 qui
2800 5469 3016 5542 multis
3071 5473 3218 5530 locis
3259 5481 3486 5536 textum
3515 5495 3546 5535 e

1893 5539 2098 5598 codice
2128 5539 2571 5596 Vindobonensi
2603 5539 2955 5598 emendavit.

1963 5612 2076 5684 (34)
2106 5610 2604 5688 Probaturnnno,
2653 5613 2817 5688 quod
2869 5613 3042 5674 initio
3076 5617 3286 5688 capitis
3313 5619 3542 5682 dictum

1890 5681 2000 5750 est,
2033 5681 2316 5752 martyria
2346 5681 2451 5738 illa
2477 5681 2863 5740 fuisse’beata
2895 5689 2953 5740 et
2981 5681 3289 5758 generosa.
