3956 6308
387 373 535 439 1031

1575 370 1640 430 S.
1689 368 2047 432 POLYCAR
2060 368 2208 433 PUS
2255 371 2612 435 MABTYR.

3648 366 3806 432 1032

381 513 505 565 tem
537 523 744 564 eorum
771 509 827 561 et
857 504 1206 578 patientiam
1238 506 1298 560 et
1327 515 1465 576 erga
1491 501 1812 558 Dominum
1839 503 2000 559 cbari

2187 502 2236 558 αἲ
2270 503 2672 575 ὑπομονητικὸν
2706 504 2794 559 καὶ
2846 499 3241 581 φιλοδέσποτον
3293 500 3376 564 τίς
3415 503 3518 557 οὐκ
3550 502 3612 556 ἂν
3659 503 3804 556 θαυ-

384 605 570 656 tatem
599 613 719 653 non
744 595 1090 661 admiretur,
1115 593 1216 666 qui
1237 591 1490 666 ﬂagellis
1511 592 1658 648 adeo
1681 591 1946 659 lacerati,
1969 599 2034 648 ut

383 689 460 745 ad
490 688 731 742 intimas
761 701 950 756 usque
982 699 1160 739 venas
1192 688 1250 738 et
1279 681 1527 738 arterias
1559 682 1825 754 corporis
1873 687 2032 738 stru-

384 784 552 834 ctura
573 781 937 842 cerneretur,
963 779 1162 829 tamen
1185 773 1598 828 sustinuerunt
1619 788 1633 839 ;
1654 772 1824 837 ita,ut
1850 772 2029 827 etiam

381 872 643 926 astantes
674 865 1105 920 miserarentur
1151 867 1210 916 et
1253 861 1623 934 plangerent,
1651 861 1762 932 ipsi
1793 877 1928 916 vero
1960 877 2028 916 eo

376 956 745 1014 fortitudinis
774 955 1063 1022 venirent,
1085 957 1152 1008 ut
1171 969 1347 1008 nemo
1379 952 1615 1006 illorum
1649 967 1844 1022 neque
1873 967 2029 1006 mur-

377 1050 642 1102 muraret
662 1060 857 1116 neque
881 1040 1602 1116 ingemisceret,omnibus
1625 1039 2027 1106 ostendentes,

379 1135 539 1208 quod
569 1139 859 1207 martyres
883 1132 1098 1188 Christi
1120 1131 1266 1186 hora
1287 1131 1398 1186 ista
1427 1146 1545 1201 qua
1573 1129 2029 1200 torquebantur,

380 1234 548 1284 extra
594 1241 835 1281 carnem
879 1223 1124 1290 fuerint,
1171 1227 1274 1278 aut
1320 1219 1702 1294 potius,quod
1743 1219 2029 1274 Dominus

379 1318 668 1372 assistens
690 1332 825 1370 cum
844 1315 988 1386 ipsis
1005 1318 1162 1368 esset
1179 1311 1508 1368 collocutus
1526 1313 1549 1366 Ρ
1565 1313 1753 1380 Atque
1774 1309 1849 1364 ad
1870 1309 2031 1364 Chri-

377 1408 451 1463 sti
474 1407 722 1479 gratiam
743 1404 1120 1461 attendentes
1139 1402 1442 1458 mundana
1465 1406 1764 1456 tormenta
1784 1415 2030 1472 sperne-

377 1497 543 1563 bant,
575 1496 755 1550 unius
784 1495 946 1549 horaa
979 1493 1169 1565 spatio
1201 1509 1264 1547 se
1293 1491 1366 1546 ab
1413 1496 1637 1545 aiterna
1666 1506 1838 1561 paena
1869 1489 2026 1543 redi-

379 1583 1023 1657 mentes.Frigidusque
1041 1582 1186 1654 ipsis
1203 1580 1512 1636 videbatur
1526 1579 1678 1651 ignis
1695 1577 2027 1634 crudelium

379 1674 746 1731 carnificum.
773 1675 898 1728 Prw
925 1671 1113 1728 oculis
1139 1671 1298 1726 enim
1327 1669 1626 1726 habebant
1647 1667 1842 1740 fugam
1867 1667 2028 1722 illius

378 1763 552 1834 ignis,
587 1761 686 1832 qui
720 1766 979 1816 internus
1023 1765 1115 1815 est
1162 1764 1220 1814 et
1263 1773 1570 1829 nunquam
1601 1757 2028 1827 exstinguetur,

382 1857 441 1906 et
471 1851 657 1906 oculis
679 1848 875 1904 cordis
895 1847 1295 1920 respiciebant
1314 1847 1387 1902 ad
1411 1863 1481 1901 ea
1500 1845 1813 1916 bona,quaa
1839 1859 2028 1899 reser-

378 1947 591 1998 vantur
621 1939 1073 2007 sustinentibus,
1106 1961 1132 1988 «
1164 1954 1295 2010 qum
1327 1953 1437 1992 nec
1465 1937 1626 1992 auris
1666 1934 1889 1991 audivit
1916 1950 2027 1991 nec

377 2029 586 2086 oculus
615 2029 782 2096 vidit,
817 2045 927 2084 nec
957 2028 1020 2082 in
1052 2044 1154 2083 cor
1200 2025 1462 2082 hominis
1493 2023 1962 2091 ascenderunt",
1995 2043 2024 2073 ››

375 2137 508 2193 quas
543 2133 678 2174 vero
711 2134 746 2174 a
777 2119 1026 2172 Domino
1059 2120 1388 2171 monstrata
1417 2120 1558 2170 sunt
1576 2113 1670 2184 iis,
1691 2119 1898 2186 utpote
1922 2113 2026 2184 qui

375 2226 498 2266 non
527 2207 800 2264 homines
831 2205 1105 2277 amplius,
1129 2205 1232 2260 sed
1247 2205 1376 2276 jam
1398 2203 1592 2273 angeli
1613 2208 1832 2259 essent.
1849 2203 2024 2258 Simi-

373 2299 513 2354 liter
541 2298 642 2368 qui
676 2296 748 2352 ad
778 2296 998 2350 bestias
1027 2299 1197 2350 erant
1226 2292 1629 2362 condemnati,
1651 2308 1856 2365 graves
1887 2308 2021 2348 cru-

374 2390 564 2444 ciatus
595 2385 988 2458 pertulerunt,
1048 2400 1226 2456 super
1281 2382 1538 2438 murices
1595 2381 1894 2454 prostrati,
1923 2397 2025 2436 va-

373 2477 598 2548 riisque
630 2475 762 2531 aliis
792 2474 1106 2530 tormentis
1162 2471 1508 2538 excruciati,
1541 2477 1627 2540 ut,
1668 2472 1717 2527 si
1759 2472 1887 2528 fleri
1915 2488 2025 2543 po-

373 2567 608 2632 tuisset,
644 2570 930 2638 tyrannus
959 2580 1060 2619 eos
1077 2562 1425 2618 assiduitate
1453 2561 1728 2634 supplicii
1755 2561 1829 2617 ad
1854 2577 2024 2635 nega-

371 2657 597 2712 tionem
628 2653 843 2710 Christi
871 2653 1236 2710 adduxisset.

2149 591 2365 666 μάσειεν
2387 611 2402 661 ;
2430 590 2482 647 οἵ
2508 593 2722 666 μάστιξι
2747 593 2842 666 μὲν
2863 591 3296 663 καταξανθέντες,
3319 590 3462 648 ὥστε
3497 593 3670 670 μέχρι
3692 597 3800 647 τῶν

2143 675 2250 736 ἔσω
2277 677 2494 759 φλεϐῶν
2539 683 2629 738 καὶ
2678 679 2956 758 ἀρτηριῶν
2986 683 3086 752 τήν
3117 687 3218 750 τῆς
3251 683 3447 753 σακρὸς
3480 679 3803 754 οἰκονομίαν

2143 773 2483 845 θεωρεῖσθαι,
2564 773 2875 844 ὑπέμειναν,
2941 771 3016 831 ὡς
3074 771 3164 826 καί
3239 771 3369 832 τοὺς
3427 774 3802 846 περιεστῶτας

2143 858 2312 916 ἐλεεῖν
2341 861 2429 916 καὶ
2465 857 2768 936 ὀδύρεσθαι·
2810 858 2940 924 τοῦς
2997 857 3056 915 δὲ
3110 860 3202 915 καὶ
3261 859 3336 924 εἷς
3377 864 3639 914 τοσοῦτον
3674 880 3801 933 γεν-

2140 951 2433 1021 ναιότητος
2490 949 2689 1018 ἐλθεῖν,
2751 951 2891 1006 ὥστε
2949 952 3089 1024 μήτε
3141 951 3327 1026 γρύξαι
3380 951 3519 1022 μήτε
3551 949 3798 1019 στενάξαι

2138 1041 2263 1096 τινὰ
2319 1039 2521 1111 αὖτῶν,
2580 1037 3057 1114 ἐπιδεικνυμένους
3113 1041 3307 1095 ἅπασιν
3367 1043 3525 1112 ἡμῖν,
3589 1041 3678 1094 δτι
3745 1041 3796 1096 ἐν

2139 1129 2315 1206 ἐκείνῃ
2347 1134 2416 1204 τῇ
2449 1131 2564 1205 ὥρᾳ
2607 1131 3048 1206 βασανιζόμενοι,
3095 1137 3194 1200 τῆς
3241 1130 3438 1206 σαρκὸς
3468 1127 3798 1201 ἀπεδήμουν

2140 1219 2193 1274 οἱ
2236 1220 2501 1296 μάρτυρες
2541 1224 2638 1275 τοῦ
2695 1223 2956 1290 Χριστοῦ,
2990 1216 3206 1291 μᾶλλον
3234 1215 3311 1281 δὲ,
3339 1217 3424 1273 ὅτι
3452 1219 3752 1292 παρεστὼς
3774 1219 3800 1273 ὁ

2139 1308 2336 1385 Κύριος
2365 1307 2569 1384 ὡμίλει
2601 1310 2824 1378 αὖτοῖςς
2877 1308 2980 1366 Καὶ
3031 1307 3398 1384 προσέχοντες
3427 1311 3495 1381 τῇ
3526 1311 3630 1362 τοῦ
3665 1313 3804 1382 Χρι-

2139 1403 2268 1454 στοῦ
2299 1400 2489 1478 χάριτι
2525 1402 2634 1455 τῶν
2681 1403 2958 1471 κοσμικῶν
3003 1398 3367 1476 κατεφρόνουν
3403 1396 3678 1473 βασάνων,
3717 1394 3807 1451 διά

2143 1493 2270 1564 μιᾶς
2299 1486 2445 1556 ὥρας
2471 1489 2572 1558 τήν
2605 1486 2827 1542 αἶ’ώνιον
2875 1484 3102 1542 κόλασιν
3161 1486 3655 1564 ἐξαγοραζόμενοι.
3695 1487 3804 1543 Καὶ

2138 1578 2202 1632 τὸ
2239 1582 2346 1652 πῦρ
2378 1579 2445 1646 ἦν
2481 1577 2666 1639 αὐτοῖς
2694 1578 2907 1651 ψυχρὸν
2940 1577 3003 1632 τὸ
3031 1581 3138 1632 τῶν
3169 1577 3390 1646 ἀπηνῶν
3422 1578 3803 1651 βασανιστῶν.

2141 1665 2252 1740 Πρὸ
2285 1665 2583 1744 ὀφθαλμῶν
2615 1665 2716 1742 γὰρ
2755 1666 2910 1742 εἶχον
2967 1671 3160 1745 φυγεῖν
3209 1667 3271 1721 τὸ
3302 1665 3526 1720 αἰώνιον
3551 1669 3649 1721 καὶ
3687 1689 3807 1740 μη-

2139 1751 2332 1810 δὲποτε
2363 1749 2714 1828 σϐεννύμενον
2749 1758 2879 1830 πῦρ,
2909 1753 2998 1809 καὶ
3027 1760 3147 1819 τοῖς
3185 1761 3288 1824 τῆς
3316 1752 3545 1830 καρδίας
3588 1755 3807 1834 ὀφθαλο

2143 1851 2266 1917 μοῖς
2299 1839 2591 1900 ἀνέϐλεπον
2639 1845 2708 1898 τά
2761 1847 3079 1920 τηρούμενα
3117 1849 3236 1906 τοῖς
3267 1844 3627 1918 ὓπομείνασιν
3660 1846 3806 1920 ἀγα-

2135 1935 2219 2005 θά,
2251 1960 2278 1989 ‹‹
2313 1933 2346 1988 ’ἀ
2377 1931 2501 1990 οὔτε
2539 1933 2632 1996 οῦς
2664 1935 2920 2004 ἤκουσεν,
2982 1931 3106 1989 οὔτε
3162 1934 3446 2011 ὀφθαλμὸς
3479 1931 3647 2002 εἶδεν,
3679 1932 3807 1990 οὔτε

2135 2025 2225 2080 ἐπὶ
2281 2021 2504 2100 καρδίαν
2551 2022 2836 2100 ἀνθρώπου
2895 2017 3083 2096 ἀνέϐη,
3115 2047 3142 2076 ››
3191 2021 3415 2098 ἐκείνοις
3466 2020 3524 2080 δὶ
3578 2021 3806 2080 ὑπεδεί-

2133 2133 2296 2170 κνυτο
2328 2112 2432 2169 ὑπὸ
2461 2117 2557 2168 τοῦ
2590 2111 2808 2187 Κυρίου,
2869 2108 3024 2190 οἵπερ
3088 2113 3282 2186 μηκέτι
3323 2111 3632 2187 ἄνθρωποι,
3667 2111 3800 2169 ἀλλ’

2132 2201 2243 2273 ἤδη
2277 2199 2505 2280 ἄγγελοι
2529 2203 2684 2272 ἦσαν.
2739 2201 2973 2275 Ὁμοίως
3007 2197 3066 2256 δέ
3092 2202 3184 2257 καὶ
3243 2201 3318 2264 εἷς
3348 2201 3416 2256 τὰ
3471 2203 3644 2275 θηρία
3675 2222 3796 2277 κρι-

2133 2291 2308 2355 θέντες
2355 2291 2640 2366 ὑπέμειναν
2693 2295 2806 2366 (35)
2861 2287 3036 2353 δεινάς
3093 2289 3366 2360 κολάσεις,
3413 2292 3668 2366 κήρυκας
3701 2291 3800 2363 μὶν

2133 2380 2667 2457 ὑποπρωννῦμενοι,
2711 2380 2799 2436 καὶ
2832 2378 3029 2442 ἄλλαις
3079 2378 3364 2442 ποικίλαις
3404 2380 3671 2454 βασάνοις
3701 2401 3799 2435 κο-

2133 2468 2658 2552 λαφιζόμενοι,¹ίνα,
2728 2470 2772 2526 εί
2831 2467 3086 2541 δυνηθείη
3146 2471 3174 2525 ὁ
3231 2470 3493 2545 τύραννος
3555 2466 3650 2524 διὰ
3692 2476 3794 2539 τῆς

2131 2560 2398 2636 ἐπιμόνου
2429 2560 2710 2622 κολάσεως
2741 2558 2818 2622 εἷς
2851 2559 3074 2635 ἄρνησιν
3107 2557 3304 2623 αὐτοὺς
3342 2557 3538 2636 τρέψῃ.

1221 2780 1314 2834 III.
1349 2778 1665 2836 Germanici
1693 2781 2027 2838 constantia.
2076 2780 2374 2852 Polycarpi
2416 2795 2560 2836 mors
2583 2780 2924 2851 postulatur.

438 2926 618 2982 Multa
648 2927 806 2982 enim
838 2925 1120 2981 adversus
1151 2922 1284 2978 illos
1328 2921 1595 2978 diabolus
1640 2922 2006 2978 machinatus

2201 2919 2396 2976 Πολλά
2451 2921 2550 2998 γάρ
2591 2920 2914 3000 ἐμηχανᾶτο
2973 2921 3091 2976 κατ’
3146 2918 3322 2974 αὐτῶν
3391 2919 3420 2974 ὁ
3489 2915 3790 2980 διάϐολος.

369 3023 478 3073 est.
513 3015 622 3071 Sed
653 3016 842 3088 gratia
871 3015 948 3070 sit
970 3013 1086 3068 Deo
1109 3033 1124 3080 ;
1148 3029 1288 3068 nam
1310 3012 1614 3067 neminem
1644 3011 1754 3067 iste
1786 3013 2020 3068 vincere

367 3105 577 3178 potuit.
609 3104 990 3159 Fortissimus
1019 3095 1182 3158 enim
1216 3101 1599 3156 Germanicus
1630 3117 1838 3156 eorum
1869 3101 2021 3156 timi-

367 3194 616 3250 ditatem
641 3193 977 3249 constantia
1007 3207 1114 3247 sua
1155 3189 1556 3246 corroboravit
1587 3207 1602 3258 ;
1664 3189 1887 3262 quippe
1919 3190 2022 3262 qui

367 3281 680 3355 splendide
711 3298 849 3337 cum
882 3279 1088 3336 bestiis
1140 3278 1508 3351 pugnaverit.
1539 3279 1686 3334 Nam
1717 3295 1852 3334 cum
1883 3296 2022 3352 pro-

363 3371 574 3427 consul
607 3387 743 3426 eum
773 3369 1012 3425 ﬂectere
1034 3366 1212 3423 vellet
1234 3366 1598 3438 diceretque,
1617 3373 1682 3423 ut
1702 3383 1869 3423 suam
1892 3369 2018 3440 ipse

364 3466 599 3517 aatatem
636 3459 1042 3524 miseraretur,
1065 3457 1166 3512 ille
1188 3456 1436 3513 bestiam
1459 3457 1617 3514 ultro
1645 3457 1720 3513 ad
1748 3475 1810 3513 se
1841 3463 2018 3514 attra-

363 3552 450 3607 xit
479 3551 651 3622 eique
684 3551 800 3605 vim
822 3549 1043 3614 intulit,
1064 3549 1312 3620 cupiens
1332 3547 1586 3604 velocius
1617 3566 1688 3605 ex
1708 3549 1936 3622 injusta
1961 3556 2019 3606 et

367 3639 575 3710 iniqua
603 3639 842 3694 illorum
863 3637 1177 3693 hominum
1207 3637 1324 3692 vita
1354 3638 1630 3710 effugere.
1656 3639 1879 3694 Exinde
1907 3655 2018 3694 au-

363 3735 486 3786 tem
515 3729 792 3785 universa
839 3727 1178 3791 multitudo,
1224 3727 1637 3784 fortitudinem
1667 3728 1750 3800 pii
1779 3745 1847 3783 ac
1876 3728 2014 3782 reli-

361 3819 508 3892 giosi
539 3817 1006 3874 Christianorum
1028 3816 1262 3890 generis
1287 3815 1600 3886 admirata,
1625 3816 2010 3873 exclamavit:

355 3930 378 3958 ι
413 3908 572 3964 Tolle
605 3908 860 3980 impios;
895 3907 1254 3980 Polycarpus
1286 3905 1663 3976 requiratur!
1699 3929 1727 3956 »

2130 3009 2310 3068 ’Δλλὰ
2341 3009 2504 3091 χάρις
2533 3013 2611 3083 τῷ
2642 3015 2778 3083 Θεῷ·
2815 3011 2952 3065 κατὰ
2993 3011 3208 3064 πάντων
3255 3009 3359 3087 γάρ
3403 3009 3506 3064 οὐκ
3533 3009 3792 3085 ἳσχυσεν.

2127 3101 2186 3158 Ὀ
2235 3102 2335 3176 γὰρ
2393 3102 2770 3175 γενναιότατος
2853 3099 3190 3175 Γερμανικὸς
3248 3102 3360 3172 (36)
3423 3097 3798 3175 ἐπερῥώννυεν

2131 3188 2308 3253 αὐτῶν
2336 3190 2435 3258 τὴν
2475 3185 2681 3244 δειλίαν
2709 3185 2799 3243 διά
2851 3194 2952 3258 τῆς
3006 3185 3060 3243 ἐν
3089 3187 3238 3260 αὐτῷ
3269 3187 3582 3261 ὑπομονῆς·
3616 3188 3684 3248 ’ὸς
3710 3187 3802 3242 καὶ

2129 3277 2418 3352 ἐπισήμως
2469 3276 2934 3353 ἐθηριομάχησεν,
2987 3274 3338 3349 Βουλομένοὺ
3386 3275 3493 3351 γάρ
3533 3280 3636 3330 τοῦ
3670 3277 3799 3331 ἀνθ-

2129 3367 2334 3426 υπάτου
2386 3369 2590 3424 πείθειν
2652 3367 2814 3423 αὐτὸν
2873 3371 3007 3441 (37),
3063 3369 3152 3422 καὶ
3216 3366 3472 3440 λέγοντος
3514 3369 3661 3441 (38),
3693 3368 3799 3435 τήν

2126 3457 2350 3530 ἠλικίαν
2409 3458 2574 3514 αὐτοῦ
2633 3462 3023 3533 κατοικτεῖραι,
3083 3456 3259 3530 ἐαυτῷ
3323 3455 3672 3512 ἐπεσπάσατο
3727 3456 3798 3510 τὸ

2125 3547 2314 3624 θηρίον
2343 3543 2840 3622 προσϐιασάμενος,
2870 3548 3067 3626 τάχιον
3097 3550 3194 3601 τοῦ
3236 3543 3427 3600 ἀδίκου
3456 3545 3548 3599 καὶ
3579 3544 3795 3618 ἀνόμου

2128 3639 2252 3713 βίου
2285 3637 2458 3693 αὐτῶν
2491 3637 2876 3714 ἀπαλλαγῆναι
2912 3636 3277 3714 βουλόμενος.
3309 3638 3406 3693 Ἐκ
3450 3633 3666 3689 τούτου
3696 3634 3792 3690 οῦν

2124 3733 2228 3782 πᾶν
2259 3729 2322 3783 τὸ
2353 3726 2590 3797 πλῆθος,
2624 3728 2902 3802 θαυμάσαν
2959 3730 3072 3804 (39)
3120 3727 3222 3795 τήν
3278 3726 3647 3799 γενναιότητα
3697 3730 3798 3781 τοῦ

2125 3815 2416 3893 θεοφιλοῦς
2476 3819 2564 3872 καὶ
2625 3811 2910 3879 θεοσεϐοῦς
2993 3817 3182 3890 γένους
3247 3818 3354 3869 τῶν
3417 3814 3796 3888 Χριστιανῶν,

2123 3901 2436 3977 ἐπεϐόησεν·
2491 3929 2518 3958 ι(
2549 3905 2680 3982 Αἶρε
2741 3907 2868 3970 τοὺς
2923 3905 3133 3970 ἀθέους·
3196 3902 3463 3975 ξητείσθω
3494 3900 3787 3978 Πολύχαρ-

2121 4015 2244 4057 πος.
2281 4019 2308 4047 ››

1714 4112 1804 4168 IV.
1856 4115 2094 4179 Quintus
2143 4120 2414 4185 apostata.

429 4248 679 4316 Quidam
712 4264 867 4315 vero,
901 4245 1143 4302 nomine
1188 4245 1460 4315 Quintus,
1523 4247 1765 4302 natione
1795 4248 2006 4320 Phryx,

2203 4248 2298 4308 Εἷς
2328 4245 2408 4314 δὲ,
2460 4247 2688 4320 ὀνόματι
2738 4248 2978 4316 Κόϊντος,
3017 4245 3186 4323 Φρὺξ,
3217 4245 3551 4322 προσφάτως
3583 4243 3788 4315 ἐληλυ-

359 4338 462 4410 qui
488 4354 680 4408 nuper
709 4353 779 4390 ex
809 4335 1061 4408 Phrygia
1099 4335 1439 4403 advenerat,
1472 4351 1606 4390 cum
1638 4336 1881 4392 vidisset
1907 4338 2010 4392 be-

355 4428 522 4495 stias,
554 4425 768 4480 timore
799 4424 1111 4496 perculsus
1141 4429 1248 4479 est.
1275 4423 1378 4479 Hic
1413 4429 1612 4479 autem
1643 4431 1788 4493 erat,
1813 4427 1914 4497 qui
1947 4441 2011 4481 se

356 4517 553 4588 ipsum
584 4520 643 4571 et
671 4514 820 4570 alios
850 4513 1142 4586 quosdam
1186 4513 1524 4585 impulerat,
1557 4520 1623 4568 ut
1649 4514 1807 4570 ultro
1837 4531 2006 4571 acce-

357 4605 590 4660 derent.
614 4604 762 4658 Huic
785 4602 1107 4676 proconsul
1124 4601 1329 4658 multis
1351 4601 1857 4658 obsecrationibus
1880 4622 2010 4676 per.

357 4693 545 4749 suasit
574 4693 782 4764 jurare
838 4707 907 4747 ac
964 4691 1320 4747 sacriﬁcare.
1381 4692 1629 4762 Pr0pter
1669 4691 1779 4748 hoc
1809 4693 2007 4766 igitur,

355 4782 719 4844 fratres,non
736 4781 1050 4836 laudamus
1073 4796 1195 4848 eos,
1220 4779 1320 4850 qui
1341 4785 1550 4850 sponte
1571 4795 1700 4835 sese
1731 4782 2006 4853 offerunt;

359 4869 848 4943 quandoquidem
878 4885 1000 4924 non
1040 4869 1124 4923 ita
1153 4867 1328 4923 docet
1355 4867 1757 4942 Evangelium.

426 5025 447 5059 "
499 5024 520 5079 Ι
552 5025 682 5080 Cor.
719 5040 780 5092 ιι,
811 5025 864 5078 9.

429 5167 540 5236 (35)
572 5168 654 5220 Ita
681 5165 1044 5236 Jacobsonus
1075 5182 1106 5220 e
1139 5163 1309 5221 codd.
1344 5161 1598 5236 Vindob.
1643 5169 1702 5220 et
1721 5165 1908 5222 Paris.
1939 5167 2006 5222 In

357 5234 545 5294 Editis
577 5255 684 5308 pro
715 5235 1005 5307 ὑπέμειναν
1037 5236 1254 5309 legitur
1283 5234 1505 5309 χρόνον.

429 5254 545 5293 nus
577 5255 684 5308 pro
715 5254 1005 5307 υπεμειναν
1038 5254 1254 5364 legitur
1283 5254 1505 5309 χρονον.

429 5311 542 5378 (36)
569 5310 712 5378 Ejus
734 5309 1084 5364 memoriam
1139 5325 1234 5364 an.
1257 5311 1321 5363 19
1345 5307 1682 5362 Latinorum
1703 5307 2010 5364 celebrant

360 5379 788 5452 Martyrologia.
824 5381 1020 5435 Ussan.

435 5449 546 5523 (37)
577 5449 802 5523 Nomen
860 5449 1256 5523 proconsulis,
1313 5449 1474 5505 Lucii
1503 5450 1670 5506 Statii
1701 5450 2004 5522 Quadrati,

359 5520 544 5578 habes
577 5521 734 5578 infra
763 5539 812 5578 c.
847 5520 934 5577 2].

362 5591 668 5714 “Egilia
693 5593 859 5649 dedit
898 5591 1260 5650 Jacobsonus
1315 5609 1348 5648 e
1405 5590 1536 5648 cod.
1593 5592 1780 5649 Paris.
1812 5593 2004 5650 Editi:

428 5678 542 5733 γειν
555 5702 568 5718 .

2121 4335 2229 4400 θὼς
2289 4336 2394 4392 ἀπὸ
2444 4338 2544 4407 τῆς
2581 4336 2866 4412 ,Φρυγίας,
2925 4333 3074 4401 ἰδὼν,
3123 4336 3191 4390 τὰ
3240 4333 3406 4408 θηρία
3464 4331 3785 4389 ἐδειλίασεν.

2119 4425 2296 4487 Οὗτος
2347 4422 2404 4480 δὲ
2460 4425 2526 4495 ἧν
2583 4425 2611 4480 ὀ
2671 4423 3146 4499 παραϐιασάμενος
3187 4424 3376 4478 ἑαυτόν
3405 4444 3466 4478 τε
3493 4423 3586 4477 καί
3629 4443 3785 4483 τινας

2117 4512 2436 4587 προσελθεῖν
2467 4513 2683 4577 ἑκόντας
2713 4516 2849 4588 (40).
2893 4517 3106 4572 Τοῦτον
3156 4514 3185 4568 ὁ
3232 4511 3561 4581 ἀνθύπατος,
3593 4509 3783 4566 πολλά

2118 4601 2512 4678 ἐκλιπαρήσας,
2543 4599 2750 4660 ἔπεισεν
2784 4603 2986 4678 ὀμόσαι
3034 4603 3125 4658 καὶ
3176 4600 3448 4665 ἐπιθόσαι.
3484 4601 3583 4656 Διὰ
3613 4603 3778 4654 τοῦτο

2117 4691 2240 4764 οῦν,
2275 4690 2524 4769 ἀδελφοὶ,
2555 4694 2658 4748 οὐκ
2686 4692 3010 4766 ἐπαινοῦμεν
3053 4691 3181 4754 τοὺς
3231 4687 3624 4766 προσδιδόντας
3655 4690 3775 4744 ἐαυ-

2115 4781 2243 4843 τοῦς
2301 4783 2435 4854 (41)·
2497 4779 2685 4852 ἐπειδὴ
2746 4783 2859 4858 οὐχ
2911 4779 3086 4844 οὕτως
3143 4777 3384 4835 διδάσκει
3432 4779 3494 4834 τὸ
3529 4776 3774 4854 Εὐαγγὲ-

2121 4867 2242 4925 λιον
2275 4873 2410 4946 (42).

2185 5169 2298 5241 (39)
2329 5171 2417 5226 Ita
2447 5172 2566 5226 Jac.
2601 5186 2632 5224 e
2664 5170 2836 5227 codd.
2873 5171 3122 5226 Vindob.
3159 5175 3217 5225 et
3271 5168 3454 5224 Paris.
3499 5168 3774 5240 reposuit

2116 5257 2222 5312 pro
2253 5241 2406 5314 vulg.
2440 5241 2736 5313 θαυμάσας.

2187 5314 2298 5383 (40)
2329 5311 2378 5366 ΙΙ
2405 5331 2454 5368 e.
2495 5336 2521 5362 ‹‹
2549 5311 2765 5384 Sponte
2795 5330 2856 5368 se
2889 5311 3368 5384 persecutoribus
3399 5312 3702 5384 offerrent.
3740 5333 3769 5360 ι)

2189 5381 2305 5450 (41)
2335 5386 2422 5440 Ita
2449 5381 2831 5440 Jacobsonus.
2866 5381 3018 5440 Editi
3046 5403 3060 5441 :
3091 5381 3416 5454 προσιόντας
3463 5382 3696 5446 ἱαυθοῖς.

2187 5457 2302 5528 (42)
2331 5456 2503 5512 lubet
2554 5456 2713 5512 enim
2766 5457 2964 5528 potius
3021 5453 3430 5528 Evangelium,
3460 5454 3663 5526 fugere
3693 5453 3769 5528 ad

2117 5525 2295 5582 aliam
2327 5528 2622 5584 civitatem
2671 5525 2898 5595 (Matth.
2943 5544 3000 5595 x,
3059 5529 3150 5592 25)
3174 5525 3209 5594 ;’
3233 5526 3318 5581 ita
3361 5525 3562 5581 tamen
3602 5531 3686 5586 ut,
3717 5525 3769 5579 si

2116 5598 2320 5671 fugere
2352 5614 2472 5656 non
2513 5599 2711 5666 liceat,
2743 5617 2905 5656 mors
2953 5603 3297 5655 constanter
3323 5596 3572 5653 feratur.
3605 5598 3768 5654 Cum.
