3956 6308
148 380 175 441 l
185 377 307 443 033

721 376 969 439 EPIST.
1015 374 1752 441 ECCLESIE'SMYRN.
1797 376 1899 441 DE
1941 375 2357 443 MARTYRIO
2394 379 2459 440 Β.
2504 377 2985 443 POLYCARPI.

3402 383 3563 446 ωθᾶ

1378 510 1470 567 VI.
1516 511 1815 583 Polycarpi
1841 525 2071 568 secessus
2098 518 2155 569 et
2181 514 2340 568 visio.

217 625 275 678 Ὁ
305 617 363 676 δὲ
406 617 858 694 θαυμασιώτατος
898 616 1283 691 Πολύκαρπος,
1329 617 1395 672 τὸ
1445 617 1539 692 μὲν
1571 621 1791 690 πρῶτον

1969 620 2327 693 Polycarpus
2349 624 2570 690 autem,
2602 622 2690 678 vir
2717 623 2970 681 maxime
3002 623 3393 694 admirabilis,
3428 623 3562 699 p'ri-

145 709 381 772 ἀκούσας
431 709 532 764 οὑκ
591 706 895 782 ἐταράχθη,
956 705 1085 762 ἀλλ’
1140 700 1400 762 ἐϐούλετο
1450 706 1590 761 κατὰ
1628 703 1794 760 πόλιν

1968 725 2091 777 um,
2124 726 2186 764 re
2215 709 2417 766 audita
2445 726 2567 766 non
2597 711 2888 778 turbatus,
2920 713 2983 767 in
3024 713 3167 768 urbe
3198 729 3566 785 permanere

152 799 350 876 μένειν·
388 799 441 852 οἱ
473 795 530 853 δὲ
573 795 800 858 πλείους
857 793 1071 858 ἔπειθον
1132 794 1291 850 αὐτὸν
1329 794 1660 866 ὑπεξελθεῖν.
1693 794 1797 852 Καὶ

152 886 450 960 ὑπεξῆλθεν
482 886 558 948 εἲς
617 882 889 960 ἀγρίδιον,
923 885 988 940 οὐ
1029 884 1238 959 μακρὰν
1272 883 1479 958 ἀπέχον
1540 885 1644 939 ἀπὸ
1695 890 1797 952 τῆς

148 976 385 1040 πόλεως·
420 976 511 1030 καὶ
572 969 809 1047 διέτριϐε
855 975 967 1047 (45)
1027 974 1140 1047 μετ’
1198 971 1427 1048 ὀλίγων,
1486 973 1651 1028 νύκτα
1707 972 1798 1027 καὶ

150 1067 358 1142 ἡμέραν
413 1062 568 1120 οὐδὲν
622 1061 803 1139 ἕτερον
862 1066 1060 1132 ποιῶν,
1111 1062 1147 1134 ἢ
1195 1067 1641 1142 προσευχόμενος
1679 1062 1797 1136 περὶ

149 1157 383 1222 πάντων,
415 1153 503 1210 καὶ
555 1158 663 1209 τῶν
718 1152 857 1208 κατᾶ
909 1153 1010 1220 τὴν
1053 1151 1382 1224 οἰκουμένην
1435 1152 1794 1221 Ἐκκλησιῶψ

150 1246 281 1320 ὅπερ
310 1245 377 1313 ἧν
412 1242 633 1314 σύνηθες
674 1242 839 1313 αὐτῷ.
892 1241 990 1296 Καὶ
1046 1241 1494 1316 προσευχόμενος
1524 1238 1576 1296 ἐν
1628 1239 1798 1295 ὀπτα-

152 1335 242 1407 σίᾳ
270 1334 457 1411 γέγονε
482 1333 589 1406 πρὸ
618 1335 788 1405 τριῶν
835 1333 1057 1406 ἡμερῶν
1116 1335 1215 1385 τοῦ
1282 1328 1665 1408 συλληφθῆναι
1698 1330 1799 1385 αύ-

148 1425 262 1481 τόν*
295 1422 389 1478 καὶ
429 1419 570 1477 εἶδεν
630 1419 1068 1494 προσκεφάλαιον
1136 1420 1302 1475 αὐτοῦ
1359 1420 1463 1475 ὑπὸ
1509 1421 1679 1494 πυρὸς
1711 1440 1801 1475 κα-

145 1512 531 1586 τακαιόμενον.
562 1511 664 1567 Καὶ
702 1510 955 1587 στραφεὶς
988 1510 1138 1565 εἶπεν
1169 1510 1306 1585 πρὸς
1365 1510 1495 1572 τοὺς
1544 1509 1797 1566 συνόντας

145 1604 298 1674 αὐτῷ
316 1603 695 1680 προφητικῶς·
729 1623 758 1652 ‹‹
792 1603 882 1653 Δεῖ
917 1619 985 1672 με
1017 1603 1191 1668 ζῶντα
1229 1598 1497 1667 καυθῆναι
1527 1602 1658 1671 (44).
1694 1623 1723 1650 ››

1906 797 2178 853 volebat:
2214 798 2480 870 plerique
2507 804 2703 855 tamen
2735 801 2788 856 ei
2822 808 3266 874 persuaserunt,
3300 808 3367 859 ut
3397 821 3562 861 sece-

1907 884 2093 941 deret.
2127 888 2196 942 Et
2219 887 2463 943 secessit
2511 888 2573 944 in
2600 888 2825 958 villam,
2868 906 2989 945 non
3021 891 3274 947 multum
3306 892 3379 948 ab
3413 893 3561 949 urbe

1911 973 2218 1042 dissitam;
2250 975 2351 1031 ubi
2384 993 2518 1031 cum
2550 978 2752 1049 paucis
2785 979 3023 1049 mansit,
3041 979 3145 1035 diu
3165 982 3562 1054 noctuquenil

1908 1064 2072 1120 aliud
2097 1081 2298 1137 agens,
2322 1065 2438 1120 nisi
2470 1066 2628 1137 quod
2658 1074 2856 1123 oraret
2906 1086 3011 1140 pro
3038 1069 3327 1126 universis
3358 1076 3418 1126 et
3447 1089 3557 1144 pro

1910 1153 2187 1211 omnibus
2226 1170 2335 1225 per
2361 1153 2566 1210 orbem
2596 1155 2911 1224 Ecclesiis;
2945 1158 3104 1230 quod
3153 1158 3267 1231 ipsi
3298 1165 3425 1215 erat
3457 1177 3558 1217 so-

1908 1242 2123 1299 lemne.
2155 1244 2225 1298 Et
2253 1260 2388 1300 cum
2419 1248 2637 1313 oraret,
2687 1245 2881 1302 triduo
2929 1252 3248 1318 antequam
3279 1265 3558 1321 compre-

1908 1332 2289 1397 henderetur,
2322 1333 2469 1389 visio
2499 1334 2553 1388 ei
2574 1334 2805 1407 obtigit,
2826 1334 3088 1406 viditque
3111 1338 3360 1393 cervical
3382 1355 3557 1396 suum

1910 1420 2192 1478 incendio
2215 1421 2613 1494 conﬂagrans.
2645 1425 2717 1479 Et
2744 1440 3063 1481 conversus
3091 1427 3166 1481 ad
3194 1427 3389 1483 socios
3415 1444 3560 1500 pro-

1908 1510 2142 1582 phetice
2173 1511 2359 1568 dixit:
2389 1533 2417 1562 «
2442 1512 2687 1585 Oportet
2714 1529 2810 1570 me
2838 1515 3033 1571 vivum
3063 1515 3351 1573 comburi.
3386 1537 3416 1567 »

1007 1707 1098 1763 VI.
1122 1708 1459 1778 Polycarpus
1487 1723 1522 1762 a
1547 1708 1763 1763 servulo
1798 1707 2082 1779 proditur,
2122 1709 2360 1764 Herodes
2388 1709 2701 1767 irenarcha.

222 1807 328 1864 Καὶ
374 1805 740 1880 ἐπιμενόντων
768 1808 878 1862 τῶν
928 1805 1237 1875 ζητούντων
1269 1804 1453 1872 αὐτὸν,
1488 1799 1687 1878 μετέϐη
1726 1804 1802 1868 εἷς

144 1900 332 1969 ’ἓτερον
361 1893 635 1972 ἀγρίδιοψ
677 1895 767 1951 καὶ
820 1894 1019 1958 εὐθέως
1075 1892 1372 1964 ἐπέστησαν
1414 1894 1467 1948 οἱ
1511 1897 1799 1964 ζητοῦντες

146 1988 333 2044 αὐτὸν.
367 1987 462 2043 Καὶ
503 1986 578 2058 μὴ
613 1983 877 2059 εὑρόντες,
940 1977 1304 2039 συνελάϐοντο
1359 1979 1623 2056 παιδάρια
1680 1979 1799 2052 δύο,

148 2079 225 2133 ὧν
292 2076 356 2132 τὸ
412 2074 593 2150 ἕτερον
644 2075 1068 2150 βασανιζόμενον
1122 2072 1505 2148 ὡμολόγησεν.
1556 2079 1654 2129 Ἠν
1697 2075 1802 2151 γὰρ

147 2168 242 2223 καὶ
274 2163 533 2221 ἀδύνατον
565 2162 750 2220 λαθεῖν
813 2162 995 2231 αὐτὸν,
1059 2162 1174 2218 ἐπεὶ
1233 2164 1323 2218 καὶ
1373 2165 1425 2217 οἱ
1456 2160 1806 2238 προδιδόντες

151 2257 317 2312 αὐτὸν
348 2256 542 2310 οἰκεῖοι
598 2254 850 2328 ὓπῆρχον
907 2258 1036 2320 (4-5).
1098 2254 1196 2307 Καὶ
1254 2254 1282 2308 ὁ
1315 2253 1804 2331 εἶρήναρχος(46>,

150 2349 180 2403 ὁ
222 2346 315 2402 καὶ
362 2343 717 2420 κληρονόμος
747 2347 879 2409 (47),
908 2342 972 2398 τὸ
1002 2341 1133 2398 αὐτὸ
1165 2343 1337 2416 ὄνομα
1365 2346 1497 2412 (48),
1553 2340 1804 2416 Ἡρώδης

150 2435 571 2508 ἐπιλεγόμενος,
604 2430 855 2489 ἔσπευδεν
916 2431 992 2489 εἷς
1050 2432 1113 2486 τὸ
1151 2428 1366 2486 στάδιον
1400 2430 1558 2486 αὐτὸν
1588 2432 1808 2509 εἰσαγα-

148 2528 292 2600 γεῖν’
331 2522 423 2577 ’ἱνα
480 2522 680 2584 ἐκεῖνος
737 2521 832 2595 μὲν
892 2521 982 2577 τὸν
1047 2518 1188 2575 ἴδιον
1247 2519 1455 2592 κλῆρον
1513 2519 1805 2596 ἀπαρτίσῃ,

149 2615 398 2688 Χριστοῦ
453 2613 717 2672 κοινωνὸς
756 2610 1073 2684 γενόμενος·
1131 2610 1183 2664 οἱ
1242 2607 1300 2664 δὶ
1328 2607 1620 2682 προδόντες
1645 2608 1807 2665 αὐτὸν

148 2705 255 2773 τὴν
300 2701 468 2758 αὐτοῦ
499 2705 608 2767 (49)
640 2704 736 2756 τοῦ
763 2697 942 2757 Ἰούδα
972 2701 1268 2775 ὑπόσχοιεν
1294 2699 1565 2774 τιμωρίαν
1610 2701 1622 2755 l

1983 1807 2350 1863 Instantibus
2379 1812 2576 1863 autem
2632 1808 2706 1862 iis
2736 1809 2837 1879 qui
2895 1811 3240 1880 quaerebant
3297 1827 3455 1880 eum,
3492 1812 3556 1868 in

1911 1895 2088 1952 aliam
2118 1897 2319 1953 villam
2341 1898 2648 1970 migravit;
2681 1903 2736 1953 et
2768 1900 2966 1954 statim
2997 1900 3246 1956 aderant
3293 1903 3558 1974 explora-

1912 1990 2087 2040 tores
2116 1987 2379 2058 Cumque
2410 1986 2577 2042 illum
2590 2003 2711 2043 non
2733 1988 3115 2060 reperissent,
3135 1990 3282 2045 duos
3295 1990 3559 2046 servulos

1914 2076 2513 2147 comprehenderunt,
2538 2092 2791 2148 quorum
2812 2077 2983 2147 alter,
3014 2080 3329 2135 tormentis
3359 2080 3561 2136 subdi-

1917 2171 2028 2232 tus,
2062 2166 2366 2221 confessus
2399 2171 2504 2221 est.
2536 2166 2907 2238 Impossibile
2958 2172 3156 2223 autem
3215 2173 3344 2224 erat
3371 2170 3559 2225 latere

1915 2257 2133 2327 ipsum,
2167 2272 2301 2311 cum
2331 2256 2666 2327 proditores
2693 2256 3001 2312 domestici
3026 2257 3155 2329 ejus
3177 2260 3562 2315 essent.lren-

1916 2347 2095 2401 archa
2122 2362 2281 2411 vero,
2312 2347 2401 2401 vel
2433 2345 2831 2417 cleronomus,
2854 2346 3180 2417 quodidem
3212 2364 3430 2403 munus
3449 2353 3558 2417 est,

1915 2437 2156 2490 nomine
2187 2436 2467 2503 Herodes,
2501 2437 2561 2490 in
2589 2436 2846 2492 stadium
2878 2436 3048 2492 illum
3079 2436 3295 2492 ducere
3347 2454 3562 2510 prope-

1917 2524 2103 2592 rabat,
2136 2530 2201 2578 ut
2230 2524 2325 2579 hic
2347 2530 2566 2579 sortem
2589 2542 2757 2580 suam
2775 2524 3294 2597 impleret,Christi
3318 2543 3561 2582 consors

1915 2614 2144 2680 factus;
2175 2613 2511 2685 proditores
2559 2619 2759 2668 autem
2791 2614 2922 2685 ejus
2974 2613 3139 2669 Iudae
3188 2630 3394 2685 pmnas
3428 2615 3563 2670 sub-

1917 2702 2099 2759 eaut!

1196 2792 1309 2846 VII.
1344 2792 1684 2861 Polycarpus
1714 2807 1748 2846 a
1769 2792 2208 2863 persecutoribus
2239 2792 2536 2848 invenitur.

225 2882 493 2956 Ἶζχοντες
524 2879 616 2936 οὗν
643 2878 706 2935 τὰ
757 2876 1074 2954 παιδάριον,
1117 2884 1186 2954 τῇ
1217 2881 1551 2952 παρασκευῇ,
1584 2876 1802 2934 δείπνου

152 2970 297 3046 ὥρᾳ,
350 2967 578 3039 ἐξῆλθον
621 2964 921 3041 διωγμῖται
978 2967 1065 3021 καὶ
1100 2968 1304 3035 ἱππεῖς,
1359 2966 1493 3041 μετὰ
1542 2970 1650 3021 τῶν
1683 2986 1802 3020 συν-

150 3063 308 3129 ήθων
349 3057 533 3119 αὐτοῖς
585 3055 795 3125 ὅπλων,
861 3078 882 3105 ι
917 3056 992 3117 ὡς
1021 3054 1136 3111 ἐπεὶ
1169 3055 1375 3129 λῃστὴν
1434 3055 1742 3134 τρέχοντες.
1776 3078 1803 3107 ιο

154 3148 254 3204 Καὶ
290 3148 391 3222 ὀψὲ
437 3153 537 3215 τῆς
599 3144 745 3219 ὥρας
803 3143 1217 3208 συνεπελθόντες
1274 3147 1415 3219 (50),
1471 3143 1676 3200 ἐκεῖνον
1710 3144 1804 3216 μὶν

151 3236 311 3312 εὗρον
342 3233 393 3290 ἕν
434 3256 538 3290 τινι
572 3231 834 3307 δωματίῳ
866 3232 1276 3305 κατακείμενον,
1315 3233 1368 3288 ἐν
1411 3237 1521 3297 (51)
1553 3233 1803 3306 ὑπερῴην

146 3326 403 3388 κάκεῖθεν
431 3322 664 3392 ἠδύνατο
727 3322 803 3385 εἷς
844 3319 1030 3398 ἕτερον
1064 3320 1274 3399 χωρίον
1344 3321 1624 3389 ἀπελθεῖν,
1677 3320 1804 3377 ἀλλ’

150 3417 261 3472 οὐκ
299 3409 604 3484 ἐϐουλήθη,
661 3410 855 3467 εἰπών·
912 3410 1046 3467 «Τὸ
1106 3409 1323 3484 θέλημα
1377 3415 1475 3466 τοῦ
1531 3415 1665 3467 Θεοῦ
1697 3417 1806 3484 (52)

147 3506 389 3581 γενέσθω
419 3504 462 3561 9.
498 3525 526 3555 »
559 3501 820 3564 Ἀκούσας
864 3497 921 3556 δὲ
979 3498 1174 3563 αὐτοὺς
1227 3499 1497 3575 παρόντας
1555 3501 1686 3571 (53),
1717 3500 1809 3556 καὶ

149 3587 421 3662 καταϐὰς,
456 3589 719 3667 διελέχθη
761 3592 972 3652 αὐτοῖς’
1032 3591 1416 3660 θαυμαζόντων
1470 3596 1577 3645 τῶν
1608 3592 1807 3666 παρόν-

151 3706 268 3742 των
327 3684 430 3752 τήν
483 3681 707 3752 ἡλικίαν
766 3680 930 3736 αὐτοῦ
986 3681 1076 3734 καὶ
1129 3680 1193 3735 τὸ
1242 3679 1520 3750 εὐσταθὲς,
1577 3681 1668 3736 καὶ
1726 3682 1811 3736 δτι

150 3769 402 3844 τοσαύτῃ
435 3766 650 3842 σπουδῇ
685 3767 991 3847 ἐχρήσαντο
1018 3771 1118 3822 τοῦ
1151 3765 1530 3843 συλληφθῆναι
1562 3771 1809 3822 τοιοῦτον

154 3853 479 3937 πρεσϐύτην
517 3856 685 3933 ἄνδρα
713 3861 849 3921 (54).
905 3854 1121 3917 Εὐθέως
1177 3856 1267 3910 οὖν
1324 3855 1510 3919 αὐτοῖς
1566 3854 1815 3911 ἐκέλευσε

157 3951 536 4026 παρατεθῆναι
571 3953 762 4028 φαγεῖν
811 3947 899 4002 καὶ
934 3951 1074 4002 πιεῖν
1113 3945 1166 4001 ἐν
1194 3945 1367 4020 ἐκείνῃ
1420 3950 1488 4019 τῇ
1521 3944 1658 4021 ὥρᾳ,
1690 3944 1814 4001 ὅσον

156 4041 226 4097 ἂν
262 4038 593 4116 βούλωνται’
631 4037 925 4111 εξῃτησατο
985 4033 1043 4091 δὲ
1093 4035 1307 4103 αὐτοὺς,
1337 4036 1430 4090 ἳνα
1468 4032 1632 4090 δῶσιν
1664 4036 1815 4106 αὐτῷ

160 4131 318 4205 ὥραν
349 4127 486 4202 πρὸς
543 4125 605 4181 τό
667 4124 1058 4200 προσεύξασθαι
1088 4122 1284 4185 ἀδεῶς.
1340 4128 1460 4179 Τῶν
1517 4121 1575 4178 δὲ
1603 4121 1817 4198 ἐπιτρε-

159 4221 410 4295 ψάντων,
442 4216 654 4280 σταθεὶς
687 4215 1057 4290 προσηύξατο,
1089 4213 1311 4290 πλήρης
1352 4213 1427 4269 ὢν
1454 4220 1555 4284 τῆς
1588 4214 1815 4290 χάριτος

156 4313 265 4365 τοῦ
316 4312 473 4379 Θεοῦ,
519 4307 712 4371 οὕτως,
746 4303 885 4360 ὥστε
937 4303 1026 4360 ἐπὶ
1076 4302 1171 4359 δύο
1219 4298 1366 4378 ὥρας
1427 4306 1502 4376 μὴ
1564 4300 1818 4359 δύνασθαι

159 4404 470 4467 σιωπῆσαι,
501 4394 593 4451 καὶ
625 4392 1023 4464 ἐκπλήττεσθαι
1062 4393 1190 4457 τοὺς
1220 4391 1540 4461 ἀκούοντας,
1572 4390 1818 4455 πολλοὺς

158 4506 227 4543 τε
261 4490 542 4560 μετανοεῖν
575 4481 664 4537 ἐπὶ
707 4486 786 4554 τῷ
816 4480 1137 4552 ἐληλυθέναι
1195 4480 1279 4537 ἐπὶ
1313 4484 1560 4537 τοιοῦτον
1595 4480 1821 4557 θεοπρε-

162 4580 248 4644 πῆ
281 4567 612 4648 πρεσϐύτην.

237 4703 261 4738 ⁸
291 4702 494 4759 Matth.
527 4717 684 4767 xxvx,
716 4702 806 4755 55.
881 4700 904 4735 ⁹
933 4699 1136 4755 Matth.
1169 4716 1243 4769 v1,
1279 4699 1382 4766 10;
1415 4701 1542 4755 Act.
1570 4717 1691 4768 χχι,
1725 4700 1812 4757 14.

244 4843 360 4917 (43)
389 4844 478 4899 Ita
508 4842 870 4917 Jacobsonus
902 4857 932 4897 e
964 4840 1103 4917 cod.
1128 4840 1496 4917 Paris._}§diti
1521 4832 1724 4917 ἔτριβε.

240 4912 363 4982 (44)
393 4917 480 4971 Ita
516 4915 882 4970 Jacobsonus
912 4930 943 4968 e
976 4913 1281 4968 codicibus
1330 4912 1603 4983 Vindob.,
1638 4913 1822 4970 Paris.

168 4996 235 5046 et
270 4990 511 5043 Barocc.
543 4986 697 5040 Editi
723 5003 734 5039 :
766 4985 1185 5053 κατακαυθῆναι.

249 5060 369 5130 (45)
396 5058 497 5113 Ἦν
527 5056 699 5130 γᾶρφ
745 5055 996 5130 ὑπῆρχον
1041 5072 1124 5130 ex
1172 5054 1617 5127 interpolatoris
1648 5071 1830 5111 manu

168 5128 311 5189 esSe
336 5128 551 5186 Censet
568 5128 988 5200 Dalrymplius.
1031 5129 1152 5182 lac.

249 5196 733 5275 (46)Alrenarchse
763 5196 983 5275 munus
1017 5203 1160 5259 erat,
1210 5196 1525 5275 seditiosos
1559 5197 1833 5275 homines

168 5280 237 5331 et
252 5268 420 5343 pacis
433 5271 683 5343 publica?
707 5271 1039 5325 turbatores
1064 5268 1587 5343 comprehendere.
1633 5270 1831 5326 VALES.

275 5345 370 5414 47)
433 5339 791 5414 Κληρονόμοι
826 5346 968 5397 sunt
1017 5362 1042 5393 ι
1091 5340 1553 5414 magistratatus,
1593 5361 1633 5414 _»
1677 5347 1835 5395 sorte

170 5410 393 5484 electi.
418 5410 713 5469 CorfMihi
744 5413 902 5469 idem
927 5410 1306 5484 magistratus
1335 5417 1456 5466 tum
1482 5410 1835 5484 εἰρήναρχος,

171 5495 313 5545 tum
344 5482 453 5551 κλη
497 5483 698 5555 ονόμος
730 5491 967 5540 vocatus
993 5484 1175 5539 fuisse
1206 5482 1457 5537 videtur.

248 5556 389 5612 (48)
421 5502 655 5612 ’ὄνομα
686 5562 754 5610 ut
781 5556 1020 5612 saepius.
1069 5576 1098 5605 «
1132 5570 1369 5612 munus.
1411 5559 1457 5608 01

248 5557 281 5627 (
294 5556 389 5629 48)

173 5647 319 5687 ΠΟΓ.
366 5650 395 5679 ﬁ

255 5701 373 5774 (49)
408 5694 556 5773 Lege
588 5697 782 5765 αὐτὴν.
815 5698 935 5754 ,1Αο.

512 5818 778 5880 Panos.
825 5815 934 5878 Gn.
980 5815 1054 5879 Υ.

1856 4853 1903 4919 D

492 5553 655 5627 νομα,
686 5562 754 5610 ut
781 5556 1020 5628 saepius,
1069 5576 1098 5605 ‹‹
1132 5570 1369 5622 munus,
1411 5553 1696 5624 ofﬁcium,
1734 5554 1839 5610 ho-

1981 2880 2276 2936 Habentes
2306 2897 2442 2953 ergo
2466 2879 2964 2951 puerulum,feria
2994 2886 3179 2950 sexta,
3213 2881 3320 2937 sub
3353 2882 3563 2937 horam

1911 2987 2113 3039 omnis,
2145 2970 2364 3043 egressi
2396 2975 2535 3026 sunt
2581 2975 2992 3042 persecutores
3042 2976 3101 3026 et
3153 2973 3382 3042 equites
3426 2984 3563 3027 cum

1913 3060 2214 3116 consuetis
2245 3060 2446 3125 armis,
2467 3064 2794 3130 «tanquam
2824 3060 3408 3116 adversuslatronem
3431 3076 3564 3133 pro-

1914 3150 2246 3205 ﬁciscentes
2271 3147 2313 3205 ⁸.
2344 3170 2372 3199 ››
2407 3151 2478 3203 Et
2531 3148 2639 3204 sub
2668 3150 3073 3221 vespertinum
3118 3156 3354 3221 tempus
3384 3149 3567 3205 adve-

1913 3238 2169 3304 nientes,
2202 3236 2373 3293 illum
2403 3236 2467 3291 in
2500 3237 2791 3308 superiori
2823 3237 3097 3293 cubiculo
3128 3253 3322 3309 parvas
3350 3237 3564 3308 cujus-

1916 3327 2053 3382 dam
2083 3326 2294 3382 domus
2350 3326 2824 3382 discumbentem
2871 3327 3264 3395 invenerunt;
3309 3326 3471 3383 unde
3500 3326 3565 3382 in

1837 3435 1880 3501 ρ
1918 3415 2081 3472 aliud
2112 3415 2401 3487 praedium
2431 3415 2594 3471 abire
2623 3420 2877 3486 poterat,
2909 3412 3013 3471 sed
3054 3416 3268 3483 noluit,
3322 3416 3559 3472 dicens:

1922 3527 1948 3556 «
1971 3505 2099 3561 Fiat
2127 3504 2398 3560 voluntas
2427 3504 2608 3561 Dei”;
2656 3506 2799 3560 Cum
2856 3521 2992 3560 vero
3024 3521 3124 3561 eos
3156 3511 3420 3561 astantes
3458 3521 3566 3561 au-

1920 3595 2104 3650 disset
2155 3610 2223 3649 ac
2275 3593 2698 3661 descendisset,
2755 3611 2890 3650 cum
2949 3596 3037 3650 eis
3090 3595 3421 3651 collocutus
3452 3599 3563 3661 est,

1919 3683 2276 3738 mirantibus
2308 3684 2405 3748 iis,
2438 3683 2540 3754 qui
2572 3683 2839 3750 aderant,
2872 3689 3107 3739 aetatem
3155 3686 3285 3757 ejus
3314 3691 3373 3741 et
3423 3702 3566 3741 con-

1921 3772 2223 3838 stantiam,
2255 3771 2529 3842 quodque
2561 3771 2674 3842 ipsi
2705 3777 2867 3827 tanto
2893 3772 3087 3828 studio
3116 3775 3209 3829 usi
3237 3774 3464 3830 fuerint
3491 3773 3567 3829 ad

1922 3860 2263 3931 hujusmodi
2278 3860 2465 3916 virum
2486 3876 2690 3916 senem
2711 3860 3567 3932 comprehendendum.Statim

1923 3965 2083 4005 nunc
2111 3948 2214 4004 illa
2244 3948 2391 4003 hora
2419 3947 2492 4003 iis
2522 3948 2720 4005 cibum
2751 3955 2811 4004 et
2848 3954 3054 4021 potum
3101 3951 3317 4021 apponi
3359 3951 3563 4019 jussit,

1923 4041 2211 4109 quantum
2242 4036 2497 4103 vellent;
2531 4037 2702 4107 petiit
2729 4042 2928 4092 autem
2957 4037 3032 4093 ab
3061 4037 3203 4106 illis,
3234 4043 3300 4092 ut
3327 4038 3439 4109 ipsi
3471 4038 3568 4093 da-
3596 4091 3603 4096 .

1924 4131 2059 4183 rent
2087 4126 2246 4181 horse
2277 4125 2532 4197 spatium
2562 4124 2635 4180 ad
2681 4124 2867 4181 libere
2896 4126 3206 4181 orandum.
3239 4125 3405 4191 Quod
3429 4143 3567 4182 cum

1927 4215 2379 4278 concessissent,
2441 4220 2603 4271 stans
2660 4214 2885 4279 orabat,
2940 4214 3150 4286 plenus
3207 4214 3395 4288 gratia
3423 4217 3565 4284 Dei;

1929 4304 2074 4361 adeo
2104 4309 2172 4359 ut
2200 4320 2308 4375 per
2335 4303 2482 4359 duas
2503 4303 2680 4359 horas
2708 4309 2905 4359 tacere
2962 4320 3082 4359 non
3112 4309 3331 4375 posset,
3365 4320 3434 4360 ac
3465 4305 3571 4359 ob-

1930 4397 2340 4466 stupescerent
2367 4391 2691 4458 auditores,
2714 4391 3052 4463 multosque
3073 4410 3278 4449 eorum
3320 4394 3573 4466 poeniteo

1931 4489 2041 4551 ret,
2075 4482 2233 4555 quod
2258 4482 2538 4538 adversus
2594 4496 2822 4548 senem,
2852 4483 2969 4537 Deo
3007 4487 3316 4555 tantOpere
3341 4490 3574 4556 gratum

1932 4573 2250 4629 venissent.

2008 4843 2235 4915 (50)_It_a
2263 4840 2531 4915 Ugsserius
2562 4845 2627 4915 et
2654 4839 2961 4915 .Smithius
2984 4855 3063 4915 ex
3118 4839 3352 4915 Eusebii
3386 4840 3476 4912 (E.
3507 4843 3580 4896 Η.

1937 4908 2027 4977 Ιγ;
2066 4913 2150 4982 l5)
2185 4912 2438 4967 lectione
2471 4908 2789 4984 ἐπελθόντες
2844 4911 3257 4984 corrigendum
3311 4908 3439 4968 esse
3470 4928 3583 4984 pu-

1937 4990 2083 5040 tant.
2118 4979 2269 5038 Editi
2295 5001 2307 5037 :
2338 4979 2776 5043 συναπελθόντες,
3004 4979 3030 4984 ⁷
3470 4979 3491 4984 “
3626 5000 3629 5005 -

2011 5056 2119 5123 (51)
2150 5056 2632 5126 Praepositionem
2663 5073 2715 5107 εν
2747 5055 2819 5126 ab
2850 5053 2984 5110 aliis
3015 5053 3298 5109 omissam
3319 5055 3588 5126 reposuit

1937 5125 2299 5183 Jacobsonus
2329 5143 2360 5181 e
2392 5125 2521 5181 cod.
2558 5125 2801 5182 Vindob.

1982 5200 2123 5322 ί(52)
2156 5199 2243 5252 Ita
2297 5197 2661 5253 Jacobsonus
2692 5215 2722 5252 e
2756 5197 2942 5252 tribus
3000 5196 3173 5252 codd.
3200 5212 3214 5262 ;
3274 5196 3439 5268 Vulg.
3475 5196 3587 5251 Ku—

2000 5288 2089 5322 Ου.

2000 5288 2089 5324 Ου.

1942 5288 2125 5411 ριῖἒθ)
2157 5340 2242 5394 Ita
2270 5338 2637 5411 Jacobsonus
2669 5354 2699 5393 e
2726 5338 2897 5394 codd.
2931 5337 3100 5394 Vind.
3136 5343 3196 5394 et
3225 5337 3584 5410 Paris.Vulg.

1944 5407 2181 5468 ἀκούσας
2212 5412 2306 5462 οὖν
2332 5407 2460 5481 τοὺς
2491 5408 2786 5481 παρόντας.

2015 5484 2123 5553 (54)
2155 5483 2243 5553 Ita
2259 5477 2659 5553 Jacobsonus
2691 5480 2883 5553 ecod.
2936 5481 3101 5553 Paris
3134 5478 3297 5553 Vulg.
3334 5496 3348 5534 :
3408 5477 3590 5553 εὐστα-

1946 5544 2054 5624 θεέ,
2086 5544 2227 5613 τινες
2257 5544 2469 5624 ἔλεγον·
2500 5550 2564 5605 Ἠ
2594 5550 2831 5624 τοσαύτη
2866 5547 3103 5624 σπουδή,
3136 5553 3172 5620 ἡ
3203 5544 3302 5606 τδῦ
3329 5553 3426 5605 τοῦ
3457 5546 3587 5605 συλ-

1948 5615 2222 5701 ληφθῆναι
2259 5615 2508 5678 τοιοῦτον
2534 5615 2842 5693 πρεσϐύτην
2875 5619 3040 5698 ἄνδρα
3068 5615 3136 5691 ἦν

3197 5815 3277 5875 33
