3956 6308
412 355 569 418 1038

1614 352 1679 412 S.
1723 345 2246 412 POLYCARPUS
2291 347 2657 411 MARTYB.

3668 345 3819 408 1036

1574 485 1715 542 VIII.
1749 483 2082 555 Polycarpus
2102 484 2161 538 in
2191 484 2380 540 urbem
2409 484 2652 541 ducitur.

481 593 628 647 Cum
660 595 857 646 autem
888 588 1290 661 precationem
1315 588 1588 656 ﬁniisset,
1612 587 1673 642 in
1687 585 2063 657 quamentio-
2093 585 2145 650 Α

412 698 552 738 nem
584 681 805 736 fecerat
822 678 1087 734 omnium
1118 677 1218 749 qui
1251 677 1573 748 aliquando
1604 692 1738 731 cum
1770 676 1896 747 ipso
1925 690 2067 729 con-

413 772 598 845 gressi
631 769 888 834 fuerant,
943 784 1259 839 parvorum
1309 767 1551 838 quidem
1607 771 1664 820 et
1695 780 2067 837 magnorum,

413 860 710 916 clarorum
737 863 797 913 et
815 857 1224 926 obscurorum,
1249 856 1546 928 totiusque
1577 872 1684 928 per
1713 854 1918 910 orbem
1948 859 2069 907 ter-

415 966 620 1004 rarum
652 947 961 1003 catholica
994 947 1307 1002 Ecclesiae:
1357 961 1610 1016 cumque
1644 945 1790 999 hora
1836 942 2069 1014 prolici-

417 1038 620 1093 scendi
654 1036 932 1099 venisset,
965 1037 1133 1090 asino
1167 1052 1302 1090 eum
1336 1035 1729 1106 imponentes,
1766 1033 1825 1086 in
1858 1032 2066 1086 urbem

413 1128 714 1182 duxerunt
745 1126 838 1181 die
873 1126 1072 1197 magni
1105 1125 1360 1180 Sabbati.
1397 1125 1702 1178 Etoccurit
1723 1123 1775 1177 ei
1808 1121 2066 1177 Herodes

415 1216 749 1282 irenarcha,
782 1231 849 1270 ac
883 1221 1051 1285 pater
1082 1214 1212 1284 ejus
1230 1213 1672 1276 Nicetas,curru
1702 1212 1978 1282 vecti,qui
2011 1215 2070 1266 et

417 1322 552 1360 eum
588 1305 648 1358 in
683 1320 991 1359 carrucam
1022 1320 1188 1358 suam
1224 1303 1673 1370 transtulerunt,
1707 1301 2065 1356 assidentes-

424 1411 539 1464 que
571 1393 984 1460 hortabantur,
1043 1392 1346 1447 dicentes:
1405 1414 1432 1441 «
1457 1392 1562 1457 Qui
1596 1391 1753 1446 enim
1787 1389 1923 1445 mali
1957 1394 2063 1455 est,

417 1483 611 1538 dicere
653 1505 680 1531 ‹‹
711 1483 958 1536 Domine
991 1482 1203 1547 Caesar,
1229 1503 1257 1530 ι»
1293 1486 1351 1536 et
1382 1481 1738 1548 sacrificare,
1780 1485 1955 1550 atque
1987 1479 2068 1533 ita

421 1571 647 1628 salvum
679 1570 928 1626 evadere
949 1571 976 1625 ?
1009 1594 1036 1620 ››
1070 1571 1175 1625 Ille
1208 1576 1405 1626 autem
1429 1571 1686 1641 primum
1709 1570 1949 1640 quidem
1981 1570 2067 1624 eis

418 1677 540 1716 non
570 1660 916 1733 respondit;
951 1659 1052 1714 sed
1085 1676 1218 1715 cum
1237 1659 1731 1728 instarent,dixit:
1752 1660 2066 1714 «Facturus

417 1766 538 1806 non
569 1765 718 1816 sum,
748 1747 906 1820 quod
930 1747 1191 1803 suadetis
1221 1748 1389 1803 mihi.
1414 1771 1441 1798 υ
1487 1750 1633 1803 Tum
1663 1747 1769 1816 illi,
1803 1748 2065 1803 frustrati

417 1857 520 1912 spe
553 1838 830 1894 flectendi
854 1855 1012 1903 eum,
1037 1837 1471 1893 contumeliosa
1493 1839 1546 1893 ei
1568 1839 1744 1894 verba
1767 1838 2063 1904 dixerunt,

421 1935 480 1985 et
501 1945 634 1984 cum
663 1928 1036 1984 vehementia
1065 1928 1409 1999 dejecerunt
1440 1944 1576 1983 eum
1625 1945 1655 1983 e
1688 1943 1886 1995 curru,
1918 1927 2063 1982 adeo

2245 583 2332 644 Ὠς
2393 579 2449 637 δὲ
2505 585 2800 640 κατέπαυσε
2856 583 2954 652 τήν
3011 582 3378 657 προσευχῆν,
3438 577 3819 655 μνημονεύσας

2174 672 2420 726 ἀπάντων
2448 671 2538 727 καί
2569 678 2675 729 τῶν
2734 673 2957 728 πώποτε
3005 674 3114 742 (55)
3173 664 3604 744 συμϐεϐηκότων
3652 668 3818 740 αὐτῷ,

2175 765 2383 834 μικρῶν
2410 781 2468 816 τε
2497 761 2586 816 καὶ
2623 760 2898 836 μεγάλων,
2958 757 3184 830 ἐνδόξων
3231 780 3290 814 τε
3327 760 3412 814 καὶ
3451 756 3686 828 ἀδόξων,
3730 760 3819 813 καὶ

2173 849 2384 920 ἀπάσης
2413 857 2514 920 τῆς
2549 852 2686 906 κατά
2713 853 2812 920 τήν
2853 849 3179 923 ο”κουμένην
3236 847 3538 917 καθολικῆς
3578 849 3820 918 Ἐκκληο

2175 939 2309 1004 σίας,
2363 947 2463 1008 τῆς
2523 938 2669 1014 ὥρας
2729 939 2994 1010 ἐλθούσης
3047 943 3144 994 τοῦ
3183 935 3397 1012 ἐξιέναι,
3446 937 3495 990 ἐν
3531 931 3640 1006 ὄνῳ
3670 938 3825 992 καθί-

2175 1049 2360 1090 σαντες
2393 1027 2577 1098 αὐτὸν,
2635 1030 2772 1103 ἧγον
2827 1030 2904 1091 εἰς
2937 1031 3037 1097 τὴν
3070 1025 3257 1092 πόλιν,
3318 1023 3473 1089 ὄντος
3535 1021 3824 1081 Σαόϐἀτού

2175 1116 2418 1192 μεγάλου
2452 1123 2578 1182 (56).
2614 1119 2716 1175 Καὶ
2761 1120 2970 1189 ὑπήντα
3025 1118 3171 1190 αὐτῷ
3205 1118 3231 1172 ό
3263 1117 3592 1194 εἰρήναρχος
3645 1117 3831 1190 Ἡρώ-

2173 1205 2272 1277 δης
2302 1207 2390 1261 καὶ
2424 1208 2452 1262 ὁ
2485 1209 2664 1282 πατὴρ
2701 1207 2862 1261 αὐτοῦ
2894 1209 3143 1277 Νικήτης
3200 1204 3289 1260 ἐπὶ
3342 1206 3405 1260 τὸ
3460 1202 3662 1284 ὄχημα
3692 1212 3827 1274 (57),

2174 1296 2227 1352 οἳ
2258 1296 2347 1350 καὶ
2397 1297 2708 1369 μεταθέντες
2759 1296 2916 1352 αὐτὸν
2958 1295 3046 1352 ἐπὶ
3105 1298 3205 1364 τήν
3265 1299 3566 1370 καροῦχαν,
3611 1291 3825 1350 ἔπειθον

2171 1385 2672 1460 παρακαθεζόμενοι
2730 1385 2820 1440 καὶ
2878 1383 3147 1460 λέγοντες·
3183 1409 3209 1436 ‹‹
3241 1385 3302 1438 Τί
3329 1385 3430 1459 γὰρ
3461 1383 3626 1438 κακόν
3683 1384 3828 1439 ἐστιν

2174 1473 2364 1527 εἰπεῖν’
2424 1472 2623 1548 Κύριος
2682 1475 2791 1536 (58)
2850 1479 3072 1546 Καῖσαρ,
3131 1472 3221 1526 καὶ
3281 1471 3549 1542 ἐπιθῦσαι,
3607 1473 3701 1527 καὶ
3761 1475 3828 1526 τὰ

2170 1563 2388 1626 τούτοις
2419 1562 2718 1634 ἀκόλουθα,
2745 1564 2834 1618 καὶ
2896 1560 3254 1632 διασώζεσθαι
3285 1591 3299 1632 ς
3331 1586 3357 1613 ››
3415 1563 3475 1620 Ὁ
3535 1559 3591 1618 δέ
3625 1565 3692 1618 τὰ
3728 1564 3825 1636 μὲν

2172 1657 2363 1728 πρῶτα
2392 1653 2491 1708 οὐκ
2538 1652 2858 1728 ἀπεκρίνατο
2918 1651 3125 1716 αὐτοῖς·
3197 1651 3565 1726 ἐπιμενόντων
3629 1651 3688 1707 δὲ
3718 1653 3826 1708 αύ-

2171 1748 2302 1814 τῶν⁹
2334 1737 2460 1817 ἔφη·
2496 1769 2523 1793 ‹‹
2557 1741 2635 1800 Ού
2670 1742 2862 1816 μέλλω
2907 1747 3109 1809 ποιεῖν,
3143 1743 3170 1797 ὃ
3204 1737 3606 1815 συμϐουλεύετέ
3640 1764 3758 1817 μοι.
3799 1770 3822 1798 ι

2172 1834 2237 1890 Οἱ
2289 1830 2346 1886 δὲ
2384 1830 2753 1906 ἀποτυχόντες
2800 1834 2900 1886 τοῦ
2949 1837 3131 1885 πεῖσαι
3177 1829 3357 1899 αὐτὸν,
3409 1827 3556 1885 δεινὰ
3602 1830 3828 1906 ῥήματα

2175 1917 2362 1996 ἔλεγον
2389 1921 2558 1992 αὐτῷ,
2593 1919 2682 1975 καὶ
2719 1919 2852 1994 μετά
2899 1917 3143 1989 σπουδῆς
3201 1921 3468 1994 καθῄρουν
3504 1921 3670 1975 αὐτὸν
3724 1922 3829 1976 ἀπὸ

421 2023 488 2074 ut
518 2035 547 2072 e
579 2033 823 2073 carruca
849 2018 1053 2073 exiens
1085 1992 1288 2073 tibiam
1310 2018 1683 2073 distraheret.
1709 2018 1820 2074 Sed
1850 1992 2069 2087 nequa-
2098 1992 2145 2057 B

2240 1992 2588 2085 ὔόχήματος
2629 1992 2760 2084 (59),
2792 2010 2866 2072 ὡς
2897 2009 2988 2064 καὶ
3044 1992 3321 2065 κατιόντα⁷
3349 1992 3460 2064 ἀπὸ
3491 2016 3591 2078 τῆς
3625 2011 3830 2084 καρού-

422 2123 600 2178 quam
628 2113 978 2175 commotus,
1007 2113 1065 2161 et
1085 2108 1253 2177 quasi
1296 2107 1447 2162 nihil
1476 2107 1617 2161 mali
1649 2123 1860 2177 passus
1891 2110 2064 2174 esset,

420 2196 698 2252 alacriter
727 2202 786 2250 et
815 2212 1065 2268 propere
1097 2195 1398 2268 pergebat,
1444 2196 1654 2251 ductus
1683 2195 1757 2250 ad
1786 2194 2063 2249 stadium.

423 2288 644 2340 Tantus
675 2301 809 2340 vero
842 2291 968 2340 erat
997 2285 1059 2339 in
1089 2285 1279 2341 stadio
1311 2285 1618 2354 tumultus,
1653 2289 1719 2340 ut
1733 2301 1906 2340 nemo
1929 2300 2068 2355 pos-

423 2377 514 2430 set
541 2372 756 2428 audiri.

2175 2121 2278 2178 χας
2331 2099 2671 2174 ἀποσυρῆναι
2727 2100 2790 2154 τὸ
2839 2100 3210 2171 ἀντικνήμιον.
3261 2100 3353 2155 Καὶ
3429 2101 3504 2172 μὴ
3566 2098 3828 2170 ἐπιστρα-

2176 2189 2314 2265 φεὶς,
2369 2189 2442 2248 ὡς
2496 2185 2652 2243 οὐδὲν
2706 2189 3009 2254 πεπονθὼς,
3065 2186 3364 2262 προθύμως
3400 2189 3533 2261 μετὰ
3573 2188 3824 2258 σπουδῆς

2176 2279 2490 2353 ἐπορεύετο,
2530 2280 2797 2356 ἀγόμενος
2844 2279 2921 2342 εἷς
2975 2279 3037 2333 τὸ
3085 2276 3326 2347 στάδιον,
3385 2274 3627 2352 θορύϐου
3657 2278 3823 2349 τηλι-

2173 2367 2378 2422 κούτου
2407 2363 2567 2431 ὄντος
2599 2366 2651 2422 έν
2682 2371 2762 2440 τῷ
2802 2364 3026 2438 σταδίῳ,
3060 2367 3136 2429 ὡς
3167 2364 3309 2441 μηδὲ
3338 2367 3669 2437 ἀκουσθῆναί
3702 2390 3822 2423 τινα

2178 2453 2452 2513 δύνασθαι.

1327 2564 1418 2620 ΙΧ.
1450 2565 1784 2636 Polycarpus
1813 2564 2027 2620 Christo
2057 2567 2292 2620 Domino
2333 2582 2431 2621 suo
2463 2583 2574 2622 non
2602 2565 2903 2622 maledicit.

485 2670 808 2742 Polycarpo
831 2672 1306 2738 autem,intranti
1339 2672 1400 2726 in
1431 2672 1831 2735 stadium.vox
1860 2690 1891 2727 e
1925 2673 2068 2729 caelo

413 2761 695 2832 contigit:
722 2783 749 2810 «
785 2762 978 2815 Fortis
1007 2767 1132 2816 esto
1165 2762 1488 2818 etviriliter
1519 2779 1646 2834 age,
1678 2762 2062 2834 Polycarpe!»

414 2849 486 2903 Et
514 2865 649 2904 eum
682 2849 946 2920 quidem,
981 2851 1082 2921 qui
1113 2867 1315 2906 vocem
1349 2853 1568 2920 emisit,
1601 2869 1776 2907 nemo
1796 2853 1959 2917 vidit;
1980 2870 2070 2906 vo-

417 2953 544 2992 cem
575 2943 774 2994 autem
798 2939 839 2993 ii
869 2939 1212 3010 audierunt,
1250 2941 1351 3012 qui
1383 2958 1452 2996 ex
1493 2942 1713 2996 nostris
1743 2947 2068 3012 praesentes

419 3033 606 3082 erant.
632 3029 922 3083 Caeterum
944 3029 1280 3085 introducto
1304 3031 1408 3085 illo
1432 3046 1681 3102 magnus
1699 3037 1826 3084 erat
1847 3031 2065 3084 tumul-

417 3119 516 3170 tus
537 3132 767 3188 eorum,
802 3119 903 3187 qui
959 3119 1352 3190 Polycarpum
1410 3121 1907 3190 comprehensum
1940 3137 2067 3174 esse

420 3203 759 3260 audierunt.
795 3209 874 3259 De
904 3210 1116 3260 caatero
1167 3207 1489 3261 adductum
1520 3223 1655 3261 eum
1688 3208 2068 3278 interrogavit

2255 2676 2344 2742 Τῷ
2375 2668 2432 2726 δὲ
2463 2671 2831 2747 Πολυκάρπῳ,
2869 2671 3092 2726 εισιόντι
3153 2672 3229 2733 εἷς
3277 2672 3338 2726 τὸ
3399 2668 3640 2743 στάδιον,
3673 2673 3830 2750 φωνὴ

2178 2759 2226 2832 ἐξ
2261 2761 2494 2836 ούρανοῦ
2525 2760 2750 2835 ἐγένετο·
2789 2785 2816 2811 ‹‹
2850 2766 3038 2836 ’Ἰσχυε
3092 2761 3182 2814 καὶ
3236 2758 3508 2833 ἀνδρίζου,
3542 2761 3838 2837 Πολύχαρ-

2177 2869 2264 2903 πε.
2299 2873 2325 2900 ››
2368 2850 2464 2903 Καί
2493 2849 2584 2902 τὸν
2631 2850 2724 2920 μὲν
2753 2848 2973 2903 εἰπόντα
3005 2847 3181 2910 οὐδεὶς
3216 2846 3373 2903 εἶδεν·
3424 2850 3523 2917 τήν
3555 2845 3616 2903 δὲ
3647 2852 3835 2918 φωνήν

2175 2941 2284 2992 τῶν
2319 2936 2602 3012 ἡμετέρων
2646 2939 2698 2991 οἱ
2728 2936 2986 3012 παρόντες
3015 2934 3273 3005 ἤκουσαν.
3307 2938 3408 2992 Καὶ
3435 2936 3660 3011 [λοιπὸν
3692 2941 3832 3011 (60)]

2181 3026 2588 3100 προσαχθέντος
2610 3021 3038 3101 αὐτοῦ,θόρυόος
3061 3027 3127 3095 ἦν
3153 3027 3321 3101 μέγας
3346 3024 3723 3098 ἀκουσάντων,
3750 3028 3828 3082 ὅτι

2177 3113 2541 3190 Πολύκαρπος
2566 3113 2946 3185 συνείληπται.
2982 3116 3192 3170 Λοιπὸν
3244 3116 3629 3190 προσαχθέντα
3667 3118 3829 3172 αὐτὸν

2175 3205 2430 3280 ἀνηρώτα
2469 3207 2496 3259 ὁ
2529 3205 2855 3270 ἀνθύπατος,
2887 3204 2932 3258 εἰ
2966 3205 3125 3266 αὐτὸς
3157 3203 3243 3276 εἴη
3279 3204 3664 3279 Ιιολύκαρπος.
3719 3210 3830 3264 Τοῦ

416 3293 986 3365 proconsul,anipse
1009 3301 1165 3350 esset
1190 3295 2067 3367 Polycarpus.Cumqueannue-
2097 3300 2140 3366 C

2236 3294 2706 3370 ;ὁμολογοῦντος,
2742 3293 2948 3348 ἔπειθεν
3001 3293 3299 3368 ἀρνεῖσθαι,
3356 3293 3555 3370 λέγων·
3608 3321 3634 3346 ιε
3665 3294 3829 3353 Αἰδέ-

415 3386 529 3446 ret,
557 3381 910 3437 hortabatur
931 3383 1032 3438 ille
1063 3389 1129 3438 ut
1156 3391 1416 3455 negaret,
1451 3385 1687 3439 dicens:
1723 3408 1750 3434 ‹‹
1784 3385 2069 3441 Reverere

415 3475 661 3524 atatem
695 3475 878 3536 tuam,
917 3492 942 3520 υ
974 3471 1206 3543 aliaque
1239 3473 1332 3528 his
1363 3480 1784 3542 consentanea,
1817 3491 1946 3545 quae
1969 3475 2066 3529 isti

418 3558 693 3629 proferre
719 3559 934 3614 solent:
969 3562 1153 3617 «Jura
1181 3579 1287 3634 per
1309 3563 1611 3619 fortunam
1643 3565 2066 3634 Caesaris,resi-

412 3647 607 3718 pisce,
639 3647 949 3704 conclama
983 3668 997 3706 :
1032 3652 1180 3707 Tolle
1207 3654 1422 3723 impios.
1457 3677 1484 3704 ‹‹
1517 3656 1676 3709 Tunc
1706 3655 2066 3726 Polycarpus

411 3735 570 3807 gravi
602 3752 669 3792 ac
699 3753 900 3794 severo
923 3739 1089 3796 vultu
1110 3741 1342 3797 turbam
1361 3759 1600 3798 omnem
1618 3743 2063 3814 sceleratorum,

413 3825 517 3894 qui
547 3824 609 3880 in
640 3826 830 3882 stadio
853 3830 1360 3902 erant,gentilium
1385 3837 2062 3904 contuens,manumque

410 3914 474 3970 in
505 3930 605 3970 eos
635 3917 969 3988 porrigens,
1003 3919 1296 3991 simulque
1323 3937 1566 3992 gemens
1597 3938 1664 3977 ac
1695 3922 1910 3977 coelum
1944 3940 2066 3978 sus-

410 4002 638 4075 piciens
669 4005 822 4062 dixit
851 4022 866 4062 :
901 4027 929 4060 α
958 4008 1120 4063 Tolle
1151 4009 1387 4080 impios.
1422 4031 1450 4059 »
1485 4013 1733 4082 Urgente
1767 4028 1900 4066 vero
1933 4029 2064 4082 pro-

411 4093 657 4149 consule
678 4099 856 4164 atque
877 4095 1136 4152 dicente:
1164 4118 1188 4149 ιι
1217 4099 1374 4166 Jura,
1405 4103 1465 4153 et
1488 4099 1721 4155 dimitto
1768 4106 1845 4168 te,
1877 4100 2065 4155 male-

409 4179 505 4235 dic
538 4181 792 4248 Christo;
819 4204 847 4233 »
881 4184 1245 4258 Polycarpus
1275 4187 1585 4258 respondit
1613 4207 1634 4242 .·
1699 4212 1723 4241 u
1755 4189 2059 4261 Octoginta

410 4271 468 4322 et
487 4284 590 4323 sex
620 4271 760 4325 anui
784 4277 942 4341 sunt,
975 4289 1046 4328 ex
1067 4290 1182 4344 quo
1214 4276 1402 4330 servio
1425 4276 1498 4344 ei,
1524 4292 1635 4332 nec
1658 4293 1753 4332 me
1775 4277 1900 4332 ulla
1925 4279 2060 4332 aﬂ‘e-

408 4355 489 4412 cit
517 4356 778 4426 injuria;
821 4366 880 4414 et
909 4363 1208 4432 quomodo
1268 4365 1492 4434 possim
1553 4366 1908 4422 maledicere
1937 4368 2060 4438 regi

409 4459 568 4514 meo,
603 4447 704 4516 qui
737 4446 961 4505 salvum
986 4467 1082 4506 me
1114 4451 1256 4507 fecit
1283 4452 1310 4508 ?
1340 4473 1370 4502 ι»

2183 3384 2338 3453 σθητί
2373 3404 2469 3438 σου
2511 3385 2611 3453 τήν
2665 3382 2905 3452 ἡλικίαν,
2941 3407 2968 3434 ι)
3011 3384 3100 3436 καὶ
3129 3380 3286 3457 ἕτερα
3334 3383 3548 3445 τούτοις
3577 3381 3826 3440 ἀκόλου-

2176 3476 2262 3540 θα,
2293 3474 2368 3534 ὡς
2399 3469 2518 3535 ἔθος
2550 3471 2734 3535 αὐτοῖς
2764 3470 2942 3547 λέγειν
2977 3477 3106 3544 (δυ’
3158 3496 3184 3524 ‹‹
3218 3475 3462 3546 ’Όμοσον
3490 3475 3590 3540 τὴν
3624 3469 3828 3529 Iisiis:-

2178 3581 2269 3634 ρος
2293 3561 2490 3636 τύχην,
2526 3562 2882 3634 μετανόησον,
2917 3561 3052 3616 εἰπέ·
3092 3560 3219 3635 Αἶρε
3246 3559 3371 3623 τοὺς
3405 3561 3594 3622 ἀθέους
3625 3569 3767 3624 (62].
3801 3590 3827 3616 η

2173 3651 2236 3706 Ὀ
2284 3648 2341 3705 δὲ
2396 3651 2755 3724 Πολύκαρπος
2815 3645 3067 3725 έμϐριθεῖ
3094 3655 3170 3721 τῷ
3210 3652 3487 3726 προσώπῳ
3545 3651 3621 3712 εἰς
3654 3653 3830 3708 πάντα

2171 3739 2264 3793 τὸν
2299 3737 2471 3818 ὄχλον
2503 3745 2608 3794 τῶν
2639 3738 2691 3794 ἐν
2720 3743 2796 3811 τῷ
2834 3735 3034 3812 σταδίῳ
3064 3740 3284 3813 ἀνόμων
3315 3739 3481 3795 ἐθνῶν
3514 3737 3830 3817 ἐμϐλέψας,

2173 3828 2262 3882 καὶ
2293 3827 2563 3889 ἐπισείσας
2604 3827 2787 3890 αὐτοῖς
2835 3830 2935 3898 τὴν
2967 3833 3149 3907 χεῖρα,
3184 3828 3429 3899 στενάξας
3457 3850 3516 3885 τε
3543 3832 3632 3884 καὶ
3707 3834 3832 3887 ἀνα-

2173 3914 2377 3991 ϐλέψας
2401 3917 2477 3977 εἷς
2498 3917 2588 3971 τὸν
2614 3916 2859 3991 οὐρανὸν,
2883 3918 3050 3972 εἶπεν·
3079 3942 3107 3970 (ι
3128 3918 3399 3991 Αἶρετοὺς
3421 3919 3610 3979 ἀθέους
3639 3925 3778 3985 (63),
3807 3947 3832 3972 s

2170 4006 2520 4080 Ἐγκειμένου
2551 4003 2608 4060 δὲ
2634 4010 2733 4060 τοῦ
2775 4007 3077 4061 ἀνθυπάτου
3129 4006 3217 4060 καὶ
3272 4006 3549 4083 λέγόντος·
3584 4033 3611 4058 «
3647 4011 3831 4084 Ὁμο-

2172 4117 2286 4165 σον,
2321 4097 2408 4150 καὶ
2441 4095 2668 4151 ἀπολύω
2693 4117 2769 4166 σε,
2804 4095 3135 4170 λοιδόρησον
3168 4098 3262 4152 τὸν
3302 4098 3552 4171 Χριστόνο
3587 4121 3615 4150 ››
3653 4101 3686 4153 ὁ
3722 4106 3832 4156 Ilo-

2170 4183 2449 4260 λύκαρπος
2492 4181 2613 4262 ἔφη·
2686 4209 2715 4236 ‹‹
2746 4183 3118 4260 Ὀγδοήκοντα
3156 4185 3246 4240 καὶ
3312 4184 3363 4257 ἔξ
3409 4181 3501 4257 ἔτη
3537 4186 3659 4266 ἒχω
3697 4187 3833 4244 δου-

2171 4272 2346 4328 λεύων
2367 4274 2538 4346 αὐτῷ,
2571 4272 2659 4328 καὶ
2695 4270 2846 4328 οὐδέν
2901 4294 2968 4346 με
3019 4271 3302 4344 ἠδίκησεν·
3363 4275 3453 4333 καὶ
3504 4280 3625 4338 πῶς
3663 4276 3834 4333 δύνα-

2173 4384 2270 4436 μαι
2337 4361 2734 4440 βλασφημῆσαι
2803 4363 2894 4417 τὸν
2959 4363 3186 4438 βασιλέα
3242 4385 3370 4437 μου,
3422 4366 3516 4420 τὸν
3569 4369 3832 4422 σώσαντά

2175 4472 2350 4526 μες»

1076 4559 1144 4614 Χ.
1177 4559 1516 4632 Polycarpus
1545 4577 1599 4618 se
1631 4561 2005 4617 Christianum
2029 4564 2343 4634 proﬁtetur,
2389 4563 2435 4614 et
2467 4559 2534 4615 de
2561 4559 2776 4616 Christo
2815 4561 2969 4631 loqui
2996 4561 3132 4616 vult.

474 4650 726 4723 Urgente
758 4670 964 4710 rursus
992 4655 1094 4711 illo
1125 4661 1184 4712 et
1213 4656 1439 4714 diceate
1465 4675 1476 4713 :
1515 4679 1544 4708 «
1565 4660 1703 4715 Jura
1741 4677 1848 4731 per
1872 4661 2050 4716 fortu-
2082 4664 2127 4728 D

402 4755 543 4795 nam
575 4741 841 4811 Caesaris,
873 4766 901 4794 ››
930 4746 1235 4817 respondit
1261 4764 1273 4801 :
1309 4769 1338 4797 «
1366 4747 1423 4802 Si
1457 4765 1664 4804 vanam
1697 4767 1767 4804 ex
1799 4767 1867 4806 eo
1899 4768 2054 4822 quaa-

401 4829 485 4884 ris
513 4829 779 4901 gloriam,
813 4838 879 4887 ut
907 4851 1012 4907 ego
1043 4852 1150 4907 per
1166 4837 1408 4892 Caesaris
1434 4838 1752 4906 fortunam,
1770 4844 1836 4894 ut
1857 4845 1919 4896 tu
1939 4841 2049 4912 ais,

393 4916 618 4989 jurem,
651 4920 897 4976 simulas
954 4929 1150 4978 autem
1184 4926 1412 4981 nescire
1471 4928 1603 4998 quis
1657 4929 1769 4983 sim
1805 4945 1816 4983 :
1851 4930 2049 5001 palam

403 5005 561 5060 audi:
587 5007 958 5064 Christianus
990 5027 1141 5067 sum.
1177 5012 1232 5066 Si
1281 5030 1418 5068 vero
1449 5015 1796 5070 Christianae
1827 5016 2049 5072 doctri-

401 5109 494 5148 nae
519 5097 814 5152 rationem
844 5097 928 5154 vis
961 5099 1210 5169 discere,
1240 5101 1313 5157 da
1343 5101 1458 5158 diei
1484 5105 1739 5175 spatium
1762 5110 1821 5160 et
1847 5106 2044 5161 audi.»

472 5217 581 5300 (ξιξ)
604 5218 689 5300 Ita
700 5220 1061 5300 Jacobsonus
1075 5240 1104 5278 e
1118 5223 1308 5300 tribus
1329 5226 1650 5284 codicibus.
1693 5228 1855 5300 Vulg.
1890 5228 2041 5284 πετέ.

468 5290 579 5363 (156)
611 5291 653 5363 I_.
688 5308 737 5363 ef
773 5293 980 5363 vigilia
1009 5296 1331 5354 Paschatis.

618 5361 750 5444 :‘En‘l.
771 5359 1060 5437 τὸἮχημα
1090 5367 1384 5444 glossema
1413 5385 1544 5444 esse
1581 5370 1829 5444 videtur.
1867 5373 2010 5444 JAC”

399 5430 581 5554 JA(058)
613 5433 856 5490 Codices
881 5430 1343 5494 omnes'habent
1392 5438 1604 5515 Κύριος.
1641 5442 1826 5498 Editi:
1863 5442 2048 5514 Κύριε,

613 5571 751 5651 ξᾼπὸ
781 5578 877 5651 τού
901 5575 1190 5651 ὀχήματος
1221 5581 1512 5651 glossema
1531 5600 1662 5640 esse
1676 5583 2049 5641 videturJAc.

473 5641 580 5709 (60)
614 5644 825 5701 Vocem
857 5641 1074 5718 λοέἰτόν,
1108 5641 1468 5720 συεὸέιειῐίω
1508 5657 1782 5726 recurrit,
1816 5657 2057 5713 uncinis

2228 4658 2244 4682 ο
2411 4657 2422 4675 ο
2675 4656 2692 4676 κ
2787 4656 2798 4676 ι
2971 4657 2985 4675 9
3063 4661 3088 4672 ε-
3191 4659 3203 4673 δ
3288 4657 3298 4678 ν
3633 4664 3658 4680 ν

2247 4660 2618 4729 Επιμενοντος
2645 4653 2702 4712 δε
2731 4655 2894 4712 παλιν
2927 4678 3092 4712 αυτου
3120 4678 3207 4712 και
3243 4655 3525 4733 λεγοντος·
3558 4685 3588 4712 ‹‹
3660 4664 3790 4735 Ομο
3809 4697 3831 4709 -

2165 4768 2259 4802 σον
2288 4748 2386 4816 τὴν
2417 4747 2686 4820 Καίσαρος
2743 4747 2939 4821 τύχήν,
2966 4771 2994 4799 ››
3026 4747 3368 4823 ἀπεκρίνατο·
3433 4774 3460 4801 ‹‹
3497 4751 3564 4808 El
3597 4752 3830 4810 κενοόο-

2162 4840 2290 4910 ξεῖς,
2320 4834 2415 4890 ’ίνα
2460 4835 2647 4908 ὁμόσω
2675 4837 2774 4904 τήν
2837 4837 3104 4912 Καίσαρος
3157 4837 3353 4913 τύχην,
3383 4839 3459 4902 ὡς
3510 4839 3575 4895 σὺ
3610 4841 3828 4917 λέγεις,

2159 4930 2451 4999 προσποιεῖ
2480 4928 2588 4988 (64)
2622 4921 2679 4979 δὲ
2711 4927 2918 4999 ἀγνοεῖν
2948 4947 3034 4998 με,
3084 4926 3165 4988 τίς
3229 4927 3364 5000 εἶμι·
3429 4929 3568 5002 μετά
3596 4931 3828 5008 παρῥη-

2160 5016 2276 5077 σίας
2307 5014 2488 5083 ἄκουε,
2521 5016 2846 5088 Χριστιανὸς
2879 5013 3019 5073 ε’ίτίι.
3081 5015 3144 5071 Εἰ
3194 5013 3250 5070 δέ
3285 5019 3469 5085 μαθεῖν
3499 5017 3689 5084 θέλεις
3731 5024 3828 5077 τὸν

2153 5110 2252 5160 τοῦ
2283 5107 2704 5179 Χριστιανισμοῦ
2736 5103 2927 5181 λόγον,
2964 5102 3056 5167 δός
3100 5106 3330 5180 ἡμέραν,
3362 5107 3454 5162 καὶ
3487 5107 3760 5169 ἄκουσον.
3803 5139 3828 5165 ιι

2155 5229 2392 5286 inclusit
2420 5227 2807 5284 Jacobsonus.

2227 5302 2336 5381 (ﬁt
2369 5303 2454 5381 I_ta
2481 5299 2842 5381 Jacobsonus
2891 5316 2922 5354 e
2943 5301 3073 5356 cod.
3109 5303 3537 5381 Yin_dob.1j3diti
3569 5323 3582 5360 :
3610 5303 3829 5381 λέγων.

2229 5373 2355 5454 (62)
2376 5374 2416 5425 Ι.
2438 5388 2502 5454 _e.
2537 5393 2565 5420 «
2601 5373 2725 5427 Una
2757 5387 2892 5428 cum
2923 5375 3168 5446 paganis
3195 5373 3831 5454 Christianorum'Op-

2156 5443 2246 5499 tes
2275 5443 2607 5498 interitum.
2643 5465 2670 5493 ››

2231 5515 2344 5587 (63)
2372 5515 2421 5587 _I.
2455 5530 2507 5587 e.
2541 5529 2801 5587 paganos
2832 5522 3267 5585 persecutores.
3301 5539 3320 5564 ι

2237 5530 2344 5587 λοῦ)
2376 5530 2421 5568 ι.
2455 5530 2801 5640 θηρειὲειιοε
2832 5530 3267 5585 persecutores.
3301 5539 3320 5564 ι
3613 5593 3624 5604 ,

2237 5585 2454 5654 ι64)1ῑα
2481 5586 2616 5641 Jaco
2662 5601 2846 5641 sonus
2876 5603 2906 5642 e
2938 5587 3108 5645 codd.
3145 5587 3378 5645 Barocc.
3433 5595 3495 5646 et
3555 5594 3827 5651 Vindob.

2164 5657 2316 5714 Editi
2343 5673 2355 5712 :
2388 5660 2733 5730 προσποιεῖς,
2764 5655 2943 5714 male.
