3956 6308
129 533 272 596 1037

677 533 925 597 EPIST.
972 534 1369 597 ECCLESIE
1410 536 1708 598 SMYBN.
1756 535 1857 598 DE
1901 537 2325 599 MARTYlllO
2371 540 2434 601 S.
2479 538 2950 602 POLYCARPI.

3368 543 3525 604 1038

126 671 186 727 Ὁ
215 666 512 734 ἀνθύπατος
546 662 670 747 ἔφη·
706 692 733 719 ‹‹
771 672 959 724 Πεῖσον
993 669 1084 724 τὸν
1129 667 1304 743 δῆμον
1527 694 1553 721 ››
1604 670 1666 727 Ὁ
1716 667 1761 725 δὲ

1888 673 2211 729 Proconsul
2242 674 2424 728 dixit:
2485 697 2512 725 «
2544 675 2838 731 Persuade
2867 675 3108 748 pepulo.
3170 675 3528 751 Polycarpus

129 757 484 834 ΙΙυλύκαρπος
516 759 684 813 εἶπεντ
716 783 743 811 ‹‹
779 759 850 813 Σὲ
893 758 988 831 μὲν
1043 758 1132 812 καὶ
1183 757 1352 834 λόγου
1403 758 1630 833 ἠξίωσα·
1688 757 1772 814 δε-

131 845 426 922 διδάγμεθα
474 847 578 925 γὰρ
623 849 823 922 ἀρχαῖς
880 848 970 902 καὶ
1015 847 1282 918 ἐξουσίαις
1335 849 1437 902 ὑπὸ
1486 852 1581 902 τοῦ
1639 854 1772 904 Θεοῦ

125 942 472 1015 τεταγμέναις
501 943 671 1013 τιμὴν
712 941 848 996 κατὰ
896 941 958 996 τὸ
1010 942 1314 1016 προσῆκον,
1348 942 1446 1010 τῆν
1502 943 1577 1014 μή
1634 940 1770 1017 βλά-

123 1050 354 1085 πτουσαν
385 1032 553 1101 ἡμᾶς,
600 1029 914 1101 ἀπονέμειν
966 1028 1206 1091 ἐκείνους
1255 1026 1313 1084 δὲ
1366 1029 1473 1105 οὐχ
1531 1032 1771 1106 ἡγουμαι

121 1119 295 1190 ἀξίους
326 1123 423 1174 τοῦ
455 1117 851 1196 ἀπολογεῖσθαι
882 1117 1088 1180 αὐτοῖς.
1125 1143 1154 1170 ››

1883 763 2227 835 respondit:
2264 786 2291 813 ‹‹
2325 766 2399 818 Te
2431 764 2671 835 quidem
2727 781 3000 821 sermone
3049 767 3293 839 dignum
3342 773 3523 838 puto;

1883 854 2072 909 edocti
2108 853 2266 908 enim
2300 870 2524 922 sumus,
2557 855 2923 926 principibus
2967 861 3025 911 et
3073 858 3464 926 potestatibus
3495 875 3530 912 a

1884 944 2000 997 Deo
2034 942 2524 1013 ordinatis,prout
2552 944 2740 1014 decet,
2765 945 3053 1000 honorem
3085 946 3255 1001 nobis
3277 964 3396 1002 non
3419 965 3528 1002 no-

1882 1036 2111 1086 centem
2145 1031 2414 1098 deferre;
2449 1032 2580 1087 illos
2608 1050 2743 1088 vero
2795 1033 3068 1106 indignos
3109 1039 3272 1106 puto,
3308 1036 3520 1106 quibus

1881 1120 2175 1175 rationem
2205 1120 2452 1176 reddam
2481 1119 2544 1175 ίο.
2577 1143 2604 1169 ››

918 1239 1008 1292 XI.
1043 1239 1148 1293 Nec
1175 1238 1493 1304 bestiarum,
1522 1253 1620 1292 nec
1651 1239 1796 1306 ignis
1825 1239 1993 1293 minae
2020 1236 2387 1306 Polycarpum
2413 1244 2740 1307 perterrent.

187 1335 248 1391 Ὀ
280 1331 337 1388 δὲ
367 1333 668 1397 ἀνθύπατος
723 1335 863 1408 πρὸς
923 1332 1079 1388 αὐτὸν
1150 1333 1287 1388 εἶπε·
1334 1358 1363 1386 ‹‹
1395 1332 1572 1408 Θηρία
1626 1334 1764 1408 ἔχω,

115 1423 330 1485 τούτοις
362 1444 419 1478 σε
466 1418 793 1497 παραϐαλῶ,
852 1421 943 1476 ἐὰν
1003 1424 1078 1496 μή
1125 1425 1483 1496 μετανοήσῃς.
1521 1447 1548 1476 ››
1601 1424 1662 1480 Ὀ
1711 1421 1767 1478 δὲ

117 1515 283 1568 εἶπεν·
308 1536 337 1563 ‹‹
367 1514 553 1580 Κάλει,
581 1513 913 1585 ἀμετάθετος
945 1512 1046 1588 γὰρ
1070 1513 1206 1584 ἡμῖν
1239 1514 1272 1580 ἡ
1305 1511 1412 1566 ἀπὸ
1442 1516 1552 1566 τῶν
1585 1532 1762 1585 κρειτ-

110 1601 284 1656 τόνων
314 1601 400 1656 ἐπὶ
424 1603 490 1656 τὰ
523 1603 697 1676 χείρω
733 1602 1007 1674 μετάνοια“
1064 1599 1232 1656 καλὸν
1277 1599 1334 1656 δὲ
1387 1601 1763 1672 μετατίθεσθαί

115 1711 180 1763 με
211 1691 316 1744 ἀπὸ
346 1694 454 1744 τῶν
505 1689 764 1765 χαλεπῶν
816 1689 904 1744 ἐπὶ
951 1690 1017 1744 τὶ
1067 1687 1267 1744 δίκαια.
1304 1715 1324 1742 ι
1379 1691 1439 1747 Ὀ
1490 1687 1546 1744 δὲ
1593 1689 1760 1746 πάλιν

111 1782 247 1854 πρὸς
279 1780 460 1834 αὐτόν·
497 1804 525 1831 ‹‹
563 1780 697 1854 ΙγΙυρί
729 1801 785 1834 σε
823 1784 967 1834 ποιῶ
1000 1775 1394 1847 δαπανηθῆναι,
1429 1779 1474 1832 εἰ
1503 1785 1612 1833 τῶν
1659 1783 1762 1846 θη-

1947 1337 2021 1388 At
2051 1335 2366 1404 proconsul
2399 1336 2471 1389 ad
2499 1336 2692 1408 ipsum
2723 1335 2910 1391 dixit:
2948 1359 2978 1386 «
3011 1337 3234 1393 Bestias
3291 1337 3478 1392 habeo
3505 1353 3519 1402 ;

1878 1424 1968 1477 his
2000 1429 2055 1477 te
2084 1423 2384 1494 objiciam,
2430 1425 2542 1478 nisi
2593 1426 2981 1481 convertaris.
3015 1449 3043 1476 »
3093 1428 3223 1497 Ipse
3267 1443 3401 1481 vero
3427 1444 3520 1482 re-

1876 1513 2116 1583 spondit
2139 1530 2150 1567 :
2175 1533 2200 1563 α
2222 1519 2462 1568 Arcesse
2485 1529 2606 1580 eas,
2626 1531 2732 1568 nos
2755 1514 2914 1569 enim
2940 1515 3154 1569 mutari
3178 1531 3298 1568 non
3318 1531 3526 1586 possu-

1877 1617 2006 1655 mus
2037 1601 2422 1656 conversione
2447 1617 2481 1656 a
2501 1602 2849 1657 melioribus
2873 1603 2948 1658 ad
2972 1603 3521 1668 deteriora;bonum

1873 1697 2073 1745 autem
2097 1695 2205 1757 est,
2249 1707 2342 1745 me
2375 1707 2409 1745 a
2440 1691 2634 1762 malis]
2665 1692 2738 1746 ad
2761 1692 2927 1763 justa
2959 1693 3265 1748 transire.»
3298 1696 3521 1749 Rursus

1873 1780 1984 1833 iste
2009 1779 2082 1834 ad
2109 1779 2520 1851 Polycarpum:
2543 1802 2570 1830 ‹‹
2594 1781 3084 1851 Quandoquidem
3109 1782 3330 1837 bestias
3355 1799 3518 1854 sper-

112 1837 243 1943 ρίων
275 1837 654 1946 καταφρονεῖς,
685 1868 771 1923 ἐὰν
809 1869 884 1942 μὴ
921 1871 1278 1942 μετανοήσῃς.
1315 1891 1344 1918 ››
1375 1869 1435 1925 Ὁ
1467 1865 1523 1922 δὲ
1581 1867 1761 1923 Πολύ-

1885 1869 1989 1935 uis,
2025 1868 2145 1939 igni
2171 1874 2225 1923 te
2249 1868 2476 1923 tradam
2503 1869 2995 1936 consumendum,
3021 1871 3132 1924 nisi
3158 1871 3516 1926 sententiam

107 1976 340 2031 καρπος⁶
395 1961 568 2033 «Πῦρ
627 1955 870 2020 ἀπειλεῖς
923 1957 985 2010 τὸ
1047 1956 1183 2030 πρὸς
1241 1955 1384 2030 ὥραν
1444 1956 1758 2030 καιόμενον,

101 2047 192 2102 καὶ
230 2049 344 2118 μετ’
379 2045 570 2120 ὀλίγον
605 2042 982 2115 σϐεννύμενον·
1017 2046 1231 2120 ἀγνοεῖς
1261 2046 1364 2120 γὰρ
1393 2047 1455 2100 τὸ
1485 2053 1584 2115 τῆς
1621 2047 1757 2118 μελ-

101 2134 312 2202 λούσης
343 2135 574 2210 κρίσεως
603 2135 692 2190 καὶ
751 2134 976 2188 αἰωνίου
1035 2131 1318 2196 κολάσεως
1377 2139 1492 2196 τοῖς
1545 2129 1756 2189 ἀσεϐἐσι

96 2223 444 2298 τηρούμενον
473 2221 607 2297 πῦρ.
640 2221 815 2278 ’Λλλᾶ
870 2222 922 2278 τί
981 2219 1306 2296 βραδύνεις;
1359 2222 1519 2296 Φέρε,
1561 2223 1591 2276 ὅ
1625 2221 1756 2298 βού-

99 2314 210 2370 λει.
249 2336 278 2364 n

1873 1962 2085 2012 mutes.
2121 1981 2141 2009 ι
2181 1958 2283 2012 Cui
2308 1958 2668 2029 Polycarpus
2693 1975 2705 2012 :
2733 1981 2759 2008 ‹‹
2795 1962 2992 2031 Ignem
3026 1960 3294 2027 minaris,
3320 1962 3420 2031 qui
3442 1962 3514 2017 ad

1871 2047 2030 2102 horas
2061 2047 2315 2118 spatium
2358 2047 2545 2115 ardet,
2579 2063 2645 2102 ac
2685 2048 2861 2118 paulo
2893 2053 3026 2118 post
3081 2050 3514 2121 exstinguitur;

1870 2137 2102 2207 ignoras
2135 2137 2293 2191 enim
2318 2135 2486 2191 illum
2509 2135 2689 2190 futuri
2715 2135 2927 2206 judicii
2961 2142 3019 2191 et
3059 2142 3293 2192 aeterna:
3325 2155 3513 2209 pusum

1867 2226 2193 2298 ignem,qui
2225 2225 2422 2296 impiis
2453 2230 2805 2280 reservatur.
2826 2227 3038 2281 Verum
3069 2226 3214 2298 quid
3233 2228 3513 2285 moraris?

1864 2313 2088 2381 Profer,
2118 2313 2510 2384 quodcunque
2532 2313 2811 2369 volueris.
2845 2336 2874 2363 »

1229 2429 1346 2484 ΧΠ.
1383 2430 1715 2501 Polycarpus
1747 2430 1821 2485 ad
1849 2447 2044 2500 rogum
2075 2429 2389 2484 damnatur.

168 2531 360 2584 Ταῦτα
391 2525 447 2582 δὲ
488 2526 577 2581 καὶ
630 2523 775 2582 ἄλλα
827 2525 1054 2582 πλείονα
1113 2527 1316 2603 λέγων,
1377 2528 1607 2602 θάρσους
1652 2521 1753 2581 “καί

91 2621 278 2693 χαρᾶς
318 2615 715 2690 ἐνεπίμπλατο,
747 2617 838 2671 καὶ
871 2617 933 2672 τὸ
964 2618 1258 2691 πρόσωπον
1307 2617 1473 2671 αὐτοῦ
1523 2617 1751 2690 χάριτος

82 2707 432 2778 ἐπληροῦτο,
465 2706 603 2760 ὥστε
636 2706 700 2760 οὗ
745 2705 914 2780 μόνον
958 2708 1034 2778 μὴ
1080 2711 1393 2778 συμπεσεῖν,
1448 2706 1752 2781 ταραχθὲν-

87 2818 160 2851 τα
193 2798 308 2868 (66)
340 2793 444 2849 ὑπὸ
472 2801 581 2849 τῶν
616 2794 924 2870 λεγομένων
965 2796 1100 2870 πρὸς
1141 2795 1320 2862 αὐτὸν,
1353 2794 1496 2850 ἀλλὰ
1525 2795 1750 2849 τούναν-

85 2886 213 2942 τίον
243 2885 338 2938 τὸν
385 2883 688 2940 ἀνθύπατον
736 2883 1014 2952 ἐκστῆναι,
1069 2884 1281 2958 πέμψαι
1322 2905 1380 2939 τε
1429 2889 1520 2938 τὸν
1560 2884 1750 2938 ἑαυτοῦ

83 2977 337 3048 κήρυκα,
371 2972 422 3026 ἐν
461 2973 610 3046 μὲσῳ
659 2977 738 3044 τῶ
792 2969 992 3044 σταδίῳ
1036 2974 1263 3046 κηρύξαι
1319 2973 1527 3048 τρίτον·
1582 2995 1610 3023 ‹‹
1644 2977 1748 3026 llo-

86 3064 382 3136 λύκαρπος
441 3060 800 3138 ὡμολόγησεν
861 3060 1047 3116 ἐαυτὸν
1116 3062 1435 3136 Χριστιανὸν
1496 3062 1653 3119 εἶναι.
1720 3083 1744 3114 ι

80 3155 313 3210 Τούτου
346 3152 636 3226 λεγθέντος
671 3153 772 3207 ὑπὸ
802 3157 898 3207 τοῦ
928 3154 1189 3228 κήρυκος,
1241 3152 1380 3208 ἅπαν
1425 3153 1487 3208 τὸ
1534 3152 1746 3222 πλῆθος

76 3245 262 3299 ἐθνῶν
295 3263 352 3296 τε
391 3241 480 3295 καὶ
515 3238 791 3298 Ἰουδαίων
819 3242 926 3294 τῶν
981 3243 1079 3310 τὴν
1133 3242 1386 3315 Σμύρναν
1433 3241 1744 3296 κατοικούν-

71 3353 220 3397 των,
273 3331 630 3408 ἀκατασχέτῳ
688 3333 846 3402 θυμῷ
907 3331 995 3385 καὶ
1059 3331 1268 3406 μεγάλῃ
1317 3335 1470 3408 φωνῇ
1525 3327 1740 3386 ἐπεϐόα.

72 3445 108 3474 ‹‹
146 3419 334 3479 Οὗτός
366 3420 505 3474 ἐστιν
536 3420 563 3472 ὁ
589 3421 689 3487 τῆς
730 3415 980 3480 ἀσεϐείας
1041 3423 1148 3493 (67)
1205 3417 1552 3493 διδάσκαλος,
1589 3422 1616 3475 ὁ
1649 3441 1751 3474 πα-

61 3514 188 3584 τὴρ
221 3514 332 3565 τῶν
380 3512 745 3585 Χριστιανῶν,
801 3510 828 3564 ὁ
886 3514 994 3564 τῶν
1023 3509 1304 3585 ἡμετέρων
1364 3513 1497 3565 θεῶν
1553 3522 1742 3574 καθαι-

74 3601 284 3677 ρέτης,
318 3599 345 3652 ὁ
379 3595 624 3660 πολλοὺς
656 3595 922 3652 διδάσκων
957 3600 1034 3670 μὴ
1068 3599 1230 3669 θύειν,
1267 3597 1406 3672 μηδέ
1425 3607 1747 3673 προσκυνεῖν

71 3695 212 3749 τοῖς
247 3691 477 3751 θεοῖς.»
535 3690 714 3742 Ταῦτα
772 3685 1015 3761 λέγοντες
1071 3683 1312 3742 ἐπεϐόων
1365 3687 1454 3742 καὶ
1513 3689 1746 3759 ἠρώτων

62 3779 181 3833 τὸν
216 3776 526 3849 Ἀσιάρχην
571 3778 684 3848 (68)
719 3775 1025 3842 Φίλιππον,
1079 3773 1167 3828 ’ίνα
1215 3773 1394 3853 ἐπαφῇ
1447 3780 1526 3846 τῷ
1571 3777 1751 3830 Πολυ-

62 3867 294 3939 κάρπῳ
338 3863 641 3921 λὲοντα.Ὀ
692 3861 749 3918 δὲ
801 3864 1084 3926 Φίλιππος
1139 3861 1263 3940 ἔφη,
1321 3866 1396 3937 μή
1456 3868 1594 3919 εἴναι
1635 3864 1748 3938 ἐξὸν

60 3957 269 4024 αὐτῷ,
306 3951 490 4023 ἐπειδὴ
553 3951 907 4028 πεπληρώκει
969 3956 1080 4026 (69)
1137 3954 1203 4008 τὰ
1258 3955 1564 4028 κυνηγέσια.
1617 3955 1754 4010 Τότε

64 4042 276 4113 ἔδοξεν
312 4041 493 4104 αὑτεῖς
527 4041 883 4115 ὁμοθυμαδὸν
914 4038 1229 4112 ἐπιϐοῆσαι,
1265 4044 1404 4098 ὥστε
1432 4045 1522 4098 τὸν
1574 4043 1752 4098 [Ιολύ-

63 4153 310 4209 καρπον
345 4135 521 4200 ζῶντα
551 4135 665 4204 (70)
717 4139 1140 4201 κατακαυθῆναι,
1196 4130 1345 4186 Ἔδει
1397 4132 1498 4209 γὰρ
1550 4135 1611 4186 τὸ
1656 4139 1754 4201 τῆς

63 4221 507 4302 φανερωθείσης
540 4220 629 4274 ἐπὶ
659 4225 756 4274 τοῦ
814 4219 1253 4300 προσκεφαλαίου
1306 4221 1564 4282 ὀπτασίας
1607 4221 1758 4291 πλη-

68 4317 378 4389 ρωθῆναι,
413 4307 507 4363 ὅτε
576 4305 705 4364 ἰδὼν
762 4308 892 4363 αὐτὸ
948 4310 1240 4381 γαῖόμενον
1285 4312 1760 4400 προσευχόμενος,

61 4407 250 4462 εἶπεν
287 4401 637 4476 ἐπιστραφεὶς
677 4406 792 4462 τοῖς
853 4402 945 4456 σὺν
1004 4402 1154 4474 αὐτῷ
1209 4407 1425 4464 πιστοῖς
1489 4423 1761 4481 προφητι-

1935 2529 2068 2582 Haec
2099 2544 2234 2581 vero
2263 2533 2438 2598 atque
2469 2529 2586 2585 alia
2611 2529 2782 2601 plura
2804 2545 2935 2584 cum
2969 2529 3434 2599 diceret,ﬁducia
3454 2535 3513 2588 et

1861 2617 2075 2690 gaudio
2106 2617 2467 2687 replebatur,
2502 2618 2780 2688 illiusque
2812 2619 3004 2674 vultus
3045 2619 3257 2690 plenus
3305 2621 3508 2692 gratim

1863 2711 2007 2771 erat,
2041 2705 2187 2760 adeo
2219 2710 2285 2758 ut
2316 2722 2438 2760 non
2469 2706 2661 2761 solum
2692 2723 2813 2761 non
2845 2707 3206 2776 concideret,
3240 2709 3368 2780 ipso
3401 2726 3508 2780 per

1863 2795 2019 2850 dicta
2049 2793 2400 2848 conturbato
2431 2809 2444 2858 ;
2479 2795 2583 2849 sed
2613 2801 2818 2849 contra
2849 2797 3168 2866 proconsul
3214 2802 3500 2868 stuperet,

1863 2899 2154 2952 suumque
2184 2882 2448 2936 mitteret
2474 2899 2812 2954 prmconem
2845 2891 2937 2938 ter
2972 2884 3035 2939 in
3067 2885 3263 2940 medio
3308 2887 3497 2941 stadio

1860 2973 2385 3044 proclamaturum:
2420 2994 2448 3021 «
2475 2972 2830 3044 Polycarpus
2851 2973 3157 3028 confessus
3190 2979 3296 3039 est,
3332 2976 3496 3030 Chri-

1861 3061 2120 3116 stianum
2151 3076 2212 3115 se
2245 3077 2392 3116 esse.
2421 3083 2450 3110 »
2482 3061 2646 3126 Quod
2679 3061 2776 3115 ubi
2808 3063 3251 3133 pronuntiasset
3281 3081 3494 3134 preco,

1859 3150 2132 3205 universa
2173 3149 2488 3206 multitudo
2545 3150 2854 3221 gentilium
2909 3168 2976 3206 ac
3003 3151 3359 3222 Iudaeorum,
3397 3155 3500 3223 qui

1861 3244 2170 3312 Smyrnam
2202 3240 2561 3304 incolebant,
2587 3241 2871 3296 effrenata
2900 3241 2988 3295 ira
3020 3246 3078 3296 et
3108 3258 3322 3314 magna
3362 3259 3502 3298 voce

1861 3330 2271 3385 conclamabat
2299 3346 2359 3383 τι(
2387 3330 2488 3384 Hic
2517 3330 2835 3400 impietatis
2867 3335 2958 3384 est
2983 3336 3508 3402 praeceptor,pater

1864 3418 2352 3485 Christianorum,
2406 3418 2651 3474 deorum
2697 3424 3039 3473 nostrorum
3103 3435 3357 3486 eversor,
3408 3420 3508 3491 qui

1856 3507 2080 3561 multos
2103 3507 2299 3575 docet,
2333 3523 2408 3561 ne
2441 3507 2798 3573 sacrificent,
2822 3524 2966 3562 neve
3001 3507 3140 3563 deos
3173 3509 3447 3564 adorent.
3483 3531 3511 3560 »

1860 3597 1992 3651 Haec
2024 3596 2288 3651 dicentes
2319 3596 2657 3651 clamabant
2713 3597 3114 3668 rogabantque
3169 3598 3513 3670 Philippum

1861 3685 2227 3753 Asiarcham,
2260 3691 2326 3739 ut
2355 3685 2591 3740 leonem
2614 3685 2890 3740 adversns
2919 3687 3311 3758 Polycarpum
3345 3688 3514 3743 emit-

1864 3779 2032 3830 teret.
2067 3777 2139 3827 At
2170 3773 2479 3845 Philippus
2511 3773 2567 3827 id
2592 3775 2701 3828 sibi
2740 3775 2919 3830 licere
2952 3777 3202 3846 negavit,
3237 3777 3376 3846 quia
3427 3776 3513 3831 lu-

1863 3865 2002 3919 dum
2030 3863 2354 3918 bestiarum
2374 3864 2501 3934 jam
2525 3864 2899 3935 explevisset.
2933 3867 3092 3919 Tunc
3119 3864 3342 3935 placuit
3371 3865 3509 3935 illis,

1862 3969 1984 4009 uno
2008 3968 2304 4007 consensu
2325 3953 2603 4019 clamare,
2618 3958 2682 4007 ut
2701 3953 3060 4024 Polycarpus
3084 3953 3244 4007 vivus
3264 3953 3508 4008 combu-

1864 4042 2114 4093 reretur.
2148 4039 2394 4092 Necesse
2427 4037 2589 4091 enim
2621 4043 2767 4103 erat,
2798 4042 2864 4092 ut
2895 4039 3039 4093 visio
3071 4038 3176 4093 illa
3217 4038 3290 4092 de
3322 4038 3507 4092 cervi-

1867 4126 1975 4182 cali
2007 4126 2372 4197 impleretur,
2407 4143 2538 4197 quas
2587 4126 2638 4181 ei
2673 4131 2910 4181 ostensa
2950 4127 3140 4183 fuerat
3185 4143 3320 4182 cum
3352 4127 3512 4181 inter

1869 4215 2157 4270 orandum
2182 4215 2326 4270 illud
2354 4215 2570 4270 ardens
2596 4213 2838 4283 videret,
2856 4221 2914 4269 et
2935 4233 3252 4272 conversus
3277 4215 3352 4271 ad
3373 4215 3512 4270 ﬁde-

1871 4305 1958 4358 les
1987 4311 2246 4360 astantes
2275 4304 2617 4376 prOphetice
2653 4304 2912 4358 diceret:
2951 4324 2975 4356 ι
3010 4306 3252 4376 Oportet
3291 4321 3386 4360 me
3426 4304 3529 4377 vi-_

1873 4410 2010 4448 vum
2040 4393 2328 4449 comburi.
2365 4417 2394 4443 »

50 4499 232 4555 κῶς’
269 4514 298 4542 ‹‹
332 4494 422 4545 Δεῖ
455 4511 522 4562 με
553 4494 731 4560 ζῶντα
759 4491 1178 4560 κατακαυθῆναι.
1225 4515 1254 4543 ››

1456 4582 1598 4639 XIII.
1633 4589 1814 4659 Rogus
1843 4590 2169 4647 exstruitur.

160 4703 358 4757 Ταῦτα
389 4698 478 4752 οὗν
513 4697 648 4771 μετά
703 4695 965 4752 τοσούτου
1022 4697 1230 4772 τάχους
1282 4695 1510 4772 ἐγίνετο,
1568 4705 1757 4764 θᾶττον

49 4793 194 4850 τοῦ
228 4789 522 4865 λεχθῆναι,
567 4790 675 4840 τῶν
714 4781 902 4860 ὄχλων
932 4793 1279 4864 παραχρῆμα
1319 4788 1656 4862 συναγόντων
1698 4787 1758 4848 ἔκ

165 4915 220 4950 1°
253 4916 423 4969 Rom.
453 4929 575 4980 xm,
611 4915 662 4979 1,
706 4915 777 4979 7;
809 4913 916 4967 Tit.
951 4929 1027 4980 In,
1065 4915 1113 4965 1.

1940 4708 2073 4762 Haec
2100 4723 2275 4778 porro
2297 4708 2470 4763 citius
2492 4713 2729 4780 peracta
2747 4713 3086 4779 sunt,quam
3110 4709 3513 4778 pronuntiata;

1867 4803 2080 4852 cuncta
2099 4797 2271 4869 plebe
2295 4799 2607 4854 confestim
2641 4815 2712 4854 ex
2730 4797 2984 4853 officinis
3001 4814 3070 4853 ac
3099 4797 3328 4854 balneis
3355 4797 3517 4870 ligna

165 5074 291 5146 (65)
325 5072 369 5126 Ῑ.
402 5070 1028 5153 e:.«._audire_te_volo,
1061 5071 1105 5125 si
1141 5088 1175 5126 a
1207 5072 1424 5153 populo
1475 5076 1760 5153 prolatio-
1793 5085 1838 5147 D
1869 5081 2172 5153 appellati.
2209 5083 2424 5136 MADER.
2461 5083 2638 5138 Valde
2671 5100 2990 5140 onerosum
3024 5089 3147 5138 erat
3178 5084 3289 5138 hoc
3318 5096 3512 5153 sacer:

55 5142 244 5209 nem
282 5142 558 5226 supplicii
590 5142 810 5214 poteris
852 5143 1193 5226 impetrare.
1226 5165 1253 5192 »
1287 5142 1568 5226 ’ΝεαηείΓο
1618 5165 1759 5226 pro-
1793 5142 1827 5147 ⁷
1875 5142 2124 5226 dli-tium,
2158 5159 2333 5226 atque
2367 5153 2584 5226 idcirco
2610 5156 2850 5210 nonnisi
2908 5155 3320 5226 opulentiores
3349 5153 3423 5208 ad
3447 5152 3513 5226 id

41 5214 655 5298 cpnsul'l‘gnatium
703 5230 949 5298 servare
1002 5214 1267 5298 voluisse
1321 5215 1570 5273 videtur.
1620 5214 1762 5276 Vide
1874 5214 2198 5295 gerendum
2225 5214 2613 5298 eligebantur.
2643 5227 2790 5281 Hinc
2819 5214 3121 5298 est,fquod
3176 5225 3380 5298 Strabo
3407 5224 3513 5278 ob-

45 5296 126 5366 ej
142 5286 788 5366 qsﬂistorjam‘eccles.
827 5302 866 5352 1,
899 5303 956 5357 p.
995 5287 1264 5366 39711.10:
1306 5356 1320 5366 ‘
1438 5362 1446 5366 Δ
1604 5361 1614 5366 _

1885 5286 2089 5361 ἔοι-νει,
2141 5286 2449 5350 Asiarchas
2508 5296 2628 5351 fere
2677 5313 2750 5351 ex
2807 5286 3116 5352 Trallianis
3173 5296 3515 5366 desumptos

329 5359 417 5438 [ιο
446 5355 813 5438 Jacobsonus
845 5355 1075 5438 ecodd:
1113 5356 1455 5438 Vindobuet
1474 5359 1670 5438 Palis.
1877 5355 2086 5438 fuisse,
2114 5373 2426 5437 propterea
2455 5367 2612 5437 quod
2643 5368 2772 5438 ejus
2801 5369 2966 5423 urbis
2993 5369 3146 5422 cives
3169 5355 3517 5438 totiusdsiaa

200 5432 302 5508 δῖ)
335 5430 450 5508 ξφ
476 5423 720 5508 ἀσεϐείας
751 5427 1185 5508 restituendum
1219 5445 1347 5482 esse
1371 5426 1765 5508 ’Aclq¢,Euse-
1879 5423 2310 5507 opulentissimi
2342 5423 2558 5493 essent.
2595 5423 2790 5508 Vales.
2827 5439 2990 5493 Idem
3041 5439 3150 5493 iste
3209 5436 3520 5506 Philippus

47 5499 212 5568 bii,
252 5499 454 5581 Rufini
486 5503 545 5554 et
576 5499 803 5582 .veter'i's
852 5500 1192 5570 interpretis
1242 5500 1624 5557 consentiens
1674 5505 1761 5559 hic

1885 5499 2034 5582 infra
2063 5526 2113 5582 ο.
2149 5511 2213 5562 2t
2249 5507 2534 5582 ἀρχιερεὺς
2563 5507 2898 5582 Τραλλιανός
2928 5509 3277 5582 appellatur.
3309 5499 3429 5561 ,ΙΑὶξῖ
3508 5572 3510 5574 ν

47 5571 703 5651 ενίῃςὶῐβὶιδιεῑοςίιᾶε.
741 5571 938 5651 Ussaa.
973 5641 983 5651 .
1019 5640 1031 5651 ‘
1098 5641 1112 5651 _
1467 5642 1477 5651 ⁸
1577 5644 1592 5651 _
1951 5581 2058 5646 (69)
2083 5580 2169 5651 Ita
2199 5571 2454 5644 codices,
2487 5571 2667 5636 testes
2713 5571 3060 5646 Jacobsohn,
3120 5579 3340 5651 omisso
3383 5572 3522 5648 aug-

163 5645 310 5722 (68).
331 5641 630 5696 Asiarchaa
661 5647 850 5722 erant.
885 5641 987 5711 qui
1018 5640 1187 5722 ludos
1219 5657 1419 5722 sacros
1465 5642 1526 5722 in
1577 5644 1770 5700 hono-
1882 5640 2083 5722 mento
2117 5640 2874 5722 plusquamperfecti,quod
2895 5640 3109 5722 saepius
3135 5640 3529 5706 ﬁeritestatur

43 5731 240 5793 re‘m
276 5711 524 5767 deorum
545 5728 650 5793 p_ro
675 5711 865 5793 salute
885 5713 1196 5793 provinciae
1221 5729 1342 5793 suae
1365 5714 1533 5793 statis
1551 5721 1775 5793 tempo-
1884 5721 2084 5774 Winer
2113 5711 2392 5778 Granim..
2486 5727 2569 5790 l2,
2599 5740 2656 5778 n.
2691 5711 2754 5777 8..
2777 5738 2834 5793 p.
2866 5725 2955 5787 69,
2982 5711 3082 5777 ed.
3110 5737 3180 5774 xv.

39 5793 123 5854 ri
139 5789 282 5843 bus
313 5783 730 5855 procurabant.
762 5783 927 5847 Quod
967 5800 1100 5839 vero
1131 5784 1488 5910 apectacula,
1540 5783 1774 5857 quae—ab
1956 5793 2069 5858 (70)
2101 5793 2144 5846 Ε
2174 5793 2345 5847 codd.
2380 5783 2567 5849 Vindf
2586 5800 2644 5850 et
2681 5783 2998 5849 Parisien'si
3050 5789 3412 5848 Jacobsonus
3441 5805 3530 5846 re-

41 5858 237 5910 ;llis
272 5854 588 5910 dabantur.
621 5870 792 5910 sacra
835 5859 1023 5910 erant.
1065 5855 1128 5910 in
1174 5871 1205 5910 e
1257 5855 1596 5910 sacerdotes
1638 5865 1777 5910 sunt
1886 5862 2087 5910 nosuit
2117 5865 2314 5910 ζῶντα-

40 5858 237 5927 illis
272 5854 588 5928 dabantur,
621 5870 792 5911 sacra
835 5859 1023 5924 erant,
1065 5854 1205 5912 inde
1257 5854 1596 5915 sacerdotes
1638 5865 1777 5918 sunt
1886 5854 2087 5935 posuit
2117 5865 2314 5930 ζῶντα.
