3956 6308
443 387 600 451 1039

1627 384 1696 445 8.
1739 373 2258 444 POLYCABPUS
2303 371 2662 434 MARTYR.

3696 371 3833 433 1040

445 526 502 578 et
534 525 834 577 sarmenta
863 525 1218 591 congerente
1245 537 1260 588 ;
1291 520 1587 591 praecipue
1615 518 1855 586 Judaais,
1905 516 2066 572 alacr

2203 530 2258 564 τε
2284 513 2392 564 τῶν
2424 507 2797 584 ἐργαστηρίων
2827 506 2919 562 καὶ
2954 507 3256 583 βαλανείων
3314 504 3449 577 ξύλα
3506 508 3596 563 καὶ
3653 510 3831 589 φρύγα-

445 612 666 679 animo,
700 616 766 666 ut
794 610 1008 675 solent,
1041 610 1113 664 ad
1145 610 1256 665 ista
1279 609 1644 680 juvantibus.
1688 610 1832 662 Cum
1891 612 2089 662 autem

443 718 620 772 rogus
649 705 964 771 apparatus
995 705 1170 767 esset,
1224 699 1599 770 Polycarpus,
1640 697 1750 752 sibi
1811 695 2089 752 detractis

441 790 717 845 omnibus
743 789 1105 843 vestimentis
1135 796 1192 842 et
1224 788 1458 860 cingulo
1489 788 1704 854 soluto,
1766 784 2092 840 conabatur

441 879 621 933 etiam
651 895 714 933 se
737 876 1073 932 excalceare
1102 893 1115 942 ;
1141 876 1298 946 quod
1331 877 1495 946 prius
1522 893 1642 929 non
1671 873 2090 943 faciebat,quia

441 983 675 1038 semper
707 967 903 1021 cuncti
931 965 1134 1020 ﬁdeles
1157 964 1617 1030 contendebant,
1649 964 1923 1033 quisnam
1947 960 2092 1016 cele-

438 1057 562 1110 rius
593 1071 805 1126 corpus
837 1056 967 1126 ejus
999 1061 1277 1125 tangere;
1312 1053 1473 1108 omni
1498 1053 1657 1107 enim
1681 1052 1835 1108 bono
1850 1055 2092 1122 propter

447 1150 682 1201 sanctos
710 1161 907 1198 mores
937 1161 1076 1198 suos
1107 1143 1201 1197 ille
1231 1144 1409 1198 etiam
1443 1149 1578 1198 ante
1613 1141 1962 1211 martyrium
1994 1157 2088 1193 or-

439 1241 615 1288 natus
643 1238 786 1288 erat.
821 1233 985 1287 Illico
1019 1249 1176 1287 nunc
1207 1232 1304 1287 ille
1351 1232 1624 1286 omnibus
1676 1229 2090 1284 instrumentis

442 1321 944 1385 circumdabatur,
980 1337 1109 1391 quas
1143 1337 1247 1392 pro
1275 1337 1414 1392 rogo
1467 1325 1672 1390 parata
1719 1324 1908 1374 erant.
1944 1317 2091 1372 Cum

440 1427 576 1466 vero
609 1416 666 1464 et
696 1410 872 1464 clavis
905 1410 1100 1479 ipsum
1134 1410 1372 1481 afﬁgere
1417 1409 1654 1472 vellent,
1697 1408 1844 1462 dixit
1873 1424 1884 1460 :
1939 1429 1966 1456 ‹‹
2001 1407 2092 1463 Si-

443 1500 565 1554 nite
588 1515 682 1553 me
715 1499 798 1552 sic
834 1517 847 1563 ;
891 1499 990 1568 qui
1038 1499 1197 1552 enim
1229 1499 1375 1552 mihi
1411 1497 1510 1552 dat
1562 1498 1758 1569 ignem
1809 1496 1950 1567 pati,
1985 1495 2092 1550 da-

441 1589 548 1655 bit,
582 1593 638 1642 et
669 1587 796 1642 sine
829 1592 1021 1642 vestra
1053 1603 1123 1642 ex
1155 1586 1332 1642 clavis
1363 1585 1659 1656 cautione,
1692 1587 2006 1640 immotum
2029 1585 2089 1639 in

444 1693 591 1748 pyra
623 1692 998 1748 permanere.
1035 1698 1062 1726 ››

2201 618 2283 655 να·
2322 599 2562 672 μάλιστα
2591 594 2866 655 Ἰουδαίων
2900 597 3218 674 προθύμως,
3252 598 3326 660 ὡς
3358 593 3474 660 ἔθος
3507 600 3709 669 αὐτοῖς,
3765 601 3830 662 εἷς

2199 694 2367 746 ταῦτα
2399 687 2833 762 ὑπουργούντων.
2869 687 3000 744 "Ora
3050 684 3107 741 δὲ
3160 689 3194 757 ἡ
3229 689 3466 763 πυρκαϊὰ
3511 689 3831 764 ἧτυιμάσθη,

2201 778 2532 852 ἀποθέμενος
2575 777 2748 848 ὲεηῖῖ)
2780 776 2950 831 πάντα
3006 776 3072 831 τά
3121 777 3333 849 ἱμάτια,
3387 779 3481 831 καῖ
3524 778 3688 841 λύσας
3741 783 3829 849 τήν

2204 869 2380 938 ζώνην
2415 867 2602 937 αὐτοῦ,
2634 864 2882 941 ἐπειρᾶτο
2916 865 3005 921 καὶ
3041 866 3300 921 ὑπολύειν
3335 867 3544 922 ἑαυτὸν·
3583 871 3655 941 μή
3706 872 3830 944 πρό-

2200 977 2351 1030 τερον
2393 960 2553 1011 τοῦτο
2585 959 2778 1023 ποιῶν,
2821 953 2908 1009 διὰ
2960 955 3022 1010 τὸ
3074 956 3152 1010 ἂεῖ
3209 951 3431 1010 ἕκαστον
3478 962 3586 1012 τῶν
3638 966 3827 1014 πιστῶν

2203 1044 2546 1115 σπουδάζειν,
2579 1043 2727 1107 ὅστις
2759 1045 2952 1120 τάχιον
2983 1050 3079 1099 τοῦ
3139 1047 3352 1120 χρωτὸς
3403 1047 3566 1102 αύτοῦ
3618 1047 3828 1122 ἄρξηται·

2200 1137 2360 1190 παντὶ
2401 1138 2507 1207 (71)
2538 1135 2638 1208 γάρ
2677 1135 2868 1207 ξκαλῷ,
2920 1135 3120 1208 ἀγαθῆς
3168 1132 3342 1190 ἕνεκεν
3403 1137 3701 1204 πολιτείας,
3749 1141 3831 1194 ui

2198 1225 2306 1297 πρὸ
2345 1230 2444 1292 τῆς
2507 1222 2803 1296 μαρτυρίας
2861 1220 3218 1294 ἐκεκόσμητο.
3280 1223 3491 1286 Εὐθέως
3548 1225 3640 1280 οὖν
3693 1228 3833 1300 αὗτῷ

2199 1309 2530 1386 περιετίθετο
2582 1311 2648 1366 τὰ
2705 1312 2840 1385 πρὸς
2900 1313 2998 1380 τήν
3067 1313 3236 1384 πυρὰν
3297 1315 3621 1388 ἡρμοσαὲνα
3678 1313 3838 1392 ὄργα.

2199 1423 2260 1456 να
2291 1406 2422 1475 (72).
2455 1397 2792 1456 Μελλόντων
2835 1397 2891 1455 δὲ
2949 1400 3124 1456 αὐτῶν
3193 1403 3285 1457 καὶ
3338 1408 3651 1476 προσηλοῦν
3709 1411 3837 1477 (73),

2199 1492 2366 1546 εἶπεν.
2409 1515 2429 1541 ι
2466 1491 2658 1567 Ἀφετὲ
2694 1510 2759 1563 με
2791 1486 2984 1553 οὕτως·
3020 1490 3047 1544 6
3079 1491 3182 1565 γὰρ
3237 1488 3361 1553 δούς
3415 1513 3509 1566 μοι
3558 1493 3842 1566 ὑπομεῖναι

2196 1582 2258 1636 τὸ
2290 1585 2418 1655 πῦρ,
2453 1577 2614 1634 δώσει
2645 1579 2734 1633 καὶ
2767 1579 2943 1654 χωρὶς
2973 1586 3072 1649 τῆς
3117 1579 3379 1655 ὒμετὲρας
3424 1583 3486 1636 ἒκ
3533 1587 3643 1637 τῶν
3693 1582 3840 1651 ἥλων

2198 1670 2514 1748 ἀσφαλείας,
2547 1667 2839 1725 ἀσάλευτον
2872 1669 3143 1743 ἐπιμεῖναι
3174 1675 3243 1744 τῇ
3276 1675 3439 1745 πυρᾷ,
3475 1698 3502 1724 ››

1762 1765 1903 1819 XIV.
1936 1763 2226 1834 Polycarpi
2251 1765 2518 1834 precatio.

515 1862 607 1917 llli
641 1879 777 1935 ergo
809 1879 927 1918 non
953 1862 1192 1933 quidem
1223 1863 1406 1918 clavis
1425 1862 1776 1926 deﬁxerant,
1809 1861 1913 1916 sed
1944 1860 2069 1932 liga-

2268 1859 2334 1916 Οἱ
2367 1855 2424 1913 δὲ
2454 1858 2516 1913 οὐ
2567 1859 2893 1929 καθήλωσαν
2945 1859 3059 1931 μὲν,
3106 1853 3303 1929 ἔδησαν
3367 1857 3424 1914 δὲ
3478 1861 3660 1916 αὐτον.
3694 1865 3753 1920 Ὁ
3787 1860 3840 1916 δὲ

443 1957 659 2007 verunt
689 1969 848 2008 eum.
883 1954 984 2007 llic
1015 1969 1151 2006 vero
1184 1954 1455 2008 manibus
1504 1953 1564 2007 in
1596 1952 1819 2024 letgum
1851 1951 2088 2023 rejectis

445 2057 511 2096 ac
534 2041 780 2106 vinctus,
818 2047 1099 2111 tanquam
1124 2041 1278 2095 aries
1301 2041 1552 2112 insignis
1585 2056 1652 2094 ex
1684 2057 1896 2112 magno
1915 2054 2086 2112 grege

443 2127 518 2183 ad
541 2129 921 2193 oblationem,
947 2129 1183 2183 victima
1199 2129 1580 2201 acceptabilis
1602 2131 1718 2183 Deo
1736 2135 2084 2200 praeparata,

443 2217 654 2271 coelum
705 2217 952 2270 intuitus
997 2216 1180 2271 dixit:
1244 2240 1263 2264 α
1301 2217 1546 2272 Domine
1608 2218 1760 2272 Deus
1819 2218 2087 2288 omnipo-

440 2310 594 2370 tens,
628 2307 801 2359 Pater
829 2305 1029 2359 dilecti
1060 2322 1128 2360 ac
1157 2305 1457 2360 benedicti
1487 2306 1614 2361 Filii
1650 2306 1732 2360 tui
1763 2307 1898 2360 Jesu
1915 2306 2086 2360 Chri-

439 2396 535 2464 sti,
571 2414 677 2468 per
706 2413 885 2467 quem
916 2397 1001 2452 tui
1033 2397 1306 2452 notitiam
1335 2399 1694 2469 accepimus,
1727 2399 1882 2453 Deus
1911 2414 2083 2470 ange-

436 2484 629 2541 lorum
652 2490 712 2540 et
730 2486 1033 2556 virtutum,
1057 2503 1123 2540 ac
1141 2487 1429 2541 universaa
1451 2493 1757 2555 creaturas,
1783 2487 2080 2558 totiusque

433 2575 666 2647 generis
689 2576 988 2646 justorum
1020 2576 1082 2630 in
1113 2581 1433 2647 conspectu
1460 2583 1562 2631 tuo
1593 2576 1944 2643 viventium;
1979 2577 2078 2632 be-

431 2662 642 2718 nedico
669 2664 799 2731 tibi,
827 2664 1111 2734 quoniam
1140 2680 1235 2718 me
1283 2663 1394 2720 hac
1441 2665 1536 2720 die
1586 2665 1762 2735 alque
1793 2665 1903 2720 hac
1933 2666 2080 2721 hora

431 2752 707 2824 dignatus
737 2769 822 2817 es,
855 2759 920 2807 ut
947 2758 1176 2824 partem
1207 2754 1538 2824 acciperem
1563 2754 1624 2809 in
1645 2771 1895 2809 numero
1929 2771 2079 2810 mar-

428 2845 626 2913 tyrum
656 2848 916 2910 tuorum,
949 2842 1011 2898 in
1042 2843 1221 2898 calice
1253 2843 1466 2898 Christi
1501 2845 1583 2898 tui
1615 2843 1681 2911 “,
1716 2845 1791 2899 ad
1820 2861 2078 2900 resurre-

427 2931 685 2986 ctionem
716 2931 779 2986 in
813 2931 990 2986 vitam
1021 2937 1330 2997 aeternam,
1363 2933 1577 2987 animai
1611 2938 1670 2987 et
1698 2933 1984 3003 corporis,
2012 2933 2073 2988 in

426 3020 874 3090 incorruptione
903 3037 1010 3090 per
1038 3021 1319 3090 Spiritum
1363 3027 1672 3085 sanctum;
1725 3021 1880 3076 inter
1926 3039 2071 3092 quos

423 3109 654 3164 utinam
685 3109 977 3180 suscipiar
998 3109 1174 3163 hodie
1201 3125 1400 3164 coram
1432 3116 1488 3164 te
1520 3113 1582 3164 in
1614 3110 1905 3164 sacriﬁcio
1944 3112 2070 3180 pin-

423 3197 519 3267 gui
554 3201 611 3252 et
641 3202 904 3267 accepto,
938 3197 1444 3268 quemadmodum
1474 3198 1819 3269 praaparasti
1839 3203 1896 3252 et
1926 3199 2066 3252 mihi

420 3286 892 3356 prmmonstrasti
924 3291 983 3340 et
1010 3302 1170 3340 nunc
1191 3285 1608 3356 adimplevisti,
1633 3287 1806 3352 Deus,
1830 3287 2071 3342 menda-

421 3373 494 3428 cii
527 3373 764 3429 nescius
794 3390 861 3428 ac
893 3389 1087 3428 verax.
1112 3375 1481 3445 Quapropter
1504 3374 1577 3428 de
1598 3375 1872 3431 omnibus
1895 3376 2072 3432 laudo

416 3467 496 3528 te,
526 3461 842 3516 benedicto
864 3462 996 3529 tibi,
1030 3462 1292 3533 gloriﬁco
1327 3470 1404 3533 te,
1436 3481 1571 3519 cum
1617 3465 1980 3535 sempiterno
2012 3471 2070 3521 et

417 3548 642 3604 omlesti
671 3550 808 3605 Jesu
865 3550 1116 3620 Christo,
1145 3551 1361 3607 dilecto
1386 3556 1484 3607 tuo
1511 3552 1678 3620 Filio,
1704 3569 1840 3608 cum
1863 3570 1978 3624 quo
1994 3555 2068 3609 ti-

415 3635 474 3691 bi
509 3639 568 3690 et
597 3636 840 3708 Spiritui
872 3643 1076 3694 sancto
1101 3638 1311 3710 gloria,
1369 3645 1428 3695 et
1457 3656 1616 3696 nunc
1647 3645 1705 3695 et
1753 3641 1813 3695 in
1864 3641 2065 3698 futura

415 3725 654 3782 secula.
682 3728 892 3783 Amen.
925 3749 955 3779 η

2201 1948 2376 2003 ὀπίσω
2431 1947 2526 2010 τὰς
2575 1953 2766 2020 χεῖρας
2819 1949 3052 2017 ποιήσας
3112 1949 3200 2002 καὶ
3265 1947 3603 2022 προσδεθεὶς,
3664 1949 3842 2026 ὣσπερ

2197 2038 2348 2111 κριὸς
2407 2035 2677 2110 ἐπίσημος
2725 2035 2784 2090 ἐκ
2848 2035 3092 2112 μεγάλου
3151 2037 3410 2111 ποιμνίου
3468 2039 3541 2099 εἰς
3602 2060 3842 2114 προσοοο

2199 2127 2291 2202 ράν
2325 2128 2459 2199 (74),
2493 2126 2875 2200 ὁλοκάρπωμα
2907 2129 3014 2199 (75)
3057 2122 3242 2181 δεκτὸν
3295 2128 3379 2200 τῷ
3412 2133 3526 2200 Θεῷ
3570 2131 3840 2203 ἡτοιμασ-

2198 2215 2382 2288 μένον,
2437 2209 2744 2288 ἀναϐλέψας
2801 2215 2875 2276 εἰς
2930 2216 3020 2270 τὸν
3077 2215 3324 2290 οὐρανὸν,
3386 2220 3526 2273 εἶπε“
3587 2243 3616 2271 ‹‹
3683 2221 3840 2294 Κύριε

2195 2307 2224 2360 6
2256 2306 2408 2370 Θεὸς,
2441 2306 2469 2359 6
2500 2305 2914 2380 παντοκράτωρ,
2945 2305 2973 2359 6
3007 2309 3104 2360 τοῦ
3135 2305 3419 2380 ἀγαπητοῦ
3462 2307 3553 2362 καὶ
3601 2307 3836 2384 εὐλογη-

2189 2399 2286 2449 τοῦ
2337 2391 2536 2456 Παιδός
2594 2415 2690 2448 σου
2745 2395 2922 2464 Ἰησοῦ
2979 2394 3217 2468 Χριστοῦ
3270 2398 3478 2470 Ηατηρ,
3521 2393 3593 2450 δι’
3646 2399 3711 2452 οὗ
3741 2402 3835 2468 τὴν

2190 2485 2312 2558 περὶ
2373 2489 2468 2539 σοῦ
2513 2483 2800 2560 ἐπίγνωσιν
2854 2481 3183 2561 εἰλήφαμεν,
3218 2486 3245 2539 6
3277 2488 3406 2548 Θεὸς
3454 2486 3716 2562 ἀγγέλων
3752 2489 3838 2543 καὶ

2189 2572 2488 2647 δυνάμεων,
2521 2574 2613 2627 καὶ
2660 2573 2837 2643 πάσης
2898 2580 2999 2642 τῆς
3048 2575 3296 2644 κτίσεως,
3343 2575 3434 2629 καὶ
3479 2577 3686 2640 παντὸς
3746 2581 3837 2632 τοῦ

2184 2663 2370 2738 γένους
2403 2667 2508 2718 τῶν
2548 2660 2792 2730 δικαίων,
2827 2660 2879 2716 οἳ
2911 2667 3070 2732 ζῶσιν
3101 2663 3325 2719 ἐνώπιόν
3353 2682 3468 2719 σου·
3502 2665 3729 2741 εὐλογῶ
3761 2688 3834 2736 σε,

2185 2754 2267 2806 ὅτι
2299 2752 2538 2822 ἠξίωσάς
2572 2773 2637 2823 με
2682 2758 2782 2820 τῆς
2835 2748 3043 2824 ἡμέρας
3102 2752 3193 2807 καὶ
3251 2751 3396 2828 ὥρας
3450 2754 3685 2824 ταύτης,
3743 2760 3833 2810 τοῦ

2186 2838 2372 2897 λαϐεῖν
2410 2864 2476 2915 με
2517 2843 2682 2915 μέρος
2731 2839 2783 2894 ἐν
2837 2840 3056 2913 ἀριθμῷ
3104 2846 3211 2896 τῶν
3276 2844 3568 2918 μαρτύρων
3619 2867 3744 2915 σου,
3788 2846 3832 2900 ὲν

2179 2935 2258 3002 τῷ
2300 2931 2552 3005 ποτηρίῳ
2607 2934 2702 2984 τοῦ
2761 2931 2996 3003 Χριστοῦ
3053 2952 3146 2985 σου
3205 2930 3280 2994 είς
3339 2931 3626 2988 ἀνάστασιν
3694 2942 3832 3005 ζωῆς

2179 3019 2428 3088 αἰωνίου,
2461 3023 2646 3093 ψυχῆς
2676 3040 2732 3072 τε
2774 3019 2862 3072 καὶ
2911 3020 3186 3091 σώματος,
3240 3020 3289 3074 ἐν
3334 3021 3612 3100 ἀφθαρσίᾳ
3663 3026 3834 3080 Πνεύ-

2184 3129 2350 3180 ματος
2380 3106 2553 3183 ἁγίου·
2591 3107 2642 3161 ἐν
2681 3108 2765 3169 οἷς
2797 3104 3198 3185 προσδεχθείην
3228 3109 3458 3164 ἐνώπιόν
3489 3105 3612 3167 σου
3671 3115 3837 3185 σημε-

2181 3216 2269 3271 ρον
2305 3195 2356 3251 ἐν
2389 3197 2545 3267 θυσίᾳ
2576 3195 2724 3251 πίονι
2755 3195 2845 3249 καὶ
2872 3194 3200 3271 προσδεκτῇ,
3258 3200 3437 3262 καθὼς
3479 3202 3832 3276 προητοίμα-

2181 3307 2272 3348 σας
2305 3286 2394 3340 καὶ
2424 3286 2875 3362 προειρανέρωσας
2935 3285 3026 3340 καὶ
3083 3285 3408 3362 ἐπληρωσας
3442 3293 3579 3362 (7‘6),
3614 3293 3647 3345 ὁ
3684 3294 3837 3365 ἀψευ-

2183 3372 2279 3444 δὴς
2311 3376 2398 3429 καὶ
2448 3374 2704 3441 ἀληθινὸς
2737 3373 2886 3434 Θεὸς.
2939 3375 3034 3430 Διά
3081 3380 3246 3431 τοῦτο
3295 3378 3383 3432 καὶ
3432 3379 3560 3453 περὶ
3617 3381 3833 3435 πάντων

2181 3463 2314 3518 αἰνῶ
2342 3485 2418 3534 σε,
2447 3463 2666 3539 εὐλογῶ
2699 3485 2777 3534 σε,
2829 3462 3036 3538 δοξάζω
3081 3487 3157 3536 σε,
3211 3467 3301 3520 σὺν
3353 3472 3431 3539 τῷ
3476 3467 3698 3542 αἰωνίῳ
3748 3471 3834 3523 καὶ

2176 3551 2484 3627 ἐπουρανίῳ
2515 3557 2692 3622 Ἰησοῦ
2723 3560 2966 3630 Χριστῷ,
3009 3557 3276 3632 ἀγαπητῷ
3325 3577 3421 3610 σου
3470 3554 3662 3612 Παιδί·
3697 3547 3832 3629 ’μεθ’

2205 3640 2233 3662 Ὗ
2451 3643 2465 3664 \
2633 3643 2647 3662 Ι
3167 3645 3176 3661 Ι
3386 3646 3400 3664 \
3486 3647 3510 3658 ε’
3684 3648 3700 3665 \
3789 3648 3801 3664 τ

2173 3662 2236 3696 ου
2267 3663 2350 3697 σοι
2378 3663 2467 3698 και
2518 3648 2785 3716 Πνευματι
2847 3644 2986 3720 ἁγίῳ
3033 3647 3068 3713 ἡ
3118 3641 3264 3715 ὃοξα,
3317 3665 3402 3700 και
3453 3666 3544 3699 νυν
3601 3667 3702 3700 και
3761 3669 3801 3702 ει

2167 3730 2294 3794 τοὺς
2331 3730 2636 3805 μέλλοντας
2663 3732 2880 3795 αἰῶνας.
2917 3735 3119 3807 Ἀμήν.
3154 3758 3183 3786 υ

1596 3839 1711 3894 XV.
1742 3839 2079 3910 Polycarpus
2108 3842 2235 3910 igne
2262 3857 2374 3896 non
2407 3842 2645 3898 laeditur.

486 3933 557 3987 Et
580 3938 892 4005 postquam
921 3936 1178 3991 «Amen»
1211 3936 2064 4008 emisisset,precationemque

415 4023 1109 4094 complevisset,ministri
1123 4026 1274 4097 ignis
1286 4027 1481 4098 ignem
1498 4027 2066 4084 accenderunt.Cum

412 4128 548 4167 vero
580 4113 790 4184 ingens
822 4113 1064 4168 flamma
1084 4115 1416 4181 émicasset,
1446 4116 1668 4187 grande
1709 4117 2061 4173 miraculum

414 4200 694 4266 vidimus,
728 4218 860 4268 nos,
891 4201 1108 4272 quibus
1129 4203 1277 4258 illud
1300 4209 1565 4274 spectare
1578 4221 1923 4260 concessum
1950 4206 2063 4262 fuit

416 4288 518 4359 qui
541 4293 600 4342 et
631 4289 762 4344 ideo
794 4291 1075 4346 reservati
1101 4308 1327 4358 sumus,
1358 4298 1423 4346 ut
1454 4293 1607 4360 aliis,
1651 4311 1780 4364 quae
1806 4296 2060 4368 contige-

405 4381 567 4444 runt,
600 4379 1112 4434 annuntiaremus.
1146 4381 1303 4452 Ignis
1338 4381 1496 4436 enim
1526 4382 1766 4437 fornicis
1799 4385 2055 4454 speciem

406 4463 700 4534 praabens,
731 4471 1013 4537 tanquam
1042 4468 1205 4523 navis
1231 4469 1425 4525 velum
1456 4487 1490 4526 a
1539 4476 1711 4526 vento
1738 4472 2054 4542 repletum,

406 4551 468 4606 in
501 4552 722 4609 circulo
755 4571 967 4627 corpus
1001 4558 1278 4629 martyris
1309 4559 1736 4628 circumdedit;
1789 4561 1967 4631 quod,
1994 4561 2055 4616 in

408 4640 605 4696 medio
637 4643 917 4714 positum,
974 4661 1097 4700 non
1131 4651 1196 4700 ut
1245 4663 1380 4703 caro
1411 4663 1543 4703 assa
1586 4649 1913 4718 videbatur,
1947 4649 2053 4705 sed

406 4728 589 4783 veluti
621 4732 791 4800 panis
814 4738 1038 4800 coctus,
1060 4733 1147 4788 vel
1173 4734 1324 4789 sicut
1342 4751 1553 4790 aurum
1580 4743 1637 4790 et
1658 4743 1967 4809 argentum
1991 4738 2052 4793 in

477 4851 520 4888 “
554 4854 754 4911 Matth.
785 4872 882 4924 xx,
914 4857 1019 4925 22;
1053 4874 1205 4926 τινι,
1239 4860 1339 4927 39;
1372 4860 1544 4915 Marc.
1578 4879 1634 4929 x,
1666 4863 1752 4917 38.

474 5025 595 5103 (⁸71),
617 5025 1064 5103 Ριςωροείῒξοέν,
1096 5045 1241 5103 guaa_
1275 5030 1490 5103 legitur
1520 5033 1581 5087 in
1613 5033 1980 5100 éditis,abest
2011 5050 2047 5090 a

401 5112 511 5150 ms.
548 5102 606 5150 et
634 5097 810 5167 plane
841 5099 985 5152 mihi
1019 5097 1362 5156 redundare
1381 5103 1628 5158 videtur.
1661 5106 1781 5159 JAC.

498 5170 582 5236 7'2)
612 5169 672 5241 Ε.
709 5185 760 5240 g.
803 5189 824 5216 ε
858 5169 1049 5240 palus,
1075 5176 1318 5239 catenas,
1355 5174 1548 5241 funes,
1585 5197 1612 5224 ››
1647 5181 1756 5230 etc.

495 5241 581 5305 73)
609 5239 737 5317 _Non
768 5239 1194 5317 videnturhaec
1219 5244 1300 5298 ita
1321 5239 1910 5317 intelligenda,quasi
1934 5249 2046 5302 Po-

397 5308 632 5389 lvcarpi
657 5326 865 5389 manus
909 5313 1085 5389 clavis
1139 5316 1477 5389 transﬁxuri
1524 5308 1778 5382 Essent,-
1809 5325 1868 5372 et
1914 5319 2043 5389 palo

397 5381 657 5460 aiﬁgmri;
690 5398 810 5436 non
840 5383 1053 5460 fuisset
1081 5384 1239 5438 enim
1272 5387 1395 5460 haac
1423 5389 1636 5460 exigua
1658 5381 1794 5460 pars
1827 5381 2046 5460 suppli-

396 5450 472 5503 cii
502 5451 703 5529 [quam
736 5454 1044 5529 carniﬁces
1078 5471 1198 5510 non
1233 5450 2045 5529 remisissent]..Crerliderim

393 5535 555 5589 ergo,
591 5525 1128 5602 catenas,_quibu_s
1168 5529 1446 5602 revincta;
1497 5525 1668 5585 erant
1711 5531 1783 5585 ad
1817 5540 2044 5602 tergum

393 5604 630 5710 reianus,
664 5593 799 5660 palo
827 5595 1005 5648 clavis
1035 5595 1238 5651 afﬁxas
1288 5599 1474 5654 fuisse
1530 5617 1604 5656 ne
1647 5593 2041 5658 moverentur.

441 5673 561 5710 ua.

441 5673 561 5711 ιιπ.

2247 3935 2693 4013 Ἀναπὲμψαντος
2727 3938 2783 3994 δὲ
2812 3939 2976 3996 αὐτοῦ
3004 3941 3065 3994 τὸ
3106 3965 3126 3991 ι
3161 3942 3356 4015 Ἀμὴν,
3391 3966 3419 3993 ››
3451 3943 3542 3996 καὶ
3591 3941 3837 4018 πληρώ-

2177 4048 2362 4091 σαντος
2389 4030 2488 4098 τήν
2520 4029 2712 4102 εὐχὴν,
2740 4030 2793 4084 οἱ
2843 4033 2940 4083 τοῦ
2979 4030 3149 4101 πυρὸς
3199 4031 3475 4104 ἂνθρωποι
3527 4031 3744 4105 ἀξῆψον
3774 4034 3834 4088 τὸ

2172 4120 2300 4188 πῦρ,
2345 4115 2605 4190 Μεγάλης
2638 4115 2695 4171 δὲ
2756 4116 3116 4192 ἐκλαμψάσης
3169 4119 3399 4196 φλογὸς,
3450 4125 3638 4192 θαῦμα
3694 4123 3830 4196 μέγα

2171 4203 2410 4278 εἴδομεν,
2444 4207 2521 4266 οἷς
2555 4202 2688 4260 ίὸεἶν
2735 4203 2920 4276 ἐδόθη·
2967 4208 3019 4261 oi
3069 4207 3158 4261 καὶ
3211 4207 3582 4282 ἐτηρήθημεν,
3637 4210 3718 4272 εἰς
3767 4212 3824 4265 τὸ

2166 4292 2483 4369 ἀναγγεῖλαι
2539 4299 2655 4355 τοῖς
2697 4295 2916 4355 λοιποῖς
2959 4296 3026 4349 τὰ
3083 4297 3368 4373 γενόμενα.
3419 4298 3494 4352 Τὸ
3545 4298 3660 4374 γάρ
3716 4306 3825 4375 πῦρ

2165 4383 2412 4456 καμάρας
2459 4379 2601 4444 εἶδος
2661 4390 2918 4453 ποιῆσαν,
2979 4382 3164 4460 ὥσπερ
3224 4385 3389 4456 ὀθόνη
3447 4385 3656 4441 πλοίου
3720 4389 3825 4444 ὑπό

2165 4471 2470 4544 πνεύματος
2503 4469 2886 4546 πληρουμένη,
2910 4474 3102 4545 κύκλῳ
3141 4475 3508 4550 περιετείχισε
3557 4478 3628 4531 τὸ
3661 4482 3828 4548 σῶμα

2086 4581 2132 4646 D
2161 4563 2258 4614 τοῦ
2292 4560 2587 4635 μάρτυρος·
2621 4561 2710 4614 καὶ
2750 4561 2816 4629 ἧν
2855 4572 3020 4635 μεσον
3056 4562 3166 4636 οὐχ
3222 4562 3298 4624 ὡς
3347 4562 3471 4636 σάρξ
3523 4567 3829 4636 καιομένη,

2163 4645 2290 4703 ἀλλ’
2333 4648 2408 4710 ὡς
2458 4649 2622 4723 ἄρτος
2681 4648 3019 4722 ὀπτώμενος,
3053 4650 3087 4720 ἢ
3125 4651 3200 4712 ὡς
3255 4653 3457 4725 χρυσὸς
3517 4653 3614 4707 καὶ
3660 4653 3831 4729 ἄργυ-

2165 4757 2262 4811 ρος
2294 4737 2344 4791 ἐν
2387 4737 2602 4811 καμίνῳ
2659 4738 3000 4814 πυρούμενος
3059 4741 3191 4813 (77).
3260 4741 3362 4797 Καὶ
3417 4742 3521 4817 γὰρ
3581 4741 3828 4805 εὐωδίας

2223 5035 2338 5109 (74)
2381 5036 2610 5109 Similia
2641 5036 2700 5091 in
2733 5039 3002 5109 Martyrio
3032 5040 3210 5109 Ignal.
3246 5057 3293 5096 ο.
3329 5044 3383 5104 2,

2226 5099 2339 5195 ('7'5‘)
2364 5110 2416 5195 ,Α
2439 5108 2645 5195 graecis
2677 5099 3102 5195 interpretibas
3139 5099 3520 5195 Hebraeorum
3551 5099 3830 5195 nbrpon

2154 5177 2642 5250 Ρθιτὸλοκαῦτωμα
2659 5177 2852 5234 solum
2866 5181 3155 5238 redditur.
3181 5184 3284 5237 sed
3309 5184 3614 5239 interdum
3635 5177 3833 5242 etiam

2154 5247 2261 5320 per
2288 5247 2684 5320 ὁλοκάρπωμα,
2720 5258 2784 5305 ut
2814 5253 2941 5306 Lev.
2977 5269 3012 5310 1.
3050 5256 3134 5319 14,
3169 5271 3280 5319 xv1,
3313 5258 3400 5310 24.
3437 5257 3639 5310 Ussnn.

2232 5322 2722 5446 (76)Pa£t;efecerat
2743 5325 2899 5378 enim
2925 5325 2976 5378 ei
3001 5325 3154 5378 Deus
3178 5325 3376 5397 ignem
3395 5328 3829 5399 martyrii.Cfr.

2232 5409 2317 5446 nr.
2352 5409 2401 5446 c.
2477 5431 2486 5441 .

2157 5409 2486 5447 SUDF.G.D.

2564 5463 2714 5540 ignis
2751 5465 2994 5540 fornicis
3028 5467 3299 5540 prmbens
3332 5470 3598 5540 speciem
3632 5478 3830 5527 stete—

2156 5533 2253 5658 rilt,
2288 5533 2346 5588 id
2367 5535 2573 5660 pausis
2592 5533 2862 5606 physicis
2895 5533 3069 5593 tribui
3105 5555 3277 5610 posse
3307 5533 3514 5596 censet
3542 5543 3830 5616 Dalrym-

2156 5623 2190 5660 n
2221 5622 2332 5660 1118.
2399 5622 2487 5660 AC.

2155 5622 2332 5676 pnus.
2367 5622 2487 5661 nc.
