3956 6308
135 396 294 485 icti

723 425 962 488 EPIST.
1011 427 1410 490 ECCLESLE
1451 430 1754 492 SMYRN.
1803 432 1907 492 DE
1951 430 2368 494 MABTYRIO
2411 433 2472 496 S.
2519 433 2986 499 POLYCARPI.

3405 414 3562 500 i042

137 557 417 628 τοσαύτης
476 553 906 632 ἀντελαϐόμεθα,
962 562 1038 622 ὡς
1089 556 1399 617 λιϐανωτοῦ
1457 560 1795 633 πνέοντος,ἢ
1825 567 1915 634 Α]

1914 566 2145 622 fornace
2176 567 2454 624 candens.
2484 569 2728 623 Tantam
2759 574 2959 625 autem
3003 586 3117 626 nos
3173 573 3548 645 percepimus

136 644 319 702 ἄλλου
348 648 496 710 τινὸς
524 653 630 703 τῶν
656 647 857 722 τιμίων
890 650 1197 726 ἀρωμάτωκ
1231 653 1371 726 (78).

1901 657 2249 712 suavitatem
2280 657 2496 727 odoris,
2533 673 2600 712 ac
2631 657 2679 711 si
2711 659 2848 714 thus
2886 663 2989 714 aut
3030 660 3193 716 aliud
3241 663 3544 734 quoddam

1901 747 2298 818 pretiosorum
2331 750 2663 802 aromatum
2695 747 2958 804 cluisset.

1242 866 1384 920 XVI.
1434 865 1772 937 Polycarpus
1793 867 2045 938 pugione
2075 868 2437 937 transﬁgitur.

208 979 383 1052 Πέρας
418 979 506 1034 οὖν
543 976 751 1041 ἰδόντες
793 981 844 1034 οἱ
901 979 1119 1053 ἄνομοι,
1175 982 1240 1036 οὐ
1283 978 1571 1054 δυνάμενον
1629 981 1791 1038 αὐτοῦ

127 1069 195 1124 τὸ
256 1073 420 1139 σῶμα
469 1067 572 1123 ὑπὸ
636 1073 735 1124 τοῦ
792 1070 964 1144 πυρὸς
1023 1066 1448 1142 διαπανηθῆναι,
1509 1070 1788 1128 ἐκέλευσαν

130 1156 508 1231 προσελθόντα
536 1157 683 1230 αὐτῷ
731 1159 1080 1238 κομφὲκτορα
1137 1162 1250 1233 (79)
1305 1155 1614 1236 παραϐῦσαι
1646 1161 1791 1237 ξιφί-

131 1246 276 1306 διον.
335 1248 440 1304 Καὶ
497 1252 664 1304 τοῦτο
707 1252 1063 1319 ποιησαντος,
1095 1248 1290 1322 ἐξῆλθε
1327 1251 1620 1326 περιστερᾶ
1676 1253 1794 1322 (80)

129 1339 225 1394 καὶ
259 1337 474 1406 πλῆθος
507 1339 762 1412 αἳματος,
830 1340 971 1395 ὥστε
1025 1335 1348 1395 κατασϐέσαι
1415 1341 1478 1396 τὸ
1535 1345 1665 1414 πῦρ,
1699 1341 1788 1395 καὶ

130 1429 410 1500 θαυμάσαι
441 1429 611 1483 πάντα
641 1429 734 1483 τὸν
787 1425 984 1503 ὄχλον,
1046 1429 1091 1485 εἰ
1151 1429 1386 1500 τοσαύτη
1444 1429 1524 1492 τίς
1558 1427 1790 1506 διαφορὰ

135 1517 337 1588 μεταξῦ
366 1521 475 1571 τῶν
521 1515 762 1572 ἀπίστων
822 1519 912 1572 καὶ
969 1523 1075 1574 τῶν
1135 1517 1402 1574 ἐκλεκτῶν
1459 1519 1531 1573 ὧν
1591 1518 1667 1581 εἷς
1699 1517 1788 1573 καὶ

129 1596 293 1659 οὗτος
324 1597 532 1673 γεγόνει
563 1601 671 1663 (81)
705 1599 731 1652 ὁ
763 1600 1212 1671 θαυμασιώτατος
1265 1600 1468 1673 μάρτυς
1503 1595 1788 1672 Πολυκαρ-

127 1708 258 1755 πος,
287 1685 340 1741 ἐν
373 1692 489 1750 τοῖς
517 1689 631 1741 καθ’
665 1689 814 1762 ἡμᾶς
847 1689 1072 1764 χρόνοις
1120 1685 1446 1751 διδάσκαλος
1491 1686 1790 1743 ἀποστολι-

125 1777 222 1836 κὸς
261 1776 353 1831 καὶ
385 1777 727 1856 προφητικὸς
786 1777 1098 1854 γενόμενος,
1160 1777 1452 1841 ἐπίσκοπός
1515 1799 1570 1832 τε
1600 1785 1701 1847 τῆς
1734 1775 1785 1831 ἐν

129 1865 360 1940 Σμύρνῃ
415 1868 713 1937 καθολικῆς
765 1865 1139 1938 Ἐκκλησίας.
1199 1873 1306 1923 Πᾶν
1365 1868 1466 1941 γὰρ
1526 1867 1699 1944 ῥῆμα,
1757 1867 1785 1920 ’ὀ

126 1953 391 2033 ἐξαφῆκεν
423 1953 483 2011 ἐκ
511 1961 607 2012 τοῦ
641 1955 908 2030 στόματος
965 1956 1150 2028 αὐτοῦ,
1209 1958 1296 2012 καὶ
1359 1955 1649 2029 ἐτελειώθη
1691 1955 1780 2012 καὶ

123 2043 396 2116 τελειωθή
408 2066 574 2104 σεται.

1972 989 2230 1044 Tandem
2280 991 2458 1063 igitur
2505 997 2815 1049 cernentes
2847 991 3125 1062 improbi,
3175 1006 3390 1062 corpus
3421 990 3552 1062 ejus

1902 1076 1975 1132 ab
2006 1077 2138 1148 igne
2169 1095 2290 1134 non
2309 1097 2482 1151 posse
2504 1081 2796 1149 consumi,
2817 1081 3128 1152 jusserunt
3148 1079 3550 1135 coniectorem

1900 1168 2144 1237 propius
2191 1170 2472 1225 accedere
2532 1171 2906 1243 pugioneque
2965 1185 3103 1225 eum
3173 1168 3545 1240 transfigere.

1901 1255 2065 1320 Quod
2094 1273 2227 1312 cum
2258 1258 2358 1313 ille
2383 1259 2641 1326 fecisset,
2671 1258 2915 1314 evolavit
2938 1257 3213 1313 columba
3238 1263 3299 1312 et
3317 1257 3551 1312 efﬂuxit

1901 1349 2066 1400 tanta
2083 1347 2388 1418 sanguinis
2414 1349 2603 1419 copia,
2627 1354 2692 1403 ut
2722 1348 2922 1420 ignem
2938 1347 3546 1418 exstingueret,utque

1899 1435 2172 1490 universa
2189 1435 2352 1506 plebs
2375 1438 2711 1504 miraretur,
2727 1442 2959 1492 tantum
2977 1452 3106 1491 esse
3122 1435 3443 1490 discrimen
3462 1436 3548 1490 in-

1899 1529 1992 1578 ter
2021 1524 2290 1579 infideles
2316 1531 2374 1580 et
2403 1525 2621 1580 electos
2647 1541 2659 1591 ;
2685 1541 2938 1595 quorum
2968 1541 3121 1579 unus
3155 1525 3250 1579 hic
3281 1524 3392 1579 fuit
3419 1541 3546 1578 ma-

1899 1615 2058 1670 xime
2113 1615 2500 1672 admirandus
2531 1621 2757 1688 martyr
2787 1616 3146 1687 Pclycarpus
3178 1615 3277 1687 qui
3327 1616 3547 1671 nostris

1903 1705 2269 1777 temporibus
2327 1705 2686 1777 apostolicus
2719 1709 2776 1760 et
2805 1705 3186 1776 propheticus
3218 1704 3424 1759 doctor
3452 1721 3546 1758 ex-

1899 1794 2250 1865 stitit,atque
2282 1795 2586 1850 catholicae
2616 1793 2892 1849 Ecclesiae
2916 1792 3292 1866 Smyrnensis
3311 1793 3541 1864 episco-

1898 1901 2029 1955 pus.
2064 1885 2248 1939 Omne
2299 1885 2458 1939 enim
2491 1883 2754 1950 verbum,
2810 1883 2967 1955 quod
3025 1899 3126 1938 ore
3185 1899 3291 1939 suo
3319 1883 3540 1950 emisit,

1896 1979 1998 2029 aut
2027 1973 2337 2045 impletum
2371 1978 2462 2029 est
2489 1978 2590 2029 aut
2614 1973 2977 2045 implebitur.

1061 2159 1236 2216 XVII.
1279 2157 1578 2229 Polycarpi
1606 2172 1804 2228 corpus
1833 2153 2162 2213 Christianis
2191 2169 2300 2208 non
2351 2153 2614 2209 traditur.

201 2251 259 2305 Ὀ
292 2249 349 2306 δὲ
384 2253 672 2324 ἀντίζηλος
728 2253 816 2308 καὶ
888 2253 1151 2328 βάσκανος
1211 2255 1300 2309 καὶ
1337 2255 1600 2329 πονηρὸς,
1633 2255 1661 2308 ὁ
1690 2254 1774 2308 ἆν-

127 2340 437 2415 τικείμενος
463 2347 542 2414 τῷ
572 2343 716 2417 γένει
746 2348 854 2397 τῶν
884 2341 1108 2398 δικαίων
1139 2347 1277 2416 (82),
1340 2341 1468 2398 ἰδὼν
1503 2344 1564 2399 τὸ
1593 2364 1652 2398 τε
1685 2342 1780 2415 μέ-

127 2440 291 2503 γεθος
345 2430 509 2485 αὐτοῦ
588 2439 688 2499 τῆς
767 2430 1085 2506 μαρτυρίας,
1147 2430 1235 2486 καί
1289 2434 1388 2501 τήν
1451 2431 1543 2487 ἀπ’
1598 2432 1779 2506 ἀρχῆς

127 2518 501 2589 ἀνεπίληπτον
558 2520 842 2576 πολιτείαν
877 2564 890 2588 ,
954 2521 1389 2599 ἐστεφανωμένον
1447 2541 1506 2576 τε
1559 2525 1641 2593 τῷ
1679 2527 1778 2589 τῆς

128 2607 430 2681 ἀφθαρσίας
463 2610 731 2686 στεφάνῳ,
762 2611 854 2664 καὶ
916 2603 1170 2686 βραϐεῖον
1229 2609 1614 2685 ἀναντίρρητον
1649 2611 1792 2672 ἁπεο,

123 2696 483 2773 νηνεγμένον,
532 2696 903 2771 ἱπετῆδευσεν,
946 2699 1020 2761 ὡς
1073 2696 1214 2772 μηδὲ
1269 2700 1331 2754 τὸ
1399 2698 1650 2772 λείψανον
1684 2697 1777 2752 αὖ·

124 2789 227 2840 τοῦ
255 2786 342 2862 ὑφ’
367 2788 529 2858 ἡμῶν
560 2785 836 2865 ληφθῆναι
899 2791 1027 2859 (83),
1087 2786 1282 2861 καίπερ
1333 2787 1560 2842 πολλῶν
1593 2785 1776 2849 ἐπιθυ-

131 2873 382 2946 μούντων
441 2879 603 2930 τοῦτο
683 2879 932 2945 ποιῆσαι,
1001 2877 1090 2930 καὶ
1142 2883 1472 2946 κοινωνῆσαι
1526 2881 1606 2948 τῷ
1636 2874 1777 2951 ἁγίῳ

129 2962 300 3018 αὐτοῦ
331 2965 561 3037 σαρκίῳ.
595 2960 862 3020 Ὑπὲϐαλε
892 2970 1020 3040 γοῦν
1055 2967 1301 3036 Νικήτην
1334 2965 1423 3020 τὸν
1470 2969 1567 3020 τοῦ
1596 2965 1778 3040 Ἡρώ-

123 3049 352 3128 πατὲρα,
387 3050 622 3132 ἀδελφὸν
681 3051 739 3108 δὲ
795 3055 1008 3124 Ἀλκης
1065 3059 1197 3127 (84),
1256 3053 1504 3132 ἐντυχεῖν
1572 3059 1651 3127 τῷ
1681 3053 1775 3128 ἅρ-

122 3164 308 3221 χοντι,
330 3141 469 3198 ὥστε
515 3146 590 3216 μή
627 3141 810 3199 δοῦναι
873 3145 1038 3200 αὐτοῦ
1094 3145 1156 3199 τὸ
1213 3150 1371 3217 σῶμα
1400 3149 1565 3225 ταφῇ·
1607 3172 1625 3196 ι
1661 3147 1774 3216 Μὴ,

122 3233 292 3310 φησὶν
353 3233 572 3308 ἀφέντες
619 3234 712 3288 τὸν
769 3234 1200 3308 ἑσταυοωμένον,
1259 3238 1454 3289 τοῦτον
1515 3234 1776 3308 ἄρξωνται

1969 2252 2081 2308 Sed
2113 2269 2247 2307 cum
2280 2253 2527 2308 aemulus
2560 2252 2658 2306 ille
2689 2257 2748 2306 et
2779 2251 3011 2306 invidus
3034 2256 3092 2306 et
3113 2251 3328 2318 malus,
3355 2250 3541 2322 justo-

1897 2358 2147 2413 rumque
2178 2343 2380 2413 generi
2411 2342 2711 2406 adversus,
2747 2341 2976 2412 insigne
3008 2340 3168 2395 illius
3191 2341 3542 2410 martyrium

1896 2437 2508 2502 cerneret,mcresque
2537 2431 2609 2486 ab
2632 2430 2872 2485 ineunte
2897 2434 3068 2485 aetate
3091 2429 3535 2501 irreprehensos

1892 2526 2097 2576 eteum
2113 2537 2331 2576 corona
2353 2519 2818 2574 immortalitatis
2831 2518 3542 2589 corcnatum,praemium-

1891 2627 2005 2680 que
2039 2610 2166 2663 sine
2197 2609 2595 2664 controversia
2618 2613 3019 2678 reportantem
3043 2626 3056 2676 ;
3084 2623 3323 2678 cperam
3356 2606 3539 2673 dedit,

1891 2715 1965 2754 ne
1992 2698 2261 2768 reliquie:
2292 2698 2467 2767 ejusa
2488 2697 2658 2751 nobis
2672 2697 3067 2764 auferrentur,
3085 2696 3352 2766 quamvis
3365 2694 3539 2749 multi

1892 2787 1949 2841 id
1972 2789 2164 2841 facere
2188 2793 2245 2840 et
2270 2793 2474 2841 sancto
2497 2786 2655 2840 illius
2678 2802 2923 2856 corpore
2953 2785 3272 2856 participes
3296 2783 3422 2838 fieri
3445 2800 3541 2838 cu-

1888 2881 2118 2948 perent.
2153 2877 2450 2948 Suggessit
2507 2891 2643 2947 ergo
2675 2874 2946 2929 diabolus
2998 2875 3235 2938 Nicetaa,
3289 2871 3536 2927 Herodis

1889 2965 2063 3036 patri,
2098 2964 2262 3020 fratri
2295 2970 2492 3019 autem
2525 2964 2713 3029 Alces,
2764 2963 2927 3018 adire
2988 2961 3430 3034 proconsulem,
3458 2976 3534 3015 ne

1889 3071 2102 3125 corpus
2134 3053 2292 3108 illius
2323 3053 2395 3108 ad
2429 3053 2835 3124 sepeliendum
2857 3052 3154 3107 traderet:
3186 3071 3207 3099 ι
3231 3049 3536 3120 Ne,inquit

1887 3143 2094 3197 relicto
2121 3143 2590 3207 crucifixo,hunc
2608 3141 2799 3196 colere
2818 3141 3171 3212 incipiant.»
3190 3143 3380 3211 Atque
3403 3140 3530 3194 hinc

1887 3230 2184 3297 dicebant,
2217 3231 2664 3302 suggerentibus
2695 3236 2751 3284 et
2780 3229 3142 3285 instantibus
3170 3229 3408 3296 Iudaeis,
3431 3222 3532 3299 qui

121 3317 396 3378 σέϐεσθαι.
432 3344 455 3368 υ
490 3323 586 3376 Καὶ
609 3327 773 3378 ταῦτα
804 3325 1015 3398 εἴπονρ,
1052 3318 1479 3379 δποϐαλλόντων
1510 3324 1598 3378 καὶ
1630 3322 1772 3378 ἐνισ-
1815 3313 1856 3380 C
1889 3338 1915 3391 q

1914 3336 2126 3391 [ucque
2156 3321 2608 3376 cbservaverant
2636 3337 2767 3386 nos,
2802 3337 2871 3376 ex
2904 3321 3034 3392 igne
3068 3336 3203 3375 eum
3237 3324 3530 3376 extractu-

121 3412 378 3487 χυόντων
434 3417 540 3467 τῶν
570 3410 869 3484 Ἰουδαίων,
903 3414 957 3468 οἳ
995 3415 1085 3469 καὶ
1124 3413 1418 3486 ἐτήρησαν,
1456 3413 1770 3486 μελλόντων

118 3505 289 3575 ¹ἡμῶν
324 3501 383 3556 ἐκ
409 3508 508 3556 τοῦ
559 3503 726 3576 πυρὸς
781 3497 1098 3576 λαμϐάνειψ
1160 3504 1501 3577 ἀγνοοῦντες,
1535 3503 1616 3559 ὅτι
1649 3503 1772 3559 οὕτε

116 3591 216 3645 τὸν
275 3591 506 3662 Χριστόν
556 3611 687 3645 ποτε
738 3591 1058 3646 καταλιπεῖν
1117 3589 1480 3665 δυνησόμεθα,
1510 3593 1601 3648 τὸν
1640 3593 1773 3667 ὑπὲρ

117 3687 224 3749 τῆς
255 3684 356 3733 τοῦ
409 3681 609 3742 παντὸς
662 3681 872 3753 κόσμου
943 3686 1050 3736 τῶν
1117 3681 1436 3755 σωζομένων
1499 3681 1770 3757 σωτηρίας

120 3769 367 3826 παθόντα
427 3766 683 3842 [ἄμωμον
729 3769 861 3843 ὑπὲρ
902 3769 1246 3844 ἁμαρτωλῶν
1278 3772 1432 3842 (85)],
1469 3767 1592 3824 οὔτε
1648 3766 1770 3824 ἓτε-

125 3860 223 3934 ρόν
254 3879 375 3912 τινα
406 3853 669 3912 σέϐεσθαι.
727 3861 932 3914 Τοῦτον
992 3860 1084 3930 μὲν
1143 3860 1266 3934 γάρ,
1325 3860 1445 3913 ne»,
1495 3858 1624 3914 ὅντα
1675 3863 1773 3914 τοῦ

120 3951 284 4014 Θεοῦ,
325 3950 753 4021 προσκυνοῦμενο
805 3947 931 4009 τούς
977 3945 1034 4000 δὲ
1066 3948 1360 4022 μάρτυρας,
1394 3948 1466 4008 ὡς
1527 3948 1770 4020 μαθητάς

117 4036 216 4093 καὶ
278 4038 522 4110 μιμητάς
590 4040 686 4090 τοῦ
746 4037 970 4111 Κυρίου,
1030 4035 1323 4111 ἀγαπῶμεν
1377 4035 1561 4107 ἀξίως,
1619 4033 1773 4091 ἕνεκα

120 4126 338 4187 εὐνοίας
372 4121 787 4200 ἀνυπερϐλήτου
818 4131 916 4194 τῆς
977 4125 1052 4187 εἱς
1106 4125 1200 4180 τὸν
1254 4123 1396 4179 ἴδιον
1428 4123 1653 4198 βασιλέα
1681 4125 1767 4179 καὶ

119 4213 475 4270 διδάσκαλονυ
516 4215 587 4268 ὧν
628 4215 835 4288 γένοιτο
883 4214 972 4268 καὶ
1029 4216 1177 4287 ἡμᾶς
1233 4213 1632 4288 συγκοινωνοὺς
1659 4216 1770 4286 (86)

114 4327 179 4364 τε
209 4306 300 4361 καὶ
333 4305 696 4377 συμμαθητάς
731 4306 995 4381 γενέσθαι.

197 4479 310 4549 (78)
347 4482 501 4532 Inter
519 4477 698 4549 ligna,
733 4493 763 4531 e
787 4475 1016 4531 balneis
1037 4479 1095 4530 et
1117 4476 1373 4531 officinis
1405 4483 1772 4546 ccmpcrtata

122 4548 372 4606 fortasse
404 4548 696 4604 nonnulla
723 4549 906 4603 fuisse
925 4549 1168 4603 odorata
1199 4554 1256 4602 et
1285 4549 1606 4604 aromatica
1636 4567 1770 4605 sus-

120 4623 381 4694 picatur'
394 4621 773 4694 Jacobscnus.

220 4695 309 4760 79,
349 4693 748 4758 Ccnfectcres,
810 4689 911 4760 qui
969 4690 1188 4744 bestias
1219 4690 1280 4744 in
1333 4691 1768 4761 amphitheatro

125 4763 522 4819 conficiebant
547 4779 560 4829 ;
585 4763 631 4818 si
665 4762 901 4832 quando
925 4762 1083 4815 enim
1105 4761 1310 4816 bestia:
1342 4763 1596 4818 efferatae
1630 4771 1771 4818 stra-

121 4851 272 4909 gem;
292 4834 507 4906 populo
529 4835 920 4909 minarentur,
936 4833 1520 4909 ii_immittebantur,
1543 4834 1645 4905 qui
1675 4851 1773 4890 eas

124 4905 492 4962 conficerent
523 4910 582 4960 et
607 4905 968 4960 occiderent.
999 4905 1118 4958 Jac.

198 4979 308 5047 (80)
341 4979 419 5032 De
453 4978 560 5032 hac
591 4976 867 5032 columba
915 4991 988 5029 ne
1020 4975 1261 5048 verbum
1294 4975 1534 5045 quidem
1559 4976 1772 5048 legitur

119 5046 289 5120 apud
306 5049 644 5115 Eusebium,
664 5048 963 5120 Rufinum
982 5052 1042 5120 et
1066 5046 1461 5120 Nicephorum
1497 5067 1510 5114 ;
1536 5046 1651 5118 quo
1684 5049 1768 5119 fit,

116 5117 187 5175 ut
217 5119 368 5174 falsa
389 5137 421 5174 a
439 5120 642 5174 multis
663 5118 837 5172 lectio
861 5117 1130 5190 codicum
1152 5119 1230 5172 sit
1253 5124 1472 5188 putata.
1505 5117 1770 5190 Mcynius

113 5207 230 5263 pro
258 5190 546 5262 περιστερά
606 5190 867 5263 conjecit
891 5185 972 5241 ἐπ’
1004 5185 1277 5263 ἀριστερᾷ,
1311 5212 1339 5238 ‹‹
1374 5206 1414 5263 ἃ,
1439 5185 1699 5263 sinistra.
1736 5213 1763 5241 ››

110 5260 235 5332 Ipsi
269 5260 647 5318 accesserunt
677 5260 1028 5332 complures
1075 5260 1178 5313 viri
1225 5261 1440 5315 dccati.
1468 5262 1766 5317 Ruchatus

112 5329 500 5388 scribendum
533 5333 765 5388 censuit
788 5329 907 5402 περῖ
945 5329 1154 5400 στέρνα,
1180 5333 1382 5386 Editcr
1412 5333 1768 5390 Bibliotheca:

110 5405 430 5475 Bremonsis
460 5405 528 5460 cl.
564 5421 647 5470 ιιι,
710 5420 765 5474 p.
813 5401 932 5459 429,
973 5403 1232 5475 γοοιῄὶεἰι
1263 5401 1383 5472 περὶ
1419 5403 1638 5475 στέρνου
1678 5405 1766 5460 vel

109 5473 525 5549 ﬁEpiO‘tépvtm.
579 5473 913 5530 Heuinanas
969 5474 1028 5549 in
1066 5479 1256 5528 fixam.
1301 5473 1517 5549 fabul-:7
1551 5477 1616 5530 de
1659 5493 1760 5549 Aco-

113 5545 307 5619 tumba
336 5545 385 5603 et
415 5549 712 5619 Polgcarpt
734 5562 868 5615 1'0y0
899 5545 1762 5619 evolante,statuitmonachcs

109 5618 238 5693 hoc
253 5616 669 5693 prodigioActa
686 5623 888 5693 nostra
910 5616 1309 5671 auxisse.Mihi
1333 5616 1573 5693 quidem
1594 5617 1766 5693 longe

117 5689 501 5747 veriéimilius
532 5689 782 5753 videtur,
813 5689 1093 5760 lectorem
1117 5689 1455 5760 quempiam
1488 5689 1547 5744 in
1573 5689 1762 5746 animo

117 5761 420 5833 habuisse,
446 5761 520 5818 ad
551 5777 715 5818 oram
747 5759 965 5818 codicis
1008 5765 1215 5817 notare
1243 5759 1442 5820 locum
1473 5761 1759 5834 epistola),

1886 3427 2025 3476 ros;
2059 3411 2269 3482 ignari,
2300 3409 2456 3481 quod
2496 3427 2608 3465 nec
2663 3410 2986 3476 Christum,
3045 3410 3146 3480 qui
3202 3426 3310 3482 pro
3341 3408 3530 3463 salute

1885 3501 2177 3569 omnium,
2211 3500 2312 3570 qui
2352 3499 2412 3553 in
2444 3504 2564 3554 toto
2589 3499 2813 3554 mundo
2845 3499 2984 3554 salvi
3013 3499 3177 3561 ﬁent,
3202 3514 3412 3569 passus
3442 3502 3532 3552 est

1883 3588 2242 3659 [inculpatus
2257 3605 2361 3658 pro
2375 3586 2806 3659 peccatoribus]
2842 3603 3104 3658 unquam
3119 3585 3529 3656 derelinquere

1881 3679 2229 3749 poterimus,
2262 3693 2454 3747 neque
2477 3677 2658 3731 alium
2691 3693 3054 3747 quemquam
3103 3676 3316 3732 colere.
3350 3675 3523 3730 Illum

1882 3768 2039 3822 enim
2073 3772 2274 3838 utpote
2305 3765 2516 3820 Filium
2549 3765 2649 3819 Dei
2682 3765 2998 3820 adoramus
3025 3783 3038 3833 ;
3072 3771 3362 3836 martyres
3391 3780 3526 3818 vero

1882 3861 2164 3924 tanquam
2197 3855 2430 3909 Domini
2461 3853 2787 3925 discipulos
2820 3859 2877 3907 et
2926 3853 3252 3908 imitatores
3310 3852 3524 3907 merito

1882 3945 2204 4016 diligimus,
2238 3950 2480 4014 propter
2505 3943 2741 3998 illorum
2774 3943 3050 3998 eximiam
3075 3959 3214 4014 erga
3234 3958 3430 4013 regem
3458 3958 3526 3996 ac

1881 4033 2230 4104 magistrum
2257 4031 2962 4097 suum‘benevclentiam;
3011 4047 3264 4102 quorum
3295 4029 3526 4086 utinam

1883 4128 1941 4178 et
1969 4139 2078 4178 nos
2110 4123 2321 4178 ﬁamus
2353 4125 2656 4176 consortes
2685 4136 2755 4176 ac
2785 4119 3197 4191 condiscipuli.

1881 4477 1982 4533 ubi
2014 4478 2462 4555 animamsuam
2492 4475 2715 4555 efflavit
2744 4477 2803 4532 Β.
2831 4476 3191 4550 Pclycarpus
3215 4498 3230 4548 ;
3250 4481 3524 4555 ideoque,

1883 4551 2032 4604 mori
2050 4549 2339 4628 .Ecclesiaa
2364 4548 2575 4628 veteris
2613 4548 2983 4628 obsecutum,
3008 4548 3208 4628 vocem
3236 4548 3525 4628 περιστερά

1879 4621 2128 4692 margini
2161 4621 2528 4693 ascripsisse,
2557 4636 2674 4689 qua
2714 4620 2944 4693 scilicet
2979 4620 3358 4693 significaret,
3392 4620 3524 4682 ani-

1805 4678 1847 4742 D
1879 4678 2042 4769 niani
2059 4693 2117 4746 Β.
2151 4678 2872 4769 martj'risillo-temporis
2901 4678 3205 4769 momento
3224 4712 3255 4750 e
3277 4678 3522 4769 corpore

1882 4763 2213 4831 liberatam,
2239 4761 2346 4817 sub
2365 4761 2648 4816 columbas
2672 4761 2866 4834 specie
2897 4762 2970 4817 ad
2993 4765 3205 4819 cmlum
3238 4761 3521 4826 evolasse.

1881 4834 2299 4906 Columbarum
2334 4835 2491 4888 enim
2526 4833 2812 4906 imagines
2843 4835 3020 4888 etiam
3051 4836 3522 4896 Christianorum

1881 4905 2168 4986 sepulcris
2199 4905 2542 4986 frequenter
2571 4905 2892 4986 exSculth
2924 4908 3232 4986 sunE_Jac.

1952 4978 2062 5047 (81)
2094 4979 2178 5031 Ita
2214 4976 2640 5053 Jacobsonuse
2667 4976 2989 5053 codicibus.
3047 4977 3519 5053 Plusquamperf.

1880 5048 2008 5103 sine
2041 5054 2357 5122 augmento
2387 5054 2451 5102 ut
2489 5065 2540 5102 c.
2585 5050 2668 5122 l2.
2707 5047 2869 5120 Vulg.
2903 5047 3141 5122 γέγονεν.

1952 5121 2058 5189 (82)
2095 5119 2209 5172 Cfr.
2247 5135 2262 5171 1
2303 5119 2506 5182 Clem.,
2540 5136 2588 5173 ο.
2623 5120 2711 5171 51.

2092 5190 2320 5270 lta_JAC.
2366 5207 2395 5244 e
2428 5190 2557 5270 cod.
2591 5189 2774 5270 Paris.
2811 5188 2971 5270 Vulg.
3008 5187 3268 5270 λητρθείη,

1946 5263 2056 5331 (84)
2091 5260 2278 5314 «Alce
2319 5284 2347 5310 »
2406 5268 2610 5316 notum
2645 5268 2731 5316 est
2790 5260 3054 5315 mulieris
3098 5260 3269 5319 'inter
3316 5266 3516 5331 Smyr-

1875 5348 2035 5457 missos
2061 5348 2298 5386 nomen.
2332 5333 2446 5386 Cir.
2476 5335 2654 5403 lgnat.
2685 5331 2758 5386 ad
2787 5333 3006 5404 Smyrn.
3034 5350 3083 5387 c.
3122 5336 3206 5402 13,
3226 5337 3300 5392 ad
3330 5331 3514 5408 Polyc.

1875 5419 1925 5457 c.

1873 5419 1925 5457 Ο.

1946 5475 2058 5545 (85)
2089 5473 2466 5549 Parenthesis
2498 5473 2610 5528 ista
2641 5490 2834 5549 neque
2868 5474 2927 5528 in
2959 5475 3208 5549 Eusebio
3240 5477 3511 5549 habetur,

1875 5562 2066 5622 neque
2090 5545 2148 5599 in
2173 5545 2400 5622 Ruﬁno,
2425 5561 2619 5622 neque
2639 5545 2698 5622 in
2722 5552 2913 5622 vetere
2945 5545 3510 5622 ncstrginterprete.

1871 5615 2066 5696 UssEn.
2098 5615 2548 5696 —_lnterpclata_
2574 5616 3015 5696 fuisselvidetur
3042 5634 3076 5674 a
3106 5615 3347 5696 librario
3374 5642 3516 5696 quo-

1869 5689 2051 5760 piam,
2085 5688 2185 5760 qui
2218 5689 2277 5743 in
2303 5687 2502 5742 animo
2529 5687 2790 5760 habebat
2818 5688 2841 5760 Ι
2873 5689 3027 5760 Petr.
3061 5705 3144 5756 ιιι,
3183 5692 3268 5748 18.
3299 5687 3420 5756 εἷλέ.

1942 5761 2055 5832 (86)
2090 5757 2171 5816 l—ta
2198 5761 2315 5817 Jac.
2352 5775 2403 5814 e.
2437 5757 2562 5817 cod.
2600 5757 2786 5814 Paris.
2823 5758 2987 5831 Vulg.
3016 5762 3333 5828 κοινωνούς.
