3956 6308
397 382 554 449 1043

1585 386 1649 447 S.
1695 385 2207 451 POLYGARPUS
2249 386 2614 450 MARTYR.

3663 385 3825 449 10H

1336 519 1529 575 XVIII.
1586 520 1885 590 Polycarpi
1930 534 2127 589 corpus
2181 520 2538 576 comburitur.
2584 519 2870 592 Reliquiae.

473 626 690 682 Videns
720 632 919 683 autem
950 628 1222 683 centurio
1251 644 1286 683 a
1315 627 1531 683 Judmis
1579 633 1771 684 ortam
1801 633 2051 683 conten-
2081 633 2134 699 Α

399 718 649 783 tionem,
702 734 917 789 corpus
948 718 1009 771 in
1042 717 1239 773 medio
1272 718 1425 789 ignis
1483 718 1743 789 positum
1805 718 2052 773 exussit.

402 808 593 877 Atque
627 806 709 862 ita
738 822 845 861 nos
875 811 1082 878 postea
1111 823 1245 862 ossa
1274 807 1437 862 illius
1466 807 1715 879 gemmis
1745 807 2053 879 pretiosis-

403 896 573 951 simis
606 896 995 966 exquisitiora
1017 902 1077 951 et
1107 913 1288 968 super
1317 913 1527 952 aurum
1579 896 1922 968 probatiora
1948 895 2051 950 tol-

400 983 721 1050 lentes,ubi
742 984 1009 1053 decebat,
1037 984 1443 1057 deposuimus.
1462 987 1586 1051 Quo
1610 986 1789 1040 etiam
1814 985 1927 1040 loci
1946 1001 2056 1039 no-

400 1071 515 1139 bis,
543 1077 609 1127 ut
640 1073 769 1127 ﬁeri
800 1074 1038 1143 poterit,
1071 1074 1135 1128 in
1159 1074 1552 1129 exsultatione
1586 1079 1645 1127 et
1663 1074 1878 1146 gaudio
1910 1089 2055 1129 con-

398 1163 674 1235 gregatis,
710 1163 998 1218 Dominus
1020 1163 1326 1235 praebebit,
1350 1163 1611 1219 natalem
1634 1163 1901 1233 martyrii
1925 1164 2055 1234 ejus

400 1251 558 1307 diem
590 1252 917 1321 celebrare,
940 1258 1061 1309 tum
1093 1255 1155 1309 in
1175 1254 1526 1309 memoriam
1557 1270 1761 1309 eorum
1795 1253 1896 1324 qui
1928 1270 2057 1309 cer-

400 1346 628 1400 tamina
657 1346 1049 1417 pertulerunt,
1081 1352 1209 1402 tum
1240 1352 1306 1401 ut
1349 1348 1570 1418 posteri
1602 1345 1906 1402 exercitati
1938 1346 2061 1400 sint

402 1440 462 1489 et
490 1436 677 1506 parati
710 1434 807 1506 [ad
838 1435 1047 1491 eadem
1077 1436 1483 1508 sustinenda].

2237 623 2387 682 ’Ῑδὼν
2420 626 2513 682 οὖν
2541 629 2571 683 ὁ
2602 627 3027 703 [ἑκατόνταρχος
3052 629 3162 700 (87)
3194 632 3212 701 )
3241 627 3534 702 κεντυρῖων
3566 627 3671 696 τήν
3709 630 3822 700 (88)

2163 719 2270 769 τῶν
2308 714 2588 772 Ἰουδαίων
2646 716 2963 791 γενομένην,
3020 716 3357 792 φιλονεικίαν
3417 716 3526 780 θεὶς
3575 716 3744 771 αὐτὸν
3774 715 3822 769 ἐν

2167 804 2314 878 μέσῳ
2357 810 2454 861 τοῦ
2510 806 2680 880 πυρὸς
2736 801 2971 861 ἔκαυσεν.
3032 804 3191 861 Οὕτω
3248 825 3307 859 τε
3363 806 3532 878 ἡμεῖς
3589 803 3818 878 ὕστερον

2161 894 2485 968 ἀνελόμενοι
2513 896 2581 949 τά
2634 895 2936 967 τιμιώτερα
2965 892 3133 949 λίθων
3182 892 3503 949 πολυτελῶν
3535 892 3631 948 καὶ
3665 890 3825 947 δοκι-

2167 985 2384 1060 μώτερα
2415 984 2549 1058 ὑπὲρ
2604 983 2831 1059 χρυσίον
2891 983 3021 1037 tua
3062 982 3247 1053 αὐτοῦ,
3304 982 3616 1057 ἀπεθέμεθα
3676 983 3822 1037 ὅπου

2164 1073 2253 1129 καὶ
2298 1071 2597 1127 ἀκόλουθον
2628 1072 2717 1140 ἦν.
2748 1073 2912 1129 ’Ἔνθα
2942 1072 3017 1135 ὡς
3042 1068 3267 1127 δυνατὸν
3324 1075 3461 1144 ἡμῖν
3492 1073 3816 1146 συναγομέ-

2165 1183 2280 1223 νοις
2310 1160 2359 1216 ἐν
2408 1159 2731 1237 ἀγαλλιάσει
2787 1160 2878 1215 καὶ
2926 1165 3093 1237 χαρᾷ,
3152 1160 3368 1235 παρέξει
3398 1162 3427 1215 ό
3460 1161 3668 1236 Κύριος
3703 1160 3826 1216 Em-

2162 1251 2339 1305 τελεῖν
2388 1251 2486 1317 τήν
2527 1254 2625 1304 τοῦ
2655 1249 2953 1325 μαρτυρίου
3010 1250 3177 1304 αὐτοῦ
3233 1250 3443 1325 ἡμέραν
3502 1248 3828 1327 γενέθλιον,

2166 1341 2245 1401 εἲς
2267 1361 2327 1395 τε
2352 1340 2452 1408 τήν
2480 1344 2588 1395 τῶν
2639 1339 2966 1410 ἠθληκότων
3021 1341 3262 1414 μνήμην,
3297 1340 3387 1394 καὶ
3426 1345 3535 1394 τῶν
3582 1338 3829 1414 μελλόν-

2174 1450 2282 1484 των
2316 1428 2537 1499 ἅσκησίν
2565 1448 2623 1483 τε
2651 1428 2741 1483 καὶ
2770 1427 3103 1503 ὲτοιμασίαν.

1622 1544 1766 1599 XIX.
1800 1546 1944 1599 Laus
1976 1537 2271 1611 Polycarpi
2298 1541 2578 1610 martyris.

476 1650 610 1706 Haec
627 1651 698 1706 de
727 1650 902 1707 beato
922 1651 1263 1725 Polycarpo,
1290 1652 1390 1724 qui
1413 1669 1549 1708 cum
1575 1653 1670 1719 iis,
1704 1652 1804 1722 qui
1827 1668 1899 1706 ex
1919 1650 2058 1706 Phi-

412 1739 734 1812 ladelphia,
759 1741 1148 1797 duodecimus
1169 1743 1434 1814 Smyrnaa
1456 1741 1805 1813 martyrium
1819 1744 1908 1794 est
1928 1755 2056 1810 pas-

408 1847 533 1899 sus,
567 1830 671 1886 sed
706 1830 869 1886 solus
891 1831 965 1886 ob
979 1830 1256 1887 omnibus
1278 1830 1632 1897 celebratur,
1657 1830 1738 1884 ita
1764 1834 1826 1883 ut
1850 1844 1885 1883 a
1913 1844 2053 1900 gen-

403 1918 608 1974 tilibus
627 1936 863 1991 quoque
882 1920 1104 1991 ubique
1119 1920 1387 1975 locorum
1404 1922 1771 1974 memoretur
1785 1934 1799 1983 ;
1814 1917 1917 1988 qui
1931 1934 2051 1972 non

2235 1646 2470 1700 Τοιαὺτα
2510 1646 2576 1699 τὰ
2617 1646 2753 1700 κατὰ
2780 1645 2872 1700 τὸν
2915 1643 3177 1719 μακάριον
3214 1645 3596 1720 Πολύκαρπον,
3631 1646 3699 1707 ὃς
3733 1649 3825 1702 σὺν

2161 1738 2282 1796 τοῖς
2311 1733 2419 1788 ἀπὸ
2447 1730 2821 1811 Φιλαδελφὶας
2852 1731 3154 1797 δωδέκατος
3183 1737 3295 1807 (89)
3318 1735 3370 1790 ἐν
3406 1736 3639 1811 Σμύρνῃ
3683 1758 3829 1812 μαρ-

2161 1825 2421 1897 τυρήσας,
2467 1822 2628 1894 μόνος
2658 1824 2763 1877 ὕπὸ
2802 1822 3014 1877 πάντων
3050 1828 3158 1887 (90)
3209 1824 3639 1896 μνημονεύεται,
3674 1826 3824 1881 ὥστε

2164 1913 2251 1967 καὶ
2289 1913 2391 1967 ὑπὸ
2441 1917 2551 1967 τῶν
2617 1911 2786 1976 ἐθνῶν
2843 1911 2896 1968 ἐν
2951 1914 3110 1968 παντὶ
3168 1914 3322 1987 τόπῳ
3381 1912 3701 1970 λαλεῖσθαν
3761 1914 3825 1969 οὗ

409 2008 604 2063 solum
639 1981 845 2063 doct-or
876 1981 1122 2081 insignis
1175 2009 1417 2076 exstitit,
1471 2008 1574 2063 sed
1632 1981 1809 2062 etiam
1832 1981 2063 2077 inartyr
2094 1981 2139 2046 Β
2176 2024 2186 2075 ι

2252 2022 2337 2056 νον
2371 1998 2701 2066 διδάσκαλος
2729 2003 3016 2078 γενόμενος
3047 1981 3340 2077 ἐπίσημος,
3373 2002 3517 2059 ἀλλὰ
3547 2004 3644 2059 καὶ
3682 2007 3829 2079 μάρ-

409 2098 683 2166 eximius,
717 2101 891 2171 cujus
920 2098 1291 2170 martyrium,
1331 2096 1646 2169 Evangelio
1677 2095 1890 2150 Christi
1922 2112 2065 2151 con-

406 2203 638 2259 gruum,
670 2203 878 2241 omnes
900 2186 1121 2241 imitari
1149 2186 1510 2241 desiderant.
1543 2188 1863 2254 Postquam
1894 2184 2056 2239 enim

407 2274 757 2330 sustinendo
776 2274 1067 2346 injustum
1089 2274 1400 2346 praesidem
1424 2273 1790 2343 vicit,sicque
1815 2273 2057 2327 immor-

408 2364 658 2420 talitatis
688 2381 969 2419 coronam
995 2364 1240 2435 recepit,
1273 2381 1406 2419 cum
1439 2362 1723 2435 apostolis
1749 2363 2060 2417 omnibus-

413 2469 527 2525 que
551 2453 731 2524 justis
749 2453 1069 2521 exsultans,
1098 2454 1279 2508 Deum
1304 2470 1370 2507 ac
1392 2454 1625 2508 Patrem
1657 2451 1968 2523 glorificat,
2002 2457 2062 2506 et

412 2541 712 2596 henedicit
753 2542 1005 2597 Domino
1037 2547 1240 2596 nostro
1270 2543 1407 2596 Jesu
1437 2540 1689 2605 Christo,
1723 2540 2059 2595 animarum

412 2634 752 2685 nostrarum
799 2630 1108 2697 Salvatori,
1154 2636 1213 2685 et
1238 2646 1552 2701 corporum
1583 2634 1924 2685 nostrorum
1954 2646 2056 2701 gu-

412 2718 737 2789 bernatori,
772 2736 882 2775 nec
912 2736 1032 2775 non
1064 2719 1284 2792 pastori
1316 2718 1623 2775 catholicas
1653 2718 1715 2773 in
1762 2724 1885 2774 toto
1916 2718 2058 2773 orbe

413 2809 741 2880 Ecclesiae}

2171 2111 2265 2152 τυς
2296 2089 2511 2168 ἔξοχος,
2541 2089 2605 2145 οὗ
2636 2092 2698 2145 τὸ
2732 2090 3027 2166 μαρτύριον
3077 2091 3272 2154 πάντες
3328 2090 3695 2166 ἐπιθυμοῦσιν
3734 2115 3831 2166 μι-

2176 2185 2414 2252 μεῖσθαι,
2481 2179 2619 2234 κατᾶ
2678 2180 2741 2235 τὸ
2798 2176 3129 2255 Εὐαγγέλιω
3194 2183 3430 2255 Χριστοῦ
3502 2182 3827 2255 γενόμενον,

2173 2269 2272 2323 Διὰ
2300 2275 2401 2337 τῆς
2433 2269 2718 2342 ὑπομονῆς
2776 2270 2878 2345 γὰρ
2936 2273 3448 2346 καταγωνισάμενος
3502 2272 3599 2325 τὸν
3633 2270 3826 2327 ἄδικον

2167 2356 2411 2432 ἄρχοντα
2469 2357 2557 2412 καὶ
2617 2357 2789 2418 οὕτως
2871 2358 2962 2412 τὸν
3036 2365 3140 2428 τῆς
3195 2359 3490 2434 ἀφθαρσίας
3557 2362 3827 2436 στέφανον

2166 2441 2487 2514 ἀπολαϐὼν,
2537 2446 2633 2500 σὺν
2686 2451 2802 2508 τοῖς
2858 2446 3188 2509 ἀποστόλοις
3246 2449 3337 2502 καὶ
3393 2454 3524 2503 πᾶσι
3585 2446 3829 2513 δικαίοις

2171 2531 2613 2607 ἀγαλλιώμενος,
2672 2529 2881 2606 δοξάζει
2944 2535 3037 2589 τὸν
3094 2535 3223 2590 Θεὸν
3280 2536 3372 2590 καὶ
3440 2536 3682 2611 Πατέρα,
3734 2538 3827 2591 καὶ

2166 2622 2385 2696 εὐλογεῖ
2442 2623 2532 2676 τὸν
2593 2623 2794 2696 Κύριον
2844 2625 3006 2695 ἡμῶν
3038 2625 3251 2693 Ἰησοῦν
3280 2626 3514 2701 Χριστὸν
3570 2626 3672 2680 τὸν
3705 2633 3829 2681 Σω-

2164 2719 2307 2786 τῆρα
2334 2717 2443 2767 τῶν
2503 2715 2697 2790 ψυχῶν
2755 2715 2917 2786 ἡμῶν
2977 2718 3110 2782 (91),
3166 2713 3256 2769 καὶ
3312 2710 3662 2788 κυϐερνήτην
3719 2722 3828 2771 τῶν

2167 2800 2437 2874 σωμάτων
2465 2802 2649 2871 ἡμῶν,
2680 2800 2771 2855 καὶ
2802 2802 3039 2874 ποιμένα
3066 2795 3181 2872 τῆς
3217 2804 3356 2859 κατὰ
3407 2805 3510 2873 τήν
3545 2806 3824 2879 οῒκουμέ-

2169 2908 2268 2960 νην
2299 2888 2599 2959 καθολικῆς
2631 2887 2960 2960 Ἐκκλησίας
2991 2894 3121 2955 (92).
3188 2924 3197 2933 ο

1532 2995 1651 3050 XX.
1683 2996 1889 3051 Mittite
1921 2994 2063 3052 hanc
2087 2999 2374 3068 epistolam
2400 2999 2693 3067 fratribus.

488 3106 598 3161 Vos
620 3103 863 3176 quidem
884 3104 1210 3175 petieratis,
1235 3108 1302 3159 ut
1333 3107 1568 3170 cuncta,
1592 3118 1724 3173 quas
1741 3108 1906 3174 gesta
1929 3107 2069 3158 sunt
2107 3106 2150 3173 ο

413 3195 605 3251 fusius
625 3194 790 3248 vobis
822 3197 1264 3264 exponerentur
1290 3207 1304 3257 ;
1337 3208 1447 3246 nos
1477 3207 1609 3245 vere
1632 3191 2064 3262 impraesentia-

415 3299 550 3338 rum
581 3283 927 3338 summatim
958 3280 1347 3336 indicavimus
1378 3296 1478 3351 per
1522 3279 1764 3335 fratrem
1796 3286 2066 3336 nostrum

419 3372 697 3427 Marcum.
750 3375 887 3435 Qum
944 3369 1185 3440 quidem
1234 3385 1370 3424 cum
1427 3368 1710 3441 legeritis,
1751 3370 2064 3441 epistolam

419 3459 704 3514 fratribus
763 3457 1185 3513 remotioribus
1244 3457 1682 3526 transmittatis,
1742 3463 1806 3512 ut
1864 3464 1922 3513 et
1951 3459 2066 3530 ipsi

422 3547 757 3619 glorificent
786 3546 1123 3613 Dominum,
1145 3546 1246 3616 qui
1272 3562 1343 3601 ex
1363 3546 1486 3601 suis
1510 3546 1751 3602 famulis
1771 3546 2067 3603 delectum

421 3635 582 3691 facit.
616 3634 702 3704 Ei,
736 3634 836 3704 qui
867 3650 1076 3689 omnes
1132 3651 1241 3689 nos
1297 3634 1485 3706 gratia
1520 3651 1628 3691 sua
1656 3640 1832 3707 atque
1863 3636 2067 3691 indul-

422 3724 624 3797 gentia
653 3724 715 3778 in
745 3738 996 3794 regnum
1026 3740 1199 3778 suum
1229 3729 1518 3779 aeternum
1548 3729 1744 3795 potest
1786 3724 2066 3783 inducere

420 3830 529 3885 per
567 3812 939 3884 unigenitum
960 3812 1175 3867 Filium
1207 3828 1379 3867 sunm
1399 3813 1597 3868 Jesum
1629 3813 1929 3869 Christum
1952 3815 2064 3887 ipsi

415 3901 494 3958 sit
520 3900 726 3973 gloria,
752 3901 966 3969 honor,
1000 3901 1340 3972 imperium,
1388 3900 1671 3972 majestas
1721 3902 1783 3957 in
1826 3903 2062 3959 saacula.

417 3994 629 4047 Amen.
660 3990 921 4046 Salutate
942 4007 1150 4045 omnes
1180 3996 1431 4046 sanctos.
1457 3992 1590 4060 Vos,
1623 3991 1722 4061 qui
1752 3992 2063 4048 nobiscum

416 4086 577 4148 sunt,
609 4080 890 4145 salutant,
931 4085 990 4135 et
1010 4081 1112 4152 qui
1143 4080 1384 4152 scripsit
1410 4079 1560 4148 haec,
1586 4081 1897 4137 Evarestus
1927 4099 2064 4138 cum

416 4169 581 4225 omni
611 4169 789 4223 domo
832 4184 957 4223 sua.

2250 3104 2433 3176 Ὑμεῖς
2467 3103 2563 3177 μὶν
2596 3101 2686 3158 οὖν
2721 3104 2987 3176 ἠξιώσατε
3028 3100 3117 3159 διὰ
3172 3100 3443 3160 πλειόνων
3501 3104 3830 3179 δηλωθῆναι

2180 3192 2307 3264 ὑμῖν
2357 3191 2423 3246 τὰ
2448 3190 2727 3265 γενόμενα*
2787 3194 2953 3264 ἡμεῖς
3011 3189 3069 3247 δὲ
3122 3194 3258 3249 κατὰ
3288 3193 3350 3248 τὸ
3379 3195 3551 3267 παρὸν
3610 3195 3705 3251 ἐπὶ
3742 3219 3835 3253 κε-

2179 3278 2395 3357 φαλαίῳ
2431 3280 2823 3356 μεμηνύκαμεν
2856 3277 2945 3335 διὰ
2974 3285 3069 3337 τοῖ’»
3112 3280 3350 3361 ἀδελφοῦ
3380 3285 3543 3354 ἡμῶν
3577 3286 3832 3359 Μάρκου.

2178 3370 2453 3432 Μαθόντες
2485 3367 2575 3423 οὗν
2603 3369 2793 3437 ταῦτα,
2849 3371 2939 3425 καὶ
2987 3376 3103 3433 τοῖς
3136 3369 3375 3427 ἐπέκεινα
3433 3369 3703 3450 ἀδελφοῖς
3735 3378 3833 3444 τὴν

2177 3456 2476 3526 ἐπιστολὴν
2516 3454 2893 3533 διαπέμψασθε
2920 3462 3050 3528 (93),
3086 3458 3171 3515 ἴνα
3208 3461 3299 3515 καὶ
3356 3460 3549 3517 ἐκεῖνοι
3582 3460 3833 3535 δοξάζω-

2176 3569 2257 3601 σιν
2287 3548 2380 3602 τὸν
2414 3546 2632 3622 Κύριον,
2666 3548 2757 3602 τὸν
2793 3546 3026 3626 ἐκλογὰς
3058 3554 3321 3605 ποιοῦντα
3363 3551 3470 3607 ἀπὸ
3530 3558 3644 3608 τῶν
3675 3552 3829 3609 ἰδίων

2176 3634 2389 3691 δούλων
2423 3641 2550 3704 (94).
2584 3639 2678 3709 Τῷ
2709 3634 2989 3711 δυναμένῳ
3020 3642 3127 3702 (95)
3157 3640 3359 3704 πάντας
3416 3643 3567 3714 ἡμᾶς
3602 3643 3823 3719 εἰσαγα-

2171 3732 2283 3804 γεῖν
2306 3725 2358 3781 ἐν
2379 3732 2448 3802 τῇ
2471 3723 2636 3782 αὗτδὸ
2667 3728 2853 3802 χάριτι
2879 3728 2969 3783 καὶ
2994 3726 3168 3804 δωρεᾷ
3189 3730 3263 3793 εἰς
3284 3732 3383 3799 τήν
3405 3732 3630 3787 αἰώνιον
3654 3735 3825 3789 αὐτοῦ

2176 3815 2479 3892 βασιλείαν,
2513 3815 2602 3873 διὰ
2620 3823 2716 3873 τοῦ
2742 3816 2942 3881 Παιδὸς
2973 3819 3137 3874 αὐτοῦ
3158 3824 3256 3876 τοῦ
3280 3821 3615 3895 μονογενοῦς
3643 3825 3827 3895 Ἰησοῦ

2172 3908 2430 3980 Χριστοῦο
2491 3907 2538 3978 ᾧ
2566 3908 2601 3975 ἡ
2637 3905 2785 3976 δόξα,
2825 3908 2985 3980 τιμὴ,
3043 3908 3264 3982 κράτος,
3323 3908 3704 3985 μεγαλοσόνη,
3751 3913 3827 3976 εἰς

2172 3995 2396 4056 αἰῶνας.
2439 3996 2638 4067 Ἀμὴν.
2699 3996 3131 4072 Προσαγορεόετε
3184 3998 3384 4060 πάντας
3439 3999 3571 4062 τοὺς
3606 4001 3826 4080 ἁγίους.

2170 4084 2339 4159 Ὑμᾶς
2370 4086 2422 4140 οἱ
2474 4085 2563 4140 σὸν
2592 4086 2727 4159 ἡμῖν
2788 4085 3307 4163 προσαγορεύουσιν,
3365 4088 3455 4144 καὶ
3512 4091 3828 4166 εὐάρεστος,

2185 4175 2213 4228 ὁ
2244 4175 2480 4249 γράψας,
2513 4174 2778 4231 πανοικεί.

1770 4277 1916 4333 XXI.
1953 4281 2216 4351 Martyrii
2246 4290 2477 4354 tempus.

492 4382 834 4454 Martyrium
864 4386 1064 4437 autem
1097 4397 1304 4452 passus
1336 4386 1425 4437 est
1454 4381 1662 4439 beatus
1708 4384 2069 4458 Polycarpus
2101 4391 2146 4457 Β

2252 4391 2529 4465 Μαρτυρεῖ
2576 4390 2632 4445 δὲ
2672 4390 2701 4444 ὁ
2736 4389 2998 4465 μακάριος
3054 4388 3420 4468 Πολύκαρπος
3480 4396 3661 4467 μηνὸς
3690 4403 3829 4453 Ξαν-

416 4472 697 4529 Xanthici
715 4470 935 4526 mensis
951 4470 1214 4526 ineuntis
1226 4470 1321 4526 die
1335 4471 1758 4542 secundo,ante
1771 4476 2081 4546 septimum

423 4559 718 4617 Kalendas
739 4560 1159 4631 Maias,magno
1179 4558 1608 4627 Sabbato,hora
1625 4563 2073 4638 octava.Captus

493 4701 823 4829 (ῗἹζΟοάοχ
852 4700 1096 4757 Vindob.
1122 4716 1326 4757 vocem
1349 4699 1743 4778 ἑκατόνταρχος
1758 4721 1876 4761 non
1899 4724 2073 4779 agno.

493 4793 508 4829 ι
543 4816 554 4829 .
622 4791 711 4829 AG.

426 4776 554 4831 scit.
590 4776 711 4830 JAc.

498 4846 607 4919 (88)
651 4843 980 4900 Articulum
1014 4859 1044 4898 e
1077 4842 1277 4899 codice
1314 4844 1758 4903 Vindobonensi
1816 4850 2076 4906 restituit

424 4918 806 4974 Jacobsonus.

498 4990 612 5057 (89)
670 4985 1185 5059 Ευδρδίυεᾲιιαὺθλῑ
1244 4981 1474 5059 δώδεκα.
1530 4988 1696 5059 Apud
1756 4992 2075 5048 Eusebium

431 5059 723 5131 Strothius
755 5064 813 5112 et
842 5057 1240 5131 Henichenius
1272 5058 1554 5131 exhiqent
1580 5057 1796 5115 δώδεκα
1850 5067 1971 5124 τοῖς
2022 5063 2074 5118 ἐν

436 5130 660 5203 Σμύρνῃ
694 5128 1093 5203 μαρψρήσαρξε
1128 5130 1241 5183 ³Αο-

502 5196 617 5272 (90)
636 5196 937 5255 Ἐὺϐρὺἱίιεί
960 5200 1125 5255 addit
1158 5196 1396 5272 μᾶλλον.

501 5271 615 5344 (91)
653 5274 930 5344 Ἰησοῦνῖ..
991 5273 1183 5344 ψυχῶν
1230 5271 1391 5341 ἡμῶν
1435 5289 1466 5329 e
1496 5273 1699 5329 codice
1757 5277 2077 5332 Parisiensi

430 5342 691 5399 restituit
732 5342 1115 5397 Jacobsonus'.

503 5420 613 5489 (92)
645 5414 839 5492 Codex
867 5412 1135 5492 _Vind_ob.
1195 5412 1360 5492 addit
1386 5430 1399 5468 :
1429 5414 1521 5492 καξ
1578 5414 1640 5469 τὸ
1663 5418 1963 5492 ⁸παντοὶγιον
1987 5419 2078 5473 καὶ

436 5484 704 5560 ζωοπὸιὸν
760 5487 996 5554 Ηνεῦμα.
1029 5484 1148 5538 ἔλα.
1199 5484 1265 5537 In
1295 5487 1475 5540 veteri
1507 5486 1615 5541 int.
1663 5484 1909 5560 legitur:
1965 5513 1984 5542 ι
2023 5497 2081 5546 et

435 5558 998 5632 Spiritussanctum,
1023 5571 1130 5632 per
1150 5571 1327 5632 quem
1346 5562 1558 5632 cuncta
1586 5558 2019 5632 cognoscimus.
2048 5584 2078 5613 ››

431 5625 616 5758 γτωεδ)
665 5627 937 5681 Usserius
986 5625 1043 5680 et
1072 5625 1358 5681 Smithius
1412 5625 1688 5685 mallent'
1714 5625 2082 5706 διαπέμψατε,

467 5716 558 5756 Λα.

467 5716 558 5756 Δα-

2186 4482 2341 4545 omni}
2371 4477 2591 4555 δευτέρᾳ
2625 4479 2917 4555 ἱσταμένου
2985 4486 3114 4553 (96),
3180 4484 3289 4559 πρὸ
3347 4483 3481 4539 ἑπτᾶ
3540 4485 3833 4543 Καλανδῶν

2183 4566 2373 4624 Maiora
2433 4567 2542 4631 (97)
2601 4560 2869 4640 Σαϐϐάτῳ
2927 4567 3152 4644 μεγάλῳ
3185 4573 3315 4640 (98),
3347 4569 3465 4648 ὥρᾳ
3495 4572 3666 4650 ὀγδόῃ
3702 4580 3840 4650 (99).

2255 4710 2364 4781 (94)
2396 4710 2439 4783 Ι.
2474 4726 2525 4765 e.
2560 4731 2590 4759 ‹‹
2621 4710 2723 4783 qui
2755 4711 3078 4768 nonnullos
3108 4728 3139 4767 e
3171 4730 3423 4771 numero
3456 4716 3731 4776 fidelium
3763 4721 3835 4777 ad

2184 4781 2535 4852 martyrium
2560 4781 2803 4852 vocavit.
2839 4804 2868 4833 »

2257 4849 2366 4924 (95⁷)
2398 4854 2563 4923 Τῷ...
2587 4849 2654 4924 ᾦ.
2689 4853 2879 4909 Simili
2909 4857 3349 4913 constructione
3370 4858 3561 4915 utitur
3589 4863 3656 4917 D.
3692 4868 3837 4921 Pau-

2185 4923 2278 4978 lus
2307 4925 2473 4979 Rom.
2507 4923 2621 4993 xvi,
2652 4927 2840 4981 25-27.
2875 4928 2995 4983 JAc.

2254 4997 2374 5068 (96)
2421 4996 2707 5068 Smyrnaei
2740 5013 2775 5052 a
2802 4999 2868 5051 25
2901 4998 2995 5053 die
3028 4999 3217 5053 Martii
3276 5002 3597 5059 Xanticum
3658 5024 3837 5063 suum

2189 5067 2562 5151 incoharunt.
2598 5068 2804 5151 [issam
2843 5069 2924 5151 De
2983 5068 3387 5151 οίζιτοῐιοζοςίει⁵
3418 5075 3603 5151 hujus
3633 5080 3845 5151 capitis

2189 5137 2307 5217 cfr.
2322 5137 2564 5217 ψειεν..
2618 5139 2835 5217 Hanab.
2857 5140 2965 5217 _der
2993 5141 3250 5217 Chronot.
3275 5137 3330 5198 ῖ.
3371 5145 3413 5208 Ι,
3462 5137 3521 5217 ρῖ
3553 5149 3686 5213 419,
3708 5137 3843 5207 Ἇ3Ο.

2259 5211 2373 5280 (97)
2415 5210 2606 5283 Longe
2637 5210 2872 5265 meliori
2902 5211 3103 5267 codice
3137 5230 3279 5269 usus
3312 5223 3401 5271 est
3428 5210 3850 5277 Constantino-

3558 5290 3842 5349 olitanus.

2261 5351 2373 5424 (98)
2404 5353 2445 5407 Ι.
2481 5368 2532 5408 e.
2567 5351 2908 5425 Sabbatum,
2943 5352 3100 5425 quod
3119 5355 3469 5413 Paschalem
3500 5306 3848 5421 ειδίῖἓιῖιῗῖξί

2189 5426 2307 5477 tem
2341 5423 2660 5492 antecedit,
2686 5423 3005 5480 Sabbatum
3035 5433 3326 5483 sanctum.
3368 5431 3524 5486 PAGI.

2262 5496 2371 5577 (99)
2406 5498 2457 5577 l._
2496 5511 2548 5577 e.
2578 5501 2717 5577 ante
2740 5496 3063 5577 ‘meridiem
3106 5513 3229 5577 non
3260 5499 3418 5577 enim
3450 5502 3523 5577 de
3555 5505 3842 5577 Romana,

2190 5565 2294 5619 sed
2327 5565 2397 5620 de
2429 5567 2688 5639 Astatica
2738 5567 2915 5639 horas
2947 5571 3330 5639 computandi
3360 5573 3596 5632 ratione
3627 5577 3731 5636 hic
3762 5565 3841 5637 est

2192 5652 2408 5705 sermo,
2444 5637 2652 5694 eadem
2684 5637 2929 5709 scilicet,
2950 5655 3067 5711 qua
3083 5637 3204 5696 nos
3234 5642 3409 5699 hodie
3439 5645 3697 5709 utimur.
3724 5654 3838 5709 διε·
