3956 6308
183 448 350 511 1049

1697 441 2121 506 11³18ΤοΕῶ

3447 431 3605 496 1050

181 581 352 654 ipsos
383 581 707 654 decipiunt.
741 567 875 636 Huic
904 581 1134 636 cunctis
1167 579 1212 614 1⁷
1243 577 1549 635 recitanda
1579 595 1683 650 per
1721 594 1843 633 om-
1875 579 1930 648 Α
1958 593 2064 649 per
2093 573 2344 630 salutem
2367 577 2426 627 et
2444 572 2728 644 speciem,
2756 594 2783 621 »
2809 569 3024 642 inquit,
3048 591 3076 620 «
3101 569 3280 624 dilexi
3330 568 3512 634 illam,
3539 572 3599 622 et

186 687 302 726 nes
329 671 624 727 Ecclesias
671 670 996 739 Africanas,
1049 670 1268 741 scripta
1319 669 1574 740 dirigite,
1628 673 1686 722 et
1713 667 1841 722 istis

187 763 528 816 connectite
588 777 735 831 quas
789 760 1170 832 adjunximus
1242 759 1467 814 litteras
1535 757 1826 830 praefecto-

186 867 334 906 rum
362 850 427 920 ‘8,
460 857 527 906 ut
558 851 629 906 de
663 851 755 904 his
789 849 835 886 ¹⁹
865 867 996 920 quae
1030 851 1232 921 inique
1254 849 1590 915 laudantur,
1625 848 1672 902 si
1701 847 1843 918 quid

187 939 333 1009 tale,
365 940 602 1010 probari
660 940 900 1010 poterit,
953 939 1247 1011 judicium
1306 938 1427 1006 ﬁat,
1487 942 1546 991 et
1591 936 1845 992 inhibita

188 1034 603 1095 coerceantur,
638 1033 695 1082 et
724 1027 1026 1100 praeterita
1043 1027 1200 1082 mala
1233 1025 1517 1080 etillicita
1546 1025 1840 1096 conjugia,

183 1120 238 1173 si
275 1119 603 1174 doceantur
631 1118 913 1186 admissa,
947 1118 1123 1189 digna
1167 1118 1475 1172 severitate
1523 1116 1844 1187 corripian-

181 1212 306 1263 tur.
336 1210 418 1263 De
478 1214 688 1263 caetero
745 1224 882 1262 vero
941 1213 1259 1263 caveantur
1314 1207 1455 1262 talia
1485 1223 1592 1277 per
1637 1222 1843 1260 omnes

175 1298 504 1363 Ecclesias,
540 1314 614 1351 ne
647 1297 921 1352 Ecclesiaa
971 1297 1275 1365 sanctitas,
1310 1313 1416 1368 per
1464 1301 1730 1350 nostram
1761 1295 1844 1350 fa-

177 1389 371 1460 tigata
397 1389 843 1460 negligentiam,
877 1388 1087 1459 perdat
1117 1388 1425 1460 privilegia
1451 1404 1583 1456 quas
1611 1392 1699 1442 est
1739 1403 1844 1458 per

175 1479 344 1533 viros
371 1478 736 1532 venerabiles
767 1484 1104 1533 consecuta.

175 1670 182 1676 _
256 1616 340 1669 De
373 1614 465 1668 his
496 1631 653 1674 vero.
675 1613 891 1684 quibus
914 1612 986 1667 ab
1013 1612 1464 1668 insidiatoribus
1488 1612 1839 1684 fatigamini,

183 1705 350 1759 unde
385 1711 442 1757 et
473 1722 581 1758 nos
639 1702 971 1771 consulere,
1017 1708 1074 1756 et
1117 1719 1152 1757 a
1182 1703 1352 1757 nobis
1404 1702 1636 1757 edoceri
1687 1702 1842 1756 inter

176 1799 410 1868 caetera
442 1792 728 1859 voluistis,
777 1808 843 1846 eo
893 1791 1050 1861 quod
1106 1792 1225 1846 sint
1272 1791 1513 1862 quidam
1552 1791 1652 1862 qui
1682 1790 1841 1846 arbi-

177 1889 429 1947 trantur
458 1883 528 1936 de
563 1885 733 1936 Patre
765 1882 890 1935 solo
924 1882 1146 1936 dictum
1190 1899 1318 1936 esse
1351 1883 1449 1949 t3),
1484 1904 1511 1932 «
1547 1882 1686 1951 quia
1716 1882 1838 1952 ipse

183 1973 354 2028 solus
380 1972 556 2026 habet
584 1971 1112 2034 immortalitatem,
1137 1977 1195 2025 et
1216 1971 1406 2025 lucem
1431 1971 1657 2026 habitat
1678 1971 1840 2026 inac-
1875 1961 1918 2026 Β

182 2062 533 2118 cessibilem
567 2060 613 2095 9°
641 2079 654 2127 ;
687 2080 712 2110 ιι
769 2061 848 2115 ita
882 2078 982 2115 eos
1030 2061 1369 2131 apostolicis
1419 2061 1706 2132 percutite
1755 2061 1844 2114 fe-

179 2150 357 2218 rulis,
393 2155 451 2204 et
484 2149 699 2203 divinis
723 2148 1060 2220 redarguite
1081 2149 1394 2220 praeceptis
1426 2149 1490 2202 ²¹.
1523 2150 1650 2202 Non
1682 2148 1843 2202 enim

186 2240 357 2294 solus
391 2239 564 2292 Pater
594 2238 723 2292 sine
755 2238 900 2292 Filio
933 2239 1126 2292 lucem
1157 2237 1631 2293 inaccessibilem
1678 2236 1846 2291 habi-

185 2335 314 2394 tat;
349 2329 488 2398 quia
516 2328 616 2382 ubi
650 2329 825 2382 Pater
854 2332 966 2394 est,
996 2328 1076 2382 ibi
1112 2327 1289 2382 etiam
1335 2328 1544 2383 Filium
1593 2345 1720 2382 esse
1752 2327 1847 2381 in-

182 2416 501 2480 dubitabili
537 2417 650 2472 ﬁde
682 2416 1047 2472 credendum
1081 2421 1188 2471 est.
1225 2419 1368 2472 Nam
1400 2417 1447 2471 si
1481 2417 1641 2472 solus
1674 2419 1847 2471 Pater

187 2509 321 2563 sine
353 2507 521 2574 Filio,
556 2505 713 2576 quod
764 2506 962 2560 dicere
1014 2506 1178 2560 nefas
1228 2512 1336 2571 est,
1382 2506 1573 2560 lucem
1623 2505 1848 2560 habitat

187 2595 689 2657 inaccessibilem,
715 2611 960 2650 necesse
988 2602 1096 2658 est,
1123 2601 1187 2650 ut
1219 2600 1652 2666 sequestratam
1675 2596 1848 2650 Pater

185 2706 221 2745 a
253 2687 402 2742 Filio
439 2685 653 2740 habeat
678 2685 1085 2750 mansionem,

261 2803 430 2869 Quod
452 2803 501 2857 si
525 2803 606 2857 ita
627 2807 738 2870 est,
762 2818 1022 2872 quonam
1044 2801 1219 2855 modo
1239 2801 1398 2856 idem
1419 2800 1595 2856 Filius
1615 2801 1689 2856 ad
1710 2800 1846 2856 dex-

185 2899 380 2948 teram
409 2892 595 2946 Patris
618 2897 819 2946 astans
837 2907 872 2945 a
903 2890 1072 2945 beato
1105 2897 1363 2961 martyre
1384 2891 1679 2960 Stephano
1699 2890 1843 2944 dici-

187 2991 290 3038 tur
320 2982 605 3053 conspici,
639 2982 687 3034 si
721 2983 896 3034 Pater
927 2979 1255 3035 secundum
1289 2998 1388 3034 eos
1420 2981 1580 3035 solus
1629 2981 1846 3034 dicitur

188 3071 434 3126 sedibus
460 3070 608 3125 lucis
630 3070 942 3123 contineri.
976 3069 1145 3122 Absit
1174 3069 1284 3122 hoc
1314 3085 1346 3123 a
1379 3085 1558 3124 sensu
1580 3069 1843 3123 ﬁdelium

185 3161 420 3215 Christo
453 3160 513 3213 in
563 3159 792 3213 unitate
846 3158 983 3212 ﬁdei
1029 3159 1501 3224 adhaerentium;
1537 3157 1842 3229 quoniam,

185 3252 346 3305 sicut
373 3266 493 3304 non
525 3249 694 3303 obest
724 3248 890 3308 Filio.
925 3264 1059 3302 cum
1091 3248 1253 3302 solus
1285 3248 1503 3302 dicitur
1550 3249 1724 3302 Pater
1751 3247 1842 3302 lu-

184 3356 317 3394 cem
349 3337 825 3393 inaccessibilem
858 3336 1145 3401 habitare,
1181 3337 1261 3391 ita
1290 3353 1410 3392 non
1441 3337 1612 3392 obest
1656 3338 1836 3404 Patri,
1872 3317 1914 3382 (ἶ

186 3446 324 3483 cum
358 3428 678 3498 Sapientia,
712 3443 841 3496 quae
873 3431 960 3480 est
990 3426 1192 3489 Filius,
1227 3425 1444 3480 dicitur
1471 3443 1678 3496 gyrum
1705 3426 1835 3480 caeli

187 3517 315 3573 sola
345 3517 613 3572 circuire.
641 3519 810 3570 Pater
831 3517 1050 3586 itaque,
1075 3531 1208 3569 cum
1233 3516 1308 3569 sit
1338 3515 1650 3570 invisibilis
1673 3521 1730 3570 et
1751 3515 1836 3569 in-

185 3609 422 3680 genitus
455 3607 516 3660 in
551 3622 636 3674 se,
670 3605 731 3658 in
763 3605 931 3667 Filio,
965 3621 999 3658 a
1027 3621 1088 3658 se
1114 3604 1594 3659 inenarrabiliter
1614 3606 1833 3675 genito,

187 3695 481 3752 mansisse
514 3711 581 3749 ac
605 3693 967 3763 requievisse
1013 3698 1398 3757 monstratur,
1440 3694 1567 3763 ipso
1600 3694 1742 3747 Filio
1775 3694 1835 3749 in

185 3786 479 3858 propheta
501 3784 819 3854 loquente:
856 3804 884 3831 ‹‹
917 3782 1024 3846 Qui
1059 3798 1152 3835 me
1183 3782 1406 3854 genuit,
1455 3783 1745 3853 requievit
1773 3783 1836 3836 in

183 3873 570 3930 tabernaculo
597 3889 726 3927 meo
751 3872 817 3927 3'2.
863 3893 890 3921 »
917 3873 986 3925 Et
1026 3873 1085 3924 in
1123 3871 1473 3942 Evangelio:
1514 3893 1540 3921 ει
1573 3874 1746 3927 Pater
1774 3873 1835 3926 in

182 3957 280 4020 me
312 3980 584 4029 manens,
611 3963 752 4018 facit
775 3977 954 4031 opera
974 3961 1098 4014 haec
1119 3961 1185 4014 ”.
1208 3982 1235 4009 »
1259 3963 1328 4014 Et
1353 3977 1365 4014 :
1392 3983 1419 4010 «
1445 3962 1628 4015 Deum
1662 3979 1836 4016 nemo

183 4054 331 4108 vidit
373 4069 662 4123 unquam,
714 4051 830 4105 nisi
877 4050 1221 4121 unigenitus
1272 4051 1475 4118 Filius,
1510 4051 1609 4121 qui
1656 4057 1745 4105 est
1776 4052 1837 4105 in

188 4143 323 4198 sinu
345 4142 533 4196 Patris
563 4139 632 4194 υ.
662 4161 687 4186 »ι
721 4139 776 4193 Si
827 4139 982 4192 enim
1015 4138 1075 4192 in
1109 4138 1244 4192 sinu
1273 4140 1462 4193 Patris
1494 4145 1621 4193 erat
1655 4139 1838 4193 Filius

192 4235 262 4290 ab
285 4233 476 4288 initio.
502 4237 561 4285 et
589 4247 658 4284 ex
683 4224 859 4283 corde
885 4228 1076 4282 Patris
1092 4228 1335 4282 verbum
1360 4229 1578 4283 bonum
1610 4235 1841 4284 eructa-

195 4331 318 4382 tum
343 4330 446 4386 est.
473 4321 770 4392 quomodo
795 4336 914 4374 non
939 4320 998 4372 in
1021 4319 1198 4372 corde
1216 4325 1462 4388 paterno
1485 4321 1837 4377 consistens.

191 4417 382 4471 lucem
401 4429 536 4466 cum
550 4409 757 4466 eodem
783 4409 1260 4463 inaccessibilem
1276 4410 1572 4464 habitasse
1595 4409 1840 4464 creden—

195 4505 302 4558 dus
332 4501 473 4557 est‘?
503 4499 780 4570 Nunquid
802 4501 975 4554 Pater
1016 4499 1238 4569 absque
1287 4499 1407 4554 ulla
1437 4499 1566 4554 luce
1607 4500 1666 4553 in
1697 4500 1842 4554 Filio

192 4593 383 4665 potuit
403 4605 802 4651 commanere,
825 4593 926 4642 aut
953 4587 1013 4641 in
1040 4587 1421 4641 tabernaculo
1448 4588 1575 4642 Filii
1599 4589 1724 4643 sine
1747 4605 1842 4644 ea-

1955 684 2062 738 pro
2094 665 2223 720 luce
2257 663 2535 734 praposui
2569 661 2786 716 habere
2827 677 2979 728 eam,
3003 659 3287 731 quoniam
3313 656 3599 713 inexstin-

1953 754 2171 829 guibile
2204 760 2294 808 est
2322 753 2524 806 lumen
2557 751 2689 822 ejus
2721 750 2786 803 εδ.
2822 772 2850 800 ››
2884 751 3044 804 Hanc
3075 765 3210 821 ergo
3251 746 3431 804 David
3463 763 3601 817 pro—

1953 846 2132 917 pheta
2151 844 2342 898 lucem
2364 842 2731 908 desiderans,
2753 840 2964 896 anxius
2983 839 3332 911 proclamat,
3357 837 3595 892 dicens:

1954 953 1984 986 ε(
2016 934 2229 988 Emitte
2257 934 2451 987 lucem
2483 937 2644 986 tuam
2676 936 2735 984 et
2763 929 3070 984 veritatem
3107 935 3271 984 tuam
3303 926 3370 981 ’7.
3421 947 3449 976 »
3482 927 3600 981 Ite-

1951 1039 2124 1078 rum:
2159 1044 2186 1072 «
2223 1024 2286 1076 In
2327 1021 2554 1075 lumine
2605 1026 2706 1074 tuo
2759 1017 3088 1072 videbimus
3137 1017 3339 1070 lumen
3370 1015 3435 1069 εδ.
3471 1036 3500 1064 ››
3531 1016 3597 1069 In

1953 1115 2132 1187 hujus
2175 1114 2355 1187 igitur
2400 1112 2646 1168 luminis
2699 1111 2964 1167 claritate
3015 1110 3192 1165 Filius
3242 1107 3503 1177 seipsum
3535 1105 3594 1158 in

1953 1211 2155 1260 monte
2173 1204 2360 1258 tribus
2381 1202 2686 1274 discipulis
2702 1200 3103 1272 praeostendit;
3118 1198 3238 1269 qui,
3259 1201 3422 1251 metu
3438 1213 3598 1250 mor-

1953 1295 2028 1350 tis
2041 1294 2359 1366 perterriti,
2385 1293 2783 1364 prostratique
2805 1291 2864 1344 in
2892 1288 3245 1355 faciem,sibi
3265 1288 3393 1341 vitaa
3415 1286 3594 1340 ﬁnem

1953 1385 2160 1440 adesse
2205 1387 2519 1438 senserunt
2548 1381 2612 1437 ’9.
2671 1382 2831 1435 Hanc
2881 1380 3172 1451 (inquam)
3203 1376 3394 1431 lucem
3444 1376 3504 1429 in
3532 1392 3594 1430 se

1951 1474 2133 1529 fuisse
2165 1473 2580 1528 demonstrans
2625 1471 2802 1525 Filius
2845 1467 3270 1540 proclamabat,
3321 1472 3398 1531 et,
3440 1469 3506 1519 ut
3537 1465 3598 1518 in

1951 1563 2154 1618 eadem
2182 1562 2547 1626 incederent,
2573 1559 2895 1631 discipulos
2919 1555 3355 1629 praemonebat:
3395 1575 3416 1603 α
3449 1555 3593 1608 Cum

1950 1652 2140 1708 lucem
2172 1651 2422 1712 habetis,
2457 1673 2485 1700 ››
2537 1650 2751 1720 inquit,
2784 1670 2811 1698 «
2863 1647 3161 1703 ambulate
3211 1645 3269 1698 in
3301 1645 3432 1699 luce
3463 1642 3527 1698 ³ο.
3569 1665 3589 1692 ι

1951 1743 2019 1796 Et
2041 1741 2287 1795 iterum:
2325 1762 2352 1789 «
2373 1741 2490 1812 Ego
2509 1755 2636 1794 sum
2665 1738 2762 1792 lux
2794 1737 2972 1807 hujus
2989 1734 3198 1790 mundi
3222 1751 3234 1788 :
3262 1733 3363 1804 qui
3395 1731 3595 1803 sequi-

1952 1835 2048 1884 tur
2076 1847 2169 1884 me
2193 1847 2312 1884 non
2335 1829 2598 1884 ambulat
2622 1828 2680 1882 in
2704 1826 2986 1894 tenebris,
3007 1825 3110 1880 sed
3135 1822 3592 1877 habebitlumen

1950 1919 2082 1974 vita:
2123 1926 2359 1973 aeternae
2393 1917 2460 1974 δι.
2495 1939 2525 1969 ››
2557 1921 2627 1972 Et
2655 1915 3052 1988 evangelista:
3091 1935 3112 1964 ι
3147 1915 3286 1968 Erat
3309 1911 3412 1966 lux
3437 1928 3594 1975 vera,

1953 2008 2053 2075 ait,
2089 2025 2218 2077 quae
2249 2007 2546 2060 illuminat
2565 2021 2803 2060 omnem
2829 2003 3132 2058 hominem
3165 2000 3500 2055 venientem
3532 1998 3594 2052 in

1950 2095 2109 2150 hunc
2123 2095 2408 2150 mundum
2425 2095 2492 2129 ἐ-
2519 2116 2548 2143 »
2563 2095 2620 2148 Si
2635 2095 2759 2147 haec
2783 2093 2904 2159 lux,
2929 2109 3060 2161 qua:
3073 2088 3454 2145 credentibus
3470 2104 3596 2158 pro-

1949 2185 2226 2246 mittitur,
2278 2185 2339 2238 in
2383 2184 2529 2238 Filio
2584 2199 2711 2238 esse
2760 2181 3063 2253 probatur,
3115 2185 3173 2234 et
3203 2195 3333 2234 cum
3369 2183 3591 2232 esterno

1951 2280 2172 2330 aeterna
2203 2290 2331 2329 esse
2362 2271 2902 2344 dicitur,quomodo
2934 2287 2968 2326 a
2987 2269 3150 2325 vobis
3180 2269 3253 2323 ab
3276 2266 3593 2322 inaccessi-

1949 2364 2055 2418 bili
2088 2365 2215 2418 luce
2252 2364 2436 2418 Patris
2466 2363 2647 2417 Filius
2696 2359 3049 2432 separatur?
3091 2359 3147 2414 Si
3197 2358 3358 2413 enim
3388 2357 3592 2420 Filius,

1951 2476 1980 2504 «
2015 2455 2164 2508 Deus
2195 2471 2366 2509 verus
2385 2459 2444 2508 et
2479 2453 2597 2508 vita
2616 2457 2840 2506 aeterna
2877 2455 2969 2504 est
2990 2449 3056 2517 ³³,
3094 2470 3122 2498 ››
3155 2448 3284 2503 sine
3323 2446 3501 2501 dubio
3534 2446 3592 2498 in

1951 2543 2060 2597 hac
2092 2543 2220 2597 luce
2254 2542 2428 2597 simul
2462 2559 2596 2596 cum
2630 2544 2798 2596 Patre
2821 2540 3086 2594 habitare
3117 2536 3451 2592 credendus
3483 2540 3592 2598 est,

1949 2649 2126 2702 quam
2151 2632 2350 2686 nullus
2371 2631 2547 2685 modo
2568 2636 2861 2692 nostrum,
2886 2629 2946 2682 in
2970 2629 3079 2682 hoc
3095 2626 3327 2681 mortali
3348 2639 3593 2695 corpore

1947 2721 2329 2785 constitutus,
2362 2725 2558 2790 potest
2577 2719 2954 2788 aliquatenus
2977 2715 3247 2770 contueri
3277 2731 3291 2779 ;
3325 2713 3427 2767 sed
3454 2712 3592 2766 dum

1947 2809 2309 2880 apparuerit,
2343 2813 2484 2862 tunc
2516 2825 2648 2862 vere
2682 2807 2845 2861 illum
2877 2805 3095 2860 videbit
3143 2803 3315 2858 sicuti
3347 2808 3456 2870 est,
3491 2803 3590 2872 qui

1947 2897 2075 2968 ejus
2106 2897 2514 2969 csnspectibus
2564 2897 2743 2951 fuerit
2792 2895 3003 2966 dignus
3047 2893 3329 2965 coaptari.
3374 2894 3443 2945 Et
3474 2908 3590 2945 non

1947 2988 2098 3041 sicut
2125 2989 2352 3058 Moyses
2384 2987 2701 3056 cmterique
2732 2985 3033 3055 propheta;
3065 2999 3170 3054 per
3201 2982 3513 3053 zrnigmata
3536 2986 3594 3033 et

1951 3076 2222 3147 ﬁguram,
2253 3076 2358 3129 sed
2390 3077 2576 3146 ipsam
2615 3074 2902 3129 veraciter
2949 3074 3010 3126 in
3043 3071 3210 3137 Filio,
3265 3070 3591 3124 secundum

1948 3165 2314 3237 Apostolum,
2341 3183 2448 3220 con
2461 3165 2723 3219 tuebitur
2743 3163 2980 3217 deitatis
3010 3161 3349 3232 imaginem.
3375 3160 3516 3214 Nam
3543 3159 3591 3212 si

1949 3254 2107 3308 hunc
2129 3253 2522 3324 eumdemque
2546 3253 2848 3324 prophetae
2874 3250 2982 3304 sub
3007 3249 3369 3309 testimonio,
3395 3247 3594 3301 subse-

1945 3348 2162 3413 quente
2195 3358 2406 3397 sereno
2437 3342 2657 3396 mentis
2681 3341 2918 3408 intuitu,
2945 3338 3295 3409 investigare
3315 3336 3591 3405 volueris,

1945 3432 2209 3487 invenies
2239 3432 2452 3486 Filium
2476 3447 2594 3486 non
2628 3447 2801 3501 posse
2833 3429 2904 3483 ab
2928 3429 3037 3482 hac
3059 3427 3190 3481 luce
3215 3426 3400 3480 Patris
3422 3427 3590 3496 peni-

1944 3527 2038 3576 tus
2061 3521 2320 3592 separari
2347 3537 2359 3586 ;
2381 3521 2664 3590 quoniam
2689 3536 2824 3575 cum
2848 3518 3038 3573 solum
3059 3517 3271 3571 Filium
3297 3515 3588 3570 dixeritin

1947 3616 2104 3665 terra
2127 3627 2261 3664 cum
2287 3609 2625 3664 hominibus
2648 3613 3083 3674 conversatum,
3113 3608 3343 3661 Patrem
3371 3603 3442 3658 ab
3465 3604 3587 3669 illo,

1947 3716 2066 3754 non
2101 3705 2188 3753 est
2219 3699 2579 3753 credendum
2611 3697 2737 3752 tleri
2769 3696 3049 3752 alienum.
3099 3717 3127 3745 «
3151 3693 3198 3728 ³⁴
3230 3695 3285 3748 Si
3328 3694 3594 3748 testimo-

1948 3791 2113 3844 nium
2148 3791 2306 3844 enim
2338 3789 2647 3843 hominum
2681 3787 3028 3857 accipimus,
3063 3785 3471 3840 testimonium
3494 3783 3598 3838 Dei

1948 3880 2142 3949 majus
2176 3886 2284 3934 est.
2317 3879 2604 3943 Quoniam
2631 3877 2740 3931 hoc
2773 3876 3286 3931 esttestimonium
3319 3875 3419 3928 Dei
3440 3873 3597 3944 quod

1947 3969 2140 4040 majus
2173 3973 2280 4035 est,
2315 3967 2455 4038 quia
2501 3966 2847 4020 testiﬁcatus
2899 3970 2989 4019 est
3031 3964 3102 4018 de
3152 3963 3298 4017 Filio
3329 3979 3455 4016 suo.
3491 3962 3598 4025 Qui

1949 4058 2228 4114 creditin
2261 4056 2471 4110 Filium
2524 4055 2648 4115 Dei.
2697 4055 2894 4118 habet,
2944 4053 3352 4107 testimonium
3401 4052 3503 4105 Dei
3535 4051 3596 4104 in

1952 4165 2034 4202 se.
2068 4146 2173 4211 Qui
2198 4163 2317 4199 non
2349 4144 2536 4199 credit
2556 4145 2616 4197 in
2641 4142 2874 4204 Filium,
2901 4140 3248 4197 mendacem
3275 4141 3416 4194 facit
3437 4155 3597 4205 eum,

1951 4236 2090 4307 quia
2120 4251 2239 4289 non
2272 4232 2460 4288 credit
2491 4234 2550 4286 in
2583 4232 3015 4295 testimonium,
3051 4229 3209 4302 quod
3250 4229 3598 4284 testiﬁcatus

1952 4331 2042 4379 est
2072 4325 2223 4378 Deus
2279 4323 2350 4376 de
2395 4321 2538 4375 Filio
2580 4337 2704 4375 suo.
2757 4322 2826 4374 Et
2871 4320 2982 4375 hoc
3031 4326 3121 4375 est
3163 4319 3594 4382 testimonium,

1954 4414 2235 4485 quoniam
2266 4413 2444 4467 vitam
2478 4417 2760 4466 aeternam
2793 4410 2956 4464 dedit
2984 4410 3154 4464 nobis
3179 4411 3349 4477 Deus,
3385 4415 3444 4463 et
3471 4408 3597 4461 haec

1951 4503 2071 4558 vita
2103 4509 2190 4557 est
2219 4502 2279 4555 in
2310 4502 2454 4556 Filio
2488 4503 2635 4571 ejus.
2671 4499 2779 4564 Qui
2821 4499 2999 4554 habet
3029 4499 3263 4566 Filium,
3310 4498 3488 4553 habet
3515 4497 3595 4550 vi-

1955 4598 2075 4648 tam
2102 4608 2115 4658 ;
2150 4592 2248 4663 qui
2283 4608 2402 4646 non
2422 4590 2600 4646 habet
2627 4589 2844 4643 Filium
2870 4589 2993 4652 Dei,
3029 4604 3150 4642 non
3187 4588 3364 4642 habet
3395 4590 3593 4640 vitam.

192 4683 327 4737 dem
359 4680 550 4752 potuit
581 4678 975 4747 requiescere,
1011 4693 1147 4731 eum
1180 4677 1335 4732 idem
1359 4677 1540 4732 Filius
1566 4699 1587 4728 ι
1618 4678 1840 4733 candor
1872 4685 1914 4749 Ι)
1947 4683 2079 4736 Haec
2111 4681 2304 4734 scribo
2338 4680 2519 4747 vobis,
2553 4684 2615 4732 ut
2637 4678 2858 4743 sciatis,
2889 4677 3167 4746 quoniam
3199 4676 3380 4731 vitam
3413 4675 3592 4729 habe-

194 4773 269 4825 sit
287 4775 522 4824 aeternae
542 4760 1090 4836 lueis,etspeculum
1107 4766 1236 4820 sine
1251 4766 1483 4820 macula
1494 4766 1838 4821 deitatis”),

193 4856 483 4926 Salomon}
504 4871 861 4926 superquam
884 4854 1137 4909 salutem
1169 4872 1337 4910 suam
1359 4855 1638 4910 dilexisse
1670 4874 1730 4912 se
1751 4857 1842 4912 di-

196 4951 294 5013 cit,
323 4950 384 5001 in
419 4937 590 5018 cujus
609 4945 804 5016 specie
827 4960 1064 5014 semper
1087 4944 1364 4999 delectari
1393 4946 1665 5015 gestivit‘?
1686 4970 1712 4995 ‹‹
1738 4947 1846 5000 Su-

1953 4771 2028 4824 tis
2056 4776 2339 4824 aeternam
2364 4769 2464 4838 qui
2483 4767 2723 4822 creditis
2747 4767 2807 4819 in
2832 4765 3071 4821 nomine
3092 4764 3220 4818 Filii
3239 4763 3357 4818 Dei.
3383 4765 3451 4818 Et
3470 4764 3596 4817 hazc

1956 4864 2045 4913 est
2066 4858 2282 4913 ﬁducia
2303 4873 2483 4928 quam
2496 4855 2784 4910 habemus
2800 4855 2872 4909 ad
2887 4854 3189 4924 eum,quia
3201 4851 3596 4923 quodcunque

1955 4948 2304 5019 petierimus
2335 4945 2663 5001 secundum
2697 4944 3059 4998 voluntatem
3091 4944 3244 5014 ejus,
3277 4940 3443 4996 audit
3465 4957 3593 4994 nos.

193 5052 202 5063 ’
273 5073 315 5110 ¹⁷
346 5075 549 5126 lnnoc.
592 5088 684 5141 ep.
732 5072 792 5122 12
821 5069 894 5123 ad
924 5069 1211 5142 Aurelium
1243 5069 1502 5142 Carthag.
1534 5088 1622 5140 ep.
1650 5071 1757 5126 sub
1791 5073 1969 5126 ﬁnem
1998 5089 2010 5126 :
2043 5096 2070 5122 «
2105 5071 2268 5128 Unde
2297 5070 2473 5142 plagii
2507 5068 2717 5142 merito
2741 5085 2952 5140 arguas
2973 5070 3596 5142 Mercatorem.eumve

196 5165 230 5202 a
262 5162 377 5216 quo
406 5144 646 5216 delusus
679 5147 786 5216 est.
817 5164 850 5216 ῃ

195 5212 363 5274 Uvar.
425 5217 512 5268 66.
594 5215 638 5246 ²²
699 5212 874 5266 Eccli.
933 5227 1064 5264 xxrv
1140 5215 1221 5264 12.

930 5141 968 5173 ¹⁸
994 5140 1429 5209 prophetharum
1465 5142 1524 5194 iu
1555 5139 1652 5212 qq.
1709 5159 1792 5198 cc.
1875 5143 1919 5180 1°
1950 5161 2058 5199 ms.
2088 5145 2232 5198 unde
2262 5139 2363 5197 his.
2403 5139 2488 5174 “2°
2517 5142 2538 5194 l
2569 5141 2716 5195 Tim.
2750 5139 2830 5202 v1,
2887 5143 2969 5193 16.
3047 5142 3090 5175 ’ί
3124 5140 3307 5212 Ιῐῇειεἶ
3340 5139 3413 5212 ad
3444 5155 3594 5192 vers.

1301 5214 1347 5247 ⁸³³
1403 5213 1544 5266 Joan
1575 5210 1587 5212 θ
1616 5210 1736 5281 ίχιν,
1807 5217 1828 5267 1

1971 5215 2019 5249 ²⁴
2073 5216 2240 5279 Joan,
2300 5230 2336 5276 ι,
2397 5214 2482 5268 18.
2560 5212 2606 5245 ³⁵
2655 5213 2786 5281 Sap.
2839 5227 2931 5272 vn,
2999 5214 3086 5264 26.
3164 5211 3212 5281 2⁸
3269 5210 3442 5276 Ibid,
3507 5212 3592 5263 10.

191 5292 235 5344 .37
270 5285 578 5346 Psalxm.
613 5286 664 5339 3.
743 5284 786 5317 2‘
819 5282 968 5337 Psal.
1023 5297 1188 5340 xxxv.
1229 5286 1312 5338 10.
1392 5285 1664 5350 1“_’.l\rlattb,
1727 5302 1858 5340 xvu.
1936 5286 1983 5321 ³ο
2041 5288 2207 5344 Joan.
2241 5286 2462 5342 111.35.
2534 5281 2584 5335 .³¹
2643 5280 2807 5340 Joan.
2860 5298 2972 5350 vni,
3010 5286 3095 5348 12,
3170 5280 3218 5317 ³³
3271 5283 3590 5344 Joan.1,9.

191 5361 282 5413 331
313 5359 478 5436 Joan:
511 5373 586 5436 v,_
608 5358 694 5436 2ς).
744 5354 819 5436 _3‘
854 5356 1152 5436 hactenus
1176 5355 1677 5436 verca‘ips‘is-sima
1709 5374 1861 5426 resp.
1898 5357 2102 5411 lthacii
2137 5359 2255 5436 sive
2291 5353 2645 5436 ldacii_Clari
2678 5353 2956 5408 adversus
2987 5353 3386 5408 Warimadum
3425 5354 3594 5407 Aria-

190 5449 354 5487 num.
387 5429 482 5484 cui
513 5427 833 5481 fabricator
859 5426 1036 5496 hujus
1064 5426 1328 5495 epistola:
1360 5426 1636 5480 laciniam
1669 5444 1774 5499 pro
1806 5445 1971 5483 more
1999 5429 2210 5484 attexit
2239 5444 2307 5482 ex
2340 5445 2431 5498 ep.
2465 5428 2489 5480 Ι
2516 5427 2682 5480 Joan.
2714 5441 2764 5478 v.

189 5564 410 5616 tantur.
447 5555 571 5608 Sev.
605 5554 722 5607 BIN.
756 5581 823 5589 -—
858 5551 934 5604 De
985 5550 1096 5604 hoc
1129 5549 1277 5609 loco.
1331 5552 1430 5620 qui
1465 5557 1623 5606 certe
1652 5552 1838 5608 lubri-

190 5647 294 5688 cus
326 5633 434 5682 est.
467 5626 596 5679 vide
655 5624 814 5678 decr.
875 5621 1086 5676 conci].
1121 5621 1273 5676 Trid.
1326 5625 1402 5677 De
1450 5627 1841 5690 reformtione

195 5698 566 5761 matrimonii.

266 5772 342 5844 (3)
375 5769 530 5835 Quod
585 5769 697 5822 sint
763 5765 988 5835 quidam
1044 5765 1144 5834 qui
1199 5765 1546 5820 arbitrantur
1573 5766 1638 5822 de
1677 5769 1842 5822 Patre

1950 5555 2064 5608 solo
2095 5555 2302 5608 dictum
2332 5569 2458 5606 esse.
2494 5549 2834 5606 Basilidem.
2871 5550 3276 5616 Saturninum,
3326 5549 3591 5619 aliosque

1950 5627 2081 5695 ejus
2113 5630 2432 5679 sectatores
2458 5622 2736 5693 intelligit
2760 5637 2772 5686 ;
2793 5619 2863 5674 de
2896 5621 3108 5695 quibus
3134 5622 3418 5695 Baronius
3435 5639 3591 5676 anno

1949 5691 2184 5751 Domini
2218 5698 2347 5766 120.
2374 5710 2538 5749 num.
2571 5696 2624 5758 5,
2658 5691 2716 5748 et
2742 5691 3168 5766 _sequentibus,
3210 5692 3310 5748 ubi
3353 5692 3592 5766 impura

1951 5772 2008 5822 et
2040 5765 2456 5822 scelestissima
2486 5780 2692 5821 eorum
2723 5762 3000 5835 dogmata
3029 5769 3319 5823 recenset.
3351 5765 3437 5825 In.
