3956 6308
422 402 571 462 1051
1798 406 2180 470 ΕνΑιιιει-ι-
2208 405 2464 468 ΡΔΡιΕ.
3679 403 3832 464 1052

417 537 488 588 Et
517 535 737 589 scimus
769 536 911 606 quia
969 537 1134 591 audit
1187 553 1318 606 nos,
1354 539 1646 611 quidquid
1689 541 2058 612 petierimus,
2092 541 2146 609 Α
2176 555 2356 596 causa
2385 539 2729 610 conjungat.
2758 539 2826 592 Et
2852 537 3005 592 sicut
3041 535 3210 593 uxori
3231 552 3350 591 non
3369 534 3496 591 licit
3525 535 3827 592 dimittere

414 625 634 679 scimus
666 626 945 695 quoniam
973 626 1258 682 habemus
1282 628 1598 698 petitiones
1626 647 1771 700 quas
1803 631 2063 702 postula-
2172 630 2365 684 virum
2396 645 2590 693 suum,
2623 634 2689 683 ut
2718 627 2890 682 alteri
2922 643 3005 693 se,
3038 626 3270 681 vivente
3317 641 3409 693 eo,
3443 626 3824 682 matrimonio

417 730 548 768 mus
580 715 650 768 ab
684 731 772 768 eo.
806 715 912 778 Qui
943 716 1052 769 scit
1083 715 1322 770 fratrem
1355 735 1526 773 suum
1579 734 1822 790 peccare
1855 736 2061 790 pecca-
2173 718 2493 780 societ.aut
2513 733 2648 772 eum
2663 715 3666 782 adulteret,licetfornicatus‘sitvir
3681 717 3827 787 ejus,

418 808 544 857 tum
574 820 691 857 non
723 803 797 858 ad
825 810 1094 869 mortem,
1128 811 1309 876 petat,
1345 813 1401 861 et
1433 807 1667 862 dabitur
1695 809 1747 862 ei
1779 809 1897 864 vita
1927 825 2065 880 pec-
2171 806 2296 874 sed,
2322 807 2483 873 iuxta
2531 805 2896 878 Apostolum,
2928 827 2956 854 «ι
2989 811 3093 860 aut
3139 805 3259 858 viro
3306 821 3413 859 suo
3447 805 3826 860 reconciliari

420 894 575 947 canti
619 910 737 946 non
769 893 840 947 ad
873 900 1144 948 mortem.
1181 897 1278 948 Est
1308 903 1614 966 peccatum
1663 897 1736 951 ad
1771 905 2060 962 mortem;
2172 894 2368 963 debet,
2400 901 2502 950 aut
2531 910 2771 950 manere
2803 895 3054 964 innupta
3091 893 3174 960 ⁴¹;
3209 915 3237 942 ››
3286 893 3368 948 ita
3393 893 3672 949 Ecclesiae
3711 911 3830 948 non

417 997 534 1034 non
567 997 670 1050 pro
703 980 805 1034 illo
838 981 991 1047 dico,
1022 988 1086 1036 ut
1118 990 1281 1056 roget
1324 986 1479 1054 quis.
1531 986 1734 1040 Omnis
1779 986 2062 1058 iniquitas
2171 984 2311 1040 licet
2339 984 2640 1039 dimittere
2675 985 3016 1054 episcopum
3050 999 3245 1049 suum,
3279 988 3382 1037 aut
3409 982 3484 1036 ab
3535 999 3604 1037 eo
3638 999 3706 1038 se
3735 999 3828 1038 se-

413 1076 720 1140 peccatum
753 1076 860 1136 est,
897 1077 954 1125 et
985 1078 1070 1125 est
1101 1079 1408 1143 peccatum
1431 1074 1504 1129 ad
1525 1081 1798 1130 mortem.
1833 1076 2061 1131 Scimus
2169 1090 2410 1146 gregare
2440 1079 2507 1128 ut
2537 1073 2812 1140 alterum,
2852 1073 3199 1140 viventeeo,
3251 1071 3544 1142 accipiat;
3579 1073 3696 1128 sed
3735 1077 3835 1128 aut

411 1159 549 1229 quia
581 1159 776 1213 omnis
810 1161 908 1230 qui
945 1167 1118 1216 natus
1152 1169 1241 1216 est
1273 1180 1344 1216 ex
1376 1164 1514 1229 Deo,
1549 1181 1666 1219 non
1701 1171 1925 1236 peccat,
1957 1165 2062 1220 sed
2171 1165 2362 1235 ipsum
2396 1162 2631 1230 habeat,
2663 1167 2765 1218 aut
2795 1163 3048 1232 innupta
3067 1167 3322 1226 maneat,
3357 1161 3416 1215 id
3445 1167 3538 1216 est
3568 1161 3834 1218 alterum

413 1249 713 1318 generatio
743 1249 843 1303 Dei
867 1255 1175 1304 conservat
1193 1268 1353 1317 eum,
1377 1258 1433 1306 et
1455 1253 1746 1324 malignus
1769 1271 1887 1308 non
1921 1259 2059 1308 tan-
2171 1253 2537 1324 episcopum,
2560 1268 2666 1306 suo
2685 1253 2932 1318 vivente,
2956 1267 3076 1306 non
3097 1251 3368 1322 accipiat,
3391 1267 3466 1305 ne
3488 1251 3840 1306 fornicatio-

413 1339 494 1408 git
533 1354 688 1392 eum.
720 1337 951 1393 Scimus
984 1344 1264 1409 quoniam
1297 1358 1364 1395 ex
1404 1343 1516 1396 Deo
1549 1359 1773 1410 sumus,
1798 1349 1856 1397 et
1885 1360 2062 1398 mun-
2170 1343 2264 1398 nis
2297 1348 2401 1396 aut
2429 1341 2706 1396 adulterii
2738 1341 2964 1396 crimen
2995 1340 3277 1395 incurrat.
3317 1341 3464 1395 Nam
3490 1341 3541 1394 si
3591 1341 3840 1396 adulte-

415 1425 524 1480 dus
556 1433 713 1481 totus
749 1428 806 1480 in
841 1428 1098 1500 maligno
1138 1431 1363 1500 positus
1415 1438 1522 1486 est.
1556 1433 1625 1486 Et
1665 1432 1883 1487 scimus
1914 1450 2059 1504 quo-
2169 1439 2296 1488 rata
2323 1431 2522 1498 fuerit,
2556 1430 2612 1484 id
2648 1436 2736 1484 est
2765 1431 2812 1484 si
2847 1447 2908 1484 se
2931 1429 3096 1484 alteri
3123 1430 3398 1500 episcopo
3422 1431 3843 1501 junxerit,aut

407 1517 568 1570 niam
604 1516 778 1571 Filius
809 1517 910 1572 Dei
934 1520 1090 1573 venit
1114 1519 1352 1575 etdedit
1381 1521 1552 1576 nobis
1576 1539 1839 1589 sensum,
1867 1527 1931 1576 ut
1957 1540 2060 1577 co-
2171 1537 2349 1593 super
2378 1538 2440 1575 se
2470 1521 2725 1576 alterum
2776 1521 3120 1591 episcopum
3170 1519 3504 1588 adduxerit,
3555 1527 3662 1576 aut
3703 1538 3836 1576 esse

409 1623 763 1677 gnoscamus
823 1624 1022 1661 verum
1056 1610 1260 1672 Deum,
1295 1616 1354 1664 et
1411 1611 1596 1666 simus
1657 1611 1718 1665 in
1749 1628 1882 1665 vero
1915 1611 2059 1666 Filio
2169 1609 2395 1668 fecerit.
2431 1610 2519 1665 vel
2544 1609 2969 1664 desideraverit
2991 1625 3004 1663 :
3030 1625 3137 1680 per
3155 1609 3507 1664 acerrimam
3533 1611 3840 1681 paeniten-

411 1696 558 1765 ejus.
598 1696 699 1749 Hic
731 1703 820 1750 est
846 1715 1016 1752 verus
1052 1699 1204 1753 Deus
1228 1700 1421 1754 etvita
1452 1707 1691 1756 aeterna.
1720 1723 1745 1749 ››
1772 1702 1924 1768 Haec,
1948 1700 2061 1756 fra-
2170 1698 2313 1753 tiam
2342 1704 2443 1754 aut
2471 1715 2576 1753 suo
2624 1697 3045 1753 reconcilietur
3087 1698 3386 1769 episcopo,
3437 1703 3543 1753 aut
3577 1698 3839 1770 innupta

416 1792 555 1847 tres,
587 1786 923 1855 praedicata,
956 1789 1080 1841 haec
1111 1789 1387 1844 omnibus
1420 1791 1712 1844 nuntiate.
1766 1792 1874 1844 Vos
1922 1806 2058 1844 vero
2171 1795 2536 1859 permaneat.
2561 1788 2724 1843 Unde
2739 1793 2797 1843 et
2816 1787 3454 1858 Dominusloquiturin
3477 1788 3838 1860 Evangelia,

413 1874 664 1927 invicem
719 1875 1134 1943 exhortamini,
1168 1877 1410 1948 perfecti
1466 1883 1672 1943 estote,
1707 1893 2058 1949 semperque
2090 1900 2135 1966 Β
2170 1877 2412 1933 dicens:
2446 1902 2471 1927 α
2500 1879 2554 1932 Si
2581 1878 2712 1949 quis
2733 1876 2946 1931 viderit
2967 1877 3277 1932 mulierem
3301 1877 3374 1931 ad
3398 1878 3835 1949 concupiscen-

411 1962 694 2033 gaudete;
725 1981 928 2034 pacem
945 1971 1142 2021 autem
1167 1967 1478 2021 sectamini
1501 1968 1560 2021 in
1580 1984 1806 2034 omnes,
1826 1973 1884 2022 et
1905 1969 2056 2022 Deus
2091 1962 2127 1966 “
2167 1966 2308 2022 dum
2334 1984 2486 2032 eam,
2503 1968 2630 2038 jam
2656 1967 2980 2022 moechatus
3004 1972 3095 2020 est
3115 1982 3245 2021 eam
3267 1967 3330 2021 in
3351 1965 3527 2022 corde
3553 1983 3666 2022 suo
3691 1967 3760 2022 “.
3798 1990 3826 2018 ι»

412 2053 573 2123 pacis
606 2059 664 2106 et
715 2053 1048 2109 dilectionis
1084 2057 1196 2110 erit
1226 2056 1551 2120 vobiscum,
1610 2059 1726 2112 Deo
1770 2063 1969 2112 autem
2001 2062 2059 2112 et
2162 2055 2208 2090 ⁸³
2229 2057 2584 2128 Episcopum
2615 2073 2750 2111 vero
2781 2060 3016 2126 oportet
3033 2060 3364 2126 opportune
3387 2061 3446 2110 et
3469 2057 3820 2128 importune

414 2143 570 2195 Patri
607 2148 808 2196 nostro
841 2143 1027 2214 gloria
1058 2145 1118 2198 in
1153 2145 1370 2200 saecula
1399 2145 1776 2201 saeculorum.
1807 2149 2017 2216 Amen,
2162 2151 2338 2215 atque
2372 2145 2498 2200 sine
2529 2144 2976 2200 intermissione
3017 2144 3343 2200 Ecclesiam
3373 2161 3544 2200 suam
3576 2145 3821 2212 docere,

486 2231 628 2284 Data
668 2247 718 2284 ix
738 2231 1031 2286 Kalendas
1064 2233 1298 2304 Aprilis,
1323 2234 1566 2289 Valente
1594 2240 1652 2288 et
1679 2236 1886 2289 Vetere
1915 2235 2056 2289 viris
2161 2251 2412 2306 eamque
2443 2234 2771 2306 prudenter
2798 2250 3000 2305 regere
3043 2238 3102 2288 et
3130 2250 3352 2302 amare,
3401 2240 3466 2289 ut
3495 2251 3531 2289 a
3566 2235 3726 2290 vitiis
3760 2253 3821 2290 se

408 2319 754 2374 clarissimis
775 2337 922 2374 coss.
958 2321 1023 2374 ³⁸.
2159 2323 2473 2392 abstineat,
2505 2329 2564 2378 et
2593 2322 2845 2377 salutem
2879 2322 3164 2393 consequi
3195 2323 3384 2394 possit
3403 2328 3718 2380 aeternam.
3755 2325 3826 2379 Et

1008 2438 1345 2493 EPISTOLA
1387 2440 1455 2494 ιι,
2160 2414 2265 2469 illa
2295 2429 2428 2468 cum
2452 2417 2615 2467 tanta
2637 2411 2966 2466 reverentia
2987 2411 3116 2481 ejus
3139 2410 3472 2467 doctrinam
3493 2413 3680 2468 debet
3702 2431 3830 2469 sus-

596 2543 780 2573 ..mm,“
814 2543 996 2573 mm.“
1081 2551 1125 2573 Α,
1186 2546 1310 2573 ’,ὦ
1352 2549 1462 2573 ,ΜΔ
1518 2565 1694 2573 “mm
2159 2503 2375 2572 cipere,
2410 2517 2664 2571 eumque
2699 2517 2899 2555 amare
2931 2505 2989 2554 et
3017 2499 3286 2572 diligere,
3322 2506 3388 2555 ut
3413 2500 3683 2573 legatum
3716 2503 3817 2556 Dei

411 2544 485 2596 De
516 2544 780 2612 episcopis
811 2544 1017 2614 ejectis,
1077 2551 1125 2599 et
1181 2546 1310 2601 aliis
1347 2549 1463 2602 loco
1511 2565 1698 2602 eorum
1744 2547 2050 2613 subtitutis,
2159 2544 2375 2572 "‘ww’
2411 2544 2664 2571 w'm‘“
2699 2544 2896 2601 “"7".”
2933 2544 2989 2618 2"
3019 2544 3286 2600 “’ἶ“⁰”“”
3326 2544 3388 2555 “’
3413 2544 3683 2602 ’”⁰“”“”Ῐ’
3716 2544 3819 2620 ννξ

483 2614 588 2660 νρΙ-
625 2621 687 2660 1ιί
720 2615 895 2660 hﬂhpt
927 2634 1034 2660 me,
1070 2618 1214 2660 JIIQL
1247 2635 1258 2646 ·
1292 2620 1447 2660 nilnil
1486 2621 1732 2660 {The-ian”
1791 2623 1858 2660 ei!
1889 2627 2053 2660 annm!
2160 2599 2217 2648 et
2266 2606 2602 2660 prmconem
2649 2595 2913 2646 vernans
2939 2631 2951 2654 ν
3002 2606 3161 2660 qulaa
3209 2595 3466 2645 teStante
3513 2592 3780 2647 ventate
3805 2635 3818 2645 ο

483 2610 589 2679 vel,
625 2610 895 2669 ut'hab'et
927 2610 1036 2672 ms.
1070 2618 1216 2672 Just.
1246 2635 1258 2671 :
1292 2620 1447 2683 Quod
1486 2621 1732 2675 Christus
1789 2623 1858 2675 sit
1889 2610 2053 2690 caput
2160 2610 2602 2691 ethprmconem
2630 2610 2951 2691 ,Ῠθηιδίῆδῖ
3002 2610 3161 2691 qum}
3209 2610 3466 2645 wswme

480 2693 529 2738 et
559 2678 785 2762 sponsus
819 2687 1085 2757 Ecclesiae,
1117 2694 1168 2762 et
1215 2678 1516 2746 succrdotes
1547 2694 1645 2762 qui
1689 2693 1806 2760 ejus
1835 2678 2042 2746 vice‘le-

2257 2687 2598 2750 insecunque
2630 2678 2898 2750 ligaverit
2928 2694 3108 2749 super
3137 2683 3379 2746 terram,
3415 2685 3598 2734 erunt
3638 2679 3819 2752 ligata

479 2760 704 2840 gatione
731 2763 1065 2840 funguntur,
1097 2761 1492 2840 similitersint
1522 2760 1772 2819 Ecclesiis
1813 2763 1928 2840 suis
1955 2770 2054 2840 :_et
2159 2777 2220 2826 et
2248 2771 2309 2824 in
2342 2769 2488 2824 οωιο
2514 2784 2528 2824 :
2563 2774 2622 2824 et
2652 2783 3020 2840 quwcunque
3068 2768 3310 2823 solverit
3358 2784 3540 2840 super
3570 2775 3818 2836 terram,

478 2830 1206 2920 Ψαίίίθν,δίξθενίῗθίῖῗῇδυαδ
1255 2835 1522 2890 Εσσίθείαδ
1551 2843 1603 2890 εί
1633 2851 1819 2890 eorum
1866 2835 2052 2890 Eccle'
2161 2862 2337 2912 erunt
2369 2855 2561 2912 soluia
2592 2861 2651 2911 et
2669 2830 2737 2910 in
2762 2856 2908 2911 cmlo
2925 2830 2997 2911 ⁸⁸.
3024 2877 3052 2905 ››
3072 2855 3260 2911 Nimis
3280 2830 3554 2912 timenda
3573 2862 3690 2920 est,
3712 2830 3822 2912 fras

473 2916 574 2956 me
594 2918 678 2956 eos
708 2903 937 2957 debeant
968 2904 1219 2973 (1³1³9⁸νῶ
2159 2947 2434 3015 tres,haac
2457 2945 2772 3012 sententia,
2797 2950 2855 2999 et
2875 2943 3316 3016 prmvidendum
3338 2944 3608 3013 vobis,ne
3633 2948 3821 3002 oﬂ’en-

473 3018 790 3078 Evaristus.
823 3019 991 3073 urbis
1025 3022 1221 3076 Roma)
1253 3021 1588 3093 episcopus,
1624 3022 1900 3078 omnibus
1946 3039 2035 3093 pel

2251 3036 2309 3090 .is
2340 3053 2440 3090 eos
2471 3035 2572 3105 qui
2598 3039 2823 3089 tantam
2853 3051 2887 3088 a
2907 3034 3157 3090 Domino
3181 3033 3404 3090 habent
3424 3039 3813 3106 potestatem.

403 3107 709 3196 ίΕεγριιιηι
743 3107 990 3163 Domino
1039 3110 1456 3182 οοηϐιιηίηδῐίε
1501 3111 1780 3167 fratribus
1833 3112 1894 3165 in
1927 3112 2049 3165 ΠΟ·
2155 3127 2224 3180 Et
2252 3123 2383 3180 ideo
2414 3124 2610 3195 potius
2641 3121 2979 3186 obediendi,
3008 3122 3290 3194 diligendi
3322 3129 3382 3178 et
3432 3140 3820 3196 summopere

404 3195 585 3262 mino,
622 3196 895 3252 salutem.

2255 3214 2475 3270 lerandi
2509 3219 2666 3282 sunt,
2699 3229 2818 3267 non
2849 3211 3225 3276 detrahendi,
3257 3212 3348 3267 vel
3381 3195 3698 3268 lacerandi
3717 3221 3817 3269 aut

475 3285 665 3375 Uulim
694 3303 821 3353 n08.
845 3287 1076 3353 fratres,
1099 3287 1146 3322 ³⁸
1168 3289 1387 3343 sentire
1412 3295 1644 3361 οροτῐει
1665 3296 1718 3344 et
1743 3306 1936 3361 agere.
1958 3297 2042 3358 ιιι»
2075 3274 2118 3344 c
2157 3303 2456 3375 ejiciendi,
2480 3302 2583 3357 sed
2605 3274 2879 3373 portandi
2901 3307 2962 3355 et
2981 3274 3240 3367 amandi,
3273 3302 3402 3372 ipso
3435 3301 3676 3357 dicente
3709 3304 3828 3358 Do-

403 3372 556 3427 sicut
578 3374 828 3444 legimus
855 3375 923 3443 37,
945 3377 1005 3430 in
1033 3377 1203 3431 nobis
1233 3394 1419 3432 unum
1468 3396 1568 3433 cor
1599 3385 1658 3433 et
1698 3397 1821 3434 una
1849 3380 2050 3435 anima
2155 3372 2320 3450 ιέιίηο
2347 3409 2360 3448 ε
2384 3415 2410 3439 α
2444 3393 2550 3457 Qui
2586 3372 2688 3446 eos
2721 3391 2908 3452 audit,
2943 3407 3035 3445 me
3069 3390 3270 3445 audit;
3301 3396 3360 3445 et
3388 3391 3488 3461 qui
3523 3409 3628 3446 vos
3651 3409 3824 3463 sper-

403 3478 532 3515 esse
563 3463 865 3552 probetur.
893 3464 1121 3519 Scimus
1141 3482 1420 3535 namque,
1443 3467 1596 3521 sicut
1617 3472 1676 3521 et
1695 3484 1729 3522 a
1758 3468 2047 3538 patribus,
2154 3483 2264 3550 nit,
2288 3499 2381 3537 me
2406 3481 2636 3552 spernit
2654 3481 2715 3536 ιι,
2745 3502 2772 3530 ,,
2797 3479 2934 3534 Ideo
2957 3480 3082 3534 hac
3105 3478 3267 3534 vobis
3289 3485 3349 3534 et
3368 3479 3656 3536 omnibus
3678 3481 3825 3536 nde-

401 3551 754 3619 accepimus,
781 3552 1076 3607 Christum
1098 3571 1225 3609 esse
1257 3561 1454 3626 caput,
1487 3556 1659 3627 cujus
1692 3562 1749 3610 et
1781 3556 1963 3611 meml

2263 3587 2314 3625 1s
2346 3551 2682 3634 scribimus,
2717 3568 2949 3635 fratres,
2982 3572 3050 3621 ut
3080 3566 3153 3622 ab
3183 3567 3275 3621 his
3307 3584 3407 3622 vos
3431 3567 3714 3636 caveatis,
3766 3575 3825 3623 et

405 3654 628 3692 sumus.
663 3640 792 3708 Ipse
826 3641 985 3694 enim
1018 3647 1107 3696 est
1138 3659 1410 3713 sponsus,
1445 3644 1782 3700 etEcclesia
1811 3661 1967 3716 spon:

2258 3659 2408 3713 .teris
2428 3657 2638 3712 vestris
2660 3672 2781 3710 non
2811 3655 3060 3722 malum,
3083 3655 3186 3710 sed
3209 3654 3433 3710 bonum
3466 3659 3820 3728 exemplum

404 3727 576 3796 cujus
612 3727 717 3781 ﬁlii
750 3746 859 3783 nos
891 3747 1095 3786 sumus
1120 3749 1132 3787 Σ
1168 3738 1224 3786 8t
1253 3731 1384 3786 ideo
1409 3749 1591 3788 unum
1615 3735 1848 3789 Patrem
1868 3734 2048 3789 habe-
2153 3727 2506 3818 pelinquatis
2531 3763 2545 3812 ς
2570 3745 2854 3815 quoniam
2877 3745 3098 3815 injuria
3117 3744 3533 3816 episcoporum
3553 3745 3632 3800 ad
3653 3727 3822 3801 Chri-

408 3832 540 3870 mus
577 3818 760 3872 Deum
791 3819 852 3873 in
879 3820 1063 3875 caelis.
1107 3821 1450 3877 Sacerdotes
1483 3839 1616 3877 vero
1661 3824 1782 3878 vice
1832 3823 2047 3878 Christi
2155 3842 2311 3891 stum
2333 3835 2611 3907 pertinet,
2635 3833 2810 3904 cujus
2832 3834 2954 3888 vice
2985 3833 3332 3905 funguntur.
3369 3833 3416 3869 ⁸⁸
3460 3833 3817 3891 Audivimus

401 3906 696 3978 legatione
719 3906 768 3941 ³⁸
787 3909 1113 3981 funguntur
1143 3910 1204 3964 in
1250 3911 1527 3967 Ecclesia.
1561 3913 1630 3966 Et
1678 3913 1829 3967 sicut
1859 3913 1912 3967 ei
1943 3930 1963 3967 ε

2257 3941 2316 3979 m
2333 3906 2628 3996 quosdom
2660 3940 2694 3978 a
2714 3922 2876 3977 vobis
2899 3922 3214 3978 infamatos
3235 3928 3295 3977 et
3315 3923 3674 3980 dilaceratos
3696 3924 3814 3995 epi-

403 3997 722 4085 conjuncta
761 4005 850 4053 est
879 4015 1116 4071 sponsa,
1143 3999 1201 4054 id
1229 4006 1316 4054 est
1337 4001 1596 4056 Ecclesia
1615 4000 1684 4069 3°,
1707 4002 1790 4056 sic
1822 4002 2047 4073 episco-
2154 4030 2384 4085 scapos,
2419 4029 2488 4068 ac
2520 4030 2550 4068 e
2583 4012 2918 4068 civitatibus
2947 4012 3204 4084 prepriis
3234 4011 3460 4083 pulsos,
3493 4012 3638 4083 quia
3669 4011 3811 4068 alibi

401 4084 492 4154 pis
507 4085 846 4157 junguntur
865 4089 1490 4161 Ecclesimmnicuique
1504 4107 1609 4161 pro
1631 4091 1900 4162 portione
1917 4109 1963 4146 sm

2247 4084 2414 4174 sc0pi
2446 4102 2732 4157 constitui
2764 4118 2883 4157 non
2923 4106 3194 4173 possunt,
3227 4101 3344 4156 nisi
3378 4102 3441 4156 in
3474 4101 3809 4157 civitatibus

401 4173 469 4261 Et
498 4174 649 4228 sicut
682 4177 769 4229 vir
789 4193 909 4232 non
936 4177 1111 4232 debet
1140 4178 1435 4250 negligere
1467 4195 1714 4234 uxorem
1746 4181 2048 4248 suam,sed
2153 4207 2273 4246 non
2302 4191 2573 4246 minimis
2598 4207 2610 4257 ;
2643 4197 2702 4246 et
2721 4190 2868 4246 alios
2898 4191 2961 4245 in
2985 4190 3092 4257 eis,
3114 4189 3262 4261 ipsis
3292 4189 3652 4257 viventibus,
3678 4207 3814 4247 con-

402 4260 644 4334 diligere
673 4269 902 4320 etcaste
918 4266 1214 4321 custodire
1236 4271 1505 4323 etamare
1526 4274 1702 4339 atque
1724 4269 1964 4341 prudent

2246 4286 2412 4338 tutos.
2445 4280 2583 4336 Ideo
2613 4282 2740 4337 haac
2770 4281 2933 4336 vobis
2963 4260 3302 4350 scribimus,
3348 4286 3416 4336 ut
3446 4281 3652 4337 sciatis
3698 4282 3808 4337 hoc

404 4367 607 4422 regere
639 4368 650 4405 :
685 4353 768 4407 sic
799 4354 1110 4426 episcopus
1143 4361 1201 4410 et
1229 4356 1412 4410 multo
1443 4358 1630 4430 magis
1660 4357 1957 4414 custodire
1989 4363 2049 4415 et
2154 4371 2283 4426 ﬁeri
2314 4387 2433 4426 non
2461 4370 2664 4438 licere,
2695 4367 2798 4426 sed
2828 4370 3098 4442 proprios
3130 4369 3414 4438 revocari,
3447 4375 3508 4425 et
3548 4371 3811 4443 integer.

403 4456 602 4494 amare
635 4447 810 4510 atque
851 4443 1173 4514 prudenter
1193 4461 1394 4516 regere
1423 4445 1598 4502 debet
1618 4447 1957 4504 Ecclesiam.

2245 4478 2302 4516 1e
2334 4461 2566 4516 restitui
2597 4459 2835 4518 debere.
2869 4459 3001 4516 Illos
3029 4476 3167 4517 vero
3198 4460 3301 4532 qui
3334 4459 3682 4518 adulterina
3701 4461 3807 4518 f0:-

401 4531 558 4623 velut
587 4549 759 4600 uxor,
791 4551 921 4604 qum
954 4535 1061 4590 sub
1093 4552 1275 4592 manu
1303 4541 1392 4591 est
1421 4537 1549 4604 viri,
1583 4537 1824 4594 obedire
1870 4539 2047 4594 debet
2154 4549 2337 4606 diuite
2369 4565 2620 4621 sponsas
2643 4565 2802 4617 suas,
2827 4566 2974 4621 quas
2998 4553 3058 4605 et
3077 4531 3292 4605 uxores
3322 4551 3812 4623 eorum,praaﬁxo

400 4622 522 4676 viro
541 4638 667 4687 suo,
693 4639 950 4693 eumque
977 4624 1218 4694 diligere
1241 4630 1300 4679 et
1318 4627 1629 4691 amare,ita
1649 4629 1846 4698 potius
1865 4629 2043 4684 etiam
2073 4636 2121 4702 D
2150 4643 2374 4695 tenore.
2401 4655 2530 4695 esse
2553 4638 2962 4711 intelligimus,
2987 4643 3231 4708 tenent;
3255 4637 3392 4710 ejici
3416 4643 3479 4694 ut
3501 4622 3808 4696 adulteros

397 4711 660 4766 Ecclesia
689 4712 964 4784 episcopo
988 4729 1094 4768 suo
1127 4731 1186 4768 In
1208 4715 1484 4770 omnibus
1515 4715 2040 4789 obedire.eumque
2151 4732 2330 4798 atque
2362 4727 2616 4784 infames
2647 4727 2796 4795 fieri,
2831 4743 3050 4798 eosque
3073 4726 3144 4783 ab
3178 4727 3604 4784 ecclesiasticis
3626 4730 3810 4786 hono-

395 4799 635 4873 diligere
654 4807 713 4856 et
733 4817 932 4857 amare
964 4807 1027 4857 ut
1049 4803 1312 4858 animam
1337 4820 1506 4860 suam
1529 4803 1868 4877 debet,quia
1888 4807 2039 4864 illud
2145 4816 2310 4872 ribus
2341 4816 2529 4872 arceri
2557 4815 2859 4886 jubemus.
2893 4817 2951 4871 Si
3000 4820 3201 4873 autem
3253 4816 3537 4873 adversus
3565 4835 3670 4874 eos
3699 4818 3810 4874 ali-

399 4889 987 4978 iitgcarnaliterjstud
1011 4890 1420 4962 spiritualiter.
1453 4892 1499 4928 ⁴⁰
1522 4895 1590 4948 Et
1622 4896 1774 4950 sicut
1803 4898 1890 4951 vir
1917 4914 2039 4953 non
2151 4921 2328 4976 quam
2359 4905 2666 4975 querelam
2687 4904 3039 4970 habueritis,
3067 4905 3161 4961 his
3184 4907 3462 4977 peractis,
3494 4906 3810 4978 inquii-en-

396 4976 572 5065 debet
601 4977 938 5033 adulterare
969 4995 1215 5034 uxorem
1248 4996 1442 5048 suam,
1477 4982 1558 5036 ita
1587 4998 1698 5038 nec
1724 4985 2038 5056 episcopus
2151 4991 2295 5048 dum
2327 4994 2460 5061 erit,
2485 4998 2541 5048 et
2563 4993 2913 5048 auctoritate
2947 4993 3124 5065 hujus
3158 4976 3377 5050 sancta:
3409 4976 3813 5050 sedis'termi-

398 5064 717 5122 Ecclesiam
749 5084 916 5123 suam
946 5093 959 5135 ;
994 5067 1052 5122 id
1079 5075 1166 5123 est
1189 5074 1251 5124 ut
1276 5069 1436 5124 illam
1460 5070 1741 5138 dimittat,
1757 5071 1832 5127 ad
1862 5089 2040 5143 quam
2152 5080 2419 5136 nandum
2440 5080 2508 5147 ⁸⁷,
2532 5083 2600 5136 Et
2621 5099 2696 5138 ne
2717 5083 2920 5138 omnia
2949 5064 3108 5137 nunc
3139 5082 3484 5154 singulatim
3516 5081 3815 5151 dicamus,

397 5161 662 5210 sacratus
685 5162 775 5211 est
792 5157 1013 5227 absque
1039 5157 1362 5213 inevitabili
1387 5160 1762 5224 necessitate,
1788 5169 1890 5216 aut
1903 5179 2044 5232 apo-
2155 5185 2332 5224 omne
2359 5169 2602 5237 bonum,
2637 5171 2686 5225 si
2713 5172 2843 5243 ipsa
2871 5187 2979 5242 per
3009 5187 3070 5227 se
3101 5171 3164 5226 in
3188 5171 3352 5226 vobis
3381 5171 3584 5240 fuerit,
3609 5172 3815 5228 chari-

396 5245 605 5302 stolica
635 5246 724 5301 vel
755 5247 1005 5319 regulari
1041 5250 1390 5319 mutatione,
1416 5255 1473 5304 et
1501 5250 1672 5306 alteri
1705 5269 1764 5307 se
1787 5253 2046 5310 ambitus
2157 5265 2248 5314 tas
2296 5259 2488 5315 facere
2521 5259 2776 5326 docebit,
2809 5261 2963 5316 sicut
2995 5265 3054 5314 et
3100 5276 3132 5314 e
3161 5262 3458 5317 contrario
3511 5278 3615 5317 eos
3647 5263 3751 5333 qui
3783 5278 3816 5318 a

462 5373 509 5454 3:
541 5374 700 5454 Cnoss.
736 5374 982 5454 fuerunt
1009 5376 1413 5454 auno_Christi
1446 5379 1979 5454 96,_quo_nondum
2015 5383 2244 5440 obierat
2273 5385 2330 5442 S.
2363 5385 2655 5442 Clemens.
2732 5385 2778 5423 ³⁸
2809 5388 2865 5443 8.
2897 5387 3028 5442 Leo.
3063 5403 3151 5441 eo.
3189 5389 3275 5442 l8.
3355 5385 3402 5423 ³⁷
3431 5388 3557 5442 Act.
3615 5405 3688 5454 iv,
3724 5391 3811 5448 32.

561 5447 726 5528 Creg.
761 5463 860 5528 xu.
922 5450 1008 5528 32.
1037 5445 1134 5528 _3°
1165 5448 1235 5528 S._
1266 5449 1479 5528 Ambr.
1530 5444 1604 5528 De
1631 5452 1837 5528 _di_gn_it
1891 5457 2100 5511 sacerd.
2139 5473 2212 5511 ιν.
2289 5456 2336 5491 ⁸ο
2365 5461 2417 5522 7,
2453 5473 2509 5528 q.
2563 5459 2817 5514 itSicut
2872 5458 2963 5513 vir
3017 5475 3145 5512 non.
3221 5458 3265 5492 ⁸¹
3315 5458 3333 5512 l
3395 5459 3508 5514 Cor
3591 5444 3688 5516 vn:
3728 5444 3810 5521 lt;

329 5527 334 5532 .
397 5516 441 5550 η
474 5517 654 5600 Matth
707 5535 760 5600 γ’,
788 5521 880 5600 _28,
958 5520 1005 5551 “
1037 5523 1090 5600 7ἱ
1112 5536 1180 5600 Αᾳ.
1219 5523 1292 5600 lu:
1314 5521 1654 5600 ASicutAvir§
1684 5516 2015 5600 Episcopum
2061 5544 2208 5600 vero.
2239 5529 2308 5582 Et
2338 5516 2414 5582 in,
2455 5516 2626 5600 epist.
2664 5533 2690 5600 lg
2723 5529 3043 5584 Clementis
3073 5529 3145 5584 ad
3173 5530 3453 5585 Iacobum.
3531 5531 3578 5565 “
3606 5516 3809 5592 Matth:

399 5604 507 5669 xvi.
537 5594 629 5672 .19..
707 5589 756 5622 ⁸⁵
787 5592 942 5672 lius.“
957 5607 1012 5672 χε
1048 5588 1156 5672 dii.
1234 5588 1282 5623 ⁴⁶
1312 5593 1455 5672 3πεῖ.
1488 5594 1558 5659 2;
1591 5588 1916 5672 Audiuimus
1945 5599 2254 5668 quosdam;
2284 5600 2420 5655 etin
2453 5588 2544 5672 ep.
2580 5602 2603 5654 1
2636 5599 2957 5672 Clementis
2979 5602 3073 5672 Ad
3095 5602 3375 5656 Iacobum.
3433 5588 3808 5672 "Clemens

398 5659 765 5787 ἓρίειὲέἱιεχ
793 5661 1013 5716 Rufﬁni
1043 5659 1554 5732 interpretatione,
1591 5663 1692 5735 qui
1721 5673 1853 5736 post
1886 5659 2182 5728 trecentos
2215 5659 2400 5727 annos
2431 5659 2505 5726 ab
2534 5673 2777 5728 Evaristi
2826 5671 3114 5728 electione
3143 5673 3302 5728 vixit.
3340 5671 3481 5728 Vide
3514 5659 3806 5737 Patri}:

429 5774 442 5788 .
475 5748 497 5786 ι
509 5773 520 5787 .
559 5748 708 5788 ΕΒΗ..
