3956 6308
362 358 524 421 1059

1677 358 2147 422 ALEXAND!!!
2189 357 2214 420 Ι
2260 358 2491 422 ΡΑΡΑ

3642 358 3793 419 1060

370 499 463 551 est
491 510 652 561 cura,
688 495 735 550 si
770 494 1162 551 dissimulem.
1197 494 1435 550 audiam
1470 493 1719 550 Domino
1741 492 2016 550 dicente:
2052 496 2105 564 Α
2136 492 2554 562 Vastabuutur,
2589 494 2731 566 quia
2756 492 3124 565 praevaricati
3157 498 3299 550 sunt
3326 491 3389 548 in
3422 508 3519 549 me
3546 510 3563 560 ;
3598 497 3663 549 et
3692 508 3793 566 ego

380 603 404 631 ι
435 584 744 655 Rejecistis
771 583 1117 639 mandatum
1142 583 1263 645 Dei,
1296 588 1361 638 ut
1382 583 1652 637 statuatis
1674 582 2023 638 traditiones

374 680 571 729 vestra
592 672 659 729 9°.
684 697 708 723 η
735 674 885 740 Quid
908 674 1064 729 enim
1096 672 1255 728 aliud
1279 678 1369 727 est
1394 673 1643 745 rejicere
1676 672 2022 728 mandatum

378 765 502 832 Dei,
527 782 701 835 quam
728 764 951 836 privato
993 762 1238 818 consilio
1260 762 1489 835 judicio
1539 763 1821 834 humano,
1858 765 2023 819 novis

373 857 551 912 rebus
564 855 994 911 constituendis
1020 855 1262 910 liberius
1290 854 1602 910 delectari?
1617 856 1776 911 Unde
1809 860 1869 910 et
1881 854 2022 910 alibi

374 946 659 1017 scriptum
682 952 790 1001 est:
812 967 839 994 «
856 947 932 1000 Ne
950 944 1400 1016 transgrediaris
1422 945 1706 999 terminos
1720 945 2019 1015 antiquos,

372 1053 520 1107 quos
552 1040 874 1106 posuerunt
906 1041 1104 1106 patres
1136 1035 1218 1089 tui
1253 1035 1318 1089 ’⁸.
1356 1056 1381 1081 η
1442 1034 1749 1089 Terminos
1782 1033 2020 1089 indubi-

375 1130 572 1181 tanter
601 1124 1054 1196 transgreditur,
1074 1123 1173 1194 qui
1199 1128 1417 1179 statuta
1456 1129 1689 1195 patrum
1721 1122 2025 1195 postponit

376 1220 556 1285 atque
590 1213 918 1269 confundit.
950 1213 1224 1267 Pervenit
1243 1213 1289 1248 ἐ
1319 1229 1579 1284 namque
1612 1212 1685 1267 ad
1712 1211 2024 1267 conscien-

380 1304 523 1358 tiam
575 1303 910 1374 apostolicae
967 1302 1146 1367 sedis,
1180 1302 1339 1373 quod
1392 1301 1671 1357 nonnulli
1705 1307 1843 1357 sunt
1900 1309 2020 1357 tam

378 1392 601 1455 stolidi,
636 1392 737 1463 qui
786 1392 1095 1447 Dominica
1150 1397 1465 1463 prmcepta,
1500 1397 1558 1447 et
1594 1392 2018 1463 apostolorum,

374 1497 703 1551 eorumque
736 1496 1145 1534 successorum
1178 1485 1396 1535 statuta
1419 1480 1662 1536 minime
1681 1480 2018 1549 observant,

373 1576 432 1627 et
463 1588 564 1625 eos
594 1570 667 1625 de
696 1569 914 1640 quibus
970 1569 1253 1624 Dominus
1303 1570 1422 1625 ait:
1484 1592 1511 1620 «
1536 1570 1645 1635 Qui
1677 1586 1779 1624 vos
1812 1572 2017 1642 tangit,

370 1660 560 1733 tangit
587 1658 877 1730 pupillam
909 1660 1065 1715 oculi
1097 1660 1213 1714 mei
1235 1660 1279 1694 ⁵³
1304 1677 1317 1727 ;
1345 1681 1374 1710 ››
1407 1676 1528 1713 non
1555 1659 1748 1714 solum
1780 1665 2017 1732 tangere

372 1742 621 1805 minime
635 1745 901 1802 dubitant
916 1748 1036 1814 ,sed
1051 1749 1228 1803 etiam
1243 1748 1515 1819 persequi
1531 1764 1651 1802 non
1674 1748 2015 1806 formidant.

369 1841 440 1894 Et
464 1839 603 1894 licet
632 1856 740 1893 nos
799 1844 1211 1910 persequatur,
1245 1838 1385 1909 quia
1423 1854 1532 1892 nec
1574 1854 1683 1893 nos
1715 1838 1842 1893 sine
1873 1838 2014 1908 illis,
2049 1875 2093 1939 Β

373 1945 485 1984 nec
516 1929 646 1983 illos
679 1929 806 1983 sine
861 1927 1033 1982 nobis
1092 1927 1366 1997 persequi
1408 1931 1675 1997 possunt,
1732 1928 2014 1998 quoniam

369 2018 528 2073 illius
560 2034 765 2073 sumus
822 2016 1116 2087 discipuli,
1147 2016 1249 2087 qui
1311 2017 1542 2071 animas
1571 2032 1677 2087 pro
1734 2016 2015 2072 fratribus

368 2107 653 2181 praecepit
668 2122 889 2178 ponere
902 2104 1175 2172 “;tamen
1200 2105 1284 2159 eis
1306 2104 1571 2176 pericula
1584 2105 2016 2177 etperditiones

369 2213 575 2251 eorum
609 2212 728 2250 non
743 2211 948 2249 sumus
961 2193 1118 2248 aussi
1133 2193 1349 2260 celare,
1370 2210 1443 2248 ne
1463 2194 1809 2265 prophetica
1833 2194 2015 2266 (quod

366 2284 542 2356 absit)
576 2284 933 2338 damnemur
964 2283 1280 2350 sententia,
1316 2299 1446 2354 quae
1478 2283 1592 2337 ait:
1631 2302 1662 2336 α
1698 2284 1752 2339 Si
1785 2300 2015 2340 annuu-

365 2373 604 2429 tiaveris
637 2372 840 2443 iniquo
898 2372 1275 2442 iniquitatem
1306 2388 1523 2447 suam,
1558 2374 1819 2429 animam
1851 2378 2013 2430 tuam

368 2462 654 2518 liberasti:
682 2462 731 2516 si
754 2466 953 2517 autem
980 2478 1099 2516 non
1112 2462 1558 2517 annuntiaveris
1575 2462 2014 2535 ei,sanguinem

370 2552 500 2623 ejus
532 2551 604 2606 de
638 2567 817 2606 manu
849 2556 949 2605 tua
978 2550 1278 2621 requiram
1297 2550 1357 2605 ⁸⁸.
1385 2551 1475 2601 »³⁸
1499 2553 1600 2606 Est
1627 2553 1805 2607 etiam
1824 2558 1884 2607 et
1903 2553 2015 2608 hoc

369 2640 443 2696 ad
475 2641 627 2695 hanc
661 2644 927 2694 sanctam
959 2638 1161 2694 sedem
1192 2639 1484 2710 perlatum
1516 2640 1694 2711 (quod
1716 2641 1897 2712 pudet
1925 2640 2013 2695 di-

368 2746 524 2796 cere,
559 2734 767 2784 etnon
796 2728 989 2784 solum
1047 2728 1420 2798 sacerdotali,
1453 2730 1556 2785 sed
1614 2730 1793 2786 etiam
1848 2729 2013 2785 omni

369 2819 704 2874 Christiano
737 2818 964 2873 nomini
999 2825 1089 2874 est
1119 2817 1553 2891 inimicum),id
1577 2825 1666 2874 est
1684 2820 1840 2890 quod
1872 2836 2018 2875 non-

368 2908 569 2963 nullos
589 2906 635 2942 9"
668 2907 977 2980 episcopos
1008 2908 1098 2963 vel
1129 2907 1486 2971 sacerdotes,
1520 2914 1621 2964 aut
1650 2916 1814 2964 metu
1844 2926 2097 2964 com-w-

368 2998 621 3070 pellunt,
654 3002 757 3053 aut
798 2998 849 3050 vi
876 3002 1252 3068 extorquent,
1295 3004 1399 3053 aut
1426 2998 1632 3053 fraude
1691 2998 2012 3070 decipiunt,

368 3088 599 3159 aliquas
630 3087 1019 3142 confessionis
1048 3104 1169 3142 sum
1202 3088 1263 3141 in
1294 3088 1542 3143 alteram
1578 3095 1807 3159 partem
1837 3105 2014 3159 quam

369 3175 645 3243 debeant,
678 3181 781 3230 aut
812 3192 916 3246 pro
933 3192 1172 3230 suarum
1196 3193 1315 3231 non
1336 3177 1725 3247 requisitione
1746 3178 2013 3246 rerum“,

365 3270 487 3329 aut,
521 3264 678 3336 quod
729 3265 990 3320 deterius
1049 3271 1159 3330 est,
1210 3282 1316 3337 pro
1367 3266 1543 3321 alieni
1604 3268 1824 3323 erroris
1855 3272 2015 3323 secta

367 3355 691 3426 scripturas
720 3353 935 3421 facere,
967 3359 1025 3407 et
1082 3353 1335 3425 propriis
1392 3354 1663 3410 manibus
1713 3355 2012 3424 roborare,

367 3452 427 3502 et
455 3462 655 3501 coram
681 3445 917 3516 pOpulis
960 3446 1210 3500 recitare
1241 3452 1416 3517 atque
1446 3448 1737 3504 confiteri.
1772 3449 2012 3519 Aliquos

360 3533 569 3587 dicunt
603 3532 940 3587 carceribus
973 3538 1029 3587 et
1058 3534 1371 3606 ergastulis
1400 3535 1649 3599 recludi,
1681 3541 1747 3591 ut
1801 3536 2011 3591 saltem

2129 584 2358 641 redemi
2394 600 2495 639 eos
2512 589 2591 650 ,et
2612 584 2720 657 ipsi
2742 583 2920 640 locuti
2945 588 3085 639 sunt
3109 589 3318 639 contra
3335 600 3430 638 me
3453 583 3790 638 mendacia.

2132 677 2202 731 Et
2219 690 2339 729 non
2363 673 2764 730 clamaverunt
2797 673 2870 728 ad
2894 689 2986 728 me
3017 675 3078 729 in
3101 673 3277 728 corde
3310 689 3440 739 suo,
3469 673 3579 727 sed
3602 672 3791 728 ulula-

2131 763 2273 819 bant
2303 763 2364 818 in
2393 763 2694 819 cubilibus
2728 764 2871 821 suis.
2931 765 3121 836 Super
3178 762 3443 819 triticum
3493 768 3557 818 et
3586 762 3788 818 vinum

2130 854 2533 918 ruminabant,
2570 859 2630 908 et
2655 858 3035 910 reeesserunt
3090 870 3126 908 a
3155 870 3269 909 me.
3294 853 3364 907 Et
3394 868 3501 925 ego
3539 851 3788 919 erudivi,

2131 950 2191 999 et
2219 943 2542 999 confortavi
2575 943 2818 999 brachia
2846 960 3074 1012 eorum,
3099 948 3157 998 et
3187 942 3248 997 in
3266 959 3360 997 me
3380 942 3797 1014 cogitaverunt

2131 1034 2681 1089 malitiam.Reversi
2709 1040 2937 1101 sunt,ut
2960 1038 3163 1089 essent
3193 1033 3419 1104 absque
3439 1033 3615 1105 jugo,
3653 1032 3791 1087 facti

2129 1129 2267 1179 sunt
2296 1122 2462 1194 quasi
2496 1139 2667 1178 arcus
2691 1121 2990 1177 dolosus‘.
3028 1122 3283 1196 Abjiciet
3311 1138 3414 1177 eos
3470 1122 3788 1186 Dominus,

2129 1213 2211 1268 ait
2240 1212 2399 1267 idem
2431 1211 2733 1283 propheta.
2791 1212 2931 1281 quia
2988 1228 3109 1267 non
3162 1211 3481 1267 audierunt
3533 1228 3703 1279 eum,
3736 1216 3795 1266 et

2128 1307 2306 1357 erunt
2335 1301 2458 1372 vagi
2490 1301 2551 1356 in
2577 1301 2978 1358 nationibus".
3010 1322 3034 1351 ο

2203 1481 2272 1535 De
2302 1480 2371 1536 iis
2399 1482 2499 1551 qui
2521 1483 2825 1536 sacerdotes
2855 1486 3137 1547 accusant,
3168 1481 3254 1536 vel
3271 1487 3717 1551 persequuntur.

2200 1572 2279 1625 De
2311 1570 2403 1624 his
2436 1569 2617 1637 enim,
2648 1570 2880 1626 clericis
2910 1576 2970 1625 et
2999 1569 3188 1637 laicis,
3212 1570 3313 1641 qui
3344 1570 3667 1641 episcopos
3697 1568 3793 1625 vel

2125 1659 2391 1730 reliquos
2420 1659 2780 1727 sacerdotes,
2804 1664 2924 1715 tam
2954 1659 3027 1715 ad
3052 1660 3334 1731 primates
3358 1675 3569 1714 eorum
3601 1675 3789 1731 quam

2126 1747 2200 1804 ad
2233 1748 2494 1819 reliquos
2524 1754 2804 1803 accusant
2820 1748 3077 1820 judices,
3110 1749 3272 1820 prius
3318 1764 3499 1820 quam
3530 1747 3791 1804 auribus

2126 1852 2353 1903 eorum,
2388 1854 2422 1892 a
2452 1836 2666 1908 quibus
2694 1853 2754 1891 se
2788 1837 2959 1891 laesos
2987 1837 3305 1907 aestimant,
3351 1836 3681 1892 inculcent.
3716 1842 3787 1892 ut

2124 1926 2197 1981 ab
2231 1926 2314 1981 eis
2342 1930 2443 1981 aut
2465 1925 2566 1996 jus
2598 1942 2792 1989 suum,
2825 1930 2927 1981 aut
2966 1926 3192 1998 justam
3252 1926 3539 1998 recipiant
3583 1926 3794 1998 apolo-

2124 2016 2302 2089 giam,
2333 2018 2477 2072 item
2507 2033 2613 2088 per
2630 2017 2906 2073 eumdem
2936 2017 3019 2072 ait
3051 2017 3333 2072 Dominus
3372 2018 3737 2089 prophetam
3772 2035 3789 2072 :

2129 2125 2154 2158 ι
2187 2106 2357 2171 Audi,
2382 2105 2591 2161 domus
2622 2105 2822 2161 Israel.
2853 2112 2910 2160 et
2936 2106 3146 2161 domus
3186 2106 3361 2179 regis,
3394 2107 3694 2175 ausculta,
3726 2112 3790 2161 et

2126 2195 2433 2261 attendite,
2461 2194 2818 2263 sacerdotes,
2843 2196 2983 2266 quia
2997 2194 3179 2264 vobis,
3196 2196 3491 2266 judicium
3518 2202 3789 2267 est,quo-

2125 2284 2288 2339 niam
2319 2283 2568 2354 laqueus
2597 2283 2735 2338 facti
2768 2283 2908 2339 estis
2940 2283 3355 2354 speculationi,
3419 2288 3479 2338 et
3516 2290 3648 2339 rete
3679 2301 3784 2340 ex-

2125 2389 2380 2445 pansum
2411 2388 2590 2442 super
2620 2372 2874 2437 Thabor,
2906 2372 3294 2444 victimasque
3320 2372 3677 2429 declinastis
3716 2374 3781 2428 in

2123 2460 2485 2533 profundum
2511 2478 2524 2514 :
2559 2466 2619 2516 et
2646 2477 2750 2533 ego
2782 2461 3049 2517 eruditor
3079 2463 3346 2517 omnium
3376 2469 3647 2518 vestrum
3676 2463 3719 2518 ⁸.
3747 2485 3774 2512 ιι

2123 2551 2193 2603 Et
2217 2549 2394 2604 alibi:
2427 2571 2455 2599 «
2489 2549 2704 2604 Omnes
2734 2549 3002 2605 calefacti
3053 2552 3196 2606 estis
3242 2551 3413 2622 quasi
3470 2552 3775 2607 clibanus.

2124 2639 2263 2710 quia
2293 2639 2587 2694 devoratis
2611 2638 2845 2710 judices
2875 2645 3101 2694 vestros
3118 2641 3159 2705 ⁸,
3200 2641 3312 2712 ipsi
3343 2646 3547 2697 autem
3589 2642 3778 2698 decli-

2123 2734 2272 2784 nant
2297 2727 2566 2783 victimas
2598 2728 2831 2783 Domini
2889 2728 2952 2784 in
2984 2729 3343 2800 profundum
3381 2730 3446 2796 ιο,
3478 2753 3510 2781 n
3541 2733 3647 2803 qui
3680 2748 3783 2787 eos

2124 2817 2409 2873 devorant
2435 2816 2526 2871 vel
2558 2817 2778 2888 injuste
2811 2818 3078 2873 lacerant
3107 2821 3205 2890 qui
3239 2818 3390 2874 oculi
3426 2821 3666 2876 Domini
3699 2822 3782 2875 di-

2124 2908 2503 2963 cuntur.Nam
2534 2905 2583 2959 si
2611 2905 2785 2961 modo
2815 2907 3131 2977 quisquam
3165 2908 3451 2980 principis
3467 2911 3779 2965 saecularis

2123 2996 2329 3052 oculos
2358 2996 2578 3050 laceret
2605 3000 2708 3053 aut
2736 3002 3059 3063 amoveret,
3111 3003 3267 3053 esset
3320 3014 3459 3053 reus
3500 3000 3777 3054 criminis

2122 3084 2473 3156 majestatis,
2497 3099 2574 3137 an
2594 3084 2754 3138 non?
2774 3084 3044 3139 Profecto
3075 3091 3178 3140 aut
3205 3086 3379 3141 morti
3410 3087 3776 3155 traderetur,

2124 3179 2227 3230 aut
2247 3178 2533 3244 perpetua
2562 3178 2872 3227 notasetur
2900 3173 3167 3229 infamia.
3201 3175 3255 3229 Si
3303 3192 3409 3247 pro
3432 3177 3637 3231 saeculi
3673 3194 3783 3248 po-

2125 3263 2441 3319 testatibus
2471 3263 2613 3318 talia
2643 3263 2716 3318 ab
2761 3263 3104 3319 hominibus
3136 3265 3307 3334 ﬁunt,
3341 3265 3483 3336 quid
3542 3283 3653 3338 pro
3686 3267 3784 3322 his

2126 3355 2251 3411 ﬁeri
2287 3355 2531 3425 putatis,
2564 3352 2636 3409 de
2687 3354 2902 3424 quibus
2933 3354 3218 3411 Dominus
3274 3356 3357 3411 ait
3387 3372 3399 3410 :
3464 3379 3494 3407 «
3527 3357 3637 3421 Qui
3680 3375 3786 3413 vos

2124 3444 2523 3516 tangit.tangit
2553 3443 2842 3515 pupillam
2863 3444 3017 3500 oculi
3037 3444 3266 3500 mel“?»
3291 3445 3335 3482 ¹²
3355 3447 3569 3502 Procul
3595 3447 3783 3504 dubio

2123 3533 2181 3588 hi
2212 3534 2313 3604 qui
2348 3549 2448 3588 eos
2477 3538 2937 3603 persequuntur,
2972 3539 3028 3588 et
3068 3551 3339 3591 amovere
3370 3536 3651 3593 nituntur
3679 3538 3778 3592 in-

363 3621 457 3677 his
489 3620 677 3675 territi
704 3620 957 3688 insidiis,
993 3621 1229 3677 devient
1274 3624 1507 3678 Domini
1565 3624 1921 3691 sacerdotes,
1954 3631 2014 3682 et
2114 3622 2276 3693 juste
2299 3628 2505 3678 contra
2534 3622 2915 3693 apostolicam
2950 3624 3342 3693 actoritatem,
3375 3626 3486 3681 etsi
3516 3643 3551 3682 a
3581 3633 3779 3683 morte

361 3710 485 3765 suis
504 3709 741 3765 faveant
770 3709 1246 3767 voluntatibus”.
1283 3714 1591 3769 ‘Relatum
1639 3715 1885 3787 insuper
1923 3723 2013 3772 est
2120 3711 2491 3784 proibentur,
2562 3710 2797 3767 dicente
2862 3713 3116 3768 Domino
3162 3729 3174 3768 :
3237 3737 3263 3762 «ς
3293 3714 3439 3770 Nolo
3516 3723 3778 3772 mortem

361 3798 436 3854 ad
466 3799 646 3871 hujus
695 3806 914 3855 sanctas
945 3805 1005 3855 et
1032 3802 1370 3872 apostolicis
1402 3802 1561 3858 sedis
1608 3804 1857 3875 apicem,
1915 3806 2009 3860 cui
2119 3803 2472 3875 peccatoris,
2493 3802 2597 3858 sed
2621 3806 2685 3856 ut
2704 3810 3079 3859 convertatur
3100 3810 3158 3859 et
3177 3805 3330 3862 vivat
3356 3805 3456 3873 '3;»
3483 3815 3782 3880 perpetua

365 3904 734 3944 summarum
770 3889 1191 3961 dispositiones
1243 3907 1577 3959 causarum,
1628 3899 1686 3948 et
1741 3894 2007 3951 omnium
2118 3897 2318 3948 tamen
2350 3897 2636 3947 notantur
2664 3892 2997 3959 1nfamia,et
3020 3894 3405 3968 exsiliodigni
3422 3897 3781 3967 judicantur

362 3978 600 4050 negotia
628 3978 1026 4034 Ecclesiarum
1058 3979 1131 4034 ab
1162 3981 1289 4051 ipso
1320 3981 1569 4036 Domino
1602 3981 1817 4038 tradita
1846 3988 2005 4053 sunt,
2118 3979 2394 4035 finitimo.
2429 3981 2507 4035 De
2538 3979 2776 4050 quibus,
2809 3996 2842 4036 a
2871 3982 3241 4053 temporibus
3272 3984 3775 4055 apostolorum,et

362 4066 532 4137 quasi
565 4066 640 4122 ad
670 4072 863 4139 capat,
894 4067 1024 4139 ipso
1052 4067 1287 4124 dicente
1317 4070 1571 4142 principi
1603 4072 2007 4141 apostolorum
2115 4068 2289 4137 intra,
2325 4069 2437 4124 ista
2468 4074 2758 4137 tenemus,
2784 4075 2959 4141 atque
2982 4069 3221 4128 decreta
3242 4072 3531 4129 habemus
3550 4075 3774 4146 quibus

354 4155 551 4210 Petro:
578 4178 603 4204 (ι
625 4156 707 4210 Tu
742 4171 802 4210 es
833 4156 1126 4221 Petrus,et
1155 4173 1335 4228 super
1362 4159 1515 4213 hanc
1546 4164 1773 4231 petram
1806 4160 2007 4216 Eccle-
2116 4174 2320 4213 eorum
2334 4157 2651 4213 accusandi
2672 4159 3545 4230 episcopos,veltestiﬁcandiin
3562 4179 3774 4219 eosvo—

357 4244 506 4299 siam
555 4260 750 4298 meam
796 4243 1178 4300 aediﬁcabo”:
1211 4268 1238 4296 »
1297 4248 1456 4318 quod
1504 4249 1746 4320 quidam
1805 4251 2004 4308 aemuli
2115 4266 2244 4305 cem
2266 4250 2807 4321 obstruimus,quos
2825 4268 2942 4306 non
2960 4252 3373 4322 humanis,sed
3394 4255 3613 4311 divinis
3630 4259 3775 4312 acti-

358 4332 596 4399 Christi,
632 4332 881 4404 ejusque
913 4340 1131 4390 sancta:
1162 4335 1436 4392 Ecclesize
1467 4338 1869 4406 insidiatores,
1906 4357 2000 4396 sa-
2112 4340 2224 4397 bus
2245 4346 2509 4396 mortuos
2527 4357 2657 4396 esse
2679 4343 3005 4398 scimus.De
3027 4343 3242 4414 quibus
3265 4346 3552 4403 Dominus
3578 4347 3775 4420 loqui-

354 4420 626 4475 cerdotes
666 4420 769 4475 Dei
803 4420 876 4476 ad
899 4421 1135 4493 judices
1164 4424 1434 4495 publicos
1470 4442 1749 4482 accusare
1780 4444 2000 4499 praasu-
2116 4435 2219 4484 tur
2245 4445 2351 4500 per
2372 4430 2647 4486 eumdem
2668 4432 3020 4503 prophetam
3044 4450 3057 4489 :
3085 4433 3504 4491 «Calumniam
3528 4438 3769 4510 patiens

354 4512 684 4598 mant,cum
715 4510 901 4582 magis
922 4512 1234 4583 Apostolus
1250 4513 1719 4571 Christianorum
1753 4533 1960 4572 causas
1980 4517 2002 4552 ³
2112 4519 2414 4590 Ephraim,
2445 4518 2669 4575 fractus
2698 4526 2789 4575 est
2811 4520 3060 4592 judicio,
3094 4525 3368 4595 quoniam
3394 4526 3571 4598 cepit
3601 4527 3771 4583 abire

354 4596 747 4688 adiicclesias
773 4598 1076 4688 deierri,et
1098 4601 1317 4656 ibidem
1338 4603 1644 4658 terminari
1658 4604 2004 4676 praecipiat‘.
2038 4610 2085 4674 D
2116 4612 2251 4679 post
2276 4607 2533 4664 sordem.
2556 4610 2623 4662 Et
2655 4625 2759 4681 ego
2793 4610 2959 4681 quasi
2986 4611 3147 4666 tinea
3167 4613 3469 4685 Ephraim.
3490 4596 3565 4671 vet
3595 4618 3771 4688 quasi

356 4684 577 4740 Taliter
624 4686 1058 4778 praevaricates;
1110 4690 1478 4761 praevaricati
1535 4697 1673 4748 sunt
1704 4692 1763 4747 in
1821 4693 2006 4749 Deum
2116 4695 2367 4768 putredo
2399 4696 2601 4752 domui
2631 4697 2797 4754 Juda.
2833 4700 2902 4754 Et
2928 4699 3075 4755 vidit
3103 4684 3382 4773 Ephraim
3416 4684 3769 4778 languorem

360 4791 557 4866 suum,
600 4778 658 4829 et
686 4791 804 4830 non
837 4775 1121 4866 obediunt
1149 4781 1458 4851 praseeptis
1501 4781 1649 4853 ejus.
1688 4782 1763 4837 De
1793 4782 2007 4852 quibus
2117 4800 2313 4853 suum,
2346 4789 2404 4839 et
2431 4784 2608 4840 Judas
2638 4785 2936 4843 vinculum
2968 4805 3163 4845 suum.
3196 4791 3268 4845 Et
3293 4790 3441 4847 abiit
3480 4775 3765 4866 Ephraim

355 4863 645 4955 Dominus
675 4880 781 4935 per
826 4865 1175 4955 prophetam
1221 4868 1365 4922 Osee
1413 4869 1698 4941 loquitur,
1758 4871 2002 4927 dicens:
2115 4874 2191 4929 ad
2221 4877 2421 4939 Assur,
2458 4880 2517 4929 et
2553 4877 2716 4931 misit
2746 4878 2819 4932 ad
2848 4893 3047 4951 regem
3077 4879 3367 4950 ultorem;
3403 4886 3463 4938 et
3481 4863 3609 4955 ipse
3641 4902 3766 4942 non

358 4973 386 5001 ‹‹
424 4952 600 5016 Quasi
634 4969 822 5009 vaccas
851 4953 1222 5011 lascivientes
1270 4955 1735 5028 declinaverunt,
1769 4966 1827 5016 et
1858 4960 2000 5016 dile.
2112 4963 2329 5034 poterit
2360 4980 2571 5019 sanare
2603 4981 2840 5030 vos,nec
2876 4966 3100 5023 solvere
3128 4970 3345 5041 poterit
3375 4987 3410 5026 a
3438 4952 3604 5029 vobis
3634 4976 3767 5030 vin-

360 5047 579 5137 :erunt
619 5042 830 5098 afferre
860 5043 1249 5116 ignominiam
1288 5049 1722 5118 protectoribus
1754 5050 1877 5105 suis
1897 5051 1938 5106 ⁸.
1973 5071 2000 5099 ››
2113 5051 2314 5107 culum
2345 5050 2446 5106 14.»
2478 5053 2585 5118 Qui
2618 5055 2777 5110 enim
2808 5056 3097 5130 sacrilega
3152 5068 3600 5131 persequuntur
3630 5080 3769 5137 per-

359 5131 429 5185 Et
452 5130 644 5187 idem:
684 5156 701 5181 ι
740 5135 835 5188 Vm
867 5134 972 5203 eis,
1034 5140 1319 5206 quoniam
1378 5145 1755 5194 recesserunt
1795 5155 1830 5196 a
1886 5155 1999 5195 me.
2111 5140 2390 5197 suasione
2423 5147 2480 5198 et
2508 5141 2702 5199 lacere
2734 5144 3010 5201 nituntur
3040 5130 3371 5222 episcOpos,
3405 5150 3497 5206 vel
3526 5130 3768 5225 eoquui

422 5378 797 5466 90glarcgjvnu.
833 5387 885 5439 9.
989 5384 1032 5421 ⁹¹
1055 5391 1227 5466 Prov.
1259 5405 1397 5453 χιιι,
1429 5389 1518 5466 28.
1607 5390 1669 5466 ,⁸-³
1699 5389 2017 5466 Perlatum_

2244 5392 2288 5429 ⁸³
2315 5393 2487 5466 Zach.
2546 5412 2605 5466 ιι,
2638 5396 2691 5449 8.
2795 5396 2894 5452 “I
2940 5397 3107 5466 Joan,
3168 5403 3366 5463 111,16.
3471 5400 3523 5437 ⁸⁵
3552 5404 3762 5462 Ezech.

354 5467 435 5556 In,
471 5437 585 5507 18.77
655 5453 703 5488 9"
738 5437 852 5520 i5,
878 5437 1228 5526 quast-svo:
1261 5437 2221 5583 “quandoqluidemva
2315 5437 2691 5521 ῖῗῖίὸἱιηὶὶὶιῖ
2776 5468 2819 5502 ⁸⁸
2849 5437 3762 5544 ιὲιυῖἇκῆι.ω’⁹δνῦοιυριῖᾶῗίιῖ

410 5523 496 5583 11,
530 5532 737 5583 (tumst.
773 5542 828 5579 t:
860 5528 1109 5583 Relatum
1139 5537 1237 5583 est.
1340 5532 1362 5566 ε
1393 5533 1531 5583 Matt
1579 5574 1592 5583 .
1620 5550 1730 5583 xw-
1772 5534 1857 5583 18-
1960 5533 1984 5568 ³
2013 5535 2225 5583 conci].
2279 5535 2473 5583 Carth-
2505 5553 2588 5583 ιιι-
2620 5540 2672 5583 9-
2781 5540 2801 5572 δ
2830 5540 2851 5583 1
2888 5539 2998 5583 Cnr
3080 5558 3129 5583 υι
3184 5543 3231 5583 6,
3339 5543 3361 5577 δ
3389 5544 3503 5583 ηερ
3563 5564 3620 5583 ιν
3676 5551 3744 5583 1.2

482 5562 496 5584 ,
530 5533 1109 5607 quaast.‘r:ARela_tu~m
1139 5537 1237 5585 est.
1340 5533 1362 5607 ἒ
1393 5533 1599 5607 Matth.
1620 5550 1730 5603 xw,
1772 5534 1857 5590 18,
1960 5533 1984 5568 ³
2013 5535 2225 5607 conci].
2279 5535 2473 5591 Carth.
2505 5553 2589 5605 Ill,
2620 5540 2672 5590 9.
2781 5540 2801 5572 δ
2829 5540 2853 5593 Ι
2888 5539 3019 5595 Cor.
3080 5558 3151 5607 v1,
3184 5543 3235 5596 6.
3339 5543 3361 5577 ⁵
3389 5533 3525 5602 Osé.
3563 5564 3640 5607 ιν,
3676 5551 3763 5605 16,

355 5588 378 5623 ⁸
408 5584 665 5676 Οεθςνει,
702 5598 904 5676 l_(_)_-16._
984 5599 1005 5634 ’⁷
1036 5584 1166 5676 _Gse.
1204 5584 1295 5670 71x,
1758 5584 1897 5671 {,"1,
1930 5609 1983 5663 2.

2201 5584 3019 5676 $76.37"ﬁngefvj'éf
3088 5584 3153 5649 ’ίῖ

359 5607 378 5623 υ
408 5607 538 5646 use.
571 5610 665 5662 vu,
702 5607 880 5652 10-16.
984 5607 1004 5634 τ
1036 5607 1166 5656 Gse.
1222 5617 1295 5670 Ix,
1332 5607 1418 5658 l7.
1515 5607 1538 5639 '
1568 5607 1700 5660 Ose.
1758 5621 1811 5671 ν,
1847 5608 1897 5669 1,
1930 5609 1983 5663 2.

359 5666 566 5730 quaest.
600 5666 670 5718 4:
705 5667 778 5722 Hi
805 5669 928 5737 quis
958 5671 1229 5742 epicopos.
1335 5672 1382 5709 ¹⁴
1413 5674 1619 5731 Ezech.
1652 5691 1806 5748 xvui,
1838 5679 1926 5735 23.
2005 5679 2017 5715 ¹

2201 5622 2269 5662 se.
2328 5623 2424 5676 vn,
2452 5610 2503 5662 7.
2609 5607 2653 5644 ¹⁰
2679 5609 2813 5666 Ose.
2871 5627 2927 5681 v,
2957 5613 3010 5665 2.

2201 5694 2276 5735 .v
2302 5680 2389 5734 11.

3632 5610 3682 5655 ἰι
3710 5624 3764 5689 3'
