3956 6308
141 402 306 463 1089

1651 400 2058 465 EPISTOLE

3407 404 3563 466 1070

146 538 453 609 patienter
481 536 661 591 fuerit
691 539 1051 607 supportata.
1090 536 1252 591 Unde
1285 536 1412 607 ipsa
1440 536 1667 591 Veritas
1696 552 1803 606 per
1833 556 1881 618 Α
1915 538 2113 588 autem
2137 550 2207 588 ex
2227 537 2419 588 vestro
2440 532 2689 603 collegio
2711 533 2909 601 fuerit,
2933 538 2993 589 et
3016 534 3088 589 ab
3111 537 3327 592 auxilio
3368 543 3561 593 vestro

146 644 216 681 se
247 627 436 682 dixit:
470 648 497 675 «
537 626 692 681 Beati
724 626 822 694 qui
859 627 1333 696 persecutionem
1359 627 1665 696 patiuntur
1681 642 1808 695 pro-

150 716 595 787 pterjustitiam
621 716 703 778 3°;
732 738 751 765 ι
792 721 849 769 et
879 715 1019 769 ulibi
1047 732 1060 769 :
1095 738 1121 764 ‹‹
1157 716 1313 770 Beati
1346 715 1510 769 eritis
1541 730 1674 769 cum
1707 729 1808 768 vos

150 807 393 863 oderint
425 807 717 871 homines,
750 812 806 860 et
829 808 1119 877 persecuti
1146 823 1247 860 vos
1276 807 1515 873 fuerint,
1542 812 1599 860 et
1625 806 1809 875 ejece~

148 898 279 952 rint
310 913 529 952 nomen
561 902 822 951 vestrum
854 902 1137 968 tanquam
1170 897 1412 952 malum.
1457 895 1714 950 Gaudete
1746 896 1808 948 in

148 987 257 1041 illa
287 986 405 1053 die,
440 990 499 1039 et
528 984 840 1049 exsultate,
868 986 1151 1055 quoniam
1176 1001 1403 1039 merces
1418 983 1810 1039 vestramulta

152 1082 245 1131 est
274 1077 336 1130 in
370 1075 515 1130 cmlo
547 1076 613 1131 νο.
661 1100 687 1124 υ

228 1168 373 1220 Data
404 1183 462 1219 ιι
495 1164 738 1220 Kalend.
773 1166 1038 1236 Augusti.
1072 1165 1321 1235 Trajano
1362 1170 1420 1219 et
1448 1164 1737 1219 91.‘Eliauo
1758 1162 1807 1203 9’

151 1255 295 1308 viris
328 1253 669 1310 clarissimis
700 1254 1046 1309 consulibus
1076 1252 1122 1287 9³
1157 1254 1291 1324 (13).

743 1379 1082 1434 EPISTULA
1122 1380 1191 1433 ll.

381 1488 455 1541 De
480 1488 655 1541 causis
686 1493 736 1540 cl
765 1487 1178 1555 gra‘vamiuibus
1210 1486 1576 1540 sacerdotum.

224 1596 641 1651 Dilectissimis
662 1596 946 1650 fratribus
972 1596 1252 1650 omnibus
1268 1593 1692 1665 episc0pis,per
1713 1592 1772 1646 di
1790 1622 1803 1629 -

149 1703 353 1741 versas
383 1686 724 1741 constitutis
754 1686 1045 1751 regiones,
1081 1685 1412 1740 Alexander
1436 1684 1769 1754 episcopus.

220 1776 269 1811 9‘
302 1776 480 1845 Nulli,
524 1778 756 1845 fratres,
792 1776 1041 1832 dubium
1073 1781 1162 1830 est
1211 1776 1349 1845 quia
1396 1774 1534 1828 boni
1568 1790 1602 1829 a
1632 1773 1805 1827 malis

146 1884 394 1937 semper
437 1867 912 1937 persecutionem
958 1868 1265 1938 patiuntur
1317 1870 1375 1918 et
1422 1864 1802 1918 tribulantur.

150 1960 411 2026 Propter
433 1956 591 2026 quod
619 1956 1005 2011 humiliemur
1026 1955 1069 1990 9‘
1089 1956 1196 2010 sub
1229 1954 1455 2025 potenti
1482 1969 1665 2007 manu
1684 1952 1805 2019 Dei,

158 2052 225 2101 ut
259 2045 473 2100 liberet
503 2061 611 2099 nos
641 2044 703 2099 in
737 2051 999 2115 tempore
1032 2044 1453 2099 tribulationis.
1488 2044 1631 2096 Nam
1663 2042 1814 2095 sicut

147 2133 253 2189 leo
281 2133 518 2203 rugiens
548 2132 759 2187 circuit
787 2150 1058 2203 quaerens
1085 2149 1260 2203 quem
1284 2131 1542 2197 devoret,
1578 2130 1661 2183 sic
1693 2129 1811 2183 dial

148 2223 332 2277 holus
355 2220 398 2255 "5
419 2239 538 2277 non
561 2227 754 2277 cessat
773 2222 1109 2287 circuire,et
1128 2238 1397 2291 quaerere
1422 2237 1570 2289 quos
1595 2235 1663 2272 ex
1678 2218 1814 2272 fide-

146 2311 315 2367 libus
347 2312 572 2381 perdat,
612 2318 668 2364 et
702 2312 957 2365 maxime
990 2311 1142 2377 illos,
1173 2328 1320 2381 quos
1345 2308 1716 2364 ardentiores
1751 2306 1811 2359 in

155 2398 400 2454 servitio
433 2398 773 2466 Salvatoris,
807 2399 979 2467 eique
1008 2398 1424 2452 familiariores
1479 2395 1767 2450 invenerit
1796 2408 1807 2445 :

155 2487 583 2543 familiariores
614 2487 743 2541 dico
769 2505 889 2555 eos,
916 2504 1062 2557 quos
1085 2488 1196 2541 sibi
1219 2487 1459 2552 sacrari,
1506 2490 1564 2539 et
1616 2484 1677 2538 in
1725 2500 1813 2537 or—

159 2577 305 2631 dine
336 2577 698 2647 apostolatus
726 2578 1008 2632 constitui
1031 2576 1211 2631 voluit
1230 2574 1293 2629 97.
1324 2597 1352 2625 «
1389 2575 1500 2645 lpsi
1526 2575 1685 2627 enim
1706 2589 1812 2643 pro

156 2666 382 2738 populo
415 2666 821 2737 interpellant,
857 2673 912 2721 et
940 2667 1143 2738 populi
1187 2670 1427 2737 peccata
1472 2662 1812 2728 comedunt,

160 2756 309 2827 quia
338 2756 611 2826 precibus
639 2756 761 2810 suis
793 2760 850 2810 et
874 2756 1274 2810 oblationibus
1307 2771 1376 2809 ea
1406 2753 1609 2807 delent
1638 2758 1812 2821 atque

160 2850 530 2900 consumunt
558 2844 622 2899 9°.
657 2867 686 2894 »
709 2845 816 2909 Qui
840 2851 1061 2915 quanto
1085 2844 1382 2915 digniores
1404 2843 1812 2908 fuerint,tanto

158 2932 402 2989 facilius
434 2950 540 3003 pro
584 2935 1057 2988 necessitatibus.
1112 2952 1216 3004 pro
1267 2933 1482 3003 quibus
1531 2931 1811 2996 clamant,

162 3023 588 3079 exaudiuntur.
618 3046 644 3073 «
666 3024 910 3078 Multum
936 3024 1118 3087 enim,
1143 3029 1206 3077 ut
1232 3023 1314 3078 ait
1338 3022 1545 3076 beatus
1565 3019 1813 3075 Jacobus

152 3114 485 3186 apostolus,
519 3113 671 3169 valet
701 3114 1037 3186 deprecatio
1062 3114 1211 3185 justi
1263 3112 1501 3168 assidua
1531 3112 1591 3164 θ’).
1632 3134 1651 3157 ιν
1705 3109 1811 3174 Qui

154 3204 322 3259 enim
366 3221 464 3259 vos
522 3204 921 3274 persequitur,
983 3205 1200 3274 ipsum,
1250 3202 1420 3273 cujus
1469 3201 1763 3271 legatione
1793 3198 1811 3231 ί

1915 639 1975 676 se
2008 622 2383 685 subtraxerit,
2419 623 2603 692 magis
2633 622 3043 678 schismaticus
3076 642 3253 693 quam
3285 628 3561 683 sacerdos

1916 726 2043 765 esse
2072 711 2436 781 probabitur.
2495 712 2723 778 «Ecce,
2773 712 2969 781 inquit
3016 715 3330 784 Propheta,
3382 733 3560 787 quam

1914 800 2137 855 bonum
2168 807 2224 855 et
2282 817 2459 871 quam
2509 800 2866 872 jucundum,
2929 803 3193 858 habitare
3228 806 3438 861 fratres
3498 808 3559 861 in

1910 907 2099 944 unum
2133 892 2171 944 ⁴,
2210 912 2237 939 ››
2270 889 2363 943 llli
2397 906 2530 943 vero
2562 890 2623 943 in
2656 907 2841 945 unum
2873 907 2991 945 non
3016 892 3414 965 liabitant,qui
3441 896 3555 949 fra-

1914 984 2071 1033 trum
2099 979 2305 1033 solatio
2328 995 2389 1032 se
2420 979 2799 1042 subtrahunt,
2829 986 2950 1047 aut,
2978 982 3134 1049 quod
3161 981 3420 1039 deterius
3448 990 3555 1051 est,

1910 1067 2191 1122 fratribus
2222 1066 2469 1122 insidias
2499 1074 2850 1139 praeparant,
2884 1075 2985 1123 aut
3026 1070 3267 1139 laqueos
3305 1077 3555 1143 ponunt.

1913 1159 1993 1212 De
2016 1157 2108 1211 his
2125 1157 2283 1211 enim
2301 1162 2359 1211 et
2375 1174 2579 1211 eorum
2598 1158 2892 1213 similibus
2917 1160 3199 1216 Dominus
3224 1179 3331 1232 per
3347 1164 3559 1217 Oseam

1912 1248 2261 1318 prophetam
2292 1246 2576 1315 loquitur,
2612 1246 2815 1301 dicens
2842 1263 2855 1300 :
2881 1270 2908 1297 ‹‹
2942 1250 3189 1319 Propter
3212 1252 3321 1305 hoc
3338 1251 3559 1324 lugebit

1914 1339 2090 1399 terra,
2121 1338 2178 1387 et
2210 1333 2611 1387 infirmabitur
2640 1333 2837 1387 omnis
2868 1335 2969 1404 qui
3000 1334 3227 1390 habitat
3256 1337 3319 1391 in
3360 1354 3450 1405 ea,
3496 1339 3557 1395 in

1912 1422 2100 1476 bestia
2129 1422 2273 1493 agri,
2308 1427 2365 1475 et
2392 1422 2454 1475 in
2486 1422 2722 1476 volucre
2752 1423 2881 1477 cmli
2908 1465 2921 1491 ,
2956 1425 3059 1479 sed
3081 1432 3137 1479 et
3166 1426 3357 1496 pisces
3377 1429 3560 1484 maris

1912 1510 2446 1582 congregabuntur.
2499 1512 2918 1566 Verumtamen
2983 1515 3391 1585 unusquisque
3439 1533 3560 1573 non

1903 1600 2152 1671 judicet,
2188 1606 2244 1653 et
2274 1616 2393 1654 non
2426 1605 2707 1670 arguatur
2736 1600 2856 1665 vir;
2903 1602 3158 1672 populus
3210 1604 3369 1659 enim
3403 1611 3557 1674 tuus,

1913 1688 2067 1742 sicut
2094 1688 2154 1740 hi
2185 1688 2283 1757 qui
2317 1688 2735 1743 contradicunt
2766 1691 3079 1745 sacerdoti.
3104 1694 3171 1747 Et
3197 1710 3437 1748 corrues
3461 1696 3563 1749 ho-

1912 1776 2025 1843 die,
2062 1782 2119 1829 et
2149 1783 2384 1831 corruet
2414 1778 2589 1833 etiam
2628 1780 2913 1849 propheta
2954 1785 3165 1835 tecum.
3220 1783 3397 1837 Nocte
3444 1783 3557 1838 feci

1914 1870 2111 1920 tacere
2142 1871 2394 1921 matrem
2426 1871 2607 1921 tuam.
2642 1868 2935 1933 Conticuit
2962 1870 3216 1939 populus
3266 1888 3453 1936 meus,
3488 1888 3557 1927 eo

1916 1953 2074 2023 quod
2104 1971 2224 2010 non
2241 1956 2446 2009 habuit
2466 1956 2951 2022 scientiam.Quia
2973 1964 3032 2013 tu
3054 1960 3362 2015 scientiam
3381 1977 3559 2032 repu-

1915 2042 2057 2110 listi,
2091 2044 2378 2113 repellam
2412 2050 2487 2114 te,
2520 2060 2594 2099 ne
2628 2046 2957 2101 sacerdotio
2998 2048 3261 2119 fungaris
3290 2051 3457 2104 mihi.
3491 2052 3560 2104 Et

1914 2131 2099 2187 oblita
2130 2149 2192 2188 es
2222 2133 2364 2204 legis
2396 2134 2501 2188 Dei
2530 2135 2638 2200 tui,
2670 2135 2982 2191 obliviscar
3012 2137 3271 2193 filiorum
3323 2144 3560 2194 tuorum

1917 2228 1974 2276 et
2005 2239 2129 2293 ego.
2164 2224 2498 2278 Secundum
2529 2224 2974 2279 multitudinem
3017 2243 3219 2281 eorum
3252 2228 3337 2282 sic
3357 2244 3563 2298 pecca-

1916 2318 2127 2366 verunt
2157 2313 2324 2367 mihi.
2360 2313 2615 2367 Gloriam
2649 2330 2854 2369 eorum
2880 2316 2951 2369 ad
2980 2316 3367 2386 ignominiam
3398 2332 3561 2373 com-

1916 2401 2181 2455 mutabo.
2216 2404 2463 2457 Peccata
2492 2402 2693 2473 populi
2728 2404 2844 2457 mei
2889 2404 3225 2476 comedent,
3258 2411 3317 2461 et
3345 2407 3417 2461 ad
3448 2407 3563 2461 ini-

1917 2490 2205 2559 quitatem
2239 2507 2445 2545 eorum
2487 2492 2880 2547 sublevabunt
2932 2495 3163 2549 animas
3214 2511 3439 2551 eorum.
3497 2496 3565 2550 Et

1921 2577 2052 2642 erit,
2086 2578 2237 2632 sicut
2266 2578 2540 2649 populus,
2570 2580 2653 2633 sic
2686 2580 2980 2634 sacerdos.
3015 2583 3082 2634 Et
3110 2581 3359 2636 visitabo
3387 2597 3566 2653 super

1918 2681 2052 2721 eum
2084 2666 2204 2720 vias
2235 2666 2385 2736 ejus,
2421 2672 2477 2721 et
2502 2668 2887 2739 cogitationes
2919 2670 3047 2740 ejns
3078 2670 3321 2724 reddam
3371 2671 3445 2724 ei.
3496 2673 3565 2725 Et

1918 2756 2250 2822 comedent,
2284 2763 2342 2811 et
2372 2774 2491 2812 non
2524 2758 2988 2825 saturabuntur;
3020 2760 3295 2814 fornicati
3320 2765 3479 2826 sunt,
3505 2766 3565 2814 et

1918 2861 2037 2899 non
2069 2847 2751 2916 cessaverunt,quoniam
2783 2847 3096 2902 Dominum
3119 2848 3566 2919 dereliquerunt

1919 2934 1981 2987 in
2017 2951 2137 2988 non
2193 2934 2581 2990 custodiendo
2620 2934 2661 2988 ⁵.
2698 2957 2727 2985 ››
2780 2938 2910 2991 Ηωο
2959 2943 3179 3004 cavete,
3229 2938 3459 3005 fratres,
3507 2944 3566 2994 et

1918 3024 2075 3078 bona
2105 3040 2340 3095 semper
2368 3041 2540 3096 agere
2570 3025 2845 3080 festinate
2868 3042 2881 3080 :
2907 3048 2934 3076 ‹‹
2959 3027 3106 3091 Quia
3130 3027 3191 3081 in
3213 3027 3326 3081 hoc
3346 3043 3564 3100 cogno-

1920 3119 2087 3168 scent
2115 3130 2341 3179 omnes,
2378 3114 2521 3168 dicit
2559 3115 2863 3181 Dominus,
2918 3116 3202 3184 quoniam
3258 3119 3374 3172 mei
3423 3118 3564 3173 estis

1919 3202 2220 3273 discipuli,
2255 3203 2302 3257 si
2335 3203 2714 3258 dilectionem
2740 3204 3066 3259 habueritis
3089 3205 3162 3260 ad
3186 3206 3437 3261 invicem
3458 3208 3499 3261 ⁸.
3532 3229 3562 3258 ››

151 3293 502 3365 fungimini,
537 3294 951 3364 persequitur;
986 3294 1125 3364 quia
1156 3295 1308 3348 sicut
1337 3293 1463 3362 ipse
1498 3291 1677 3346 Filius
1702 3287 1805 3342 Dei
1848 3275 1889 3339 Ε
1915 3293 1932 3325 ⁷
1967 3292 2193 3346 Bonum
2228 3309 2489 3362 namque
2522 3299 2610 3346 est
2638 3293 2843 3363 procul
2873 3294 3052 3348 dubio
3085 3300 3143 3349 et
3181 3295 3460 3351 omnibus
3492 3297 3563 3350 ti-

156 3383 458 3439 mediator
482 3383 595 3438 fuit
620 3383 722 3437 Dei
755 3388 813 3438 et
842 3382 1172 3448 hominum,
1207 3382 1289 3436 ita
1318 3386 1377 3435 et
1408 3397 1504 3434 vos
1528 3379 1654 3449 ejus
1684 3379 1807 3432 vice

154 3474 224 3526 in
258 3471 522 3526 Ecclesia
554 3471 697 3526 estis
728 3472 1055 3534 constituti,
1087 3476 1155 3525 ut
1191 3472 1347 3525 inter
1380 3471 1561 3523 Deum
1608 3473 1666 3522 et
1697 3467 1807 3521 ho—

150 3561 353 3616 mines
384 3558 671 3629 legatione
704 3560 1055 3631 fungamini.
1091 3560 1111 3592 '-’
1143 3559 1199 3611 Si
1232 3558 1365 3628 quis
1397 3562 1596 3612 autem
1654 3555 1813 3625 lega-

153 3650 384 3704 tionem
416 3653 671 3703 vestram
705 3648 974 3719 impedit,
1000 3665 1121 3702 non
1148 3648 1345 3712 unius,
1373 3645 1475 3699 sed
1490 3644 1811 3699 multorum

154 3738 495 3811 profectum
519 3737 747 3792 avertit.
776 3740 846 3790 Et
867 3738 1021 3791 sicut
1042 3736 1246 3792 multis
1270 3741 1464 3798 nocet,
1494 3734 1574 3787 ita
1603 3749 1637 3787 a
1660 3731 1814 3786 mul-

159 3827 241 3882 tis
272 3825 609 3898 arguendus
644 3831 751 3894 est,
786 3831 842 3880 et
871 3826 1162 3880 bonorum
1191 3825 1469 3879 societate
1502 3821 1813 3877 arcendus.

160 3918 240 3970 Et
270 3917 411 3985 quia
440 3916 541 3969 Dei
577 3931 815 3970 causam
849 3916 1117 3986 impedit,
1152 3921 1208 3968 et
1239 3920 1456 3967 statum
1505 3910 1820 3965 conturbat

162 4004 470 4068 Ecclesia),
505 4003 758 4073 ideoque
788 4004 860 4058 ab
890 4005 1020 4075 ejus
1052 4002 1356 4057 liminibus
1395 4006 1682 4055 arceatur.
1732 3998 1817 4051 Ab

165 4092 452 4147 omnibus
476 4108 709 4163 quoque
731 4092 863 4147 talis
896 4098 984 4146 est
1004 4091 1315 4159 cavendus,
1344 4095 1403 4144 et
1430 4106 1552 4143 non
1574 4088 1634 4142 in
1659 4103 1817 4142 com-

162 4181 519 4237 munionem
550 4180 819 4235 fidelium
852 4197 1040 4250 usque
1072 4180 1145 4236 ad
1176 4178 1639 4234 satisfactionem
1672 4175 1819 4230 reci-

168 4269 451 4343 piendus.
484 4271 586 4323 Est
614 4269 773 4325 enim
808 4274 1094 4325 statutum
1125 4269 1290 4337 olim,
1337 4273 1402 4323 ut
1446 4268 1546 4338 qui
1603 4271 1820 4320 statum

174 4358 495 4414 conturbat
512 4358 804 4425 Ecclesiae,
827 4359 899 4413 ab
923 4358 1050 4430 ejus
1075 4356 1382 4412 liminibus
1394 4361 1694 4421 arceatur;
1713 4370 1823 4409 nec

180 4464 319 4504 cum
343 4447 617 4502 fidelibus
643 4448 1060 4516 communicet,
1077 4447 1397 4518 quieorum
1423 4446 1577 4501 bona
1593 4443 1820 4499 avertit.

182 4538 297 4591 Vos
328 4552 462 4607 ergo
496 4536 543 4590 si
577 4536 958 4593 dilectionem
989 4536 1314 4591 habueritis
1343 4535 1419 4590 ad
1462 4534 1734 4597 invicem,
1767 4538 1825 4585 et

1916 3381 2215 3435 mentibus
2239 3383 2422 3436 Deum
2442 3382 3136 3448 desiderabile,cohibere
3157 3384 3561 3440 dissensiones

1918 3475 1976 3525 et
2004 3466 2853 3540 altercationes,fratribusque
2882 3471 3214 3541 subvenire,
3238 3479 3294 3527 et
3316 3473 3567 3530 invicem

1920 3575 2041 3613 non
2072 3558 2356 3622 invidere,
2382 3559 2481 3613 sed
2502 3559 2803 3630 adjuvare.
2831 3562 2947 3615 Nos
2976 3577 3134 3632 ergo,
3171 3562 3273 3631 qui
3293 3562 3569 3634 discipuli

1919 3647 2153 3701 Domini
2186 3653 2243 3700 et
2274 3647 2389 3701 dici
2421 3653 2480 3701 et
2534 3664 2661 3702 esse
2711 3649 2999 3719 cupimus,
3054 3656 3287 3720 portare
3330 3669 3568 3707 crucem

1920 3736 2135 3789 Christi
2168 3742 2225 3789 et
2254 3736 2507 3806 compati
2542 3735 2819 3791 fratribus
2843 3737 3146 3805 debemus,
3176 3744 3365 3794 etnon
3386 3758 3569 3810 quas-

1921 3840 2152 3891 cunque
2183 3823 2267 3876 eis
2300 3823 2546 3877 insidias
2578 3830 2679 3878 aut
2708 3825 2901 3880 foveas
2929 3843 3281 3898 praeparare,
3308 3829 3445 3897 quia
3477 3837 3567 3885 ta-

1922 3912 2143 3967 liouem
2186 3917 2467 3981 meretur,
2516 3913 2619 3982 qui
2670 3914 2952 3969 fratribus
2996 3916 3221 3970 foveam
3253 3925 3565 3988 praeparat.

1924 4024 1952 4051 ‹‹
1976 4002 2164 4055 Nolite
2195 4016 2414 4067 errare,
2440 4001 2671 4066 fratres,
2698 4004 2837 4072 quia
2867 4005 3019 4059 Deus
3043 4022 3163 4060 non
3181 4005 3516 4060 irridetur“.
3535 4027 3564 4058 ι)

1926 4089 2111 4161 Hujus
2141 4090 2223 4144 rei
2253 4090 2440 4159 gratia
2471 4091 2753 4146 Dominus
2796 4093 2960 4148 vobis
3012 4094 3313 4149 commisit
3356 4096 3566 4151 Eccle-

1926 4180 2076 4235 siam
2108 4195 2299 4246 suam,
2330 4184 2397 4234 ut
2425 4197 2531 4250 pro
2563 4180 2843 4236 omnibus
2874 4181 3176 4252 laboretis,
3235 4190 3291 4239 et
3338 4186 3567 4240 cunctis

1927 4268 2225 4339 oppressis
2256 4283 2429 4339 opem
2456 4268 2608 4322 ferre
2640 4285 2757 4323 non
2791 4270 3120 4342 negligatis.
3156 4272 3319 4328 Unde
3352 4279 3409 4329 et
3454 4276 3567 4330 Do-

1928 4359 2125 4413 minus
2153 4374 2258 4428 per
2278 4357 2627 4428 prophetam
2650 4357 2933 4428 loquitur,
2951 4360 3154 4416 dicens
3184 4378 3197 4415 :
3223 4384 3251 4412 «
3274 4364 3407 4419 Haec
3427 4364 3573 4421 dicit

1930 4448 2253 4502 Dominus:
2286 4446 2551 4501 Judicate
2583 4464 2758 4502 mane
2798 4447 3118 4519 judicium,
3170 4456 3230 4505 et
3277 4452 3465 4508 eruite
3512 4454 3569 4508 vi

1929 4552 2279 4608 oppressum
2310 4536 2383 4590 de
2413 4552 2595 4590 manu
2648 4535 3085 4603 calumniantis,
3119 4555 3194 4592 ne
3223 4539 3375 4595 forte
3407 4559 3570 4614 egre-

172 4626 496 4681 unanimes
524 4626 775 4693 fueritis,
811 4626 977 4682 facile
1012 4627 1156 4681 tales
1206 4642 1482 4697 superare
1532 4623 1819 4695 poteritis.
1855 4647 1900 4710 Ι)
1932 4628 2130 4683 diatur
2160 4628 2327 4698 quaSi
2362 4626 2510 4696 ignis
2541 4626 2869 4697 indignatio
2895 4644 3045 4694 mea,
3079 4629 3569 4701 etsuccendatur,

170 4716 194 4750 ³
231 4716 287 4769 Si
322 4732 477 4784 vero,
512 4715 668 4786 quod
700 4716 889 4771 absitl
924 4716 1225 4771 discordes
1244 4714 1498 4779 fueritis,
1530 4719 1587 4767 et
1607 4712 1822 4766 canino
1940 4720 1999 4769 et
2026 4732 2148 4769 non
2193 4715 2269 4767 sit
2318 4714 2417 4783 qui
2467 4713 2801 4784 exstinguat
2829 4712 2871 4767 ο,
2910 4736 2935 4762 ))
2988 4715 3101 4768 Vos
3148 4730 3306 4784 ergo,
3358 4717 3457 4785 qui
3509 4719 3571 4772 in

175 4805 360 4860 dente
391 4820 493 4858 vos
524 4803 809 4859 derodere
840 4804 1154 4876 creperitis,
1186 4820 1307 4858 non
1337 4803 1531 4857 solum
1581 4818 1682 4855 eos
1710 4815 1830 4854 non
1943 4819 2177 4858 summa
2207 4801 2446 4873 specula
2473 4818 2507 4856 a
2540 4802 2786 4856 Domino
2827 4801 3130 4855 constituti
3182 4800 3342 4868 estis,
3392 4808 3588 4859 atten-

176 4892 561 4963 superabitis,
592 4893 694 4948 sed
722 4898 781 4947 et
811 4893 972 4949 vobis
1003 4893 1149 4964 ipsis
1180 4892 1493 4961 nocebitis,
1553 4896 1730 4960 atque
1760 4888 1831 4943 ab
1947 4892 2084 4946 dere
2115 4908 2214 4947 eos
2237 4897 2293 4945 et
2314 4891 2648 4963 Opprimere
2680 4895 2929 4961 oportet,
2966 4889 3065 4961 qui
3097 4888 3155 4942 in
3196 4888 3407 4945 fratres
3428 4891 3590 4948 sedi-

180 4984 271 5039 eis
295 4982 746 5055 superabimini,
781 4990 838 5038 et
864 4984 1214 5039 innocenter
1232 4983 1383 5037 forte
1415 4980 1701 5053 peribitis.
1728 4980 1835 5043 Qui
1951 4981 2143 5035 tiones
2177 4986 2235 5035 et
2264 4980 2544 5035 scandala
2575 4980 2853 5049 excitant,
2894 4997 2967 5034 ne
2994 4978 3172 5034 simul
3200 4993 3336 5033 cum
3363 4980 3449 5034 eis
3466 4998 3596 5052 per-

254 5106 303 5141 ⁸³
335 5108 534 5163 Matth.
595 5125 645 5178 ν,
696 5112 780 5163 10.
884 5109 932 5144 9°
990 5108 1125 5163 Luc.
1178 5120 1253 5177 vt,
1305 5109 1396 5174 22,
1450 5108 1538 5160 23.
1642 5105 1686 5142 ⁹¹
1738 5105 2265 5178 ΙαιὶοηΑΓιοὶοαηρη
2304 5104 2379 5178 7"
2430 5106 2685 5159 Heliano.
2772 5103 2837 5178 793
2884 5104 3171 5178 mendosa
3213 5104 3592 5178 subscriptio.

181 5179 228 5216 ⁹⁴
259 5179 315 5240 3,
351 5186 560 5249 quaest.
608 5175 673 5235 li:
707 5181 859 5235 Nulli
909 5180 1155 5235 dubium.
1242 5175 1302 5214 i“
1341 5184 1587 5249 Oportet?
1616 5194 1710 5233 nos
1760 5177 2067 5249 humiliari.
2174 5176 2218 5210 9°
2249 5177 2268 5229 Ι
2301 5177 2457 5249 Petr.
2508 5193 2561 5239 ν,
2594 5179 2645 5230 8.
2746 5177 2871 5249 ’⁷Α1,
2905 5192 2962 5245 q.
3011 5178 3034 5230 1
3067 5193 3081 5230 :
3119 5175 3229 5244 lpsi
3269 5175 3594 5249 sacmjdotes.

180 5251 234 5285 οδ
262 5245 397 5304 Ose.
433 5267 506 5318 ιν,
539 5253 592 5305 8.
692 5252 739 5285 ⁹⁹
766 5253 885 5307 Jac.
918 5269 970 5317 v,
1002 5254 1086 5307 16.
1193 5254 1209 5286 ¹
1244 5245 1388 5307 vice:
1482 5248 1504 5281 ²
1536 5248 1670 5303 dist.
1706 5252 1807 5303 94:

1956 5250 2077 5318 quis
2118 5254 2299 5301 autem
2339 5248 2693 5318 legationem.
2792 5245 2814 5280 ³
2846 5251 2895 5313 1,
2948 5252 3155 5317 quiest.
3193 5250 3215 5301 1
3256 5263 3269 5301 :
3319 5247 3471 5302 Nulli
3498 5248 3599 5304 du-

189 5324 360 5377 bium.
468 5321 490 5354 ⁴
522 5322 676 5377 Psal.
712 5340 924 5391 cxxxu,
964 5327 1011 5378 1.
1108 5322 1128 5355 ⁵
1159 5323 1288 5377 Ose.
1323 5338 1391 5387 ιν,
1424 5320 1584 5373 3-10.
1620 5321 1699 5373 Ex
1734 5321 1787 5373 S.
1824 5317 2166 5389 Hieranymi
2198 5317 2489 5373 versione.
2583 5318 2605 5352 ⁸
2634 5321 2800 5373 Joan.
2832 5334 2953 5385 xm,
2990 5321 3074 5372 335.

185 5393 297 5450 sub
330 5394 386 5446 S.
418 5394 686 5464 Martino,
720 5395 953 5449 consult
1004 5396 1059 5462 4,
1134 5393 1156 5428 ⁸
1188 5393 1311 5448 Gal.
1343 5408 1418 5457 γι,
1452 5395 1501 5445 7.
1580 5392 1600 5424 ⁹
1629 5393 1745 5448 Jer.
1780 5408 1807 5444 ι

1930 5393 1995 5444 12
2027 5396 2083 5443 et
2111 5405 2250 5456 χχιι,
2281 5392 2332 5441 3.

261 5516 379 5589 (13)
444 5520 685 5588 Trojano
742 5525 791 5575 et
856 5520 1074 5573 Atiliano
1132 5519 1264 5573 viris
1298 5513 1663 5589 clarissimis
1713 5532 1843 5570 coss.

188 5586 376 5654 Scias,
410 5586 615 5666 lector,
658 5590 1171 5666 ipsospontifices
1214 5588 1409 5666 nullos
1453 5586 1737 5666 consules
1788 5590 1847 5666 in

186 5663 309 5733 ﬁne
344 5658 733 5733 epistolaruin
767 5658 1167 5733 subjunxisse,
1216 5661 1331 5733 sed
1370 5658 1562 5733 potius
1606 5658 1847 5712 aliunde

180 5732 581 5802 subrepsisse.
618 5734 821 5804 Itaque
855 5731 902 5787 si
930 5750 964 5788 a
994 5731 1375 5802 cbronologia
1419 5731 1846 5799 imperatorum

3170 5318 3190 5351 ⁷
3223 5319 3358 5389 Syn.
3406 5319 3594 5374 Later.

1958 5514 2353 5584 superiorum,
2411 5512 2737 5584 velﬂetiam
2809 5515 3203 5583 posteriorum
3256 5512 3601 5583 pontificum

1959 5583 2224 5655 epistolis
2244 5583 2556 5656 superaddi
2571 5591 2655 5636 tos
2678 5586 3024 5641 consulatus
3048 5586 3381 5656 discrepare
3399 5584 3605 5655 depre-

1958 5657 2206 5722 hendas,
2239 5672 2312 5711 ne
2343 5655 2599 5710 mireris.
2633 5656 2758 5709 Sev.
2794 5656 2913 5711 Bm.
