  <div class='ocr_page' id='page_1' title='image "/cluster/home/n/w/nwhite01/storage/ocr_20150623/5/pst.000005711819/543.png"; bbox 0 0 1978 3154; ppageno 0'>
   <div class='ocr_carea' id='block_1_1' title="bbox 206 206 282 235">
    <p class='ocr_par' dir='ltr' id='par_1_1' title="bbox 206 206 282 235">
     <span class='ocr_line' id='line_1_1' title="bbox 206 206 282 235; baseline 0 0"><span class='ocrx_word' id='word_1_1' title='bbox 206 206 282 235; x_wconf 84' lang='grc'><strong>1071</strong></span> 
     </span>
    </p>
   </div>
   <div class='ocr_carea' id='block_1_2' title="bbox 741 206 1376 237">
    <p class='ocr_par' dir='ltr' id='par_1_2' title="bbox 741 206 1376 237">
     <span class='ocr_line' id='line_1_2' title="bbox 741 206 1376 237; baseline 0.002 -1"><span class='ocrx_word' id='word_1_2' title='bbox 741 206 970 236; x_wconf 78' lang='lat' dir='ltr'><strong>ALEXANDRI</strong></span> <span class='ocrx_word' id='word_1_3' title='bbox 993 206 1004 235; x_wconf 94' lang='lat' dir='ltr'><strong>l</strong></span> <span class='ocrx_word' id='word_1_4' title='bbox 1029 206 1145 237; x_wconf 65' lang='lat' dir='ltr'><strong>PAPE</strong></span> <span class='ocrx_word' id='word_1_5' title='bbox 1165 206 1376 237; x_wconf 71' lang='lat' dir='ltr'><strong>EPISTOLIE.</strong></span> 
     </span>
    </p>
   </div>
   <div class='ocr_carea' id='block_1_3' title="bbox 1844 204 1916 234">
    <p class='ocr_par' dir='ltr' id='par_1_3' title="bbox 1844 204 1916 234">
     <span class='ocr_line' id='line_1_3' title="bbox 1844 204 1916 234; baseline -0.042 0"><span class='ocrx_word' id='word_1_6' title='bbox 1844 204 1916 234; x_wconf 70' lang='lat' dir='ltr'><strong>10H</strong></span> 
     </span>
    </p>
   </div>
   <div class='ocr_carea' id='block_1_4' title="bbox 205 271 1921 308">
    <p class='ocr_par' dir='ltr' id='par_1_4' title="bbox 205 271 1921 308">
     <span class='ocr_line' id='line_1_4' title="bbox 205 271 1921 308; baseline -0.001 -9"><span class='ocrx_word' id='word_1_7' title='bbox 205 272 289 299; x_wconf 85' lang='lat' dir='ltr'><strong>eatis.</strong></span> <span class='ocrx_word' id='word_1_8' title='bbox 306 271 434 299; x_wconf 85' lang='lat' dir='ltr'><strong>Salutate</strong></span> <span class='ocrx_word' id='word_1_9' title='bbox 450 280 532 299; x_wconf 89' lang='lat' dir='ltr'><strong>omes</strong></span> <span class='ocrx_word' id='word_1_10' title='bbox 548 272 598 306; x_wconf 87' lang='lat' dir='ltr'><strong>qui</strong></span> <span class='ocrx_word' id='word_1_11' title='bbox 624 275 704 299; x_wconf 86' lang='lat' dir='ltr'><strong>recte</strong></span> <span class='ocrx_word' id='word_1_12' title='bbox 730 271 865 299; x_wconf 77' lang='lat' dir='ltr'><strong>laborant</strong></span> <span class='ocrx_word' id='word_1_13' title='bbox 890 272 920 299; x_wconf 92' lang='lat' dir='ltr'><strong>in</strong></span> <span class='ocrx_word' id='word_1_14' title='bbox 942 272 1033 299; x_wconf 88' lang='lat' dir='ltr'><strong>Evau-</strong></span> <span class='ocrx_word' id='word_1_15' title='bbox 1050 274 1073 307; x_wconf 76' lang='grc' dir='ltr'>Α</span> <span class='ocrx_word' id='word_1_16' title='bbox 1090 272 1113 290; x_wconf 70' lang='grc'><strong>⁸³</strong></span> <span class='ocrx_word' id='word_1_17' title='bbox 1128 273 1249 301; x_wconf 91' lang='lat' dir='ltr'><strong>Summa</strong></span> <span class='ocrx_word' id='word_1_18' title='bbox 1267 274 1348 300; x_wconf 89' lang='lat' dir='ltr'><strong>enim</strong></span> <span class='ocrx_word' id='word_1_19' title='bbox 1361 273 1503 308; x_wconf 77' lang='lat' dir='ltr'><strong>iniquitas</strong></span> <span class='ocrx_word' id='word_1_20' title='bbox 1519 275 1574 304; x_wconf 85' lang='lat' dir='ltr'><strong>est,</strong></span> <span class='ocrx_word' id='word_1_21' title='bbox 1591 272 1707 304; x_wconf 79' lang='lat' dir='ltr'><strong>fratres,</strong></span> <span class='ocrx_word' id='word_1_22' title='bbox 1723 271 1888 298; x_wconf 72' lang='lat' dir='ltr'><strong>detrahere</strong></span> <span class='ocrx_word' id='word_1_23' title='bbox 1897 274 1921 297; x_wconf 78' lang='lat' dir='ltr'><strong>et</strong></span> 
     </span>
    </p>
   </div>
   <div class='ocr_carea' id='block_1_5' title="bbox 206 316 1037 352">
    <p class='ocr_par' dir='ltr' id='par_1_5' title="bbox 206 316 1037 352">
     <span class='ocr_line' id='line_1_5' title="bbox 206 316 1037 352; baseline 0.001 -9"><span class='ocrx_word' id='word_1_24' title='bbox 206 316 281 351; x_wconf 74' lang='lat' dir='ltr'><strong>gelio</strong></span> <span class='ocrx_word' id='word_1_25' title='bbox 298 316 415 349; x_wconf 78' lang='lat' dir='ltr'><strong>Christi,</strong></span> <span class='ocrx_word' id='word_1_26' title='bbox 433 320 462 343; x_wconf 86' lang='lat' dir='ltr'><strong>et</strong></span> <span class='ocrx_word' id='word_1_27' title='bbox 473 316 554 351; x_wconf 81' lang='lat' dir='ltr'><strong>justo</strong></span> <span class='ocrx_word' id='word_1_28' title='bbox 570 316 738 351; x_wconf 75' lang='lat' dir='ltr'><strong>gubernant</strong></span> <span class='ocrx_word' id='word_1_29' title='bbox 769 325 872 344; x_wconf 86' lang='lat' dir='ltr'><strong>navem</strong></span> <span class='ocrx_word' id='word_1_30' title='bbox 899 316 975 352; x_wconf 87' lang='lat' dir='ltr'><strong>ejus,</strong></span> <span class='ocrx_word' id='word_1_31' title='bbox 1000 324 1037 344; x_wconf 87' lang='lat' dir='ltr'><strong>ne</strong></span> 
     </span>
    </p>
   </div>
   <div class='ocr_carea' id='block_1_6' title="bbox 208 360 1036 396">
    <p class='ocr_par' dir='ltr' id='par_1_6' title="bbox 208 360 1036 396">
     <span class='ocr_line' id='line_1_6' title="bbox 208 360 1036 396; baseline 0.001 -9"><span class='ocrx_word' id='word_1_32' title='bbox 208 360 414 388; x_wconf 86' lang='lat' dir='ltr'><strong>cohabitantes</strong></span> <span class='ocrx_word' id='word_1_33' title='bbox 430 361 460 387; x_wconf 94' lang='lat' dir='ltr'><strong>in</strong></span> <span class='ocrx_word' id='word_1_34' title='bbox 477 369 511 387; x_wconf 86' lang='lat' dir='ltr'><strong>ea</strong></span> <span class='ocrx_word' id='word_1_35' title='bbox 532 360 744 396; x_wconf 73' lang='lat' dir='ltr'><strong>demerguntur</strong></span> <span class='ocrx_word' id='word_1_36' title='bbox 769 364 820 388; x_wconf 88' lang='lat' dir='ltr'><strong>aut</strong></span> <span class='ocrx_word' id='word_1_37' title='bbox 844 361 1036 388; x_wconf 86' lang='lat' dir='ltr'><strong>suffocentur.</strong></span> 
     </span>
    </p>
   </div>
   <div class='ocr_carea' id='block_1_7' title="bbox 209 404 1035 440">
    <p class='ocr_par' dir='ltr' id='par_1_7' title="bbox 209 404 1035 440">
     <span class='ocr_line' id='line_1_7' title="bbox 209 404 1035 440; baseline -0.001 -8"><span class='ocrx_word' id='word_1_38' title='bbox 209 404 322 432; x_wconf 75' lang='lat' dir='ltr'><strong>Salutat</strong></span> <span class='ocrx_word' id='word_1_39' title='bbox 337 413 386 431; x_wconf 86' lang='lat' dir='ltr'><strong>vos</strong></span> <span class='ocrx_word' id='word_1_40' title='bbox 402 404 499 432; x_wconf 87' lang='lat' dir='ltr'><strong>omnis</strong></span> <span class='ocrx_word' id='word_1_41' title='bbox 522 405 683 440; x_wconf 88' lang='lat' dir='ltr'><strong>apostolica</strong></span> <span class='ocrx_word' id='word_1_42' title='bbox 700 405 832 433; x_wconf 83' lang='lat' dir='ltr'><strong>Ecclesia</strong></span> <span class='ocrx_word' id='word_1_43' title='bbox 850 405 879 432; x_wconf 93' lang='lat' dir='ltr'><strong>in</strong></span> <span class='ocrx_word' id='word_1_44' title='bbox 902 405 1035 432; x_wconf 89' lang='lat' dir='ltr'><strong>Domino.</strong></span> 
     </span>
    </p>
   </div>
   <div class='ocr_carea' id='block_1_8' title="bbox 210 450 317 476">
    <p class='ocr_par' dir='ltr' id='par_1_8' title="bbox 210 450 317 476">
     <span class='ocr_line' id='line_1_8' title="bbox 210 450 317 476; baseline 0 0"><span class='ocrx_word' id='word_1_45' title='bbox 210 450 317 476; x_wconf 82' lang='lat' dir='ltr'><strong>Amen.</strong></span> 
     </span>
    </p>
   </div>
   <div class='ocr_carea' id='block_1_9' title="bbox 244 493 1035 529">
    <p class='ocr_par' dir='ltr' id='par_1_9' title="bbox 244 493 1035 529">
     <span class='ocr_line' id='line_1_9' title="bbox 244 493 1035 529; baseline 0 -8"><span class='ocrx_word' id='word_1_46' title='bbox 244 495 317 522; x_wconf 88' lang='lat' dir='ltr'><strong>Data</strong></span> <span class='ocrx_word' id='word_1_47' title='bbox 334 494 461 529; x_wconf 87' lang='lat' dir='ltr'><strong>septimo</strong></span> <span class='ocrx_word' id='word_1_48' title='bbox 478 493 501 510; x_wconf 83' lang='grc' dir='ltr'><strong>ί⁰</strong></span> <span class='ocrx_word' id='word_1_49' title='bbox 517 494 640 521; x_wconf 84' lang='lat' dir='ltr'><strong>Kalend.</strong></span> <span class='ocrx_word' id='word_1_50' title='bbox 658 495 841 527; x_wconf 80' lang='lat' dir='ltr'><strong>Novembris,</strong></span> <span class='ocrx_word' id='word_1_51' title='bbox 871 494 998 529; x_wconf 87' lang='lat' dir='ltr'><strong>Trajano</strong></span> <span class='ocrx_word' id='word_1_52' title='bbox 1015 494 1035 511; x_wconf 89' lang='lat'>“</span> 
     </span>
    </p>
   </div>
   <div class='ocr_carea' id='block_1_10' title="bbox 211 538 916 566">
    <p class='ocr_par' dir='ltr' id='par_1_10' title="bbox 211 538 916 566">
     <span class='ocr_line' id='line_1_10' title="bbox 211 538 916 566; baseline -0.001 0"><span class='ocrx_word' id='word_1_53' title='bbox 211 541 240 566; x_wconf 87' lang='lat' dir='ltr'><strong>et</strong></span> <span class='ocrx_word' id='word_1_54' title='bbox 254 539 364 566; x_wconf 66' lang='lat' dir='ltr'><strong>Eliano</strong></span> <span class='ocrx_word' id='word_1_55' title='bbox 380 539 402 556; x_wconf 77' lang='grc'>⁵³</span> <span class='ocrx_word' id='word_1_56' title='bbox 417 539 488 565; x_wconf 90' lang='lat' dir='ltr'><strong>viris</strong></span> <span class='ocrx_word' id='word_1_57' title='bbox 503 538 678 566; x_wconf 85' lang='lat' dir='ltr'><strong>clarissimis</strong></span> <span class='ocrx_word' id='word_1_58' title='bbox 692 539 866 565; x_wconf 85' lang='lat' dir='ltr'><strong>consulibus</strong></span> <span class='ocrx_word' id='word_1_59' title='bbox 884 538 916 565; x_wconf 80' lang='grc'><strong>³³.</strong></span> 
     </span>
    </p>
   </div>
   <div class='ocr_carea' id='block_1_11' title="bbox 245 583 1036 618">
    <p class='ocr_par' dir='ltr' id='par_1_11' title="bbox 245 583 1036 618">
     <span class='ocr_line' id='line_1_11' title="bbox 245 583 1036 618; baseline 0 -8"><span class='ocrx_word' id='word_1_60' title='bbox 245 585 277 610; x_wconf 87' lang='lat' dir='ltr'><strong>In</strong></span> <span class='ocrx_word' id='word_1_61' title='bbox 291 585 345 617; x_wconf 77' lang='lat' dir='ltr'><strong>ﬁne</strong></span> <span class='ocrx_word' id='word_1_62' title='bbox 363 583 445 617; x_wconf 82' lang='lat' dir='ltr'><strong>hujus</strong></span> <span class='ocrx_word' id='word_1_63' title='bbox 465 583 586 617; x_wconf 73' lang='lat' dir='ltr'><strong>epistola:</strong></span> <span class='ocrx_word' id='word_1_64' title='bbox 599 583 658 611; x_wconf 53' lang='lat' dir='ltr'><strong>hac</strong></span> <span class='ocrx_word' id='word_1_65' title='bbox 678 583 774 610; x_wconf 79' lang='lat' dir='ltr'><strong>addita</strong></span> <span class='ocrx_word' id='word_1_66' title='bbox 800 585 890 618; x_wconf 77' lang='lat' dir='ltr'><strong>reperi</strong></span> <span class='ocrx_word' id='word_1_67' title='bbox 917 585 946 610; x_wconf 81' lang='lat' dir='ltr'><strong>in</strong></span> <span class='ocrx_word' id='word_1_68' title='bbox 972 583 1036 610; x_wconf 86' lang='lat' dir='ltr'><strong>Cod.</strong></span> 
     </span>
    </p>
   </div>
   <div class='ocr_carea' id='block_1_12' title="bbox 209 628 1038 663">
    <p class='ocr_par' dir='ltr' id='par_1_12' title="bbox 209 628 1038 663">
     <span class='ocr_line' id='line_1_12' title="bbox 209 628 1038 663; baseline -0.001 -7"><span class='ocrx_word' id='word_1_69' title='bbox 209 629 333 661; x_wconf 84' lang='lat' dir='ltr'><strong>Lucensi,</strong></span> <span class='ocrx_word' id='word_1_70' title='bbox 350 636 410 663; x_wconf 71' lang='lat' dir='ltr'><strong>quae</strong></span> <span class='ocrx_word' id='word_1_71' title='bbox 426 628 635 662; x_wconf 73' lang='lat' dir='ltr'><strong>interpolatoris</strong></span> <span class='ocrx_word' id='word_1_72' title='bbox 650 628 770 662; x_wconf 81' lang='lat' dir='ltr'><strong>alicujus</strong></span> <span class='ocrx_word' id='word_1_73' title='bbox 786 636 840 656; x_wconf 82' lang='lat' dir='ltr'><strong>esse</strong></span> <span class='ocrx_word' id='word_1_74' title='bbox 859 636 914 655; x_wconf 86' lang='lat' dir='ltr'><strong>non</strong></span> <span class='ocrx_word' id='word_1_75' title='bbox 929 628 1038 661; x_wconf 83' lang='lat' dir='ltr'><strong>dubito,</strong></span> 
     </span>
    </p>
   </div>
   <div class='ocr_carea' id='block_1_13' title="bbox 209 673 581 700">
    <p class='ocr_par' dir='ltr' id='par_1_13' title="bbox 209 673 581 700">
     <span class='ocr_line' id='line_1_13' title="bbox 209 673 581 700; baseline -0.003 0"><span class='ocrx_word' id='word_1_76' title='bbox 209 673 256 700; x_wconf 81' lang='lat' dir='ltr'><strong>sed</strong></span> <span class='ocrx_word' id='word_1_77' title='bbox 270 677 360 700; x_wconf 75' lang='lat' dir='ltr'><strong>tamen</strong></span> <span class='ocrx_word' id='word_1_78' title='bbox 375 673 468 700; x_wconf 83' lang='lat' dir='ltr'><strong>danda</strong></span> <span class='ocrx_word' id='word_1_79' title='bbox 480 676 559 699; x_wconf 87' lang='lat' dir='ltr'><strong>erant</strong></span> <span class='ocrx_word' id='word_1_80' title='bbox 572 681 581 699; x_wconf 88' lang='lat'><strong><em>:</em></strong></span> 
     </span>
    </p>
   </div>
   <div class='ocr_carea' id='block_1_14' title="bbox 249 717 1036 753">
    <p class='ocr_par' dir='ltr' id='par_1_14' title="bbox 249 717 1036 753">
     <span class='ocr_line' id='line_1_14' title="bbox 249 717 1036 753; baseline 0 -9"><span class='ocrx_word' id='word_1_81' title='bbox 249 718 433 752; x_wconf 70' lang='lat' dir='ltr'><strong>Praeceptum</strong></span> <span class='ocrx_word' id='word_1_82' title='bbox 448 717 563 744; x_wconf 91' lang='lat' dir='ltr'><strong>Domini</strong></span> <span class='ocrx_word' id='word_1_83' title='bbox 576 720 629 749; x_wconf 87' lang='lat' dir='ltr'><strong>est,</strong></span> <span class='ocrx_word' id='word_1_84' title='bbox 643 720 674 744; x_wconf 90' lang='lat' dir='ltr'><strong>ut</strong></span> <span class='ocrx_word' id='word_1_85' title='bbox 687 720 902 753; x_wconf 85' lang='lat' dir='ltr'><strong>exceptacausa</strong></span> <span class='ocrx_word' id='word_1_86' title='bbox 912 717 1036 744; x_wconf 83' lang='lat' dir='ltr'><strong>fornica-</strong></span> 
     </span>
    </p>
   </div>
   <div class='ocr_carea' id='block_1_15' title="bbox 213 762 1039 798">
    <p class='ocr_par' dir='ltr' id='par_1_15' title="bbox 213 762 1039 798">
     <span class='ocr_line' id='line_1_15' title="bbox 213 762 1039 798; baseline -0.001 -8"><span class='ocrx_word' id='word_1_87' title='bbox 213 763 315 796; x_wconf 78' lang='lat' dir='ltr'><strong>tionis,</strong></span> <span class='ocrx_word' id='word_1_88' title='bbox 333 771 406 789; x_wconf 87' lang='lat' dir='ltr'><strong>uxor</strong></span> <span class='ocrx_word' id='word_1_89' title='bbox 420 771 437 789; x_wconf 88' lang='lat' dir='ltr'><strong>a</strong></span> <span class='ocrx_word' id='word_1_90' title='bbox 453 762 512 789; x_wconf 87' lang='lat' dir='ltr'><strong>viro</strong></span> <span class='ocrx_word' id='word_1_91' title='bbox 529 762 637 790; x_wconf 78' lang='lat' dir='ltr'><strong>dimitti</strong></span> <span class='ocrx_word' id='word_1_92' title='bbox 654 771 712 790; x_wconf 93' lang='lat' dir='ltr'><strong>non</strong></span> <span class='ocrx_word' id='word_1_93' title='bbox 723 763 846 795; x_wconf 80' lang='lat' dir='ltr'><strong>debeat;</strong></span> <span class='ocrx_word' id='word_1_94' title='bbox 858 763 960 790; x_wconf 90' lang='lat' dir='ltr'><strong>etideo</strong></span> <span class='ocrx_word' id='word_1_95' title='bbox 972 763 1039 798; x_wconf 89' lang='lat' dir='ltr'><strong>qui-</strong></span> 
     </span>
    </p>
   </div>
   <div class='ocr_carea' id='block_1_16' title="bbox 213 806 1038 843">
    <p class='ocr_par' dir='ltr' id='par_1_16' title="bbox 213 806 1038 843">
     <span class='ocr_line' id='line_1_16' title="bbox 213 806 1038 843; baseline -0.001 -8"><span class='ocrx_word' id='word_1_96' title='bbox 213 815 330 841; x_wconf 87' lang='lat' dir='ltr'><strong>cunque</strong></span> <span class='ocrx_word' id='word_1_97' title='bbox 345 807 420 833; x_wconf 90' lang='lat' dir='ltr'><strong>citra</strong></span> <span class='ocrx_word' id='word_1_98' title='bbox 428 806 544 842; x_wconf 82' lang='lat' dir='ltr'><strong>culpam</strong></span> <span class='ocrx_word' id='word_1_99' title='bbox 561 807 694 834; x_wconf 82' lang='lat' dir='ltr'><strong>criminis</strong></span> <span class='ocrx_word' id='word_1_100' title='bbox 707 808 898 843; x_wconf 87' lang='lat' dir='ltr'><strong>suprascripti</strong></span> <span class='ocrx_word' id='word_1_101' title='bbox 916 815 1038 835; x_wconf 83' lang='lat' dir='ltr'><strong>uxorem</strong></span> 
     </span>
    </p>
   </div>
   <div class='ocr_carea' id='block_1_17' title="bbox 212 851 1038 886">
    <p class='ocr_par' dir='ltr' id='par_1_17' title="bbox 212 851 1038 886">
     <span class='ocr_line' id='line_1_17' title="bbox 212 851 1038 886; baseline 0 -8"><span class='ocrx_word' id='word_1_102' title='bbox 212 859 296 878; x_wconf 87' lang='lat' dir='ltr'><strong>suam</strong></span> <span class='ocrx_word' id='word_1_103' title='bbox 313 859 489 886; x_wconf 85' lang='lat' dir='ltr'><strong>quacunque</strong></span> <span class='ocrx_word' id='word_1_104' title='bbox 505 851 660 878; x_wconf 88' lang='lat' dir='ltr'><strong>occasione</strong></span> <span class='ocrx_word' id='word_1_105' title='bbox 685 851 841 885; x_wconf 85' lang='lat' dir='ltr'><strong>dimiserit,</strong></span> <span class='ocrx_word' id='word_1_106' title='bbox 866 852 936 886; x_wconf 82' lang='lat' dir='ltr'><strong>quia</strong></span> <span class='ocrx_word' id='word_1_107' title='bbox 959 851 1038 886; x_wconf 92' lang='lat' dir='ltr'><strong>quod</strong></span> 
     </span>
    </p>
   </div>
   <div class='ocr_carea' id='block_1_18' title="bbox 212 895 1039 931">
    <p class='ocr_par' dir='ltr' id='par_1_18' title="bbox 212 895 1039 931">
     <span class='ocr_line' id='line_1_18' title="bbox 212 895 1039 931; baseline 0 -9"><span class='ocrx_word' id='word_1_108' title='bbox 212 896 289 923; x_wconf 90' lang='lat' dir='ltr'><strong>Deus</strong></span> <span class='ocrx_word' id='word_1_109' title='bbox 304 895 470 930; x_wconf 83' lang='lat' dir='ltr'><strong>conjunxit,</strong></span> <span class='ocrx_word' id='word_1_110' title='bbox 487 895 537 922; x_wconf 90' lang='lat' dir='ltr'><strong>ille</strong></span> <span class='ocrx_word' id='word_1_111' title='bbox 554 903 690 931; x_wconf 86' lang='lat' dir='ltr'><strong>separare</strong></span> <span class='ocrx_word' id='word_1_112' title='bbox 708 895 862 931; x_wconf 84' lang='lat' dir='ltr'><strong>disposuit,</strong></span> <span class='ocrx_word' id='word_1_113' title='bbox 876 895 979 922; x_wconf 86' lang='lat' dir='ltr'><strong>tandiu</strong></span> <span class='ocrx_word' id='word_1_114' title='bbox 994 903 1039 923; x_wconf 87' lang='lat' dir='ltr'><strong>ec-</strong></span> 
     </span>
    </p>
   </div>
   <div class='ocr_carea' id='block_1_19' title="bbox 214 940 1038 976">
    <p class='ocr_par' dir='ltr' id='par_1_19' title="bbox 214 940 1038 976">
     <span class='ocr_line' id='line_1_19' title="bbox 214 940 1038 976; baseline 0 -9"><span class='ocrx_word' id='word_1_115' title='bbox 214 940 378 968; x_wconf 86' lang='lat' dir='ltr'><strong>clesiastica</strong></span> <span class='ocrx_word' id='word_1_116' title='bbox 394 941 604 968; x_wconf 87' lang='lat' dir='ltr'><strong>communione</strong></span> <span class='ocrx_word' id='word_1_117' title='bbox 621 941 762 976; x_wconf 88' lang='lat' dir='ltr'><strong>privetur,</strong></span> <span class='ocrx_word' id='word_1_118' title='bbox 774 944 803 967; x_wconf 85' lang='lat' dir='ltr'><strong>et</strong></span> <span class='ocrx_word' id='word_1_119' title='bbox 817 944 893 968; x_wconf 86' lang='lat' dir='ltr'><strong>ccetu</strong></span> <span class='ocrx_word' id='word_1_120' title='bbox 904 941 1038 968; x_wconf 89' lang='lat' dir='ltr'><strong>omnium</strong></span> 
     </span>
    </p>
   </div>
   <div class='ocr_carea' id='block_1_20' title="bbox 211 984 1039 1020">
    <p class='ocr_par' dir='ltr' id='par_1_20' title="bbox 211 984 1039 1020">
     <span class='ocr_line' id='line_1_20' title="bbox 211 984 1039 1020; baseline 0 -9"><span class='ocrx_word' id='word_1_121' title='bbox 211 984 447 1012; x_wconf 87' lang='lat' dir='ltr'><strong>Christianorum</strong></span> <span class='ocrx_word' id='word_1_122' title='bbox 464 988 583 1012; x_wconf 86' lang='lat' dir='ltr'><strong>maneat</strong></span> <span class='ocrx_word' id='word_1_123' title='bbox 598 985 726 1018; x_wconf 88' lang='lat' dir='ltr'><strong>alienus,</strong></span> <span class='ocrx_word' id='word_1_124' title='bbox 744 985 876 1020; x_wconf 86' lang='lat' dir='ltr'><strong>quandiu</strong></span> <span class='ocrx_word' id='word_1_125' title='bbox 892 988 921 1012; x_wconf 88' lang='lat' dir='ltr'><strong>et</strong></span> <span class='ocrx_word' id='word_1_126' title='bbox 937 985 974 1012; x_wconf 91' lang='lat' dir='ltr'><strong>ad</strong></span> <span class='ocrx_word' id='word_1_127' title='bbox 990 993 1039 1012; x_wconf 88' lang='lat' dir='ltr'><strong>so—</strong></span> 
     </span>
    </p>
   </div>
   <div class='ocr_carea' id='block_1_21' title="bbox 215 1028 1041 1065">
    <p class='ocr_par' dir='ltr' id='par_1_21' title="bbox 215 1028 1041 1065">
     <span class='ocr_line' id='line_1_21' title="bbox 215 1028 1041 1065; baseline -0.001 -9"><span class='ocrx_word' id='word_1_128' title='bbox 215 1030 352 1056; x_wconf 87' lang='lat' dir='ltr'><strong>cietatem</strong></span> <span class='ocrx_word' id='word_1_129' title='bbox 367 1028 475 1056; x_wconf 67' lang='lat' dir='ltr'><strong>relictae</strong></span> <span class='ocrx_word' id='word_1_130' title='bbox 487 1029 622 1064; x_wconf 83' lang='lat' dir='ltr'><strong>conjugis</strong></span> <span class='ocrx_word' id='word_1_131' title='bbox 638 1029 749 1059; x_wconf 76' lang='lat' dir='ltr'><strong>redeat,</strong></span> <span class='ocrx_word' id='word_1_132' title='bbox 759 1032 789 1056; x_wconf 86' lang='lat' dir='ltr'><strong>et</strong></span> <span class='ocrx_word' id='word_1_133' title='bbox 802 1032 916 1065; x_wconf 87' lang='lat' dir='ltr'><strong>partem</strong></span> <span class='ocrx_word' id='word_1_134' title='bbox 929 1030 972 1056; x_wconf 92' lang='lat' dir='ltr'><strong>sui</strong></span> <span class='ocrx_word' id='word_1_135' title='bbox 982 1037 1041 1056; x_wconf 87' lang='lat' dir='ltr'><strong>cor-</strong></span> 
     </span>
    </p>
   </div>
   <div class='ocr_carea' id='block_1_22' title="bbox 214 1073 1041 1109">
    <p class='ocr_par' dir='ltr' id='par_1_22' title="bbox 214 1073 1041 1109">
     <span class='ocr_line' id='line_1_22' title="bbox 214 1073 1041 1109; baseline -0.001 -8"><span class='ocrx_word' id='word_1_136' title='bbox 214 1074 295 1109; x_wconf 86' lang='lat' dir='ltr'><strong>poris</strong></span> <span class='ocrx_word' id='word_1_137' title='bbox 311 1074 436 1101; x_wconf 87' lang='lat' dir='ltr'><strong>honesta</strong></span> <span class='ocrx_word' id='word_1_138' title='bbox 449 1073 512 1109; x_wconf 78' lang='lat' dir='ltr'><strong>lege</strong></span> <span class='ocrx_word' id='word_1_139' title='bbox 527 1074 659 1109; x_wconf 73' lang='lat' dir='ltr'><strong>conjugii</strong></span> <span class='ocrx_word' id='word_1_140' title='bbox 675 1074 831 1101; x_wconf 88' lang='lat' dir='ltr'><strong>sinceriter</strong></span> <span class='ocrx_word' id='word_1_141' title='bbox 846 1074 1041 1109; x_wconf 85' lang='lat' dir='ltr'><strong>amplectatur</strong></span> 
     </span>
    </p>
   </div>
   <div class='ocr_carea' id='block_1_23' title="bbox 216 1118 1040 1153">
    <p class='ocr_par' dir='ltr' id='par_1_23' title="bbox 216 1118 1040 1153">
     <span class='ocr_line' id='line_1_23' title="bbox 216 1118 1040 1153; baseline 0 -8"><span class='ocrx_word' id='word_1_142' title='bbox 216 1121 246 1145; x_wconf 86' lang='lat' dir='ltr'><strong>et</strong></span> <span class='ocrx_word' id='word_1_143' title='bbox 261 1118 404 1145; x_wconf 82' lang='lat' dir='ltr'><strong>foveat.lli</strong></span> <span class='ocrx_word' id='word_1_144' title='bbox 416 1121 515 1145; x_wconf 86' lang='lat' dir='ltr'><strong>tamen</strong></span> <span class='ocrx_word' id='word_1_145' title='bbox 526 1118 577 1153; x_wconf 89' lang='lat' dir='ltr'><strong>qui</strong></span> <span class='ocrx_word' id='word_1_146' title='bbox 587 1119 651 1153; x_wconf 89' lang='lat' dir='ltr'><strong>jam</strong></span> <span class='ocrx_word' id='word_1_147' title='bbox 664 1121 732 1145; x_wconf 89' lang='lat' dir='ltr'><strong>ante</strong></span> <span class='ocrx_word' id='word_1_148' title='bbox 745 1119 848 1145; x_wconf 86' lang='lat' dir='ltr'><strong>moniti</strong></span> <span class='ocrx_word' id='word_1_149' title='bbox 861 1127 878 1146; x_wconf 87' lang='lat' dir='ltr'><strong>a</strong></span> <span class='ocrx_word' id='word_1_150' title='bbox 888 1118 1040 1145; x_wconf 81' lang='lat' dir='ltr'><strong>sacerdote</strong></span> 
     </span>
    </p>
   </div>
   <div class='ocr_carea' id='block_1_24' title="bbox 220 1162 1041 1198">
    <p class='ocr_par' dir='ltr' id='par_1_24' title="bbox 220 1162 1041 1198">
     <span class='ocr_line' id='line_1_24' title="bbox 220 1162 1041 1198; baseline 0.001 -9"><span class='ocrx_word' id='word_1_151' title='bbox 220 1162 324 1195; x_wconf 83' lang='lat' dir='ltr'><strong>semel,</strong></span> <span class='ocrx_word' id='word_1_152' title='bbox 340 1165 370 1189; x_wconf 95' lang='lat' dir='ltr'><strong>et</strong></span> <span class='ocrx_word' id='word_1_153' title='bbox 382 1162 439 1194; x_wconf 88' lang='lat' dir='ltr'><strong>his,</strong></span> <span class='ocrx_word' id='word_1_154' title='bbox 452 1164 609 1197; x_wconf 90' lang='lat' dir='ltr'><strong>tortioque,</strong></span> <span class='ocrx_word' id='word_1_155' title='bbox 623 1165 657 1190; x_wconf 90' lang='lat' dir='ltr'><strong>ut</strong></span> <span class='ocrx_word' id='word_1_156' title='bbox 666 1162 861 1198; x_wconf 78' lang='lat' dir='ltr'><strong>corrigantur,</strong></span> <span class='ocrx_word' id='word_1_157' title='bbox 871 1163 907 1190; x_wconf 87' lang='lat' dir='ltr'><strong>ad</strong></span> <span class='ocrx_word' id='word_1_158' title='bbox 918 1163 1041 1190; x_wconf 87' lang='lat' dir='ltr'><strong>charum</strong></span> 
     </span>
    </p>
   </div>
   <div class='ocr_carea' id='block_1_25' title="bbox 220 1205 1041 1242">
    <p class='ocr_par' dir='ltr' id='par_1_25' title="bbox 220 1205 1041 1242">
     <span class='ocr_line' id='line_1_25' title="bbox 220 1205 1041 1242; baseline 0.001 -10"><span class='ocrx_word' id='word_1_159' title='bbox 220 1213 280 1233; x_wconf 67' lang='lat' dir='ltr'><strong>sua!</strong></span> <span class='ocrx_word' id='word_1_160' title='bbox 296 1205 430 1240; x_wconf 80' lang='lat' dir='ltr'><strong>conjugis</strong></span> <span class='ocrx_word' id='word_1_161' title='bbox 446 1205 543 1233; x_wconf 89' lang='lat' dir='ltr'><strong>redire</strong></span> <span class='ocrx_word' id='word_1_162' title='bbox 559 1205 710 1233; x_wconf 88' lang='lat' dir='ltr'><strong>noluerint</strong></span> <span class='ocrx_word' id='word_1_163' title='bbox 728 1206 921 1239; x_wconf 81' lang='lat' dir='ltr'><strong>consortium,</strong></span> <span class='ocrx_word' id='word_1_164' title='bbox 939 1206 994 1242; x_wconf 90' lang='lat' dir='ltr'><strong>ipsi</strong></span> <span class='ocrx_word' id='word_1_165' title='bbox 1010 1214 1041 1233; x_wconf 92' lang='lat' dir='ltr'><strong>se</strong></span> 
     </span>
    </p>
   </div>
   <div class='ocr_carea' id='block_1_26' title="bbox 217 1249 1041 1286">
    <p class='ocr_par' dir='ltr' id='par_1_26' title="bbox 217 1249 1041 1286">
     <span class='ocr_line' id='line_1_26' title="bbox 217 1249 1041 1286; baseline 0.002 -10"><span class='ocrx_word' id='word_1_166' title='bbox 217 1250 279 1277; x_wconf 83' lang='lat' dir='ltr'><strong>suis</strong></span> <span class='ocrx_word' id='word_1_167' title='bbox 294 1250 421 1282; x_wconf 86' lang='lat' dir='ltr'><strong>meritis,</strong></span> <span class='ocrx_word' id='word_1_168' title='bbox 430 1252 459 1276; x_wconf 87' lang='lat' dir='ltr'><strong>et</strong></span> <span class='ocrx_word' id='word_1_169' title='bbox 469 1258 486 1277; x_wconf 92' lang='lat' dir='ltr'><strong>a</strong></span> <span class='ocrx_word' id='word_1_170' title='bbox 500 1249 637 1285; x_wconf 73' lang='lat' dir='ltr'><strong>palatium</strong></span> <span class='ocrx_word' id='word_1_171' title='bbox 650 1250 803 1285; x_wconf 79' lang='lat' dir='ltr'><strong>dignitatis</strong></span> <span class='ocrx_word' id='word_1_172' title='bbox 812 1250 910 1278; x_wconf 85' lang='lat' dir='ltr'><strong>ofﬁcio</strong></span> <span class='ocrx_word' id='word_1_173' title='bbox 923 1259 1041 1286; x_wconf 82' lang='lat' dir='ltr'><strong>separa-</strong></span> 
     </span>
    </p>
   </div>
   <div class='ocr_carea' id='block_1_27' title="bbox 215 1293 1040 1331">
    <p class='ocr_par' dir='ltr' id='par_1_27' title="bbox 215 1293 1040 1331">
     <span class='ocr_line' id='line_1_27' title="bbox 215 1293 1040 1331; baseline 0.002 -10"><span class='ocrx_word' id='word_1_174' title='bbox 215 1293 302 1326; x_wconf 87' lang='lat' dir='ltr'><strong>bunt,</strong></span> <span class='ocrx_word' id='word_1_175' title='bbox 319 1297 349 1322; x_wconf 90' lang='lat' dir='ltr'><strong>et</strong></span> <span class='ocrx_word' id='word_1_176' title='bbox 363 1294 485 1330; x_wconf 86' lang='lat' dir='ltr'><strong>insuper</strong></span> <span class='ocrx_word' id='word_1_177' title='bbox 499 1303 650 1330; x_wconf 66' lang='lat' dir='ltr'><strong>generosas</strong></span> <span class='ocrx_word' id='word_1_178' title='bbox 662 1295 813 1331; x_wconf 78' lang='lat' dir='ltr'><strong>dignitatis</strong></span> <span class='ocrx_word' id='word_1_179' title='bbox 826 1296 1040 1330; x_wconf 87' lang='lat' dir='ltr'><strong>testimonium,</strong></span> 
     </span>
    </p>
   </div>
   <div class='ocr_carea' id='block_1_28' title="bbox 217 1338 1040 1375">
    <p class='ocr_par' dir='ltr' id='par_1_28' title="bbox 217 1338 1040 1375">
     <span class='ocr_line' id='line_1_28' title="bbox 217 1338 1040 1375; baseline 0.001 -9"><span class='ocrx_word' id='word_1_180' title='bbox 217 1339 350 1374; x_wconf 87' lang='lat' dir='ltr'><strong>quandiu</strong></span> <span class='ocrx_word' id='word_1_181' title='bbox 366 1339 397 1365; x_wconf 93' lang='lat' dir='ltr'><strong>iu</strong></span> <span class='ocrx_word' id='word_1_182' title='bbox 413 1338 501 1374; x_wconf 87' lang='lat' dir='ltr'><strong>culpa</strong></span> <span class='ocrx_word' id='word_1_183' title='bbox 516 1339 636 1371; x_wconf 83' lang='lat' dir='ltr'><strong>fuerint,</strong></span> <span class='ocrx_word' id='word_1_184' title='bbox 663 1340 811 1375; x_wconf 85' lang='lat' dir='ltr'><strong>amissuri,</strong></span> <span class='ocrx_word' id='word_1_185' title='bbox 836 1341 905 1375; x_wconf 87' lang='lat' dir='ltr'><strong>quia</strong></span> <span class='ocrx_word' id='word_1_186' title='bbox 921 1348 1040 1367; x_wconf 90' lang='lat' dir='ltr'><strong>carnem</strong></span> 
     </span>
    </p>
   </div>
   <div class='ocr_carea' id='block_1_29' title="bbox 216 1381 774 1418">
    <p class='ocr_par' dir='ltr' id='par_1_29' title="bbox 216 1381 774 1418">
     <span class='ocr_line' id='line_1_29' title="bbox 216 1381 774 1418; baseline 0.004 -9"><span class='ocrx_word' id='word_1_187' title='bbox 216 1390 311 1416; x_wconf 85' lang='lat' dir='ltr'><strong>suam,</strong></span> <span class='ocrx_word' id='word_1_188' title='bbox 325 1381 440 1409; x_wconf 90' lang='lat' dir='ltr'><strong>dissidii</strong></span> <span class='ocrx_word' id='word_1_189' title='bbox 451 1382 557 1418; x_wconf 78' lang='lat' dir='ltr'><strong>jugulo</strong></span> <span class='ocrx_word' id='word_1_190' title='bbox 578 1383 774 1411; x_wconf 88' lang='lat' dir='ltr'><strong>tradiderunt.</strong></span> 
     </span>
    </p>
   </div>
   <div class='ocr_carea' id='block_1_30' title="bbox 509 1437 744 1463">
    <p class='ocr_par' dir='ltr' id='par_1_30' title="bbox 509 1437 744 1463">
     <span class='ocr_line' id='line_1_30' title="bbox 509 1437 744 1463; baseline 0 0"><span class='ocrx_word' id='word_1_191' title='bbox 509 1437 677 1463; x_wconf 86' lang='lat' dir='ltr'><strong>EPlSTOLA</strong></span> <span class='ocrx_word' id='word_1_192' title='bbox 698 1438 744 1463; x_wconf 89' lang='lat' dir='ltr'><strong>Ill.</strong></span> 
     </span>
    </p>
   </div>
   <div class='ocr_carea' id='block_1_31' title="bbox 267 1481 995 1516">
    <p class='ocr_par' dir='ltr' id='par_1_31' title="bbox 267 1481 995 1516">
     <span class='ocr_line' id='line_1_31' title="bbox 267 1481 995 1516; baseline 0.003 -9"><span class='ocrx_word' id='word_1_193' title='bbox 267 1481 300 1507; x_wconf 84' lang='lat' dir='ltr'><strong>Ut</strong></span> <span class='ocrx_word' id='word_1_194' title='bbox 315 1481 437 1507; x_wconf 76' lang='lat' dir='ltr'><strong>nitemur</strong></span> <span class='ocrx_word' id='word_1_195' title='bbox 453 1481 635 1508; x_wconf 71' lang='lat' dir='ltr'><strong>detractiones</strong></span> <span class='ocrx_word' id='word_1_196' title='bbox 650 1484 677 1508; x_wconf 85' lang='lat' dir='ltr'><strong>et</strong></span> <span class='ocrx_word' id='word_1_197' title='bbox 692 1481 803 1516; x_wconf 58' lang='lat' dir='ltr'><strong>injuste</strong></span> <span class='ocrx_word' id='word_1_198' title='bbox 816 1482 995 1516; x_wconf 79' lang='lat' dir='ltr'><strong>pulsationes.</strong></span> 
     </span>
    </p>
   </div>
   <div class='ocr_carea' id='block_1_32' title="bbox 251 1524 1041 1560">
    <p class='ocr_par' dir='ltr' id='par_1_32' title="bbox 251 1524 1041 1560">
     <span class='ocr_line' id='line_1_32' title="bbox 251 1524 1041 1560; baseline 0.003 -8"><span class='ocrx_word' id='word_1_199' title='bbox 251 1524 420 1552; x_wconf 75' lang='lat' dir='ltr'><strong>Alexander</strong></span> <span class='ocrx_word' id='word_1_200' title='bbox 435 1525 601 1560; x_wconf 87' lang='lat' dir='ltr'><strong>episcopus,</strong></span> <span class='ocrx_word' id='word_1_201' title='bbox 613 1525 753 1552; x_wconf 84' lang='lat' dir='ltr'><strong>omnibus</strong></span> <span class='ocrx_word' id='word_1_202' title='bbox 764 1525 862 1553; x_wconf 89' lang='lat' dir='ltr'><strong>divino</strong></span> <span class='ocrx_word' id='word_1_203' title='bbox 876 1527 1041 1554; x_wconf 87' lang='lat' dir='ltr'><strong>sacerdotio</strong></span> 
     </span>
    </p>
   </div>
   <div class='ocr_carea' id='block_1_33' title="bbox 216 1568 1044 1605">
    <p class='ocr_par' dir='ltr' id='par_1_33' title="bbox 216 1568 1044 1605">
     <span class='ocr_line' id='line_1_33' title="bbox 216 1568 1044 1605; baseline 0.001 -9"><span class='ocrx_word' id='word_1_204' title='bbox 216 1568 409 1604; x_wconf 82' lang='lat' dir='ltr'><strong>fungentibus</strong></span> <span class='ocrx_word' id='word_1_205' title='bbox 425 1577 480 1604; x_wconf 82' lang='lat' dir='ltr'><strong>pax</strong></span> <span class='ocrx_word' id='word_1_206' title='bbox 499 1572 529 1596; x_wconf 91' lang='lat' dir='ltr'><strong>et</strong></span> <span class='ocrx_word' id='word_1_207' title='bbox 543 1569 749 1597; x_wconf 87' lang='lat' dir='ltr'><strong>misericordia</strong></span> <span class='ocrx_word' id='word_1_208' title='bbox 774 1570 998 1605; x_wconf 83' lang='lat' dir='ltr'><strong>multiplicetur,</strong></span> <span class='ocrx_word' id='word_1_209' title='bbox 1014 1573 1044 1597; x_wconf 88' lang='lat' dir='ltr'><strong>et</strong></span> 
     </span>
    </p>
   </div>
   <div class='ocr_carea' id='block_1_34' title="bbox 217 1613 1043 1650">
    <p class='ocr_par' dir='ltr' id='par_1_34' title="bbox 217 1613 1043 1650">
     <span class='ocr_line' id='line_1_34' title="bbox 217 1613 1043 1650; baseline 0.002 -10"><span class='ocrx_word' id='word_1_210' title='bbox 217 1614 364 1649; x_wconf 80' lang='lat' dir='ltr'><strong>sapientia</strong></span> <span class='ocrx_word' id='word_1_211' title='bbox 372 1616 461 1648; x_wconf 86' lang='lat' dir='ltr'><strong>atque</strong></span> <span class='ocrx_word' id='word_1_212' title='bbox 471 1613 549 1640; x_wconf 87' lang='lat' dir='ltr'><strong>bona</strong></span> <span class='ocrx_word' id='word_1_213' title='bbox 560 1613 694 1641; x_wconf 85' lang='lat' dir='ltr'><strong>voluntas</strong></span> <span class='ocrx_word' id='word_1_214' title='bbox 707 1614 738 1641; x_wconf 94' lang='lat' dir='ltr'><strong>in</strong></span> <span class='ocrx_word' id='word_1_215' title='bbox 750 1614 887 1641; x_wconf 87' lang='lat' dir='ltr'><strong>omnibus</strong></span> <span class='ocrx_word' id='word_1_216' title='bbox 900 1618 1043 1650; x_wconf 81' lang='lat' dir='ltr'><strong>augeatur</strong></span> 
     </span>
    </p>
   </div>
   <div class='ocr_carea' id='block_1_35' title="bbox 218 1657 655 1685">
    <p class='ocr_par' dir='ltr' id='par_1_35' title="bbox 218 1657 655 1685">
     <span class='ocr_line' id='line_1_35' title="bbox 218 1657 655 1685; baseline 0 -1"><span class='ocrx_word' id='word_1_217' title='bbox 218 1660 248 1684; x_wconf 87' lang='lat' dir='ltr'><strong>et</strong></span> <span class='ocrx_word' id='word_1_218' title='bbox 261 1657 458 1685; x_wconf 85' lang='lat' dir='ltr'><strong>fructiﬂcetur</strong></span> <span class='ocrx_word' id='word_1_219' title='bbox 473 1658 503 1684; x_wconf 92' lang='lat' dir='ltr'><strong>in</strong></span> <span class='ocrx_word' id='word_1_220' title='bbox 521 1658 655 1685; x_wconf 91' lang='lat' dir='ltr'><strong>Domino.</strong></span> 
     </span>
    </p>
   </div>
   <div class='ocr_carea' id='block_1_36' title="bbox 253 1702 1038 1739">
    <p class='ocr_par' dir='ltr' id='par_1_36' title="bbox 253 1702 1038 1739">
     <span class='ocr_line' id='line_1_36' title="bbox 253 1702 1038 1739; baseline 0.004 -11"><span class='ocrx_word' id='word_1_221' title='bbox 253 1713 267 1726; x_wconf 77' lang='grc' dir='ltr'>κ</span> <span class='ocrx_word' id='word_1_222' title='bbox 285 1702 384 1729; x_wconf 87' lang='lat' dir='ltr'><strong>Gratia</strong></span> <span class='ocrx_word' id='word_1_223' title='bbox 399 1702 450 1729; x_wconf 92' lang='lat' dir='ltr'><strong>Dei</strong></span> <span class='ocrx_word' id='word_1_224' title='bbox 468 1710 583 1735; x_wconf 75' lang='lat' dir='ltr'><strong>sumus,</strong></span> <span class='ocrx_word' id='word_1_225' title='bbox 598 1702 705 1730; x_wconf 83' lang='lat' dir='ltr'><strong>fratres</strong></span> <span class='ocrx_word' id='word_1_226' title='bbox 721 1703 898 1737; x_wconf 85' lang='lat' dir='ltr'><strong>charissimi,</strong></span> <span class='ocrx_word' id='word_1_227' title='bbox 915 1704 944 1731; x_wconf 89' lang='lat' dir='ltr'><strong>id</strong></span> <span class='ocrx_word' id='word_1_228' title='bbox 960 1704 1038 1739; x_wconf 90' lang='lat' dir='ltr'><strong>quod</strong></span> 
     </span>
    </p>
   </div>
   <div class='ocr_carea' id='block_1_37' title="bbox 217 1745 1039 1783">
    <p class='ocr_par' dir='ltr' id='par_1_37' title="bbox 217 1745 1039 1783">
     <span class='ocr_line' id='line_1_37' title="bbox 217 1745 1039 1783; baseline 0.004 -11"><span class='ocrx_word' id='word_1_229' title='bbox 217 1753 320 1772; x_wconf 88' lang='lat' dir='ltr'><strong>sumus</strong></span> <span class='ocrx_word' id='word_1_230' title='bbox 335 1745 368 1772; x_wconf 67' lang='grc' dir='ltr'><strong>ιι,</strong></span> <span class='ocrx_word' id='word_1_231' title='bbox 387 1756 400 1769; x_wconf 74' lang='grc' dir='ltr'><strong>»ι</strong></span> <span class='ocrx_word' id='word_1_232' title='bbox 416 1745 528 1773; x_wconf 87' lang='lat' dir='ltr'><strong>Idcirco</strong></span> <span class='ocrx_word' id='word_1_233' title='bbox 544 1745 630 1773; x_wconf 91' lang='lat' dir='ltr'><strong>nobis</strong></span> <span class='ocrx_word' id='word_1_234' title='bbox 645 1747 858 1781; x_wconf 86' lang='lat' dir='ltr'><strong>providendum</strong></span> <span class='ocrx_word' id='word_1_235' title='bbox 875 1750 928 1780; x_wconf 83' lang='lat' dir='ltr'><strong>est,</strong></span> <span class='ocrx_word' id='word_1_236' title='bbox 945 1751 974 1775; x_wconf 84' lang='lat' dir='ltr'><strong>et</strong></span> <span class='ocrx_word' id='word_1_237' title='bbox 988 1756 1039 1783; x_wconf 90' lang='lat' dir='ltr'><strong>op-</strong></span> 
     </span>
    </p>
   </div>
   <div class='ocr_carea' id='block_1_38' title="bbox 214 1789 1038 1827">
    <p class='ocr_par' dir='ltr' id='par_1_38' title="bbox 214 1789 1038 1827">
     <span class='ocr_line' id='line_1_38' title="bbox 214 1789 1038 1827; baseline 0.004 -11"><span class='ocrx_word' id='word_1_238' title='bbox 214 1789 285 1825; x_wconf 91' lang='lat' dir='ltr'><strong>pido</strong></span> <span class='ocrx_word' id='word_1_239' title='bbox 294 1789 518 1823; x_wconf 86' lang='lat' dir='ltr'><strong>decertandum,</strong></span> <span class='ocrx_word' id='word_1_240' title='bbox 531 1798 567 1817; x_wconf 93' lang='lat' dir='ltr'><strong>ne</strong></span> <span class='ocrx_word' id='word_1_241' title='bbox 582 1790 612 1817; x_wconf 92' lang='lat' dir='ltr'><strong>in</strong></span> <span class='ocrx_word' id='word_1_242' title='bbox 624 1799 659 1818; x_wconf 86' lang='lat' dir='ltr'><strong>ea</strong></span> <span class='ocrx_word' id='word_1_243' title='bbox 669 1791 751 1818; x_wconf 86' lang='lat' dir='ltr'><strong>vacui</strong></span> <span class='ocrx_word' id='word_1_244' title='bbox 764 1792 959 1825; x_wconf 86' lang='lat' dir='ltr'><strong>inveniamur,</strong></span> <span class='ocrx_word' id='word_1_245' title='bbox 976 1792 1038 1827; x_wconf 86' lang='lat' dir='ltr'><strong>sed,</strong></span> 
     </span>
    </p>
   </div>
   <div class='ocr_carea' id='block_1_39' title="bbox 215 1833 1038 1871">
    <p class='ocr_par' dir='ltr' id='par_1_39' title="bbox 215 1833 1038 1871">
     <span class='ocr_line' id='line_1_39' title="bbox 215 1833 1038 1871; baseline 0.005 -11"><span class='ocrx_word' id='word_1_246' title='bbox 215 1833 319 1861; x_wconf 85' lang='lat' dir='ltr'><strong>eadem</strong></span> <span class='ocrx_word' id='word_1_247' title='bbox 334 1834 420 1861; x_wconf 88' lang='lat' dir='ltr'><strong>nobis</strong></span> <span class='ocrx_word' id='word_1_248' title='bbox 436 1838 614 1870; x_wconf 85' lang='lat' dir='ltr'><strong>cooperante</strong></span> <span class='ocrx_word' id='word_1_249' title='bbox 628 1836 733 1871; x_wconf 84' lang='lat' dir='ltr'><strong>gratia,</strong></span> <span class='ocrx_word' id='word_1_250' title='bbox 757 1836 886 1863; x_wconf 89' lang='lat' dir='ltr'><strong>fructum</strong></span> <span class='ocrx_word' id='word_1_251' title='bbox 914 1837 1038 1864; x_wconf 90' lang='lat' dir='ltr'><strong>Domino</strong></span> 
     </span>
    </p>
   </div>
   <div class='ocr_carea' id='block_1_40' title="bbox 214 1877 1038 1917">
    <p class='ocr_par' dir='ltr' id='par_1_40' title="bbox 214 1877 1038 1917">
     <span class='ocr_line' id='line_1_40' title="bbox 214 1877 1038 1917; baseline 0.005 -12"><span class='ocrx_word' id='word_1_252' title='bbox 214 1877 376 1914; x_wconf 89' lang='lat' dir='ltr'><strong>plurimum</strong></span> <span class='ocrx_word' id='word_1_253' title='bbox 388 1882 583 1914; x_wconf 87' lang='lat' dir='ltr'><strong>reportemus.</strong></span> <span class='ocrx_word' id='word_1_254' title='bbox 597 1879 680 1912; x_wconf 87' lang='lat' dir='ltr'><strong>Quod</strong></span> <span class='ocrx_word' id='word_1_255' title='bbox 693 1880 780 1907; x_wconf 86' lang='lat' dir='ltr'><strong>aliter</strong></span> <span class='ocrx_word' id='word_1_256' title='bbox 791 1881 853 1908; x_wconf 79' lang='lat' dir='ltr'><strong>fieri</strong></span> <span class='ocrx_word' id='word_1_257' title='bbox 863 1889 922 1909; x_wconf 90' lang='lat' dir='ltr'><strong>non</strong></span> <span class='ocrx_word' id='word_1_258' title='bbox 932 1884 1038 1917; x_wconf 84' lang='lat' dir='ltr'><strong>potest,</strong></span> 
     </span>
    </p>
   </div>
   <div class='ocr_carea' id='block_1_41' title="bbox 214 1923 1039 1961">
    <p class='ocr_par' dir='ltr' id='par_1_41' title="bbox 214 1923 1039 1961">
     <span class='ocr_line' id='line_1_41' title="bbox 214 1923 1039 1961; baseline 0.005 -12"><span class='ocrx_word' id='word_1_259' title='bbox 214 1923 273 1950; x_wconf 84' lang='lat' dir='ltr'><strong>nisi</strong></span> <span class='ocrx_word' id='word_1_260' title='bbox 284 1923 460 1958; x_wconf 87' lang='lat' dir='ltr'><strong>sapientiam</strong></span> <span class='ocrx_word' id='word_1_261' title='bbox 468 1924 608 1951; x_wconf 88' lang='lat' dir='ltr'><strong>sectando</strong></span> <span class='ocrx_word' id='word_1_262' title='bbox 617 1924 777 1959; x_wconf 71' lang='lat' dir='ltr'><strong>&#39;5,ejusque</strong></span> <span class='ocrx_word' id='word_1_263' title='bbox 785 1929 930 1961; x_wconf 64' lang='lat' dir='ltr'><strong>praecepta</strong></span> <span class='ocrx_word' id='word_1_264' title='bbox 939 1926 1039 1953; x_wconf 88' lang='lat' dir='ltr'><strong>lectio—</strong></span> 
     </span>
    </p>
   </div>
   <div class='ocr_carea' id='block_1_42' title="bbox 215 1968 1037 2004">
    <p class='ocr_par' dir='ltr' id='par_1_42' title="bbox 215 1968 1037 2004">
     <span class='ocr_line' id='line_1_42' title="bbox 215 1968 1037 2004; baseline 0.004 -10"><span class='ocrx_word' id='word_1_265' title='bbox 215 1968 465 2003; x_wconf 74' lang='lat' dir='ltr'><strong>nibusethymnis</strong></span> <span class='ocrx_word' id='word_1_266' title='bbox 474 1969 747 2004; x_wconf 80' lang='lat' dir='ltr'><strong>meditando,atque</strong></span> <span class='ocrx_word' id='word_1_267' title='bbox 760 1979 793 1996; x_wconf 76' lang='lat' dir='ltr'><strong>eo</strong></span> <span class='ocrx_word' id='word_1_268' title='bbox 807 1970 1037 1998; x_wconf 79' lang='lat' dir='ltr'><strong>adminiculante</strong></span> 
     </span>
    </p>
   </div>
   <div class='ocr_carea' id='block_1_43' title="bbox 215 2013 1037 2049">
    <p class='ocr_par' dir='ltr' id='par_1_43' title="bbox 215 2013 1037 2049">
     <span class='ocr_line' id='line_1_43' title="bbox 215 2013 1037 2049; baseline 0.004 -10"><span class='ocrx_word' id='word_1_269' title='bbox 215 2013 377 2048; x_wconf 82' lang='lat' dir='ltr'><strong>implendo,</strong></span> <span class='ocrx_word' id='word_1_270' title='bbox 395 2013 518 2045; x_wconf 85' lang='lat' dir='ltr'><strong>orando,</strong></span> <span class='ocrx_word' id='word_1_271' title='bbox 535 2014 692 2049; x_wconf 65' lang='lat' dir='ltr'><strong>vigilando,</strong></span> <span class='ocrx_word' id='word_1_272' title='bbox 710 2015 889 2041; x_wconf 72' lang='lat' dir='ltr'><strong>voluntatem</strong></span> <span class='ocrx_word' id='word_1_273' title='bbox 916 2016 990 2049; x_wconf 79' lang='lat' dir='ltr'><strong>ejus,</strong></span> <span class='ocrx_word' id='word_1_274' title='bbox 1008 2016 1037 2042; x_wconf 89' lang='lat' dir='ltr'><strong>in</strong></span> 
     </span>
    </p>
   </div>
   <div class='ocr_carea' id='block_1_44' title="bbox 215 2057 1036 2093">
    <p class='ocr_par' dir='ltr' id='par_1_44' title="bbox 215 2057 1036 2093">
     <span class='ocr_line' id='line_1_44' title="bbox 215 2057 1036 2093; baseline 0.004 -10"><span class='ocrx_word' id='word_1_275' title='bbox 215 2060 359 2091; x_wconf 89' lang='lat' dir='ltr'><strong>quantum</strong></span> <span class='ocrx_word' id='word_1_276' title='bbox 372 2057 433 2092; x_wconf 86' lang='lat' dir='ltr'><strong>ipse</strong></span> <span class='ocrx_word' id='word_1_277' title='bbox 450 2058 571 2093; x_wconf 68' lang='lat' dir='ltr'><strong>largitus</strong></span> <span class='ocrx_word' id='word_1_278' title='bbox 582 2058 681 2091; x_wconf 79' lang='lat' dir='ltr'><strong>fuerit,</strong></span> <span class='ocrx_word' id='word_1_279' title='bbox 697 2059 838 2092; x_wconf 74' lang='lat' dir='ltr'><strong>perlicere</strong></span> <span class='ocrx_word' id='word_1_280' title='bbox 855 2059 1036 2086; x_wconf 78' lang='lat' dir='ltr'><strong>studeamus.</strong></span> 
     </span>
    </p>
   </div>
   <div class='ocr_carea' id='block_1_45' title="bbox 216 2102 1039 2138">
    <p class='ocr_par' dir='ltr' id='par_1_45' title="bbox 216 2102 1039 2138">
     <span class='ocr_line' id='line_1_45' title="bbox 216 2102 1039 2138; baseline 0.004 -10"><span class='ocrx_word' id='word_1_281' title='bbox 216 2103 272 2128; x_wconf 78' lang='lat' dir='ltr'><strong>Nec</strong></span> <span class='ocrx_word' id='word_1_282' title='bbox 282 2102 361 2128; x_wconf 81' lang='lat' dir='ltr'><strong>enim</strong></span> <span class='ocrx_word' id='word_1_283' title='bbox 370 2103 575 2137; x_wconf 71' lang='lat' dir='ltr'><strong>negligcndam</strong></span> <span class='ocrx_word' id='word_1_284' title='bbox 583 2104 707 2138; x_wconf 71' lang='lat' dir='ltr'><strong>gratiam</strong></span> <span class='ocrx_word' id='word_1_285' title='bbox 717 2104 800 2130; x_wconf 78' lang='lat' dir='ltr'><strong>nobis</strong></span> <span class='ocrx_word' id='word_1_286' title='bbox 811 2104 1039 2131; x_wconf 86' lang='lat' dir='ltr'><strong>Dominusdedit</strong></span> 
     </span>
    </p>
   </div>
   <div class='ocr_carea' id='block_1_46' title="bbox 217 2146 1038 2176">
    <p class='ocr_par' dir='ltr' id='par_1_46' title="bbox 217 2146 1038 2176">
     <span class='ocr_line' id='line_1_46' title="bbox 217 2146 1038 2176; baseline 0.005 -5"><span class='ocrx_word' id='word_1_287' title='bbox 217 2146 267 2172; x_wconf 83' lang='lat' dir='ltr'><strong>sed</strong></span> <span class='ocrx_word' id='word_1_288' title='bbox 280 2146 406 2173; x_wconf 78' lang='lat' dir='ltr'><strong>ﬁdeliter</strong></span> <span class='ocrx_word' id='word_1_289' title='bbox 422 2147 617 2174; x_wconf 80' lang='lat' dir='ltr'><strong>exercendam</strong></span> <span class='ocrx_word' id='word_1_290' title='bbox 631 2148 868 2175; x_wconf 71' lang='lat' dir='ltr'><strong>tribuit.l)ilectiu</strong></span> <span class='ocrx_word' id='word_1_291' title='bbox 882 2149 962 2175; x_wconf 89' lang='lat' dir='ltr'><strong>cnim</strong></span> <span class='ocrx_word' id='word_1_292' title='bbox 974 2149 1038 2176; x_wconf 87' lang='lat' dir='ltr'><strong>sine</strong></span> 
     </span>
    </p>
   </div>
   <div class='ocr_carea' id='block_1_47' title="bbox 216 2192 1038 2228">
    <p class='ocr_par' dir='ltr' id='par_1_47' title="bbox 216 2192 1038 2228">
     <span class='ocr_line' id='line_1_47' title="bbox 216 2192 1038 2228; baseline 0.004 -11"><span class='ocrx_word' id='word_1_293' title='bbox 216 2192 406 2219; x_wconf 80' lang='lat' dir='ltr'><strong>simulatione</strong></span> <span class='ocrx_word' id='word_1_294' title='bbox 418 2193 447 2219; x_wconf 91' lang='lat' dir='ltr'><strong>in</strong></span> <span class='ocrx_word' id='word_1_295' title='bbox 464 2193 549 2220; x_wconf 92' lang='lat' dir='ltr'><strong>nobis</strong></span> <span class='ocrx_word' id='word_1_296' title='bbox 567 2201 630 2219; x_wconf 81' lang='lat' dir='ltr'><strong>esse</strong></span> <span class='ocrx_word' id='word_1_297' title='bbox 645 2196 673 2219; x_wconf 86' lang='lat' dir='ltr'><strong>et</strong></span> <span class='ocrx_word' id='word_1_298' title='bbox 690 2201 832 2228; x_wconf 81' lang='lat' dir='ltr'><strong>apparere</strong></span> <span class='ocrx_word' id='word_1_299' title='bbox 844 2193 931 2220; x_wconf 74' lang='lat' dir='ltr'><strong>debet</strong></span> <span class='ocrx_word' id='word_1_300' title='bbox 946 2202 951 2226; x_wconf 83' lang='lat'>;</span> <span class='ocrx_word' id='word_1_301' title='bbox 969 2194 1038 2228; x_wconf 86' lang='lat' dir='ltr'><strong>quia</strong></span> 
     </span>
    </p>
   </div>
   <div class='ocr_carea' id='block_1_48' title="bbox 216 2236 1035 2271">
    <p class='ocr_par' dir='ltr' id='par_1_48' title="bbox 216 2236 1035 2271">
     <span class='ocr_line' id='line_1_48' title="bbox 216 2236 1035 2271; baseline 0.002 -9"><span class='ocrx_word' id='word_1_302' title='bbox 216 2248 228 2259; x_wconf 70' lang='grc' dir='ltr'><strong>ι(</strong></span> <span class='ocrx_word' id='word_1_303' title='bbox 247 2236 343 2262; x_wconf 89' lang='lat' dir='ltr'><strong>omnis</strong></span> <span class='ocrx_word' id='word_1_304' title='bbox 359 2237 408 2271; x_wconf 92' lang='lat' dir='ltr'><strong>qui</strong></span> <span class='ocrx_word' id='word_1_305' title='bbox 426 2237 488 2263; x_wconf 83' lang='lat' dir='ltr'><strong>odit</strong></span> <span class='ocrx_word' id='word_1_306' title='bbox 505 2237 526 2253; x_wconf 73' lang='grc' dir='ltr'><strong>ίδ</strong></span> <span class='ocrx_word' id='word_1_307' title='bbox 542 2237 663 2264; x_wconf 84' lang='lat' dir='ltr'><strong>fratrem</strong></span> <span class='ocrx_word' id='word_1_308' title='bbox 679 2246 776 2269; x_wconf 88' lang='lat' dir='ltr'><strong>suum,</strong></span> <span class='ocrx_word' id='word_1_309' title='bbox 795 2237 943 2264; x_wconf 85' lang='lat' dir='ltr'><strong>homicida</strong></span> <span class='ocrx_word' id='word_1_310' title='bbox 973 2241 1035 2264; x_wconf 87' lang='lat' dir='ltr'><strong>est:</strong></span> 
     </span>
    </p>
   </div>
   <div class='ocr_carea' id='block_1_49' title="bbox 214 2280 1036 2315">
    <p class='ocr_par' dir='ltr' id='par_1_49' title="bbox 214 2280 1036 2315">
     <span class='ocr_line' id='line_1_49' title="bbox 214 2280 1036 2315; baseline 0.002 -9"><span class='ocrx_word' id='word_1_311' title='bbox 214 2280 264 2314; x_wconf 91' lang='lat' dir='ltr'><strong>qui</strong></span> <span class='ocrx_word' id='word_1_312' title='bbox 282 2289 349 2307; x_wconf 76' lang='lat' dir='ltr'><strong>vero</strong></span> <span class='ocrx_word' id='word_1_313' title='bbox 366 2280 462 2315; x_wconf 79' lang='lat' dir='ltr'><strong>diligit</strong></span> <span class='ocrx_word' id='word_1_314' title='bbox 478 2289 556 2315; x_wconf 82' lang='lat' dir='ltr'><strong>eum,</strong></span> <span class='ocrx_word' id='word_1_315' title='bbox 574 2282 603 2307; x_wconf 93' lang='lat' dir='ltr'><strong>in</strong></span> <span class='ocrx_word' id='word_1_316' title='bbox 627 2282 685 2308; x_wconf 89' lang='lat' dir='ltr'><strong>Deo</strong></span> <span class='ocrx_word' id='word_1_317' title='bbox 713 2284 822 2313; x_wconf 84' lang='lat' dir='ltr'><strong>manet,</strong></span> <span class='ocrx_word' id='word_1_318' title='bbox 851 2284 879 2308; x_wconf 86' lang='lat' dir='ltr'><strong>et</strong></span> <span class='ocrx_word' id='word_1_319' title='bbox 904 2282 979 2308; x_wconf 84' lang='lat' dir='ltr'><strong>Deus</strong></span> <span class='ocrx_word' id='word_1_320' title='bbox 1006 2282 1036 2309; x_wconf 94' lang='lat' dir='ltr'><strong>in</strong></span> 
     </span>
    </p>
   </div>
   <div class='ocr_carea' id='block_1_50' title="bbox 1055 953 1079 985">
    <p class='ocr_par' dir='ltr' id='par_1_50' title="bbox 1055 953 1079 985">
     <span class='ocr_line' id='line_1_50' title="bbox 1055 953 1079 985; baseline 0 0"><span class='ocrx_word' id='word_1_321' title='bbox 1055 953 1079 985; x_wconf 92' lang='lat' dir='ltr'>B</span> 
     </span>
    </p>
   </div>
   <div class='ocr_carea' id='block_1_51' title="bbox 1056 1637 1077 1670">
    <p class='ocr_par' dir='ltr' id='par_1_51' title="bbox 1056 1637 1077 1670">
     <span class='ocr_line' id='line_1_51' title="bbox 1056 1637 1077 1670; baseline 0 0"><span class='ocrx_word' id='word_1_322' title='bbox 1056 1637 1077 1670; x_wconf 89' lang='lat' dir='ltr'><strong><em>C</em></strong></span> 
     </span>
    </p>
   </div>
   <div class='ocr_carea' id='block_1_52' title="bbox 1091 315 1922 354">
    <p class='ocr_par' dir='ltr' id='par_1_52' title="bbox 1091 315 1922 354">
     <span class='ocr_line' id='line_1_52' title="bbox 1091 315 1922 354; baseline -0.004 -9"><span class='ocrx_word' id='word_1_323' title='bbox 1091 325 1240 345; x_wconf 86' lang='lat' dir='ltr'><strong>accusare.</strong></span> <span class='ocrx_word' id='word_1_324' title='bbox 1258 317 1339 345; x_wconf 90' lang='lat' dir='ltr'><strong>Unde</strong></span> <span class='ocrx_word' id='word_1_325' title='bbox 1355 318 1497 354; x_wconf 87' lang='lat' dir='ltr'><strong>scriptum</strong></span> <span class='ocrx_word' id='word_1_326' title='bbox 1509 320 1554 345; x_wconf 90' lang='lat' dir='ltr'><strong>est</strong></span> <span class='ocrx_word' id='word_1_327' title='bbox 1566 326 1572 344; x_wconf 89' lang='lat'>:</span> <span class='ocrx_word' id='word_1_328' title='bbox 1586 328 1597 342; x_wconf 71' lang='grc' dir='ltr'><strong>ε</strong></span> <span class='ocrx_word' id='word_1_329' title='bbox 1608 316 1710 344; x_wconf 88' lang='lat' dir='ltr'><strong>Omnis</strong></span> <span class='ocrx_word' id='word_1_330' title='bbox 1723 316 1777 351; x_wconf 90' lang='lat' dir='ltr'><strong>qui</strong></span> <span class='ocrx_word' id='word_1_331' title='bbox 1796 315 1922 342; x_wconf 79' lang='lat' dir='ltr'><strong>detrahit</strong></span> 
     </span>
    </p>
   </div>
   <div class='ocr_carea' id='block_1_53' title="bbox 1090 360 1922 395">
    <p class='ocr_par' dir='ltr' id='par_1_53' title="bbox 1090 360 1922 395">
     <span class='ocr_line' id='line_1_53' title="bbox 1090 360 1922 395; baseline -0.002 -7"><span class='ocrx_word' id='word_1_332' title='bbox 1090 361 1173 389; x_wconf 84' lang='lat' dir='ltr'><strong>fratri</strong></span> <span class='ocrx_word' id='word_1_333' title='bbox 1185 370 1249 395; x_wconf 90' lang='lat' dir='ltr'><strong>suo,</strong></span> <span class='ocrx_word' id='word_1_334' title='bbox 1264 362 1413 390; x_wconf 88' lang='lat' dir='ltr'><strong>homicida</strong></span> <span class='ocrx_word' id='word_1_335' title='bbox 1425 365 1470 389; x_wconf 89' lang='lat' dir='ltr'><strong>est</strong></span> <span class='ocrx_word' id='word_1_336' title='bbox 1480 361 1512 394; x_wconf 79' lang='grc'><strong>³³,</strong></span> <span class='ocrx_word' id='word_1_337' title='bbox 1523 373 1537 386; x_wconf 87' lang='grc'><strong>››</strong></span> <span class='ocrx_word' id='word_1_338' title='bbox 1547 364 1577 389; x_wconf 90' lang='lat' dir='ltr'><strong>et</strong></span> <span class='ocrx_word' id='word_1_339' title='bbox 1587 361 1685 388; x_wconf 92' lang='lat' dir='ltr'><strong>omnis</strong></span> <span class='ocrx_word' id='word_1_340' title='bbox 1695 360 1855 387; x_wconf 89' lang='lat' dir='ltr'><strong>homicida</strong></span> <span class='ocrx_word' id='word_1_341' title='bbox 1868 368 1922 387; x_wconf 88' lang='lat' dir='ltr'><strong>non</strong></span> 
     </span>
    </p>
   </div>
   <div class='ocr_carea' id='block_1_54' title="bbox 1090 404 1923 441">
    <p class='ocr_par' dir='ltr' id='par_1_54' title="bbox 1090 404 1923 441">
     <span class='ocr_line' id='line_1_54' title="bbox 1090 404 1923 441; baseline -0.004 -8"><span class='ocrx_word' id='word_1_342' title='bbox 1090 405 1180 433; x_wconf 83' lang='lat' dir='ltr'><strong>habet</strong></span> <span class='ocrx_word' id='word_1_343' title='bbox 1191 409 1305 441; x_wconf 79' lang='lat' dir='ltr'><strong>partem</strong></span> <span class='ocrx_word' id='word_1_344' title='bbox 1312 409 1363 434; x_wconf 90' lang='lat' dir='ltr'><strong>aut</strong></span> <span class='ocrx_word' id='word_1_345' title='bbox 1369 406 1574 433; x_wconf 74' lang='lat' dir='ltr'><strong>hasreditatem</strong></span> <span class='ocrx_word' id='word_1_346' title='bbox 1585 407 1613 432; x_wconf 90' lang='lat' dir='ltr'><strong>in</strong></span> <span class='ocrx_word' id='word_1_347' title='bbox 1623 413 1714 440; x_wconf 77' lang='lat' dir='ltr'><strong>regno</strong></span> <span class='ocrx_word' id='word_1_348' title='bbox 1725 405 1836 432; x_wconf 87' lang='lat' dir='ltr'><strong>Dei.Et</strong></span> <span class='ocrx_word' id='word_1_349' title='bbox 1846 404 1923 431; x_wconf 86' lang='lat' dir='ltr'><strong>alibi:</strong></span> 
     </span>
    </p>
   </div>
   <div class='ocr_carea' id='block_1_55' title="bbox 1092 448 1924 484">
    <p class='ocr_par' dir='ltr' id='par_1_55' title="bbox 1092 448 1924 484">
     <span class='ocr_line' id='line_1_55' title="bbox 1092 448 1924 484; baseline 0 -9"><span class='ocrx_word' id='word_1_350' title='bbox 1092 461 1105 475; x_wconf 77' lang='grc' dir='ltr'><strong>ι(</strong></span> <span class='ocrx_word' id='word_1_351' title='bbox 1117 449 1222 478; x_wconf 87' lang='lat' dir='ltr'><strong>Cavete</strong></span> <span class='ocrx_word' id='word_1_352' title='bbox 1238 459 1298 484; x_wconf 91' lang='lat' dir='ltr'><strong>vos,</strong></span> <span class='ocrx_word' id='word_1_353' title='bbox 1309 450 1415 478; x_wconf 84' lang='lat' dir='ltr'><strong>fratres</strong></span> <span class='ocrx_word' id='word_1_354' title='bbox 1430 450 1610 482; x_wconf 86' lang='lat' dir='ltr'><strong>charissimi,</strong></span> <span class='ocrx_word' id='word_1_355' title='bbox 1627 458 1664 477; x_wconf 88' lang='lat' dir='ltr'><strong>ne</strong></span> <span class='ocrx_word' id='word_1_356' title='bbox 1677 449 1848 484; x_wconf 85' lang='lat' dir='ltr'><strong>participes</strong></span> <span class='ocrx_word' id='word_1_357' title='bbox 1862 448 1924 475; x_wconf 79' lang='lat' dir='ltr'><strong>efﬁ-</strong></span> 
     </span>
    </p>
   </div>
   <div class='ocr_carea' id='block_1_56' title="bbox 1090 493 1925 530">
    <p class='ocr_par' dir='ltr' id='par_1_56' title="bbox 1090 493 1925 530">
     <span class='ocr_line' id='line_1_56' title="bbox 1090 493 1925 530; baseline -0.001 -9"><span class='ocrx_word' id='word_1_358' title='bbox 1090 494 1305 530; x_wconf 89' lang='lat' dir='ltr'><strong>ciamini,quod</strong></span> <span class='ocrx_word' id='word_1_359' title='bbox 1316 495 1393 523; x_wconf 89' lang='lat' dir='ltr'><strong>absit</strong></span> <span class='ocrx_word' id='word_1_360' title='bbox 1405 495 1411 522; x_wconf 72' lang='grc' dir='ltr'><em>Ξ</em></span> <span class='ocrx_word' id='word_1_361' title='bbox 1424 495 1511 522; x_wconf 88' lang='lat' dir='ltr'><strong>malis</strong></span> <span class='ocrx_word' id='word_1_362' title='bbox 1522 502 1625 522; x_wconf 91' lang='lat' dir='ltr'><strong>eorum</strong></span> <span class='ocrx_word' id='word_1_363' title='bbox 1637 494 1670 520; x_wconf 69' lang='grc'>³⁸.</span> <span class='ocrx_word' id='word_1_364' title='bbox 1685 505 1699 519; x_wconf 90' lang='grc'><strong>››</strong></span> <span class='ocrx_word' id='word_1_365' title='bbox 1707 494 1745 520; x_wconf 87' lang='lat' dir='ltr'><strong>Et</strong></span> <span class='ocrx_word' id='word_1_366' title='bbox 1752 501 1818 520; x_wconf 90' lang='lat' dir='ltr'><strong>non</strong></span> <span class='ocrx_word' id='word_1_367' title='bbox 1831 493 1925 520; x_wconf 87' lang='lat' dir='ltr'><strong>solum</strong></span> 
     </span>
    </p>
   </div>
   <div class='ocr_carea' id='block_1_57' title="bbox 1090 538 1924 572">
    <p class='ocr_par' dir='ltr' id='par_1_57' title="bbox 1090 538 1924 572">
     <span class='ocr_line' id='line_1_57' title="bbox 1090 538 1924 572; baseline -0.002 -7"><span class='ocrx_word' id='word_1_368' title='bbox 1090 547 1141 566; x_wconf 84' lang='lat' dir='ltr'><strong>vos</strong></span> <span class='ocrx_word' id='word_1_369' title='bbox 1156 543 1254 567; x_wconf 85' lang='lat' dir='ltr'><strong>cavete</strong></span> <span class='ocrx_word' id='word_1_370' title='bbox 1270 548 1288 567; x_wconf 89' lang='lat' dir='ltr'><strong>a</strong></span> <span class='ocrx_word' id='word_1_371' title='bbox 1302 540 1422 572; x_wconf 76' lang='lat' dir='ltr'><strong>talibus,</strong></span> <span class='ocrx_word' id='word_1_372' title='bbox 1439 539 1492 567; x_wconf 87' lang='lat' dir='ltr'><strong>sed</strong></span> <span class='ocrx_word' id='word_1_373' title='bbox 1504 542 1533 566; x_wconf 88' lang='lat' dir='ltr'><strong>et</strong></span> <span class='ocrx_word' id='word_1_374' title='bbox 1547 547 1649 566; x_wconf 89' lang='lat' dir='ltr'><strong>cavere</strong></span> <span class='ocrx_word' id='word_1_375' title='bbox 1666 538 1744 566; x_wconf 88' lang='lat' dir='ltr'><strong>alios</strong></span> <span class='ocrx_word' id='word_1_376' title='bbox 1760 538 1801 565; x_wconf 86' lang='lat' dir='ltr'><strong>ab</strong></span> <span class='ocrx_word' id='word_1_377' title='bbox 1829 538 1875 564; x_wconf 90' lang='lat' dir='ltr'><strong>eis</strong></span> <span class='ocrx_word' id='word_1_378' title='bbox 1900 540 1924 564; x_wconf 78' lang='lat' dir='ltr'><strong>et</strong></span> 
     </span>
    </p>
   </div>
   <div class='ocr_carea' id='block_1_58' title="bbox 1090 582 1925 617">
    <p class='ocr_par' dir='ltr' id='par_1_58' title="bbox 1090 582 1925 617">
     <span class='ocr_line' id='line_1_58' title="bbox 1090 582 1925 617; baseline -0.001 -8"><span class='ocrx_word' id='word_1_379' title='bbox 1090 586 1221 611; x_wconf 86' lang='lat' dir='ltr'><strong>avertere</strong></span> <span class='ocrx_word' id='word_1_380' title='bbox 1233 583 1346 611; x_wconf 88' lang='lat' dir='ltr'><strong>docete.</strong></span> <span class='ocrx_word' id='word_1_381' title='bbox 1363 585 1402 611; x_wconf 87' lang='lat' dir='ltr'><strong>De</strong></span> <span class='ocrx_word' id='word_1_382' title='bbox 1414 584 1459 611; x_wconf 90' lang='lat' dir='ltr'><strong>his</strong></span> <span class='ocrx_word' id='word_1_383' title='bbox 1468 584 1549 611; x_wconf 90' lang='lat' dir='ltr'><strong>enim</strong></span> <span class='ocrx_word' id='word_1_384' title='bbox 1565 583 1710 611; x_wconf 88' lang='lat' dir='ltr'><strong>Dominus</strong></span> <span class='ocrx_word' id='word_1_385' title='bbox 1725 582 1770 609; x_wconf 88' lang='lat' dir='ltr'><strong>ait</strong></span> <span class='ocrx_word' id='word_1_386' title='bbox 1789 590 1847 617; x_wconf 81' lang='lat' dir='ltr'><strong>per</strong></span> <span class='ocrx_word' id='word_1_387' title='bbox 1863 590 1925 617; x_wconf 88' lang='lat' dir='ltr'><strong>pro-</strong></span> 
     </span>
    </p>
   </div>
   <div class='ocr_carea' id='block_1_59' title="bbox 1090 626 1925 663">
    <p class='ocr_par' dir='ltr' id='par_1_59' title="bbox 1090 626 1925 663">
     <span class='ocr_line' id='line_1_59' title="bbox 1090 626 1925 663; baseline -0.004 -9"><span class='ocrx_word' id='word_1_388' title='bbox 1090 628 1210 662; x_wconf 87' lang='lat' dir='ltr'><strong>phetam</strong></span> <span class='ocrx_word' id='word_1_389' title='bbox 1227 628 1396 655; x_wconf 57' lang='lat' dir='ltr'><strong>Michaeam:</strong></span> <span class='ocrx_word' id='word_1_390' title='bbox 1415 639 1428 653; x_wconf 80' lang='grc' dir='ltr'><strong>ι(</strong></span> <span class='ocrx_word' id='word_1_391' title='bbox 1446 629 1493 655; x_wconf 74' lang='lat' dir='ltr'><strong>Va:</strong></span> <span class='ocrx_word' id='word_1_392' title='bbox 1510 628 1559 663; x_wconf 90' lang='lat' dir='ltr'><strong>qui</strong></span> <span class='ocrx_word' id='word_1_393' title='bbox 1588 627 1725 663; x_wconf 82' lang='lat' dir='ltr'><strong>cogitatis</strong></span> <span class='ocrx_word' id='word_1_394' title='bbox 1752 626 1878 659; x_wconf 86' lang='lat' dir='ltr'><strong>inutile,</strong></span> <span class='ocrx_word' id='word_1_395' title='bbox 1903 630 1925 652; x_wconf 80' lang='lat' dir='ltr'><strong>et</strong></span> 
     </span>
    </p>
   </div>
   <div class='ocr_carea' id='block_1_60' title="bbox 1091 671 1924 707">
    <p class='ocr_par' dir='ltr' id='par_1_60' title="bbox 1091 671 1924 707">
     <span class='ocr_line' id='line_1_60' title="bbox 1091 671 1924 707; baseline -0.002 -8"><span class='ocrx_word' id='word_1_396' title='bbox 1091 672 1256 707; x_wconf 89' lang='lat' dir='ltr'><strong>operamini</strong></span> <span class='ocrx_word' id='word_1_397' title='bbox 1268 672 1379 699; x_wconf 89' lang='lat' dir='ltr'><strong>malum</strong></span> <span class='ocrx_word' id='word_1_398' title='bbox 1391 672 1421 699; x_wconf 90' lang='lat' dir='ltr'><strong>in</strong></span> <span class='ocrx_word' id='word_1_399' title='bbox 1437 672 1586 699; x_wconf 91' lang='lat' dir='ltr'><strong>cubilibus</strong></span> <span class='ocrx_word' id='word_1_400' title='bbox 1596 671 1720 703; x_wconf 80' lang='lat' dir='ltr'><strong>vestris;</strong></span> <span class='ocrx_word' id='word_1_401' title='bbox 1734 671 1765 698; x_wconf 90' lang='lat' dir='ltr'><strong>in</strong></span> <span class='ocrx_word' id='word_1_402' title='bbox 1780 671 1851 697; x_wconf 86' lang='lat' dir='ltr'><strong>lucc</strong></span> <span class='ocrx_word' id='word_1_403' title='bbox 1868 679 1924 697; x_wconf 82' lang='lat' dir='ltr'><strong>ma-</strong></span> 
     </span>
    </p>
   </div>
   <div class='ocr_carea' id='block_1_61' title="bbox 1091 716 1928 751">
    <p class='ocr_par' dir='ltr' id='par_1_61' title="bbox 1091 716 1928 751">
     <span class='ocr_line' id='line_1_61' title="bbox 1091 716 1928 751; baseline -0.002 -8"><span class='ocrx_word' id='word_1_404' title='bbox 1091 716 1187 743; x_wconf 86' lang='lat' dir='ltr'><strong>tutina</strong></span> <span class='ocrx_word' id='word_1_405' title='bbox 1202 717 1316 744; x_wconf 87' lang='lat' dir='ltr'><strong>faciunt</strong></span> <span class='ocrx_word' id='word_1_406' title='bbox 1327 716 1409 747; x_wconf 85' lang='lat' dir='ltr'><strong>illud,</strong></span> <span class='ocrx_word' id='word_1_407' title='bbox 1424 716 1565 751; x_wconf 88' lang='lat' dir='ltr'><strong>quoniam</strong></span> <span class='ocrx_word' id='word_1_408' title='bbox 1577 718 1680 743; x_wconf 88' lang='lat' dir='ltr'><strong>contra</strong></span> <span class='ocrx_word' id='word_1_409' title='bbox 1695 716 1795 742; x_wconf 91' lang='lat' dir='ltr'><strong>Deum</strong></span> <span class='ocrx_word' id='word_1_410' title='bbox 1813 718 1863 742; x_wconf 79' lang='lat' dir='ltr'><strong>est</strong></span> <span class='ocrx_word' id='word_1_411' title='bbox 1874 723 1928 741; x_wconf 49' lang='lat' dir='ltr'><strong>mav</strong></span> 
     </span>
    </p>
   </div>
   <div class='ocr_carea' id='block_1_62' title="bbox 1091 759 1928 796">
    <p class='ocr_par' dir='ltr' id='par_1_62' title="bbox 1091 759 1928 796">
     <span class='ocr_line' id='line_1_62' title="bbox 1091 759 1928 796; baseline -0.004 -8"><span class='ocrx_word' id='word_1_412' title='bbox 1091 769 1148 788; x_wconf 89' lang='lat' dir='ltr'><strong>nus</strong></span> <span class='ocrx_word' id='word_1_413' title='bbox 1164 769 1276 788; x_wconf 81' lang='lat' dir='ltr'><strong>eorum.</strong></span> <span class='ocrx_word' id='word_1_414' title='bbox 1300 762 1333 788; x_wconf 83' lang='lat' dir='ltr'><strong>Et</strong></span> <span class='ocrx_word' id='word_1_415' title='bbox 1358 761 1576 796; x_wconf 85' lang='lat' dir='ltr'><strong>concupierunt</strong></span> <span class='ocrx_word' id='word_1_416' title='bbox 1599 768 1696 796; x_wconf 76' lang='lat' dir='ltr'><strong>agros,</strong></span> <span class='ocrx_word' id='word_1_417' title='bbox 1722 762 1754 786; x_wconf 90' lang='lat' dir='ltr'><strong>et</strong></span> <span class='ocrx_word' id='word_1_418' title='bbox 1784 759 1928 786; x_wconf 84' lang='lat' dir='ltr'><strong>violenter</strong></span> 
     </span>
    </p>
   </div>
   <div class='ocr_carea' id='block_1_63' title="bbox 1092 804 1929 840">
    <p class='ocr_par' dir='ltr' id='par_1_63' title="bbox 1092 804 1929 840">
     <span class='ocr_line' id='line_1_63' title="bbox 1092 804 1929 840; baseline -0.004 -7"><span class='ocrx_word' id='word_1_419' title='bbox 1092 805 1233 839; x_wconf 86' lang='lat' dir='ltr'><strong>tulerunt,</strong></span> <span class='ocrx_word' id='word_1_420' title='bbox 1249 809 1277 832; x_wconf 91' lang='lat' dir='ltr'><strong>et</strong></span> <span class='ocrx_word' id='word_1_421' title='bbox 1292 805 1395 833; x_wconf 91' lang='lat' dir='ltr'><strong>domos</strong></span> <span class='ocrx_word' id='word_1_422' title='bbox 1410 807 1584 840; x_wconf 80' lang='lat' dir='ltr'><strong>rapuerunt,</strong></span> <span class='ocrx_word' id='word_1_423' title='bbox 1606 807 1636 831; x_wconf 87' lang='lat' dir='ltr'><strong>et</strong></span> <span class='ocrx_word' id='word_1_424' title='bbox 1659 804 1929 831; x_wconf 84' lang='lat' dir='ltr'><strong>calumniabantur</strong></span> 
     </span>
    </p>
   </div>
   <div class='ocr_carea' id='block_1_64' title="bbox 1091 849 1928 884">
    <p class='ocr_par' dir='ltr' id='par_1_64' title="bbox 1091 849 1928 884">
     <span class='ocr_line' id='line_1_64' title="bbox 1091 849 1928 884; baseline -0.001 -9"><span class='ocrx_word' id='word_1_425' title='bbox 1091 850 1185 877; x_wconf 88' lang='lat' dir='ltr'><strong>virum</strong></span> <span class='ocrx_word' id='word_1_426' title='bbox 1202 853 1231 877; x_wconf 92' lang='lat' dir='ltr'><strong>et</strong></span> <span class='ocrx_word' id='word_1_427' title='bbox 1246 850 1367 877; x_wconf 90' lang='lat' dir='ltr'><strong>domum</strong></span> <span class='ocrx_word' id='word_1_428' title='bbox 1384 851 1459 884; x_wconf 87' lang='lat' dir='ltr'><strong>ejus,</strong></span> <span class='ocrx_word' id='word_1_429' title='bbox 1475 849 1571 876; x_wconf 87' lang='lat' dir='ltr'><strong>virum</strong></span> <span class='ocrx_word' id='word_1_430' title='bbox 1588 852 1617 875; x_wconf 90' lang='lat' dir='ltr'><strong>et</strong></span> <span class='ocrx_word' id='word_1_431' title='bbox 1628 849 1843 876; x_wconf 58' lang='lat' dir='ltr'><strong>hereditatem</strong></span> <span class='ocrx_word' id='word_1_432' title='bbox 1856 849 1928 883; x_wconf 84' lang='lat' dir='ltr'><strong>ejus.</strong></span> 
     </span>
    </p>
   </div>
   <div class='ocr_carea' id='block_1_65' title="bbox 1093 893 1931 929">
    <p class='ocr_par' dir='ltr' id='par_1_65' title="bbox 1093 893 1931 929">
     <span class='ocr_line' id='line_1_65' title="bbox 1093 893 1931 929; baseline -0.002 -8"><span class='ocrx_word' id='word_1_433' title='bbox 1093 894 1204 921; x_wconf 88' lang='lat' dir='ltr'><strong>Idcirco</strong></span> <span class='ocrx_word' id='word_1_434' title='bbox 1221 895 1292 922; x_wconf 86' lang='lat' dir='ltr'><strong>dicit</strong></span> <span class='ocrx_word' id='word_1_435' title='bbox 1308 895 1451 921; x_wconf 92' lang='lat' dir='ltr'><strong>Dominus</strong></span> <span class='ocrx_word' id='word_1_436' title='bbox 1467 895 1549 921; x_wconf 63' lang='lat' dir='ltr'><strong>haec:</strong></span> <span class='ocrx_word' id='word_1_437' title='bbox 1567 895 1640 921; x_wconf 89' lang='lat' dir='ltr'><strong>Ecce</strong></span> <span class='ocrx_word' id='word_1_438' title='bbox 1652 901 1706 929; x_wconf 83' lang='lat' dir='ltr'><strong>ego</strong></span> <span class='ocrx_word' id='word_1_439' title='bbox 1723 893 1828 929; x_wconf 75' lang='lat' dir='ltr'><strong>cogito</strong></span> <span class='ocrx_word' id='word_1_440' title='bbox 1844 901 1931 928; x_wconf 79' lang='lat' dir='ltr'><strong>super</strong></span> 
     </span>
    </p>
   </div>
   <div class='ocr_carea' id='block_1_66' title="bbox 1094 941 1928 976">
    <p class='ocr_par' dir='ltr' id='par_1_66' title="bbox 1094 941 1928 976">
     <span class='ocr_line' id='line_1_66' title="bbox 1094 941 1928 976; baseline -0.001 -7"><span class='ocrx_word' id='word_1_441' title='bbox 1094 942 1238 971; x_wconf 88' lang='lat' dir='ltr'><strong>familiam</strong></span> <span class='ocrx_word' id='word_1_442' title='bbox 1255 944 1342 970; x_wconf 89' lang='lat' dir='ltr'><strong>istam</strong></span> <span class='ocrx_word' id='word_1_443' title='bbox 1358 943 1480 976; x_wconf 84' lang='lat' dir='ltr'><strong>malum,</strong></span> <span class='ocrx_word' id='word_1_444' title='bbox 1498 943 1577 970; x_wconf 88' lang='lat' dir='ltr'><strong>unde</strong></span> <span class='ocrx_word' id='word_1_445' title='bbox 1594 951 1653 970; x_wconf 89' lang='lat' dir='ltr'><strong>non</strong></span> <span class='ocrx_word' id='word_1_446' title='bbox 1678 941 1830 969; x_wconf 84' lang='lat' dir='ltr'><strong>auferetis</strong></span> <span class='ocrx_word' id='word_1_447' title='bbox 1857 941 1928 969; x_wconf 84' lang='lat' dir='ltr'><strong>colla</strong></span> 
     </span>
    </p>
   </div>
   <div class='ocr_carea' id='block_1_67' title="bbox 1097 986 1927 1022">
    <p class='ocr_par' dir='ltr' id='par_1_67' title="bbox 1097 986 1927 1022">
     <span class='ocr_line' id='line_1_67' title="bbox 1097 986 1927 1022; baseline -0.002 -8"><span class='ocrx_word' id='word_1_448' title='bbox 1097 991 1201 1020; x_wconf 83' lang='lat' dir='ltr'><strong>vestra,</strong></span> <span class='ocrx_word' id='word_1_449' title='bbox 1218 991 1247 1014; x_wconf 86' lang='lat' dir='ltr'><strong>et</strong></span> <span class='ocrx_word' id='word_1_450' title='bbox 1262 987 1453 1014; x_wconf 89' lang='lat' dir='ltr'><strong>ambulabitis</strong></span> <span class='ocrx_word' id='word_1_451' title='bbox 1480 986 1611 1022; x_wconf 87' lang='lat' dir='ltr'><strong>superbi,</strong></span> <span class='ocrx_word' id='word_1_452' title='bbox 1636 986 1784 1021; x_wconf 91' lang='lat' dir='ltr'><strong>quoniam</strong></span> <span class='ocrx_word' id='word_1_453' title='bbox 1812 988 1927 1021; x_wconf 86' lang='lat' dir='ltr'><strong>tempus</strong></span> 
     </span>
    </p>
   </div>
   <div class='ocr_carea' id='block_1_68' title="bbox 1095 1031 1927 1066">
    <p class='ocr_par' dir='ltr' id='par_1_68' title="bbox 1095 1031 1927 1066">
     <span class='ocr_line' id='line_1_68' title="bbox 1095 1031 1927 1066; baseline -0.002 -8"><span class='ocrx_word' id='word_1_454' title='bbox 1095 1032 1258 1066; x_wconf 88' lang='lat' dir='ltr'><strong>pessimum</strong></span> <span class='ocrx_word' id='word_1_455' title='bbox 1273 1035 1327 1059; x_wconf 89' lang='lat' dir='ltr'><strong>est.</strong></span> <span class='ocrx_word' id='word_1_456' title='bbox 1344 1033 1376 1059; x_wconf 90' lang='lat' dir='ltr'><strong>ln</strong></span> <span class='ocrx_word' id='word_1_457' title='bbox 1391 1032 1438 1059; x_wconf 91' lang='lat' dir='ltr'><strong>die</strong></span> <span class='ocrx_word' id='word_1_458' title='bbox 1455 1031 1507 1058; x_wconf 89' lang='lat' dir='ltr'><strong>illa</strong></span> <span class='ocrx_word' id='word_1_459' title='bbox 1521 1034 1656 1058; x_wconf 84' lang='lat' dir='ltr'><strong>sumetur</strong></span> <span class='ocrx_word' id='word_1_460' title='bbox 1666 1038 1758 1065; x_wconf 90' lang='lat' dir='ltr'><strong>super</strong></span> <span class='ocrx_word' id='word_1_461' title='bbox 1774 1039 1830 1057; x_wconf 93' lang='lat' dir='ltr'><strong>vos</strong></span> <span class='ocrx_word' id='word_1_462' title='bbox 1848 1038 1927 1065; x_wconf 67' lang='lat' dir='ltr'><strong>para-</strong></span> 
     </span>
    </p>
   </div>
   <div class='ocr_carea' id='block_1_69' title="bbox 1097 1074 1929 1107">
    <p class='ocr_par' dir='ltr' id='par_1_69' title="bbox 1097 1074 1929 1107">
     <span class='ocr_line' id='line_1_69' title="bbox 1097 1074 1929 1107; baseline 0 -6"><span class='ocrx_word' id='word_1_463' title='bbox 1097 1075 1174 1107; x_wconf 87' lang='lat' dir='ltr'><strong>bola,</strong></span> <span class='ocrx_word' id='word_1_464' title='bbox 1191 1079 1218 1103; x_wconf 88' lang='lat' dir='ltr'><strong>et</strong></span> <span class='ocrx_word' id='word_1_465' title='bbox 1235 1076 1403 1104; x_wconf 87' lang='lat' dir='ltr'><strong>cantabitur</strong></span> <span class='ocrx_word' id='word_1_466' title='bbox 1417 1076 1566 1103; x_wconf 88' lang='lat' dir='ltr'><strong>canticum</strong></span> <span class='ocrx_word' id='word_1_467' title='bbox 1578 1083 1644 1102; x_wconf 89' lang='lat' dir='ltr'><strong>cum</strong></span> <span class='ocrx_word' id='word_1_468' title='bbox 1657 1074 1821 1105; x_wconf 85' lang='lat' dir='ltr'><strong>suavitate,</strong></span> <span class='ocrx_word' id='word_1_469' title='bbox 1834 1074 1929 1101; x_wconf 88' lang='lat' dir='ltr'><strong>dicen-</strong></span> 
     </span>
    </p>
   </div>
   <div class='ocr_carea' id='block_1_70' title="bbox 1097 1119 1928 1157">
    <p class='ocr_par' dir='ltr' id='par_1_70' title="bbox 1097 1119 1928 1157">
     <span class='ocr_line' id='line_1_70' title="bbox 1097 1119 1928 1157; baseline -0.002 -10"><span class='ocrx_word' id='word_1_470' title='bbox 1097 1121 1190 1148; x_wconf 89' lang='lat' dir='ltr'><strong>tium:</strong></span> <span class='ocrx_word' id='word_1_471' title='bbox 1207 1121 1438 1157; x_wconf 90' lang='lat' dir='ltr'><strong>Depopulatione</strong></span> <span class='ocrx_word' id='word_1_472' title='bbox 1461 1120 1565 1148; x_wconf 78' lang='lat' dir='ltr'><strong>vastati</strong></span> <span class='ocrx_word' id='word_1_473' title='bbox 1591 1128 1707 1152; x_wconf 83' lang='lat' dir='ltr'><strong>sumus,</strong></span> <span class='ocrx_word' id='word_1_474' title='bbox 1732 1127 1807 1154; x_wconf 90' lang='lat' dir='ltr'><strong>pars</strong></span> <span class='ocrx_word' id='word_1_475' title='bbox 1834 1119 1928 1155; x_wconf 84' lang='lat' dir='ltr'><strong>populi</strong></span> 
     </span>
    </p>
   </div>
   <div class='ocr_carea' id='block_1_71' title="bbox 1097 1163 1929 1197">
    <p class='ocr_par' dir='ltr' id='par_1_71' title="bbox 1097 1163 1929 1197">
     <span class='ocr_line' id='line_1_71' title="bbox 1097 1163 1929 1197; baseline -0.002 -5"><span class='ocrx_word' id='word_1_476' title='bbox 1097 1165 1155 1192; x_wconf 92' lang='lat' dir='ltr'><strong>mei</strong></span> <span class='ocrx_word' id='word_1_477' title='bbox 1171 1168 1353 1193; x_wconf 86' lang='lat' dir='ltr'><strong>commutata</strong></span> <span class='ocrx_word' id='word_1_478' title='bbox 1368 1168 1423 1192; x_wconf 90' lang='lat' dir='ltr'><strong>est.</strong></span> <span class='ocrx_word' id='word_1_479' title='bbox 1439 1164 1593 1197; x_wconf 89' lang='lat' dir='ltr'><strong>Quomodo</strong></span> <span class='ocrx_word' id='word_1_480' title='bbox 1618 1163 1736 1191; x_wconf 86' lang='lat' dir='ltr'><strong>recedis</strong></span> <span class='ocrx_word' id='word_1_481' title='bbox 1752 1171 1771 1190; x_wconf 89' lang='lat' dir='ltr'><strong>a</strong></span> <span class='ocrx_word' id='word_1_482' title='bbox 1787 1171 1852 1195; x_wconf 90' lang='lat' dir='ltr'><strong>me,</strong></span> <span class='ocrx_word' id='word_1_483' title='bbox 1869 1171 1929 1190; x_wconf 86' lang='lat' dir='ltr'><strong>cum</strong></span> 
     </span>
    </p>
   </div>
   <div class='ocr_carea' id='block_1_72' title="bbox 1096 1208 1929 1246">
    <p class='ocr_par' dir='ltr' id='par_1_72' title="bbox 1096 1208 1929 1246">
     <span class='ocr_line' id='line_1_72' title="bbox 1096 1208 1929 1246; baseline -0.002 -10"><span class='ocrx_word' id='word_1_484' title='bbox 1096 1213 1270 1244; x_wconf 82' lang='lat' dir='ltr'><strong>revertatur,</strong></span> <span class='ocrx_word' id='word_1_485' title='bbox 1288 1210 1338 1245; x_wconf 89' lang='lat' dir='ltr'><strong>qui</strong></span> <span class='ocrx_word' id='word_1_486' title='bbox 1354 1210 1491 1246; x_wconf 76' lang='lat' dir='ltr'><strong>regiones</strong></span> <span class='ocrx_word' id='word_1_487' title='bbox 1513 1212 1631 1237; x_wconf 88' lang='lat' dir='ltr'><strong>nostras</strong></span> <span class='ocrx_word' id='word_1_488' title='bbox 1656 1208 1772 1236; x_wconf 86' lang='lat' dir='ltr'><strong>dividat</strong></span> <span class='ocrx_word' id='word_1_489' title='bbox 1783 1209 1798 1235; x_wconf 78' lang='lat'><strong>‘?</strong></span> <span class='ocrx_word' id='word_1_490' title='bbox 1814 1211 1929 1244; x_wconf 66' lang='lat' dir='ltr'><strong>propter</strong></span> 
     </span>
    </p>
   </div>
   <div class='ocr_carea' id='block_1_73' title="bbox 1097 1253 1929 1290">
    <p class='ocr_par' dir='ltr' id='par_1_73' title="bbox 1097 1253 1929 1290">
     <span class='ocr_line' id='line_1_73' title="bbox 1097 1253 1929 1290; baseline -0.004 -8"><span class='ocrx_word' id='word_1_491' title='bbox 1097 1255 1187 1290; x_wconf 89' lang='lat' dir='ltr'><strong>quod,</strong></span> <span class='ocrx_word' id='word_1_492' title='bbox 1199 1263 1258 1282; x_wconf 92' lang='lat' dir='ltr'><strong>non</strong></span> <span class='ocrx_word' id='word_1_493' title='bbox 1268 1255 1325 1282; x_wconf 89' lang='lat' dir='ltr'><strong>erit</strong></span> <span class='ocrx_word' id='word_1_494' title='bbox 1335 1254 1387 1281; x_wconf 85' lang='lat' dir='ltr'><strong>tibi</strong></span> <span class='ocrx_word' id='word_1_495' title='bbox 1395 1254 1517 1282; x_wconf 90' lang='lat' dir='ltr'><strong>mittens</strong></span> <span class='ocrx_word' id='word_1_496' title='bbox 1528 1253 1805 1288; x_wconf 82' lang='lat' dir='ltr'><strong>funiculum,fortis</strong></span> <span class='ocrx_word' id='word_1_497' title='bbox 1817 1254 1850 1280; x_wconf 89' lang='lat' dir='ltr'><strong>in</strong></span> <span class='ocrx_word' id='word_1_498' title='bbox 1862 1256 1929 1280; x_wconf 67' lang='lat' dir='ltr'><strong>coam</strong></span> 
     </span>
    </p>
   </div>
   <div class='ocr_carea' id='block_1_74' title="bbox 1098 1297 1929 1334">
    <p class='ocr_par' dir='ltr' id='par_1_74' title="bbox 1098 1297 1929 1334">
     <span class='ocr_line' id='line_1_74' title="bbox 1098 1297 1929 1334; baseline -0.002 -8"><span class='ocrx_word' id='word_1_499' title='bbox 1098 1298 1225 1326; x_wconf 84' lang='lat' dir='ltr'><strong>Domini.</strong></span> <span class='ocrx_word' id='word_1_500' title='bbox 1242 1300 1282 1326; x_wconf 85' lang='lat' dir='ltr'><strong>Ne</strong></span> <span class='ocrx_word' id='word_1_501' title='bbox 1298 1298 1463 1334; x_wconf 87' lang='lat' dir='ltr'><strong>loquamini</strong></span> <span class='ocrx_word' id='word_1_502' title='bbox 1480 1298 1654 1333; x_wconf 84' lang='lat' dir='ltr'><strong>loquentes:</strong></span> <span class='ocrx_word' id='word_1_503' title='bbox 1666 1298 1732 1324; x_wconf 89' lang='lat' dir='ltr'><strong>Non</strong></span> <span class='ocrx_word' id='word_1_504' title='bbox 1746 1297 1880 1325; x_wconf 86' lang='lat' dir='ltr'><strong>stillabit</strong></span> <span class='ocrx_word' id='word_1_505' title='bbox 1892 1306 1929 1324; x_wconf 81' lang='lat' dir='ltr'><strong>su-</strong></span> 
     </span>
    </p>
   </div>
   <div class='ocr_carea' id='block_1_75' title="bbox 1096 1342 1929 1379">
    <p class='ocr_par' dir='ltr' id='par_1_75' title="bbox 1096 1342 1929 1379">
     <span class='ocr_line' id='line_1_75' title="bbox 1096 1342 1929 1379; baseline -0.002 -8"><span class='ocrx_word' id='word_1_506' title='bbox 1096 1352 1150 1379; x_wconf 87' lang='lat' dir='ltr'><strong>per</strong></span> <span class='ocrx_word' id='word_1_507' title='bbox 1164 1343 1247 1377; x_wconf 88' lang='lat' dir='ltr'><strong>istos,</strong></span> <span class='ocrx_word' id='word_1_508' title='bbox 1259 1352 1319 1371; x_wconf 90' lang='lat' dir='ltr'><strong>non</strong></span> <span class='ocrx_word' id='word_1_509' title='bbox 1331 1343 1565 1379; x_wconf 88' lang='lat' dir='ltr'><strong>comprehendet</strong></span> <span class='ocrx_word' id='word_1_510' title='bbox 1576 1343 1724 1375; x_wconf 86' lang='lat' dir='ltr'><strong>confusio,</strong></span> <span class='ocrx_word' id='word_1_511' title='bbox 1741 1343 1822 1370; x_wconf 74' lang='lat' dir='ltr'><strong>dicit</strong></span> <span class='ocrx_word' id='word_1_512' title='bbox 1835 1342 1929 1370; x_wconf 88' lang='lat' dir='ltr'><strong>Domi-</strong></span> 
     </span>
    </p>
   </div>
   <div class='ocr_carea' id='block_1_76' title="bbox 1096 1388 1927 1424">
    <p class='ocr_par' dir='ltr' id='par_1_76' title="bbox 1096 1388 1927 1424">
     <span class='ocr_line' id='line_1_76' title="bbox 1096 1388 1927 1424; baseline -0.002 -8"><span class='ocrx_word' id='word_1_513' title='bbox 1096 1396 1152 1416; x_wconf 89' lang='lat' dir='ltr'><strong>nus</strong></span> <span class='ocrx_word' id='word_1_514' title='bbox 1167 1388 1266 1416; x_wconf 80' lang='lat' dir='ltr'><strong>Jacob.</strong></span> <span class='ocrx_word' id='word_1_515' title='bbox 1283 1388 1422 1424; x_wconf 86' lang='lat' dir='ltr'><strong>Nunquid</strong></span> <span class='ocrx_word' id='word_1_516' title='bbox 1445 1388 1633 1415; x_wconf 87' lang='lat' dir='ltr'><strong>abbreviatus</strong></span> <span class='ocrx_word' id='word_1_517' title='bbox 1657 1390 1704 1415; x_wconf 86' lang='lat' dir='ltr'><strong>est</strong></span> <span class='ocrx_word' id='word_1_518' title='bbox 1734 1388 1864 1423; x_wconf 88' lang='lat' dir='ltr'><strong>spiritus</strong></span> <span class='ocrx_word' id='word_1_519' title='bbox 1880 1388 1927 1414; x_wconf 84' lang='lat' dir='ltr'><strong>Do-</strong></span> 
     </span>
    </p>
   </div>
   <div class='ocr_carea' id='block_1_77' title="bbox 1096 1431 1926 1468">
    <p class='ocr_par' dir='ltr' id='par_1_77' title="bbox 1096 1431 1926 1468">
     <span class='ocr_line' id='line_1_77' title="bbox 1096 1431 1926 1468; baseline -0.004 -8"><span class='ocrx_word' id='word_1_520' title='bbox 1096 1432 1181 1465; x_wconf 89' lang='lat' dir='ltr'><strong>mini,</strong></span> <span class='ocrx_word' id='word_1_521' title='bbox 1194 1436 1245 1460; x_wconf 89' lang='lat' dir='ltr'><strong>aut</strong></span> <span class='ocrx_word' id='word_1_522' title='bbox 1255 1433 1329 1461; x_wconf 88' lang='lat' dir='ltr'><strong>tales</strong></span> <span class='ocrx_word' id='word_1_523' title='bbox 1342 1435 1412 1460; x_wconf 87' lang='lat' dir='ltr'><strong>sunt</strong></span> <span class='ocrx_word' id='word_1_524' title='bbox 1422 1433 1616 1468; x_wconf 76' lang='lat' dir='ltr'><strong>cogitationes</strong></span> <span class='ocrx_word' id='word_1_525' title='bbox 1628 1431 1715 1467; x_wconf 75' lang='lat' dir='ltr'><strong>ejus?</strong></span> <span class='ocrx_word' id='word_1_526' title='bbox 1725 1432 1837 1459; x_wconf 84' lang='lat' dir='ltr'><strong>Nonne</strong></span> <span class='ocrx_word' id='word_1_527' title='bbox 1850 1431 1926 1458; x_wconf 69' lang='lat' dir='ltr'><strong>verba</strong></span> 
     </span>
    </p>
   </div>
   <div class='ocr_carea' id='block_1_78' title="bbox 1097 1476 1925 1512">
    <p class='ocr_par' dir='ltr' id='par_1_78' title="bbox 1097 1476 1925 1512">
     <span class='ocr_line' id='line_1_78' title="bbox 1097 1476 1925 1512; baseline -0.004 -7"><span class='ocrx_word' id='word_1_528' title='bbox 1097 1485 1160 1504; x_wconf 88' lang='lat' dir='ltr'><strong>mea</strong></span> <span class='ocrx_word' id='word_1_529' title='bbox 1175 1477 1252 1505; x_wconf 87' lang='lat' dir='ltr'><strong>bona</strong></span> <span class='ocrx_word' id='word_1_530' title='bbox 1263 1481 1333 1505; x_wconf 90' lang='lat' dir='ltr'><strong>sunt</strong></span> <span class='ocrx_word' id='word_1_531' title='bbox 1352 1486 1419 1505; x_wconf 91' lang='lat' dir='ltr'><strong>cum</strong></span> <span class='ocrx_word' id='word_1_532' title='bbox 1444 1486 1490 1509; x_wconf 90' lang='lat' dir='ltr'><strong>eo,</strong></span> <span class='ocrx_word' id='word_1_533' title='bbox 1514 1477 1564 1512; x_wconf 93' lang='lat' dir='ltr'><strong>qui</strong></span> <span class='ocrx_word' id='word_1_534' title='bbox 1587 1479 1667 1504; x_wconf 89' lang='lat' dir='ltr'><strong>recte</strong></span> <span class='ocrx_word' id='word_1_535' title='bbox 1697 1476 1925 1511; x_wconf 57' lang='lat' dir='ltr'><strong>graditurhte</strong></span> 
     </span>
    </p>
   </div>
   <div class='ocr_carea' id='block_1_79' title="bbox 1097 1521 1927 1558">
    <p class='ocr_par' dir='ltr' id='par_1_79' title="bbox 1097 1521 1927 1558">
     <span class='ocr_line' id='line_1_79' title="bbox 1097 1521 1927 1558; baseline -0.002 -9"><span class='ocrx_word' id='word_1_536' title='bbox 1097 1522 1245 1549; x_wconf 89' lang='lat' dir='ltr'><strong>contrario</strong></span> <span class='ocrx_word' id='word_1_537' title='bbox 1259 1531 1266 1554; x_wconf 89' lang='lat'><strong>;</strong></span> <span class='ocrx_word' id='word_1_538' title='bbox 1282 1522 1409 1558; x_wconf 87' lang='lat' dir='ltr'><strong>populus</strong></span> <span class='ocrx_word' id='word_1_539' title='bbox 1425 1530 1509 1549; x_wconf 90' lang='lat' dir='ltr'><strong>meus</strong></span> <span class='ocrx_word' id='word_1_540' title='bbox 1525 1522 1555 1548; x_wconf 94' lang='lat' dir='ltr'><strong>in</strong></span> <span class='ocrx_word' id='word_1_541' title='bbox 1580 1521 1793 1554; x_wconf 87' lang='lat' dir='ltr'><strong>adversarium</strong></span> <span class='ocrx_word' id='word_1_542' title='bbox 1810 1529 1927 1548; x_wconf 88' lang='lat' dir='ltr'><strong>consur-</strong></span> 
     </span>
    </p>
   </div>
   <div class='ocr_carea' id='block_1_80' title="bbox 1096 1564 1926 1602">
    <p class='ocr_par' dir='ltr' id='par_1_80' title="bbox 1096 1564 1926 1602">
     <span class='ocr_line' id='line_1_80' title="bbox 1096 1564 1926 1602; baseline -0.001 -9"><span class='ocrx_word' id='word_1_543' title='bbox 1096 1566 1318 1602; x_wconf 79' lang='lat' dir='ltr'><strong>rexit.Desuper</strong></span> <span class='ocrx_word' id='word_1_544' title='bbox 1334 1566 1435 1594; x_wconf 89' lang='lat' dir='ltr'><strong>tunica</strong></span> <span class='ocrx_word' id='word_1_545' title='bbox 1444 1565 1569 1601; x_wconf 87' lang='lat' dir='ltr'><strong>pallium</strong></span> <span class='ocrx_word' id='word_1_546' title='bbox 1582 1565 1761 1599; x_wconf 85' lang='lat' dir='ltr'><strong>sustulistis,</strong></span> <span class='ocrx_word' id='word_1_547' title='bbox 1781 1568 1812 1592; x_wconf 88' lang='lat' dir='ltr'><strong>et</strong></span> <span class='ocrx_word' id='word_1_548' title='bbox 1823 1573 1876 1592; x_wconf 82' lang='lat' dir='ltr'><strong>eos</strong></span> <span class='ocrx_word' id='word_1_549' title='bbox 1886 1564 1926 1600; x_wconf 88' lang='lat' dir='ltr'><strong>qui</strong></span> 
     </span>
    </p>
   </div>
   <div class='ocr_carea' id='block_1_81' title="bbox 1099 1609 1929 1646">
    <p class='ocr_par' dir='ltr' id='par_1_81' title="bbox 1099 1609 1929 1646">
     <span class='ocr_line' id='line_1_81' title="bbox 1099 1609 1929 1646; baseline -0.002 -8"><span class='ocrx_word' id='word_1_550' title='bbox 1099 1611 1267 1638; x_wconf 88' lang='lat' dir='ltr'><strong>transibant</strong></span> <span class='ocrx_word' id='word_1_551' title='bbox 1281 1611 1467 1646; x_wconf 87' lang='lat' dir='ltr'><strong>simpliciter,</strong></span> <span class='ocrx_word' id='word_1_552' title='bbox 1484 1610 1673 1637; x_wconf 89' lang='lat' dir='ltr'><strong>convertistis</strong></span> <span class='ocrx_word' id='word_1_553' title='bbox 1689 1610 1721 1636; x_wconf 92' lang='lat' dir='ltr'><strong>in</strong></span> <span class='ocrx_word' id='word_1_554' title='bbox 1739 1609 1862 1637; x_wconf 90' lang='lat' dir='ltr'><strong>bellum</strong></span> <span class='ocrx_word' id='word_1_555' title='bbox 1874 1610 1903 1636; x_wconf 70' lang='grc'><strong>³³.</strong></span> <span class='ocrx_word' id='word_1_556' title='bbox 1919 1621 1929 1631; x_wconf 67' lang='grc' dir='ltr'><strong>η</strong></span> 
     </span>
    </p>
   </div>
   <div class='ocr_carea' id='block_1_82' title="bbox 1098 1654 1929 1690">
    <p class='ocr_par' dir='ltr' id='par_1_82' title="bbox 1098 1654 1929 1690">
     <span class='ocr_line' id='line_1_82' title="bbox 1098 1654 1929 1690; baseline -0.001 -8"><span class='ocrx_word' id='word_1_557' title='bbox 1098 1656 1132 1682; x_wconf 87' lang='lat' dir='ltr'><strong>Et</strong></span> <span class='ocrx_word' id='word_1_558' title='bbox 1147 1663 1162 1682; x_wconf 89' lang='lat' dir='ltr'><strong>e</strong></span> <span class='ocrx_word' id='word_1_559' title='bbox 1177 1658 1292 1688; x_wconf 87' lang='lat' dir='ltr'><strong>contra,</strong></span> <span class='ocrx_word' id='word_1_560' title='bbox 1309 1655 1345 1683; x_wconf 93' lang='lat' dir='ltr'><strong>de</strong></span> <span class='ocrx_word' id='word_1_561' title='bbox 1361 1655 1408 1682; x_wconf 88' lang='lat' dir='ltr'><strong>his</strong></span> <span class='ocrx_word' id='word_1_562' title='bbox 1419 1654 1469 1690; x_wconf 92' lang='lat' dir='ltr'><strong>qui</strong></span> <span class='ocrx_word' id='word_1_563' title='bbox 1481 1657 1662 1682; x_wconf 89' lang='lat' dir='ltr'><strong>accusantur</strong></span> <span class='ocrx_word' id='word_1_564' title='bbox 1675 1654 1723 1681; x_wconf 91' lang='lat' dir='ltr'><strong>vel</strong></span> <span class='ocrx_word' id='word_1_565' title='bbox 1735 1654 1929 1681; x_wconf 80' lang='lat' dir='ltr'><strong>tribulantur.</strong></span> 
     </span>
    </p>
   </div>
   <div class='ocr_carea' id='block_1_83' title="bbox 1097 1699 1930 1735">
    <p class='ocr_par' dir='ltr' id='par_1_83' title="bbox 1097 1699 1930 1735">
     <span class='ocr_line' id='line_1_83' title="bbox 1097 1699 1930 1735; baseline -0.002 -8"><span class='ocrx_word' id='word_1_566' title='bbox 1097 1708 1151 1735; x_wconf 91' lang='lat' dir='ltr'><strong>per</strong></span> <span class='ocrx_word' id='word_1_567' title='bbox 1166 1700 1279 1728; x_wconf 83' lang='lat' dir='ltr'><strong>Nahum</strong></span> <span class='ocrx_word' id='word_1_568' title='bbox 1295 1700 1469 1735; x_wconf 82' lang='lat' dir='ltr'><strong>prophetam</strong></span> <span class='ocrx_word' id='word_1_569' title='bbox 1487 1699 1660 1726; x_wconf 83' lang='lat' dir='ltr'><strong>confortans</strong></span> <span class='ocrx_word' id='word_1_570' title='bbox 1674 1699 1787 1732; x_wconf 85' lang='lat' dir='ltr'><strong>eos,sic</strong></span> <span class='ocrx_word' id='word_1_571' title='bbox 1800 1699 1930 1734; x_wconf 86' lang='lat' dir='ltr'><strong>loquitur</strong></span> 
     </span>
    </p>
   </div>
   <div class='ocr_carea' id='block_1_84' title="bbox 1097 1742 1929 1776">
    <p class='ocr_par' dir='ltr' id='par_1_84' title="bbox 1097 1742 1929 1776">
     <span class='ocr_line' id='line_1_84' title="bbox 1097 1742 1929 1776; baseline -0.002 -5"><span class='ocrx_word' id='word_1_572' title='bbox 1097 1745 1260 1772; x_wconf 88' lang='lat' dir='ltr'><strong>Dominus:</strong></span> <span class='ocrx_word' id='word_1_573' title='bbox 1280 1755 1293 1770; x_wconf 75' lang='grc' dir='ltr'>ι</span> <span class='ocrx_word' id='word_1_574' title='bbox 1311 1745 1409 1771; x_wconf 85' lang='lat' dir='ltr'><strong>Bonus</strong></span> <span class='ocrx_word' id='word_1_575' title='bbox 1425 1744 1580 1776; x_wconf 90' lang='lat' dir='ltr'><strong>Dominus,</strong></span> <span class='ocrx_word' id='word_1_576' title='bbox 1597 1746 1627 1771; x_wconf 89' lang='lat' dir='ltr'><strong>et</strong></span> <span class='ocrx_word' id='word_1_577' title='bbox 1642 1743 1825 1771; x_wconf 84' lang='lat' dir='ltr'><strong>confortans</strong></span> <span class='ocrx_word' id='word_1_578' title='bbox 1843 1743 1873 1770; x_wconf 90' lang='lat' dir='ltr'><strong>in</strong></span> <span class='ocrx_word' id='word_1_579' title='bbox 1889 1742 1929 1769; x_wconf 84' lang='lat' dir='ltr'><strong>die</strong></span> 
     </span>
    </p>
   </div>
   <div class='ocr_carea' id='block_1_85' title="bbox 1097 1787 1929 1823">
    <p class='ocr_par' dir='ltr' id='par_1_85' title="bbox 1097 1787 1929 1823">
     <span class='ocr_line' id='line_1_85' title="bbox 1097 1787 1929 1823; baseline -0.002 -7"><span class='ocrx_word' id='word_1_580' title='bbox 1097 1789 1306 1822; x_wconf 84' lang='lat' dir='ltr'><strong>tribulationis,</strong></span> <span class='ocrx_word' id='word_1_581' title='bbox 1319 1791 1348 1816; x_wconf 90' lang='lat' dir='ltr'><strong>et</strong></span> <span class='ocrx_word' id='word_1_582' title='bbox 1359 1788 1458 1816; x_wconf 89' lang='lat' dir='ltr'><strong>sciens</strong></span> <span class='ocrx_word' id='word_1_583' title='bbox 1470 1791 1626 1823; x_wconf 89' lang='lat' dir='ltr'><strong>sperantes</strong></span> <span class='ocrx_word' id='word_1_584' title='bbox 1637 1788 1667 1815; x_wconf 91' lang='lat' dir='ltr'><strong>in</strong></span> <span class='ocrx_word' id='word_1_585' title='bbox 1680 1796 1723 1815; x_wconf 88' lang='lat' dir='ltr'><strong>se.</strong></span> <span class='ocrx_word' id='word_1_586' title='bbox 1732 1788 1769 1814; x_wconf 87' lang='lat' dir='ltr'><strong>Et</strong></span> <span class='ocrx_word' id='word_1_587' title='bbox 1780 1788 1812 1814; x_wconf 92' lang='lat' dir='ltr'><strong>in</strong></span> <span class='ocrx_word' id='word_1_588' title='bbox 1827 1787 1929 1815; x_wconf 61' lang='lat' dir='ltr'><strong>diluvio</strong></span> 
     </span>
    </p>
   </div>
   <div class='ocr_carea' id='block_1_86' title="bbox 1096 1837 1928 1873">
    <p class='ocr_par' dir='ltr' id='par_1_86' title="bbox 1096 1837 1928 1873">
     <span class='ocr_line' id='line_1_86' title="bbox 1096 1837 1928 1873; baseline -0.002 -8"><span class='ocrx_word' id='word_1_589' title='bbox 1096 1840 1294 1873; x_wconf 70' lang='lat' dir='ltr'><strong>praetereunte</strong></span> <span class='ocrx_word' id='word_1_590' title='bbox 1311 1838 1602 1865; x_wconf 88' lang='lat' dir='ltr'><strong>consummationem</strong></span> <span class='ocrx_word' id='word_1_591' title='bbox 1619 1837 1710 1864; x_wconf 87' lang='lat' dir='ltr'><strong>faciet</strong></span> <span class='ocrx_word' id='word_1_592' title='bbox 1726 1837 1787 1864; x_wconf 91' lang='lat' dir='ltr'><strong>loci</strong></span> <span class='ocrx_word' id='word_1_593' title='bbox 1812 1837 1890 1873; x_wconf 84' lang='lat' dir='ltr'><strong>ejus,</strong></span> <span class='ocrx_word' id='word_1_594' title='bbox 1906 1841 1928 1863; x_wconf 77' lang='lat' dir='ltr'><strong>et</strong></span> 
     </span>
    </p>
   </div>
   <div class='ocr_carea' id='block_1_87' title="bbox 1095 1881 1928 1917">
    <p class='ocr_par' dir='ltr' id='par_1_87' title="bbox 1095 1881 1928 1917">
     <span class='ocr_line' id='line_1_87' title="bbox 1095 1881 1928 1917; baseline 0 -9"><span class='ocrx_word' id='word_1_595' title='bbox 1095 1881 1233 1909; x_wconf 89' lang='lat' dir='ltr'><strong>inimicos</strong></span> <span class='ocrx_word' id='word_1_596' title='bbox 1244 1882 1308 1917; x_wconf 87' lang='lat' dir='ltr'><strong>ejus</strong></span> <span class='ocrx_word' id='word_1_597' title='bbox 1316 1885 1536 1917; x_wconf 88' lang='lat' dir='ltr'><strong>persequentur</strong></span> <span class='ocrx_word' id='word_1_598' title='bbox 1550 1881 1692 1908; x_wconf 62' lang='lat' dir='ltr'><strong>tenebrat.</strong></span> <span class='ocrx_word' id='word_1_599' title='bbox 1705 1881 1786 1913; x_wconf 89' lang='lat' dir='ltr'><strong>Quid</strong></span> <span class='ocrx_word' id='word_1_600' title='bbox 1795 1881 1928 1917; x_wconf 76' lang='lat' dir='ltr'><strong>cogitati:</strong></span> 
     </span>
    </p>
   </div>
   <div class='ocr_carea' id='block_1_88' title="bbox 1095 1926 1927 1961">
    <p class='ocr_par' dir='ltr' id='par_1_88' title="bbox 1095 1926 1927 1961">
     <span class='ocr_line' id='line_1_88' title="bbox 1095 1926 1927 1961; baseline -0.001 -8"><span class='ocrx_word' id='word_1_601' title='bbox 1095 1929 1198 1953; x_wconf 90' lang='lat' dir='ltr'><strong>contra</strong></span> <span class='ocrx_word' id='word_1_602' title='bbox 1215 1926 1397 1953; x_wconf 80' lang='lat' dir='ltr'><strong>Dominum?</strong></span> <span class='ocrx_word' id='word_1_603' title='bbox 1418 1926 1714 1953; x_wconf 89' lang='lat' dir='ltr'><strong>Consummationem</strong></span> <span class='ocrx_word' id='word_1_604' title='bbox 1740 1926 1808 1961; x_wconf 86' lang='lat' dir='ltr'><strong>ipse</strong></span> <span class='ocrx_word' id='word_1_605' title='bbox 1837 1926 1927 1953; x_wconf 83' lang='lat' dir='ltr'><strong>faciet.</strong></span> 
     </span>
    </p>
   </div>
   <div class='ocr_carea' id='block_1_89' title="bbox 1096 1970 1926 2006">
    <p class='ocr_par' dir='ltr' id='par_1_89' title="bbox 1096 1970 1926 2006">
     <span class='ocr_line' id='line_1_89' title="bbox 1096 1970 1926 2006; baseline 0 -9"><span class='ocrx_word' id='word_1_606' title='bbox 1096 1971 1156 1997; x_wconf 72' lang='lat' dir='ltr'><strong>Non</strong></span> <span class='ocrx_word' id='word_1_607' title='bbox 1173 1973 1329 2006; x_wconf 77' lang='lat' dir='ltr'><strong>consurget</strong></span> <span class='ocrx_word' id='word_1_608' title='bbox 1344 1970 1452 2005; x_wconf 81' lang='lat' dir='ltr'><strong>duplex</strong></span> <span class='ocrx_word' id='word_1_609' title='bbox 1469 1970 1621 1997; x_wconf 88' lang='lat' dir='ltr'><strong>tribulatio</strong></span> <span class='ocrx_word' id='word_1_610' title='bbox 1635 1979 1641 2003; x_wconf 88' lang='lat'>;</span> <span class='ocrx_word' id='word_1_611' title='bbox 1655 1970 1726 2005; x_wconf 90' lang='lat' dir='ltr'><strong>quia</strong></span> <span class='ocrx_word' id='word_1_612' title='bbox 1742 1971 1826 1997; x_wconf 85' lang='lat' dir='ltr'><strong>sicut</strong></span> <span class='ocrx_word' id='word_1_613' title='bbox 1842 1971 1926 2006; x_wconf 64' lang='lat' dir='ltr'><strong>spina</strong></span> 
     </span>
    </p>
   </div>
   <div class='ocr_carea' id='block_1_90' title="bbox 1096 2015 1928 2050">
    <p class='ocr_par' dir='ltr' id='par_1_90' title="bbox 1096 2015 1928 2050">
     <span class='ocr_line' id='line_1_90' title="bbox 1096 2015 1928 2050; baseline 0.004 -11"><span class='ocrx_word' id='word_1_614' title='bbox 1096 2023 1125 2040; x_wconf 85' lang='lat' dir='ltr'><strong>se</strong></span> <span class='ocrx_word' id='word_1_615' title='bbox 1138 2015 1261 2042; x_wconf 76' lang='lat' dir='ltr'><strong>invicem</strong></span> <span class='ocrx_word' id='word_1_616' title='bbox 1273 2015 1567 2050; x_wconf 87' lang='lat' dir='ltr'><strong>complectuntur,sic</strong></span> <span class='ocrx_word' id='word_1_617' title='bbox 1579 2015 1753 2042; x_wconf 83' lang='lat' dir='ltr'><strong>convivium</strong></span> <span class='ocrx_word' id='word_1_618' title='bbox 1766 2023 1875 2042; x_wconf 87' lang='lat' dir='ltr'><strong>eorum</strong></span> <span class='ocrx_word' id='word_1_619' title='bbox 1888 2023 1928 2050; x_wconf 78' lang='lat' dir='ltr'><strong>pd-</strong></span> 
     </span>
    </p>
   </div>
   <div class='ocr_carea' id='block_1_91' title="bbox 1095 2059 1927 2094">
    <p class='ocr_par' dir='ltr' id='par_1_91' title="bbox 1095 2059 1927 2094">
     <span class='ocr_line' id='line_1_91' title="bbox 1095 2059 1927 2094; baseline -0.001 -9"><span class='ocrx_word' id='word_1_620' title='bbox 1095 2059 1165 2085; x_wconf 44' lang='lat' dir='ltr'><strong>ritv‘r</strong></span> <span class='ocrx_word' id='word_1_621' title='bbox 1182 2060 1366 2094; x_wconf 71' lang='lat' dir='ltr'><strong>potentium:</strong></span> <span class='ocrx_word' id='word_1_622' title='bbox 1383 2062 1599 2086; x_wconf 86' lang='lat' dir='ltr'><strong>consumentur</strong></span> <span class='ocrx_word' id='word_1_623' title='bbox 1614 2059 1701 2094; x_wconf 89' lang='lat' dir='ltr'><strong>quasi</strong></span> <span class='ocrx_word' id='word_1_624' title='bbox 1712 2059 1833 2094; x_wconf 86' lang='lat' dir='ltr'><strong>stipula</strong></span> <span class='ocrx_word' id='word_1_625' title='bbox 1843 2059 1927 2087; x_wconf 83' lang='lat' dir='ltr'><strong>aridi-</strong></span> 
     </span>
    </p>
   </div>
   <div class='ocr_carea' id='block_1_92' title="bbox 1096 2103 1926 2138">
    <p class='ocr_par' dir='ltr' id='par_1_92' title="bbox 1096 2103 1926 2138">
     <span class='ocr_line' id='line_1_92' title="bbox 1096 2103 1926 2138; baseline 0 -9"><span class='ocrx_word' id='word_1_626' title='bbox 1096 2106 1154 2131; x_wconf 87' lang='lat' dir='ltr'><strong>tate</strong></span> <span class='ocrx_word' id='word_1_627' title='bbox 1170 2104 1269 2138; x_wconf 81' lang='lat' dir='ltr'><strong>plena.</strong></span> <span class='ocrx_word' id='word_1_628' title='bbox 1287 2105 1328 2130; x_wconf 70' lang='lat' dir='ltr'><strong>Ex</strong></span> <span class='ocrx_word' id='word_1_629' title='bbox 1345 2108 1372 2131; x_wconf 88' lang='lat' dir='ltr'><strong>te</strong></span> <span class='ocrx_word' id='word_1_630' title='bbox 1389 2103 1482 2130; x_wconf 82' lang='lat' dir='ltr'><strong>exibit</strong></span> <span class='ocrx_word' id='word_1_631' title='bbox 1497 2104 1631 2138; x_wconf 83' lang='lat' dir='ltr'><strong>cogitans</strong></span> <span class='ocrx_word' id='word_1_632' title='bbox 1645 2106 1754 2131; x_wconf 89' lang='lat' dir='ltr'><strong>contra</strong></span> <span class='ocrx_word' id='word_1_633' title='bbox 1771 2103 1926 2131; x_wconf 85' lang='lat' dir='ltr'><strong>Dominum</strong></span> 
     </span>
    </p>
   </div>
   <div class='ocr_carea' id='block_1_93' title="bbox 1095 2148 1926 2183">
    <p class='ocr_par' dir='ltr' id='par_1_93' title="bbox 1095 2148 1926 2183">
     <span class='ocr_line' id='line_1_93' title="bbox 1095 2148 1926 2183; baseline -0.001 -8"><span class='ocrx_word' id='word_1_634' title='bbox 1095 2149 1250 2180; x_wconf 82' lang='lat' dir='ltr'><strong>malitiam,</strong></span> <span class='ocrx_word' id='word_1_635' title='bbox 1263 2152 1362 2175; x_wconf 90' lang='lat' dir='ltr'><strong>mente</strong></span> <span class='ocrx_word' id='word_1_636' title='bbox 1372 2151 1558 2183; x_wconf 84' lang='lat' dir='ltr'><strong>pertractans</strong></span> <span class='ocrx_word' id='word_1_637' title='bbox 1569 2148 1926 2183; x_wconf 61' lang='lat' dir='ltr'><strong>praevaricationemﬂaec</strong></span> 
     </span>
    </p>
   </div>
   <div class='ocr_carea' id='block_1_94' title="bbox 1095 2192 1925 2228">
    <p class='ocr_par' dir='ltr' id='par_1_94' title="bbox 1095 2192 1925 2228">
     <span class='ocr_line' id='line_1_94' title="bbox 1095 2192 1925 2228; baseline -0.002 -9"><span class='ocrx_word' id='word_1_638' title='bbox 1095 2193 1165 2219; x_wconf 84' lang='lat' dir='ltr'><strong>dicit</strong></span> <span class='ocrx_word' id='word_1_639' title='bbox 1183 2193 1342 2219; x_wconf 85' lang='lat' dir='ltr'><strong>Dominus:</strong></span> <span class='ocrx_word' id='word_1_640' title='bbox 1361 2193 1388 2219; x_wconf 81' lang='lat' dir='ltr'><strong>Si</strong></span> <span class='ocrx_word' id='word_1_641' title='bbox 1405 2192 1528 2226; x_wconf 85' lang='lat' dir='ltr'><strong>perfecti</strong></span> <span class='ocrx_word' id='word_1_642' title='bbox 1544 2192 1668 2224; x_wconf 85' lang='lat' dir='ltr'><strong>fuerint,</strong></span> <span class='ocrx_word' id='word_1_643' title='bbox 1685 2195 1715 2219; x_wconf 87' lang='lat' dir='ltr'><strong>et</strong></span> <span class='ocrx_word' id='word_1_644' title='bbox 1740 2193 1784 2220; x_wconf 87' lang='lat' dir='ltr'><strong>ita</strong></span> <span class='ocrx_word' id='word_1_645' title='bbox 1810 2193 1925 2228; x_wconf 75' lang='lat' dir='ltr'><strong>plures:</strong></span> 
     </span>
    </p>
   </div>
   <div class='ocr_carea' id='block_1_95' title="bbox 1095 2236 1924 2272">
    <p class='ocr_par' dir='ltr' id='par_1_95' title="bbox 1095 2236 1924 2272">
     <span class='ocr_line' id='line_1_95' title="bbox 1095 2236 1924 2272; baseline -0.001 -9"><span class='ocrx_word' id='word_1_646' title='bbox 1095 2238 1134 2264; x_wconf 87' lang='lat' dir='ltr'><strong>sic</strong></span> <span class='ocrx_word' id='word_1_647' title='bbox 1152 2246 1268 2272; x_wconf 84' lang='lat' dir='ltr'><strong>quoque</strong></span> <span class='ocrx_word' id='word_1_648' title='bbox 1284 2236 1488 2268; x_wconf 84' lang='lat' dir='ltr'><strong>attondentur,</strong></span> <span class='ocrx_word' id='word_1_649' title='bbox 1505 2239 1531 2263; x_wconf 88' lang='lat' dir='ltr'><strong>et</strong></span> <span class='ocrx_word' id='word_1_650' title='bbox 1549 2237 1759 2272; x_wconf 84' lang='lat' dir='ltr'><strong>pertransibit.</strong></span> <span class='ocrx_word' id='word_1_651' title='bbox 1774 2237 1877 2264; x_wconf 80' lang='lat' dir='ltr'><strong>Afﬂixi</strong></span> <span class='ocrx_word' id='word_1_652' title='bbox 1893 2240 1924 2263; x_wconf 85' lang='lat' dir='ltr'><strong>te.</strong></span> 
     </span>
    </p>
   </div>
   <div class='ocr_carea' id='block_1_96' title="bbox 1095 2280 1925 2316">
    <p class='ocr_par' dir='ltr' id='par_1_96' title="bbox 1095 2280 1925 2316">
     <span class='ocr_line' id='line_1_96' title="bbox 1095 2280 1925 2316; baseline -0.002 -8"><span class='ocrx_word' id='word_1_653' title='bbox 1095 2284 1123 2308; x_wconf 90' lang='lat' dir='ltr'><strong>et</strong></span> <span class='ocrx_word' id='word_1_654' title='bbox 1139 2290 1197 2308; x_wconf 86' lang='lat' dir='ltr'><strong>non</strong></span> <span class='ocrx_word' id='word_1_655' title='bbox 1213 2281 1341 2316; x_wconf 55' lang='lat' dir='ltr'><strong>dﬂigam</strong></span> <span class='ocrx_word' id='word_1_656' title='bbox 1365 2284 1392 2308; x_wconf 85' lang='lat' dir='ltr'><strong>te</strong></span> <span class='ocrx_word' id='word_1_657' title='bbox 1421 2280 1500 2307; x_wconf 85' lang='lat' dir='ltr'><strong>ultra</strong></span> <span class='ocrx_word' id='word_1_658' title='bbox 1516 2281 1546 2306; x_wconf 82' lang='grc'><strong>²⁶.</strong></span> <span class='ocrx_word' id='word_1_659' title='bbox 1567 2292 1579 2304; x_wconf 72' lang='grc' dir='ltr'><strong>»ι</strong></span> <span class='ocrx_word' id='word_1_660' title='bbox 1606 2281 1704 2307; x_wconf 84' lang='lat' dir='ltr'><strong>Facile</strong></span> <span class='ocrx_word' id='word_1_661' title='bbox 1730 2283 1788 2314; x_wconf 84' lang='lat' dir='ltr'><strong>est,</strong></span> <span class='ocrx_word' id='word_1_662' title='bbox 1814 2282 1925 2308; x_wconf 78' lang='lat' dir='ltr'><strong>fratres.</strong></span> 
     </span>
    </p>
   </div>
   <div class='ocr_carea' id='block_1_97' title="bbox 215 2320 1925 2361">
    <p class='ocr_par' dir='ltr' id='par_1_97' title="bbox 215 2320 1925 2361">
     <span class='ocr_line' id='line_1_97' title="bbox 215 2320 1925 2361; baseline -0.001 -10"><span class='ocrx_word' id='word_1_663' title='bbox 215 2333 249 2351; x_wconf 91' lang='lat' dir='ltr'><strong>eo</strong></span> <span class='ocrx_word' id='word_1_664' title='bbox 267 2323 299 2351; x_wconf 70' lang='grc'><strong>⁸⁷.</strong></span> <span class='ocrx_word' id='word_1_665' title='bbox 318 2336 330 2348; x_wconf 75' lang='grc' dir='ltr'><strong><em>η</em></strong></span> <span class='ocrx_word' id='word_1_666' title='bbox 349 2324 430 2351; x_wconf 86' lang='lat' dir='ltr'><strong>Unde</strong></span> <span class='ocrx_word' id='word_1_667' title='bbox 448 2328 473 2351; x_wconf 73' lang='lat' dir='ltr'><strong>et</strong></span> <span class='ocrx_word' id='word_1_668' title='bbox 489 2325 645 2360; x_wconf 80' lang='lat' dir='ltr'><strong>Apostolus</strong></span> <span class='ocrx_word' id='word_1_669' title='bbox 670 2325 709 2352; x_wconf 89' lang='lat' dir='ltr'><strong>ait</strong></span> <span class='ocrx_word' id='word_1_670' title='bbox 728 2333 734 2351; x_wconf 86' lang='lat'><strong>:</strong></span> <span class='ocrx_word' id='word_1_671' title='bbox 758 2336 771 2349; x_wconf 86' lang='grc'><strong><em>‹‹</em></strong></span> <span class='ocrx_word' id='word_1_672' title='bbox 788 2325 883 2352; x_wconf 84' lang='lat' dir='ltr'><strong>Nolite</strong></span> <span class='ocrx_word' id='word_1_673' title='bbox 903 2326 1040 2360; x_wconf 86' lang='lat' dir='ltr'><strong>judicare</strong></span> <span class='ocrx_word' id='word_1_674' title='bbox 1055 2320 1077 2351; x_wconf 81' lang='grc' dir='ltr'>υ</span> <span class='ocrx_word' id='word_1_675' title='bbox 1094 2326 1181 2353; x_wconf 85' lang='lat' dir='ltr'><strong>verbo</strong></span> <span class='ocrx_word' id='word_1_676' title='bbox 1196 2326 1299 2352; x_wconf 85' lang='lat' dir='ltr'><strong>fallere</strong></span> <span class='ocrx_word' id='word_1_677' title='bbox 1316 2325 1480 2358; x_wconf 87' lang='lat' dir='ltr'><strong>hominem,</strong></span> <span class='ocrx_word' id='word_1_678' title='bbox 1498 2325 1520 2341; x_wconf 67' lang='grc'><strong>³⁷</strong></span> <span class='ocrx_word' id='word_1_679' title='bbox 1536 2325 1589 2352; x_wconf 90' lang='lat' dir='ltr'><strong>sed</strong></span> <span class='ocrx_word' id='word_1_680' title='bbox 1606 2333 1667 2352; x_wconf 87' lang='lat' dir='ltr'><strong>non</strong></span> <span class='ocrx_word' id='word_1_681' title='bbox 1685 2325 1790 2352; x_wconf 87' lang='lat' dir='ltr'><strong>Deum.</strong></span> <span class='ocrx_word' id='word_1_682' title='bbox 1805 2326 1925 2361; x_wconf 75' lang='lat' dir='ltr'><strong>Sapiens</strong></span> 
     </span>
    </p>
   </div>
   <div class='ocr_carea' id='block_1_98' title="bbox 213 2368 1040 2405">
    <p class='ocr_par' dir='ltr' id='par_1_98' title="bbox 213 2368 1040 2405">
     <span class='ocr_line' id='line_1_98' title="bbox 213 2368 1040 2405; baseline 0.002 -10"><span class='ocrx_word' id='word_1_683' title='bbox 213 2369 320 2396; x_wconf 86' lang='lat' dir='ltr'><strong>fratres</strong></span> <span class='ocrx_word' id='word_1_684' title='bbox 332 2369 468 2401; x_wconf 85' lang='lat' dir='ltr'><strong>invicem,</strong></span> <span class='ocrx_word' id='word_1_685' title='bbox 481 2369 532 2396; x_wconf 90' lang='lat' dir='ltr'><strong>sed</strong></span> <span class='ocrx_word' id='word_1_686' title='bbox 543 2368 738 2404; x_wconf 81' lang='lat' dir='ltr'><strong>hocjudicate</strong></span> <span class='ocrx_word' id='word_1_687' title='bbox 753 2370 857 2404; x_wconf 81' lang='lat' dir='ltr'><strong>magis,</strong></span> <span class='ocrx_word' id='word_1_688' title='bbox 873 2377 910 2397; x_wconf 89' lang='lat' dir='ltr'><strong>ne</strong></span> <span class='ocrx_word' id='word_1_689' title='bbox 922 2370 1040 2405; x_wconf 89' lang='lat' dir='ltr'><strong>ponatis</strong></span> 
     </span>
    </p>
   </div>
   <div class='ocr_carea' id='block_1_99' title="bbox 214 2413 1040 2442">
    <p class='ocr_par' dir='ltr' id='par_1_99' title="bbox 214 2413 1040 2442">
     <span class='ocr_line' id='line_1_99' title="bbox 214 2413 1040 2442; baseline 0.004 -3"><span class='ocrx_word' id='word_1_690' title='bbox 214 2414 428 2441; x_wconf 78' lang='lat' dir='ltr'><strong>offendiculum</strong></span> <span class='ocrx_word' id='word_1_691' title='bbox 438 2413 521 2441; x_wconf 86' lang='lat' dir='ltr'><strong>fratri</strong></span> <span class='ocrx_word' id='word_1_692' title='bbox 533 2413 578 2440; x_wconf 91' lang='lat' dir='ltr'><strong>vel</strong></span> <span class='ocrx_word' id='word_1_693' title='bbox 587 2413 761 2441; x_wconf 85' lang='lat' dir='ltr'><strong>scandalum</strong></span> <span class='ocrx_word' id='word_1_694' title='bbox 774 2414 804 2440; x_wconf 88' lang='grc'><strong>¹¹.</strong></span> <span class='ocrx_word' id='word_1_695' title='bbox 818 2425 832 2439; x_wconf 87' lang='grc'><strong>››</strong></span> <span class='ocrx_word' id='word_1_696' title='bbox 848 2414 883 2440; x_wconf 85' lang='lat' dir='ltr'><strong>Et</strong></span> <span class='ocrx_word' id='word_1_697' title='bbox 897 2414 1040 2442; x_wconf 87' lang='lat' dir='ltr'><strong>Dominus</strong></span> 
     </span>
    </p>
   </div>
   <div class='ocr_carea' id='block_1_100' title="bbox 214 2457 1039 2494">
    <p class='ocr_par' dir='ltr' id='par_1_100' title="bbox 214 2457 1039 2494">
     <span class='ocr_line' id='line_1_100' title="bbox 214 2457 1039 2494; baseline -0.004 -8"><span class='ocrx_word' id='word_1_698' title='bbox 214 2459 311 2494; x_wconf 89' lang='lat' dir='ltr'><strong>inquit</strong></span> <span class='ocrx_word' id='word_1_699' title='bbox 323 2467 328 2485; x_wconf 94' lang='lat'><strong>:</strong></span> <span class='ocrx_word' id='word_1_700' title='bbox 341 2469 356 2483; x_wconf 83' lang='lat'><strong>«</strong></span> <span class='ocrx_word' id='word_1_701' title='bbox 367 2458 450 2492; x_wconf 86' lang='lat' dir='ltr'><strong>Quod</strong></span> <span class='ocrx_word' id='word_1_702' title='bbox 465 2457 516 2485; x_wconf 86' lang='lat' dir='ltr'><strong>tibi</strong></span> <span class='ocrx_word' id='word_1_703' title='bbox 526 2465 588 2485; x_wconf 87' lang='lat' dir='ltr'><strong>non</strong></span> <span class='ocrx_word' id='word_1_704' title='bbox 599 2457 642 2485; x_wconf 82' lang='lat' dir='ltr'><strong>vis</strong></span> <span class='ocrx_word' id='word_1_705' title='bbox 654 2458 730 2491; x_wconf 84' lang='lat' dir='ltr'><strong>ﬂeri,</strong></span> <span class='ocrx_word' id='word_1_706' title='bbox 742 2457 827 2486; x_wconf 83' lang='lat' dir='ltr'><strong>alteri</strong></span> <span class='ocrx_word' id='word_1_707' title='bbox 838 2465 876 2486; x_wconf 85' lang='lat' dir='ltr'><strong>ne</strong></span> <span class='ocrx_word' id='word_1_708' title='bbox 882 2458 973 2486; x_wconf 88' lang='lat' dir='ltr'><strong>facias</strong></span> <span class='ocrx_word' id='word_1_709' title='bbox 981 2459 1012 2486; x_wconf 77' lang='grc' dir='ltr'><strong>η.</strong></span> <span class='ocrx_word' id='word_1_710' title='bbox 1024 2469 1039 2483; x_wconf 83' lang='grc'><strong>››</strong></span> 
     </span>
    </p>
   </div>
   <div class='ocr_carea' id='block_1_101' title="bbox 215 2502 1040 2540">
    <p class='ocr_par' dir='ltr' id='par_1_101' title="bbox 215 2502 1040 2540">
     <span class='ocr_line' id='line_1_101' title="bbox 215 2502 1040 2540; baseline 0.001 -10"><span class='ocrx_word' id='word_1_711' title='bbox 215 2504 250 2530; x_wconf 84' lang='lat' dir='ltr'><strong>Et</strong></span> <span class='ocrx_word' id='word_1_712' title='bbox 263 2503 354 2530; x_wconf 81' lang='lat' dir='ltr'><strong>alibi:</strong></span> <span class='ocrx_word' id='word_1_713' title='bbox 371 2514 386 2528; x_wconf 72' lang='grc' dir='ltr'>α</span> <span class='ocrx_word' id='word_1_714' title='bbox 401 2504 435 2530; x_wconf 88' lang='lat' dir='ltr'><strong>In</strong></span> <span class='ocrx_word' id='word_1_715' title='bbox 444 2503 500 2531; x_wconf 88' lang='lat' dir='ltr'><strong>hoc</strong></span> <span class='ocrx_word' id='word_1_716' title='bbox 514 2504 695 2540; x_wconf 76' lang='lat' dir='ltr'><strong>cognoscent</strong></span> <span class='ocrx_word' id='word_1_717' title='bbox 707 2510 812 2531; x_wconf 82' lang='lat' dir='ltr'><strong>omnes</strong></span> <span class='ocrx_word' id='word_1_718' title='bbox 821 2502 893 2539; x_wconf 81' lang='lat' dir='ltr'><strong>quia</strong></span> <span class='ocrx_word' id='word_1_719' title='bbox 900 2502 960 2531; x_wconf 89' lang='lat' dir='ltr'><strong>mei</strong></span> <span class='ocrx_word' id='word_1_720' title='bbox 968 2503 1040 2532; x_wconf 84' lang='lat' dir='ltr'><strong>estis</strong></span> 
     </span>
    </p>
   </div>
   <div class='ocr_carea' id='block_1_102' title="bbox 214 2545 1038 2591">
    <p class='ocr_par' dir='ltr' id='par_1_102' title="bbox 214 2545 1038 2591">
     <span class='ocr_line' id='line_1_102' title="bbox 214 2545 1038 2591; baseline 0 0"><span class='ocrx_word' id='word_1_721' title='bbox 214 2546 366 2591; x_wconf 53' lang='lat' dir='ltr'><strong>discipuli.</strong></span> <span class='ocrx_word' id='word_1_722' title='bbox 975 2547 1011 2591; x_wconf 63' lang='grc' dir='ltr'><strong>εο-</strong></span> <span class='ocrx_word' id='word_1_723' title='bbox 1022 2558 1038 2574; x_wconf 72' lang='grc' dir='ltr'>ι</span> 
     </span>
    </p>
   </div>
   <div class='ocr_carea' id='block_1_103' title="bbox 209 2544 1044 2608">
    <p class='ocr_par' dir='ltr' id='par_1_103' title="bbox 213 2545 1040 2608">
     <span class='ocr_line' id='line_1_103' title="bbox 213 2545 1038 2608; baseline 0.004 -22"><span class='ocrx_word' id='word_1_724' title='bbox 213 2546 366 2608; x_wconf 48' lang='lat' dir='ltr'><strong>gifiﬁnli.</strong></span> <span class='ocrx_word' id='word_1_725' title='bbox 377 2546 606 2590; x_wconf 57' lang='grc' dir='ltr'><strong>ξίιιὲμςεὲίὲριθψ</strong></span> <span class='ocrx_word' id='word_1_726' title='bbox 614 2545 965 2591; x_wconf 47' lang='lat' dir='ltr'><strong>Miami“?</strong></span> <span class='ocrx_word' id='word_1_727' title='bbox 975 2547 1011 2576; x_wconf 72' lang='grc' dir='ltr'><strong>ὀ-</strong></span> <span class='ocrx_word' id='word_1_728' title='bbox 1022 2558 1038 2574; x_wconf 70' lang='grc' dir='ltr'>ι</span> 
     </span>
     <span class='ocr_line' id='line_1_104' title="bbox 237 2577 1040 2608; baseline 0 0"><span class='ocrx_word' id='word_1_729' title='bbox 237 2593 245 2608; x_wconf 78' lang='grc' dir='ltr'><strong><em>ι</em></strong></span> <span class='ocrx_word' id='word_1_730' title='bbox 275 2598 290 2608; x_wconf 86' lang='grc'><strong>.</strong></span> 
     </span>
    </p>
   </div>
   <div class='ocr_carea' id='block_1_104' title="bbox 42 2713 1231 2814">
    <p class='ocr_par' dir='ltr' id='par_1_104' title="bbox 73 2713 1231 2814">
     <span class='ocr_line' id='line_1_105' title="bbox 73 2713 1231 2814; baseline 0 0"><span class='ocrx_word' id='word_1_731' title='bbox 73 2713 1231 2814; x_wconf 55' lang='grc' dir='ltr'>ε</span> 
     </span>
     <span class='ocr_line' id='line_1_106' title="bbox 86 2769 1231 2811; baseline 0.003 -29"><span class='ocrx_word' id='word_1_732' title='bbox 86 2778 92 2782; x_wconf 93' lang='grc'>.</span> <span class='ocrx_word' id='word_1_733' title='bbox 117 2788 123 2809; x_wconf 46' lang='grc' dir='ltr'><strong>τ</strong></span> <span class='ocrx_word' id='word_1_734' title='bbox 1114 2790 1145 2811; x_wconf 41' lang='grc' dir='ltr'><strong>Τ-</strong></span> <span class='ocrx_word' id='word_1_735' title='bbox 1156 2769 1231 2808; x_wconf 31' lang='lat' dir='ltr'><strong>tm</strong></span> 
     </span>
    </p>
   </div>
   <div class='ocr_carea' id='block_1_105' title="bbox 12 2814 1358 3134">
    <p class='ocr_par' dir='ltr' id='par_1_105' title="bbox 17 2814 1358 3129">
     <span class='ocr_line' id='line_1_107' title="bbox 93 2814 1358 2835; baseline -0.002 -5"><span class='ocrx_word' id='word_1_736' title='bbox 93 2821 97 2825; x_wconf 79' lang='grc' dir='ltr'><strong><em>ι</em></strong></span> <span class='ocrx_word' id='word_1_737' title='bbox 1095 2827 1098 2833; x_wconf 83' lang='grc'><strong>,</strong></span> <span class='ocrx_word' id='word_1_738' title='bbox 1196 2814 1254 2828; x_wconf 68' lang='lat' dir='ltr'><strong>m-II</strong></span> <span class='ocrx_word' id='word_1_739' title='bbox 1283 2814 1358 2835; x_wconf 55' lang='lat'><strong>1-0,!</strong></span> 
     </span>
     <span class='ocr_line' id='line_1_108' title="bbox 17 2818 1353 2871; baseline -0.002 -6"><span class='ocrx_word' id='word_1_740' title='bbox 17 2830 19 2842; x_wconf 71' lang='grc'><em>’</em></span> <span class='ocrx_word' id='word_1_741' title='bbox 44 2836 69 2847; x_wconf 80' lang='grc'><strong>’⁴</strong></span> <span class='ocrx_word' id='word_1_742' title='bbox 1118 2842 1120 2846; x_wconf 82' lang='lat'><strong><em>&#39;</em></strong></span> <span class='ocrx_word' id='word_1_743' title='bbox 1174 2840 1186 2858; x_wconf 66' lang='grc'>⁵‹</span> 
     </span>
     <span class='ocr_line' id='line_1_109' title="bbox 17 2865 1293 2893; baseline -0.013 14"><span class='ocrx_word' id='word_1_744' title='bbox 17 2865 50 2885; x_wconf 16' lang='grc' dir='ltr'><strong>γ’</strong></span> <span class='ocrx_word' id='word_1_745' title='bbox 68 2869 76 2874; x_wconf 54' lang='lat'><strong>-</strong></span> <span class='ocrx_word' id='word_1_746' title='bbox 1075 2866 1089 2873; x_wconf 75' lang='grc'>”</span> <span class='ocrx_word' id='word_1_747' title='bbox 1172 2868 1211 2893; x_wconf 64' lang='grc'><strong>;;</strong></span> <span class='ocrx_word' id='word_1_748' title='bbox 1268 2866 1293 2890; x_wconf 58' lang='grc' dir='ltr'><strong>.⁷ξ</strong></span> 
     </span>
     <span class='ocr_line' id='line_1_110' title="bbox 39 2894 1252 2904; baseline -0.003 0"><span class='ocrx_word' id='word_1_749' title='bbox 39 2894 49 2904; x_wconf 78' lang='grc'><em>.</em></span> <span class='ocrx_word' id='word_1_750' title='bbox 1243 2895 1252 2900; x_wconf 66' lang='grc' dir='ltr'><em>ρ</em></span> 
     </span>
     <span class='ocr_line' id='line_1_111' title="bbox 27 2932 32 2940; baseline 0 0"><span class='ocrx_word' id='word_1_751' title='bbox 27 2932 32 2940; x_wconf 85' lang='grc'><strong>.</strong></span> 
     </span>
     <span class='ocr_line' id='line_1_112' title="bbox 1063 3072 1108 3102; baseline 0 -16"><span class='ocrx_word' id='word_1_752' title='bbox 1063 3072 1108 3102; x_wconf 71' lang='grc'><strong>⁵.</strong></span> 
     </span>
     <span class='ocr_line' id='line_1_113' title="bbox 992 3112 1290 3129; baseline 0.007 -2"><span class='ocrx_word' id='word_1_753' title='bbox 992 3126 995 3127; x_wconf 49' lang='grc' dir='ltr'><em>ν</em></span> <span class='ocrx_word' id='word_1_754' title='bbox 1052 3125 1077 3126; x_wconf 40' lang='lat'><em>7</em></span> <span class='ocrx_word' id='word_1_755' title='bbox 1101 3112 1116 3122; x_wconf 37' lang='grc' dir='ltr'>δ</span> <span class='ocrx_word' id='word_1_756' title='bbox 1229 3128 1254 3129; x_wconf 40' lang='lat'><em>7</em></span> <span class='ocrx_word' id='word_1_757' title='bbox 1287 3128 1290 3129; x_wconf 49' lang='grc' dir='ltr'><em>ν</em></span> 
     </span>
    </p>
   </div>
   <div class='ocr_carea' id='block_1_106' title="bbox 1079 2790 1679 2871">
    <p class='ocr_par' dir='ltr' id='par_1_106' title="bbox 1079 2790 1679 2871">
     <span class='ocr_line' id='line_1_114' title="bbox 1079 2790 1679 2871; baseline -0.003 -42"><span class='ocrx_word' id='word_1_758' title='bbox 1079 2790 1272 2871; x_wconf 32' lang='lat' dir='ltr'><strong>ﬁt?</strong></span> <span class='ocrx_word' id='word_1_759' title='bbox 1279 2790 1340 2837; x_wconf 58' lang='lat' dir='ltr'><strong>i-S,</strong></span> <span class='ocrx_word' id='word_1_760' title='bbox 1355 2790 1539 2835; x_wconf 45' lang='lat' dir='ltr'><strong>«interpr;</strong></span> <span class='ocrx_word' id='word_1_761' title='bbox 1595 2799 1679 2828; x_wconf 78' lang='lat' dir='ltr'><strong>Hier.</strong></span> 
     </span>
     <span class='ocr_line' id='line_1_115' title="bbox 1112 2818 1669 2871; baseline -0.018 0"><span class='ocrx_word' id='word_1_762' title='bbox 1175 2868 1177 2870; x_wconf 85' lang='lat'><strong>.</strong></span> <span class='ocrx_word' id='word_1_763' title='bbox 1405 2834 1669 2871; x_wconf 75' lang='lat' dir='ltr'><strong>“conc.ﬂisp.u,</strong></span> 
     </span>
    </p>
   </div>
   <div class='ocr_carea' id='block_1_107' title="bbox 1095 2369 1925 2405">
    <p class='ocr_par' dir='ltr' id='par_1_107' title="bbox 1095 2369 1925 2405">
     <span class='ocr_line' id='line_1_116' title="bbox 1095 2369 1925 2405; baseline -0.002 -8"><span class='ocrx_word' id='word_1_764' title='bbox 1095 2378 1153 2397; x_wconf 92' lang='lat' dir='ltr'><strong>non</strong></span> <span class='ocrx_word' id='word_1_765' title='bbox 1169 2373 1215 2397; x_wconf 88' lang='lat' dir='ltr'><strong>est</strong></span> <span class='ocrx_word' id='word_1_766' title='bbox 1229 2369 1278 2405; x_wconf 90' lang='lat' dir='ltr'><strong>qui</strong></span> <span class='ocrx_word' id='word_1_767' title='bbox 1296 2372 1392 2401; x_wconf 87' lang='lat' dir='ltr'><strong>nocet,</strong></span> <span class='ocrx_word' id='word_1_768' title='bbox 1410 2377 1465 2396; x_wconf 89' lang='lat' dir='ltr'><strong>nec</strong></span> <span class='ocrx_word' id='word_1_769' title='bbox 1480 2369 1525 2395; x_wconf 90' lang='lat' dir='ltr'><strong>vir</strong></span> <span class='ocrx_word' id='word_1_770' title='bbox 1539 2369 1696 2405; x_wconf 79' lang='lat' dir='ltr'><strong>linguosus</strong></span> <span class='ocrx_word' id='word_1_771' title='bbox 1719 2370 1753 2397; x_wconf 92' lang='lat' dir='ltr'><strong>in</strong></span> <span class='ocrx_word' id='word_1_772' title='bbox 1769 2370 1885 2398; x_wconf 84' lang='lat' dir='ltr'><strong>malum</strong></span> <span class='ocrx_word' id='word_1_773' title='bbox 1900 2376 1925 2395; x_wconf 74' lang='lat' dir='ltr'><strong>se</strong></span> 
     </span>
    </p>
   </div>
   <div class='ocr_carea' id='block_1_108' title="bbox 1094 2413 1925 2450">
    <p class='ocr_par' dir='ltr' id='par_1_108' title="bbox 1094 2413 1925 2450">
     <span class='ocr_line' id='line_1_117' title="bbox 1094 2413 1925 2450; baseline -0.002 -9"><span class='ocrx_word' id='word_1_774' title='bbox 1094 2414 1238 2450; x_wconf 71' lang='lat' dir='ltr'><strong>dirigetin</strong></span> <span class='ocrx_word' id='word_1_775' title='bbox 1252 2417 1340 2441; x_wconf 83' lang='lat' dir='ltr'><strong>terra.</strong></span> <span class='ocrx_word' id='word_1_776' title='bbox 1358 2413 1435 2440; x_wconf 80' lang='lat' dir='ltr'><strong>Nihil</strong></span> <span class='ocrx_word' id='word_1_777' title='bbox 1447 2421 1515 2440; x_wconf 83' lang='lat' dir='ltr'><strong>vero</strong></span> <span class='ocrx_word' id='word_1_778' title='bbox 1526 2413 1597 2440; x_wconf 89' lang='lat' dir='ltr'><strong>mali</strong></span> <span class='ocrx_word' id='word_1_779' title='bbox 1611 2413 1682 2445; x_wconf 82' lang='lat' dir='ltr'><strong>vult,</strong></span> <span class='ocrx_word' id='word_1_780' title='bbox 1699 2414 1754 2449; x_wconf 87' lang='lat' dir='ltr'><strong>qui</strong></span> <span class='ocrx_word' id='word_1_781' title='bbox 1764 2414 1869 2442; x_wconf 82' lang='lat' dir='ltr'><strong>fidelis</strong></span> <span class='ocrx_word' id='word_1_782' title='bbox 1880 2417 1925 2441; x_wconf 78' lang='lat' dir='ltr'><strong>est.</strong></span> 
     </span>
    </p>
   </div>
   <div class='ocr_carea' id='block_1_109' title="bbox 1094 2457 1925 2494">
    <p class='ocr_par' dir='ltr' id='par_1_109' title="bbox 1094 2457 1925 2494">
     <span class='ocr_line' id='line_1_118' title="bbox 1094 2457 1925 2494; baseline -0.004 -8"><span class='ocrx_word' id='word_1_783' title='bbox 1094 2457 1166 2486; x_wconf 76' lang='lat' dir='ltr'><strong>Malo</strong></span> <span class='ocrx_word' id='word_1_784' title='bbox 1182 2458 1261 2486; x_wconf 91' lang='lat' dir='ltr'><strong>enim</strong></span> <span class='ocrx_word' id='word_1_785' title='bbox 1277 2462 1307 2485; x_wconf 86' lang='lat' dir='ltr'><strong>et</strong></span> <span class='ocrx_word' id='word_1_786' title='bbox 1321 2466 1409 2494; x_wconf 88' lang='lat' dir='ltr'><strong>pravo</strong></span> <span class='ocrx_word' id='word_1_787' title='bbox 1425 2457 1544 2494; x_wconf 78' lang='lat' dir='ltr'><strong>ingenio</strong></span> <span class='ocrx_word' id='word_1_788' title='bbox 1560 2457 1635 2486; x_wconf 78' lang='lat' dir='ltr'><strong>fides</strong></span> <span class='ocrx_word' id='word_1_789' title='bbox 1655 2458 1757 2486; x_wconf 83' lang='lat' dir='ltr'><strong>aliena</strong></span> <span class='ocrx_word' id='word_1_790' title='bbox 1777 2461 1839 2487; x_wconf 85' lang='lat' dir='ltr'><strong>est.</strong></span> <span class='ocrx_word' id='word_1_791' title='bbox 1849 2458 1874 2477; x_wconf 77' lang='grc'><strong>⁸⁸</strong></span> <span class='ocrx_word' id='word_1_792' title='bbox 1887 2458 1925 2485; x_wconf 72' lang='lat' dir='ltr'><strong>Ait</strong></span> 
     </span>
    </p>
   </div>
   <div class='ocr_carea' id='block_1_110' title="bbox 1093 2501 1926 2539">
    <p class='ocr_par' dir='ltr' id='par_1_110' title="bbox 1093 2501 1926 2539">
     <span class='ocr_line' id='line_1_119' title="bbox 1093 2501 1926 2539; baseline -0.004 -9"><span class='ocrx_word' id='word_1_793' title='bbox 1093 2502 1173 2530; x_wconf 85' lang='lat' dir='ltr'><strong>enim</strong></span> <span class='ocrx_word' id='word_1_794' title='bbox 1185 2502 1341 2538; x_wconf 83' lang='lat' dir='ltr'><strong>Apostolus</strong></span> <span class='ocrx_word' id='word_1_795' title='bbox 1351 2502 1389 2529; x_wconf 85' lang='lat' dir='ltr'><strong>de</strong></span> <span class='ocrx_word' id='word_1_796' title='bbox 1400 2501 1567 2529; x_wconf 79' lang='lat' dir='ltr'><strong>infidelium</strong></span> <span class='ocrx_word' id='word_1_797' title='bbox 1579 2502 1768 2539; x_wconf 79' lang='lat' dir='ltr'><strong>ignorantia:</strong></span> <span class='ocrx_word' id='word_1_798' title='bbox 1781 2514 1799 2528; x_wconf 69' lang='lat' dir='ltr'><strong>ut</strong></span> <span class='ocrx_word' id='word_1_799' title='bbox 1811 2503 1843 2532; x_wconf 86' lang='lat' dir='ltr'><strong>Si</strong></span> <span class='ocrx_word' id='word_1_800' title='bbox 1855 2503 1926 2531; x_wconf 86' lang='lat' dir='ltr'><strong>enim</strong></span> 
     </span>
    </p>
   </div>
   <div class='ocr_carea' id='block_1_111' title="bbox 1093 2547 1928 2583">
    <p class='ocr_par' dir='ltr' id='par_1_111' title="bbox 1093 2547 1928 2583">
     <span class='ocr_line' id='line_1_120' title="bbox 1093 2547 1928 2583; baseline -0.004 -7"><span class='ocrx_word' id='word_1_801' title='bbox 1093 2547 1469 2583; x_wconf 61' lang='lat' dir='ltr'><strong>cognovissentpunquam</strong></span> <span class='ocrx_word' id='word_1_802' title='bbox 1483 2547 1645 2574; x_wconf 87' lang='lat' dir='ltr'><strong>Dominum</strong></span> <span class='ocrx_word' id='word_1_803' title='bbox 1655 2547 1928 2582; x_wconf 67' lang='lat' dir='ltr'><strong>glorimcruciﬁxis-</strong></span> 
     </span>
    </p>
   </div>
   <div class='ocr_carea' id='block_1_112' title="bbox 1092 2589 1926 2628">
    <p class='ocr_par' dir='ltr' id='par_1_112' title="bbox 1092 2589 1926 2628">
     <span class='ocr_line' id='line_1_121' title="bbox 1092 2589 1926 2628; baseline 0.001 -9"><span class='ocrx_word' id='word_1_804' title='bbox 1092 2594 1160 2620; x_wconf 79' lang='lat' dir='ltr'><strong>sent</strong></span> <span class='ocrx_word' id='word_1_805' title='bbox 1171 2589 1206 2618; x_wconf 69' lang='lat'><strong>&#39;9.</strong></span> <span class='ocrx_word' id='word_1_806' title='bbox 1223 2601 1237 2615; x_wconf 71' lang='grc' dir='ltr'><strong>η</strong></span> <span class='ocrx_word' id='word_1_807' title='bbox 1253 2590 1439 2626; x_wconf 81' lang='lat' dir='ltr'><strong>Cruciligunt</strong></span> <span class='ocrx_word' id='word_1_808' title='bbox 1453 2591 1533 2618; x_wconf 81' lang='lat' dir='ltr'><strong>enim</strong></span> <span class='ocrx_word' id='word_1_809' title='bbox 1550 2591 1726 2620; x_wconf 90' lang='lat' dir='ltr'><strong>Dominum.</strong></span> <span class='ocrx_word' id='word_1_810' title='bbox 1743 2592 1798 2628; x_wconf 85' lang='lat' dir='ltr'><strong>qui</strong></span> <span class='ocrx_word' id='word_1_811' title='bbox 1815 2599 1886 2620; x_wconf 72' lang='lat' dir='ltr'><strong>cum</strong></span> <span class='ocrx_word' id='word_1_812' title='bbox 1902 2591 1926 2616; x_wconf 72' lang='lat' dir='ltr'><strong>in</strong></span> 
     </span>
    </p>
   </div>
   <div class='ocr_carea' id='block_1_113' title="bbox 1048 2634 1926 2675">
    <p class='ocr_par' dir='ltr' id='par_1_113' title="bbox 1048 2634 1926 2675">
     <span class='ocr_line' id='line_1_122' title="bbox 1048 2634 1926 2675; baseline -0.003 -11"><span class='ocrx_word' id='word_1_813' title='bbox 1048 2634 1297 2675; x_wconf 43' lang='lat' dir='ltr'><strong>twncerdotibus</strong></span> <span class='ocrx_word' id='word_1_814' title='bbox 1309 2635 1371 2663; x_wconf 84' lang='lat' dir='ltr'><strong>suis</strong></span> <span class='ocrx_word' id='word_1_815' title='bbox 1381 2635 1692 2671; x_wconf 83' lang='lat' dir='ltr'><strong>persequuntur,quia</strong></span> <span class='ocrx_word' id='word_1_816' title='bbox 1701 2644 1776 2664; x_wconf 84' lang='lat' dir='ltr'><strong>crux</strong></span> <span class='ocrx_word' id='word_1_817' title='bbox 1790 2643 1812 2664; x_wconf 68' lang='grc' dir='ltr'>ι</span> <span class='ocrx_word' id='word_1_818' title='bbox 1823 2636 1926 2664; x_wconf 73' lang='lat' dir='ltr'><strong>crucia-</strong></span> 
     </span>
    </p>
   </div>
   <div class='ocr_carea' id='block_1_114' title="bbox 1177 2691 1923 2722">
    <p class='ocr_par' dir='ltr' id='par_1_114' title="bbox 1177 2691 1923 2722">
     <span class='ocr_line' id='line_1_123' title="bbox 1177 2691 1923 2722; baseline -0.005 -1"><span class='ocrx_word' id='word_1_819' title='bbox 1177 2713 1187 2721; x_wconf 86' lang='lat'><strong>.</strong></span> <span class='ocrx_word' id='word_1_820' title='bbox 1237 2692 1259 2710; x_wconf 83' lang='lat'>“</span> <span class='ocrx_word' id='word_1_821' title='bbox 1288 2693 1390 2721; x_wconf 66' lang='lat' dir='ltr'><strong>Triario</strong></span> <span class='ocrx_word' id='word_1_822' title='bbox 1413 2695 1440 2720; x_wconf 71' lang='lat' dir='ltr'><strong>et</strong></span> <span class='ocrx_word' id='word_1_823' title='bbox 1463 2691 1588 2720; x_wconf 73' lang='lat' dir='ltr'><strong>Heliam.</strong></span> <span class='ocrx_word' id='word_1_824' title='bbox 1643 2693 1668 2711; x_wconf 84' lang='grc'><strong>¹¹</strong></span> <span class='ocrx_word' id='word_1_825' title='bbox 1693 2693 1756 2722; x_wconf 75' lang='lat' dir='ltr'><strong>Jul.</strong></span> <span class='ocrx_word' id='word_1_826' title='bbox 1779 2694 1923 2722; x_wconf 61' lang='grc' dir='ltr'><strong>ΛΜεωδδ.</strong></span> 
     </span>
    </p>
   </div>
   <div class='ocr_carea' id='block_1_115' title="bbox 1199 2727 1923 2763">
    <p class='ocr_par' dir='ltr' id='par_1_115' title="bbox 1199 2727 1923 2763">
     <span class='ocr_line' id='line_1_124' title="bbox 1199 2727 1923 2763; baseline -0.001 -6"><span class='ocrx_word' id='word_1_827' title='bbox 1199 2729 1256 2762; x_wconf 69' lang='lat' dir='ltr'><strong>udo</strong></span> <span class='ocrx_word' id='word_1_828' title='bbox 1278 2729 1332 2763; x_wconf 79' lang='lat' dir='ltr'><strong>ita,</strong></span> <span class='ocrx_word' id='word_1_829' title='bbox 1359 2730 1405 2763; x_wconf 85' lang='lat' dir='ltr'><strong>etc</strong></span> <span class='ocrx_word' id='word_1_830' title='bbox 1419 2748 1428 2760; x_wconf 82' lang='lat'><strong>,</strong></span> <span class='ocrx_word' id='word_1_831' title='bbox 1452 2734 1508 2763; x_wconf 68' lang='lat' dir='ltr'><strong>ius.</strong></span> <span class='ocrx_word' id='word_1_832' title='bbox 1525 2731 1641 2756; x_wconf 88' lang='lat' dir='ltr'><strong>noster.</strong></span> <span class='ocrx_word' id='word_1_833' title='bbox 1689 2728 1716 2746; x_wconf 80' lang='grc'><strong>¹⁶</strong></span> <span class='ocrx_word' id='word_1_834' title='bbox 1730 2727 1869 2758; x_wconf 60' lang='lat' dir='ltr'><strong>detrahit.</strong></span> <span class='ocrx_word' id='word_1_835' title='bbox 1886 2727 1923 2752; x_wconf 78' lang='lat' dir='ltr'><strong>“l</strong></span> 
     </span>
    </p>
   </div>
   <div class='ocr_carea' id='block_1_116' title="bbox 1131 2762 1921 2800">
    <p class='ocr_par' dir='ltr' id='par_1_116' title="bbox 1131 2762 1921 2800">
     <span class='ocr_line' id='line_1_125' title="bbox 1131 2762 1921 2800; baseline -0.004 -8"><span class='ocrx_word' id='word_1_836' title='bbox 1259 2763 1304 2792; x_wconf 79' lang='lat'><strong>35.</strong></span> <span class='ocrx_word' id='word_1_837' title='bbox 1316 2792 1323 2800; x_wconf 18' lang='grc' dir='ltr'><em>νγ</em></span> <span class='ocrx_word' id='word_1_838' title='bbox 1355 2762 1379 2781; x_wconf 75' lang='grc'><strong>¹¹</strong></span> <span class='ocrx_word' id='word_1_839' title='bbox 1395 2762 1484 2800; x_wconf 69' lang='lat' dir='ltr'><strong>Eccli.</strong></span> <span class='ocrx_word' id='word_1_840' title='bbox 1501 2765 1631 2800; x_wconf 20' lang='lat' dir='ltr'><strong>xxxix}.</strong></span> <span class='ocrx_word' id='word_1_841' title='bbox 1685 2764 1711 2783; x_wconf 69' lang='grc'><strong>³⁸</strong></span> <span class='ocrx_word' id='word_1_842' title='bbox 1724 2765 1756 2800; x_wconf 60' lang='grc' dir='ltr'><strong>β,</strong></span> <span class='ocrx_word' id='word_1_843' title='bbox 1771 2767 1881 2800; x_wconf 55' lang='lat' dir='ltr'><strong>quast.</strong></span> <span class='ocrx_word' id='word_1_844' title='bbox 1898 2767 1904 2789; x_wconf 96' lang='lat' dir='ltr'><strong>l</strong></span> <span class='ocrx_word' id='word_1_845' title='bbox 1918 2771 1921 2774; x_wconf 83' lang='lat'>&#39;</span> 
     </span>
    </p>
   </div>
   <div class='ocr_carea' id='block_1_117' title="bbox 1727 2799 1922 2829">
    <p class='ocr_par' dir='ltr' id='par_1_117' title="bbox 1727 2799 1922 2829">
     <span class='ocr_line' id='line_1_126' title="bbox 1727 2799 1922 2829; baseline 0 0"><span class='ocrx_word' id='word_1_846' title='bbox 1727 2799 1753 2818; x_wconf 79' lang='grc'><strong><em>⁸⁸</em></strong></span> <span class='ocrx_word' id='word_1_847' title='bbox 1769 2799 1895 2829; x_wconf 77' lang='lat' dir='ltr'><strong>Nahnm.</strong></span> <span class='ocrx_word' id='word_1_848' title='bbox 1911 2808 1922 2823; x_wconf 70' lang='grc' dir='ltr'><strong>ει</strong></span> 
     </span>
    </p>
   </div>
   <div class='ocr_carea' id='block_1_118' title="bbox 1280 2834 1915 2871">
    <p class='ocr_par' dir='ltr' id='par_1_118' title="bbox 1280 2834 1915 2871">
     <span class='ocr_line' id='line_1_127' title="bbox 1280 2834 1915 2871; baseline -0.002 -9"><span class='ocrx_word' id='word_1_849' title='bbox 1280 2835 1353 2871; x_wconf 68' lang='lat' dir='ltr'><strong>iii-pr.</strong></span> <span class='ocrx_word' id='word_1_850' title='bbox 1405 2834 1429 2852; x_wconf 79' lang='lat'>&quot;</span> <span class='ocrx_word' id='word_1_851' title='bbox 1438 2841 1526 2862; x_wconf 84' lang='lat' dir='ltr'><strong>conc.</strong></span> <span class='ocrx_word' id='word_1_852' title='bbox 1536 2834 1619 2871; x_wconf 78' lang='lat' dir='ltr'><strong>ﬂisp.</strong></span> <span class='ocrx_word' id='word_1_853' title='bbox 1634 2843 1669 2870; x_wconf 88' lang='lat' dir='ltr'><strong>u,</strong></span> <span class='ocrx_word' id='word_1_854' title='bbox 1680 2843 1709 2864; x_wconf 72' lang='grc' dir='ltr'><strong>ο.</strong></span> <span class='ocrx_word' id='word_1_855' title='bbox 1723 2836 1769 2864; x_wconf 77' lang='grc'><strong>13.</strong></span> <span class='ocrx_word' id='word_1_856' title='bbox 1809 2836 1836 2855; x_wconf 84' lang='grc'><strong>²²</strong></span> <span class='ocrx_word' id='word_1_857' title='bbox 1847 2835 1915 2865; x_wconf 65' lang='lat' dir='ltr'><strong>[Cor</strong></span> 
     </span>
    </p>
   </div>
  </div>
