3956 6308
397 415 550 475 1071

1467 411 1928 474 ALEXANDRI
1970 412 1994 471 ι
2042 413 2274 474 ΡΑ.Ρῶ
2315 411 2737 474 EPISTOLIE.

3659 409 3818 470 10ἵὲ

395 547 565 603 eatis.
597 545 854 602 Salutate
885 561 1049 600 ornes
1081 545 1181 615 qui
1233 549 1393 600 recte
1444 543 1716 600 laborant
1764 545 1826 600 in
1869 545 2052 600 Evau-
2084 548 2132 614 Α
2165 544 2212 580 ’³
2241 546 2484 602 Summa
2519 546 2681 601 enim
2708 545 2991 618 iniquitas
3023 549 3133 610 est,
3165 544 3399 613 fratres,
3427 542 3752 599 detrahere
3771 548 3826 598 et

397 635 548 707 gelio
581 635 816 702 Christi,
851 639 908 689 et
931 633 1094 705 justo
1125 634 1462 704 gubernant
1523 650 1730 689 navem
1783 632 1935 705 ejus,
1985 648 2060 688 ne

402 723 812 779 cohabitantes
844 723 906 778 in
937 739 1009 778 ea
1049 723 1473 795 demergantur
1523 728 1626 778 aut
1672 723 2057 778 suffocentur.

402 811 631 868 Salutat
657 828 758 866 vos
789 810 984 866 omnis
1029 811 1353 883 apostolica
1385 811 1651 868 Ecclesia
1685 811 1746 866 in
1787 811 2054 866 Domino.

405 903 621 956 Amen.

472 993 621 1047 Data
655 989 908 1062 septimo
941 989 988 1023 ίο
1019 989 1266 1045 Kalend.
1300 990 1668 1056 Novembris,
1728 988 1982 1060 Trajano
2014 988 2058 1024 ¹¹

409 1085 467 1136 et
494 1080 714 1136 Eliano
745 1080 792 1114 ¹²
819 1079 962 1134 viris
993 1077 1341 1134 clarissimis
1369 1078 1718 1133 consulibus
1753 1076 1818 1132 ‘3.

476 1171 542 1224 In
569 1173 676 1238 ﬁne
711 1169 876 1238 hujus
917 1167 1157 1238 epistolae
1183 1168 1302 1224 haec
1341 1168 1535 1223 addita
1583 1170 1767 1238 reperi
1819 1169 1880 1221 in
1929 1167 2060 1223 Cod.

403 1261 653 1326 Lucensi,
685 1275 807 1330 qua
838 1259 1256 1328 interpolatoris
1286 1258 1526 1327 alicujus
1557 1273 1666 1314 esse
1703 1273 1813 1312 non
1844 1257 2062 1325 dubito,

404 1349 498 1405 sed
527 1356 708 1404 tamen
735 1348 922 1403 danda
946 1353 1106 1402 erant
1129 1364 1148 1400 :

483 1440 852 1508 Praeceptum
881 1437 1112 1490 Domini
1137 1442 1244 1503 est,
1269 1441 1336 1492 ut
1360 1442 1792 1508 exceptacausa
1808 1435 2058 1490 fornica-

412 1529 617 1594 tionis,
651 1544 798 1583 uxor
827 1545 861 1582 a
891 1527 1012 1582 viro
1043 1527 1262 1582 dimitti
1292 1545 1411 1583 non
1433 1528 1678 1594 debeat;
1701 1527 1906 1582 etideo
1929 1527 2066 1598 qui-

412 1631 648 1686 cunque
677 1616 828 1670 citra
842 1616 1075 1687 culpam
1109 1616 1376 1672 criminis
1401 1617 1784 1688 suprascripti
1817 1631 2062 1671 uxorem

411 1722 579 1761 suam
612 1720 966 1775 quacunque
995 1705 1306 1760 occasione
1355 1705 1668 1773 dimiserit,
1719 1705 1859 1774 quia
1904 1703 2063 1776 quod

408 1795 566 1850 Deus
595 1793 927 1864 conjunxit,
961 1792 1061 1848 ille
1094 1808 1368 1865 separare
1401 1792 1712 1864 disposuit,
1737 1791 1944 1847 tandiu
1974 1808 2066 1848 ec-

2167 650 2467 691 accusare.
2501 633 2664 691 Unde
2695 635 2979 708 scriptum
3003 640 3130 690 est:
3157 655 3180 686 α
3200 633 3403 689 Omnis
3426 633 3528 704 qui
3564 631 3827 688 detrahit

2164 723 2332 780 fratri
2355 741 2484 790 suo,
2512 724 2812 780 homicida
2837 730 2926 780 est
2945 723 3008 789 ³³,
3032 747 3059 774 »
3079 728 3139 780 et
3159 723 3356 778 omnis
3373 721 3681 777 homicida
3705 738 3824 776 non

2166 810 2347 868 habet
2367 817 2598 883 partem
2610 818 2713 868 aut
2725 812 3132 868 hasreditatem
3154 815 3212 866 in
3231 827 3411 881 regno
3431 810 3640 865 Dei.Et
3658 809 3825 864 alibi:

2169 921 2196 950 «
2220 899 2429 956 Cavete
2461 917 2582 969 vos,
2603 901 2818 957 fratres
2846 900 3206 965 charissimi,
3240 917 3314 956 ne
3337 899 3665 970 participes
3692 898 3827 953 effi-

2165 989 2596 1061 ciamini,quod
2618 990 2773 1046 absit
2796 991 2808 1044 l
2833 991 3008 1046 malis
3029 1005 3237 1045 eorum
3258 989 3326 1042 ".
3355 991 3470 1043 nEt
3481 1004 3604 1042 non
3629 987 3828 1042 solum

2165 1095 2268 1133 vos
2296 1085 2494 1135 cavete
2527 1096 2562 1135 a
2591 1079 2831 1145 talibus,
2865 1079 2971 1135 sed
2993 1084 3053 1134 et
3080 1095 3285 1134 cavere
3316 1077 3466 1132 alios
3495 1076 3570 1132 ab
3623 1077 3718 1131 eis
3771 1080 3828 1131 et

2166 1173 2428 1224 avertere
2451 1167 2679 1223 docete.
2711 1169 2789 1224 De
2813 1168 2905 1223 his
2923 1168 3084 1224 enim
3116 1167 3403 1222 Dominus
3429 1165 3514 1220 ait
3547 1181 3660 1236 per
3691 1183 3829 1238 pro-

2165 1256 2407 1327 phetam
2439 1257 2780 1312 Micbmam:
2816 1279 2844 1305 κ
2877 1258 2974 1311 Vae
3005 1257 3106 1326 qui
3161 1255 3431 1327 cogitatis
3481 1253 3722 1321 inutile,
3775 1259 3832 1308 et

2168 1345 2498 1416 operamini
2522 1345 2746 1400 malum
2767 1345 2828 1399 in
2861 1344 3158 1400 cubilibus
3178 1343 3420 1408 vestris;
3445 1343 3505 1398 in
3530 1343 3667 1397 luce
3702 1359 3828 1396 ma-

2168 1433 2362 1488 tutina
2390 1433 2618 1488 faciunt
2639 1432 2804 1495 illud.
2835 1433 3118 1504 quoniam
3139 1438 3347 1488 contra
3375 1433 3560 1486 Deum
3591 1437 3691 1486 est
3712 1447 3834 1485 ma-

2168 1538 2282 1578 nus
2315 1538 2542 1578 eorum.
2585 1524 2654 1577 Et
2702 1522 3138 1594 concupierunt
3183 1537 3378 1593 agros,
3425 1525 3486 1574 et
3537 1519 3836 1575 violenter

2169 1611 2452 1680 tulerunt,
2481 1617 2542 1666 et
2571 1611 2778 1667 domos
2807 1616 3153 1682 rapuerunt,
3197 1617 3258 1665 et
3303 1608 3838 1665 calumniabantur

2168 1700 2358 1756 virum
2390 1707 2449 1756 et
2479 1701 2721 1756 domum
2755 1702 2905 1770 ejus,
2937 1699 3126 1754 virum
3161 1704 3220 1753 et
3240 1698 3654 1754 hereditatem
3679 1699 3835 1768 ejus.

2171 1789 2396 1844 Idcirco
2428 1789 2573 1846 dicit
2602 1789 2888 1844 Dominus
2920 1789 3083 1844 haec:
3119 1791 3266 1844 Ecce
3289 1804 3394 1861 ego
3425 1787 3621 1860 cogito
3655 1803 3842 1859 super

414 1883 745 1940 clesiastica
773 1883 1196 1939 communione
1228 1885 1510 1954 privetur,
1535 1890 1594 1938 et
1621 1889 1775 1939 coetu
1796 1883 2063 1938 omnium
2095 1908 2147 1973 B
2175 1885 2464 1943 familiam
2497 1888 2670 1942 istam
2703 1887 2948 1954 malum,
2981 1886 3141 1942 unde
3173 1903 3293 1941 non
3340 1883 3628 1941 auferetis
3681 1884 3839 1940 colla

410 1971 881 2027 Christianorum
913 1977 1154 2028 maneat
1183 1971 1439 2038 alienus,
1473 1972 1739 2044 quandiu
1771 1977 1829 2027 et
1861 1971 1937 2027 ad
1967 1987 2066 2026 so-

419 2062 692 2117 cietatem
719 2059 938 2116 relicta
961 2061 1231 2133 conjugis
1260 2061 1484 2120 redeat.
1505 2066 1565 2114 et
1591 2067 1821 2132 partem
1844 2061 1934 2115 sui
1953 2075 2070 2115 coro

415 2151 578 2222 poris
608 2151 859 2206 honesta
884 2150 1012 2222 lege
1042 2151 1304 2222 conjugii
1337 2150 1648 2205 sinceriter
1679 2151 2070 2222 amplectatur

419 2246 480 2295 et
509 2240 797 2295 foveat.Hi
819 2244 1018 2294 tamen
1039 2240 1142 2310 qui
1161 2240 1288 2310 jam
1314 2245 1451 2295 ante
1476 2240 1686 2294 moniti
1709 2256 1744 2294 a
1763 2238 2068 2294 sacerdote

427 2327 636 2394 semel,
667 2333 728 2384 et
753 2328 865 2392 his,
889 2331 1206 2398 tertioque,
1232 2333 1302 2383 ut
1319 2328 1710 2400 corrigantur,
1728 2327 1803 2382 ad
1823 2329 2069 2383 charum

426 2431 549 2470 sum
578 2414 848 2486 conjugis
878 2414 1073 2470 redire
1104 2414 1407 2470 noluerint
1443 2415 1829 2482 consortium,
1864 2415 1976 2486 ipsi
2007 2431 2070 2470 se

421 2504 546 2560 suis
577 2503 830 2569 meritis,
847 2507 905 2558 et
926 2519 960 2558 a
985 2502 1262 2574 palatinas
1288 2503 1594 2574 dignitatis
1611 2503 1806 2559 officio
1833 2520 2069 2576 separa-

418 2591 592 2657 bunt,
625 2597 685 2648 et
713 2592 958 2664 insuper
986 2608 1288 2665 generosa;
1310 2593 1612 2666 dignitatis
1637 2595 2068 2665 testimonium,

422 2681 687 2752 quandiu
719 2681 784 2736 in
813 2681 991 2753 culpa
1019 2681 1260 2746 fuerint,
1313 2682 1610 2754 amissuri,
1659 2684 1800 2755 quia
1829 2699 2070 2739 carnem

421 2784 610 2837 suam,
639 2766 869 2823 dissidii
889 2767 1102 2840 jugulo
1144 2768 1536 2826 tradiderunt.

1005 2877 1343 2931 EPISTOLA
1383 2879 1476 2931 ΙΙΙ.

523 2966 590 3020 Ut
617 2966 863 3020 vitentur
895 2965 1258 3022 detractiones
1289 2972 1342 3020 et
1371 2965 1594 3036 injustas
1619 2968 1980 3037 pulsationes.

491 3053 828 3109 Alexander
857 3054 1191 3126 episcopus,
1214 3053 1494 3110 omnibus
1516 3054 1714 3110 divino
1740 3056 2070 3112 sacerdotio

421 3140 806 3214 fungentibus
835 3158 949 3214 pax
987 3148 1047 3198 et
1074 3142 1488 3198 misericordia
1535 3143 1985 3215 multiplicetur,
2017 3150 2077 3200 et

423 3230 716 3302 sapientia
733 3237 910 3302 atque
930 3230 1087 3286 bona
1107 3231 1376 3286 voluntas
1402 3231 1465 3286 in
1487 3231 1762 3288 omnibus
1789 3239 2076 3305 augeatur

425 3325 485 3374 et
511 3319 904 3375 fructiﬁcetur
933 3320 996 3374 in
1029 3319 1299 3374 Domino.

493 3429 523 3458 «
558 3409 756 3464 Gratia
787 3408 889 3463 Dei
924 3424 1155 3477 sumus,
1185 3409 1399 3464 fratres
1431 3410 1786 3480 charissimi,
1817 3411 1878 3468 id
1909 3411 2068 3483 quod

422 3511 628 3550 sumus
657 3493 723 3550 1‘.
761 3517 789 3545 »
821 3494 1044 3551 Idcirco
1075 3495 1248 3552 nobis
1277 3498 1704 3568 providendum
1737 3505 1845 3566 est,
1879 3507 1938 3555 et
1965 3517 2067 3572 op-

417 3583 559 3655 pido
576 3583 1024 3653 decertandum,
1049 3601 1124 3640 ne
1151 3585 1214 3640 in
1235 3603 1306 3642 ea
1324 3587 1491 3642 vacui
1515 3588 1906 3658 inveniamur,
1940 3589 2066 3660 sed,

418 3672 626 3728 eadem
655 3673 828 3728 nobis
861 3680 1216 3746 cooperante
1245 3677 1454 3748 gratia,
1502 3677 1762 3732 fructum
1814 3679 2065 3735 Domino

416 3760 741 3834 plurimum
764 3769 1155 3835 reportamus.
1183 3764 1348 3830 Quod
1374 3765 1550 3822 aliter
1569 3767 1696 3822 fieri
1715 3783 1834 3823 non
1851 3773 2066 3840 potest,

417 3851 535 3906 nisi
557 3851 909 3923 sapientiam
924 3854 1205 3909 sectando
1223 3853 1542 3926 '5,ejusque
1556 3861 1849 3928 praecepta
1866 3857 2068 3912 lectio-

418 3940 597 3996 nibus
609 3947 669 3997 et
681 3942 919 4014 hymnis
934 3943 1484 4016 meditando,atque
1508 3963 1576 4000 eo
1602 3946 2066 4002 adminiculante

417 4030 744 4103 implendo,
778 4031 1026 4100 orando,
1057 4033 1374 4105 vigilando,
1407 4035 1769 4090 voluntatem
1819 4037 1970 4106 ejus,
2003 4036 2066 4091 in

419 4124 710 4190 quantum
731 4119 857 4190 ipse
888 4120 1132 4193 largitus
1152 4121 1350 4190 fuerit,
1381 4123 1667 4193 perficere
1699 4123 2062 4180 studeamus.

419 4210 536 4264 Nec
553 4209 714 4264 enim
729 4209 1143 4282 negligendam
1155 4213 1406 4284 gratiam
1420 4213 1591 4268 nobis
1608 4213 1893 4270 Dominus
1905 4214 2069 4270 dedit

422 4297 526 4352 sed
547 4297 802 4353 fideliter
832 4300 1224 4356 exercendam
1247 4301 1726 4359 tribuit.Dilectio
1753 4304 1916 4358 enim
1937 4304 2066 4360 sine

421 4388 802 4444 simulatione
823 4390 884 4445 in
915 4391 1090 4446 nobis
1122 4407 1250 4447 esse
1279 4397 1337 4446 et
1368 4409 1654 4464 apparere
1677 4393 1853 4448 debet
1879 4411 1892 4461 ;
1926 4394 2068 4466 quia

421 4499 448 4528 «
483 4477 676 4532 omnis
707 4479 808 4549 qui
841 4479 967 4534 odit
997 4479 1042 4514 ¹⁶
1070 4480 1316 4536 fratrem
1348 4497 1542 4548 suum,
1577 4481 1878 4538 homicida
1935 4489 2062 4538 est:

418 4565 520 4636 qui
551 4583 688 4621 vero
721 4565 914 4638 diligit
945 4585 1102 4640 eum,
1135 4569 1197 4623 in
1241 4570 1360 4624 Deo
1413 4575 1634 4635 manet,
1691 4576 1748 4625 et
1796 4571 1948 4626 Deus
2001 4572 2064 4626 in

2180 1982 2388 2045 vestra,
2423 1983 2482 2030 et
2511 1976 2894 2031 arnhulabitis
2946 1974 3207 2046 superbi,
3258 1973 3541 2044 quoniam
3592 1977 3836 2045 tempus

2177 2064 2505 2136 pessimum
2534 2069 2642 2120 est.
2675 2066 2741 2119 In
2769 2063 2865 2119 die
2897 2062 3001 2118 illa
3029 2068 3297 2118 sumetur
3314 2079 3492 2134 super
3521 2079 3630 2116 vos
3661 2077 3836 2132 para-

2179 2153 2336 2218 bola,
2370 2159 2426 2208 et
2457 2153 2794 2209 cantabitur
2821 2153 3119 2208 canticum
3141 2167 3274 2207 cum
3298 2149 3612 2215 suavitate,
3635 2149 3838 2205 dicen-

2181 2244 2367 2298 tium:
2401 2243 2864 2316 Depopulatione
2907 2241 3117 2298 vastati
3167 2257 3395 2305 sumus,
3444 2256 3583 2312 pars
3637 2239 3839 2311 populi

2180 2333 2298 2387 mei
2330 2337 2696 2388 commutata
2724 2335 2834 2386 est.
2867 2329 3172 2396 Quomodo
3221 2327 3452 2384 recedis
3480 2344 3518 2382 a
3546 2344 3672 2396 me,
3703 2344 3839 2383 cum

2179 2428 2529 2491 revertatur,
2563 2422 2663 2493 qui
2697 2421 2968 2494 regiones
3011 2425 3247 2476 nostras
3295 2417 3567 2474 dividat?
3596 2424 3842 2490 prepter

2181 2511 2361 2583 quod,
2385 2528 2505 2566 non
2524 2511 2638 2567 erit
2657 2510 2763 2565 tibi
2778 2509 3022 2566 mittens
3042 2507 3578 2579 funiculum,fortis
3601 2507 3668 2562 in
3690 2513 3841 2562 coetu

2181 2599 2437 2655 Domini.
2472 2601 2552 2655 Ne
2583 2599 2914 2670 loquamini
2945 2597 3293 2669 loquentes:
3315 2598 3442 2652 Non
3469 2595 3730 2651 stillabit
3753 2613 3842 2650 su-

2180 2706 2288 2762 per
2315 2689 2482 2758 istos,
2507 2706 2628 2745 non
2650 2689 3116 2761 comprehendet
3137 2687 3427 2753 confusio,
3459 2687 3613 2742 dicit
3637 2687 3840 2742 Domi-

2180 2795 2294 2835 nus
2322 2778 2521 2836 Jacob.
2555 2777 2832 2850 Nunquid
2876 2777 3252 2834 abbreviatus
3297 2781 3390 2832 est
3445 2777 3697 2848 spiritus
3726 2777 3839 2830 Do-

2180 2868 2350 2936 mini,
2375 2874 2478 2924 aut
2497 2868 2646 2925 tales
2673 2873 2813 2924 sunt
2832 2867 3217 2940 cogitationes
3240 2865 3410 2936 ejus?
3429 2865 3642 2920 Nonne
3668 2863 3838 2919 verba

2181 2973 2310 3013 mea
2337 2957 2494 3013 bona
2515 2963 2655 3014 sunt
2692 2974 2826 3012 cum
2876 2973 2968 3021 eo,
3016 2956 3114 3028 qui
3161 2960 3320 3011 recte
3376 2953 3655 3025 graditur
3678 2957 3702 3008 ἲ
3727 2959 3787 3008 et
3809 2969 3836 3006 e

2182 3048 2480 3102 contrario
2507 3064 2521 3114 ;
2552 3046 2808 3119 populus
2836 3061 3006 3102 meus
3035 3046 3097 3100 in
3145 3043 3554 3112 adversarium
3588 3059 3840 3098 consur-

2181 3137 2624 3208 rexit.Desuper
2655 3135 2859 3192 tunica
2875 3134 3122 3206 pallium
3148 3133 3496 3201 sustulistis,
3532 3137 3594 3187 et
3615 3149 3721 3187 eos
3743 3131 3837 3202 qui

2187 3225 2524 3280 transibant
2550 3224 2922 3296 simpliciter,
2955 3221 3330 3279 convertistis
3361 3221 3423 3276 in
3454 3220 3692 3276 bellum
3712 3221 3782 3274 ³⁵.
3818 3243 3843 3267 ι

2184 3317 2254 3370 Et
2283 3330 2313 3368 e
2343 3319 2573 3380 contra,
2606 3313 2678 3370 de
2710 3313 2805 3368 his
2826 3311 2928 3385 qui
2949 3316 3307 3369 accusantur
3333 3310 3424 3366 vel
3447 3310 3843 3374 tribulantur,

2183 3421 2291 3476 per
2320 3403 2548 3460 Nahum
2579 3403 2927 3476 praphetam
2961 3401 3304 3458 confortans
3331 3400 3548 3468 eos,sic
3571 3399 3845 3471 loquitur

2183 3493 2511 3548 Dominus:
2551 3513 2576 3544 α
2612 3494 2806 3548 Bonus
2837 3491 3146 3558 Dominus,
3179 3496 3239 3546 et
3267 3489 3622 3544 confortans
3655 3488 3718 3543 in
3751 3487 3841 3542 die

2181 3581 2602 3650 tribulationis,
2627 3587 2687 3637 et
2707 3581 2904 3636 sciens
2929 3584 3236 3651 sperantes
3257 3579 3319 3634 in
3342 3579 3514 3634 se.Et
3533 3577 3596 3632 in
3623 3577 3842 3632 diluvio

2181 3685 2579 3751 prastereunte
2611 3679 3188 3734 consummationem
3220 3677 3402 3732 faciet
3429 3675 3545 3731 loci
3595 3677 3755 3748 ejus,
3789 3682 3842 3730 et

2178 3767 2456 3823 inimicos
2478 3768 2606 3840 ejus
2623 3773 3058 3840 persequentur
3087 3765 3366 3821 tenebras.
3392 3763 3545 3830 Quid
3562 3764 3839 3836 cogitatis

2179 3862 2386 3912 contra
2419 3857 2783 3912 Dominum?
2825 3855 3409 3912 Consummationem
3459 3854 3589 3925 ipse
3639 3854 3836 3908 faciet.

2179 3947 2305 4000 Non
2335 3949 2650 4018 consurget
2677 3944 2895 4016 duplex
2925 3943 3227 3998 tribulatio
3253 3960 3266 4012 ;
3293 3943 3432 4014 quia
3461 3943 3620 3997 sicut
3651 3944 3834 4014 spinae

2180 4049 2242 4089 se
2264 4035 2515 4090 invicem
2537 4033 3123 4106 complectuntur,sic
3144 4032 3482 4088 convivium
3506 4048 3722 4087 eorum
3746 4049 3837 4103 pa-

2177 4123 2322 4177 riter
2353 4125 2685 4195 potentium
2709 4140 2722 4176 :
2757 4127 3184 4178 consumentur
3213 4121 3383 4192 quasi
3405 4120 3634 4192 stipula
3652 4121 3834 4176 aridi-

2179 4217 2300 4269 tate
2330 4213 2530 4284 plena.
2565 4214 2648 4266 Ex
2679 4218 2735 4268 te
2767 4211 2953 4266 exibit
2981 4211 3248 4282 cogitans
3273 4215 3484 4264 contra
3514 4210 3836 4265 Dominum

2177 4303 2492 4369 malitiam,
2515 4307 2715 4356 mente
2734 4305 3103 4373 pertractans
3124 4299 3835 4371 praxvaricationemﬁsec

2180 4393 2324 4448 dicit
2357 4391 2674 4446 Dominus:
2711 4391 2768 4444 Si
2800 4389 3044 4460 perfecti
3077 4389 3318 4453 fuerint,
3353 4393 3412 4443 et
3457 4389 3539 4442 ita
3591 4389 3794 4458 plures
3821 4404 3832 4442 :

2180 4482 2263 4537 sic
2295 4497 2528 4553 quoque
2559 4479 2964 4544 attondentur,
2999 4483 3056 4532 et
3085 4477 3491 4549 pertransibit.
3519 4477 3726 4531 Afﬂixi
3761 4483 3832 4540 te,

2180 4577 2238 4626 et
2267 4587 2386 4626 non
2417 4569 2676 4641 afﬂigam
2719 4574 2775 4623 te
2831 4567 2990 4622 ultra
3019 4567 3082 4618 ³⁸.
3121 4589 3146 4615 ››
3197 4566 3389 4620 Facile
3440 4572 3550 4631 est,
3598 4567 3833 4626 fratres,

420 4671 489 4710 eo
523 4653 588 4709 17.
623 4677 651 4706 ››
685 4655 850 4710 Unde
884 4661 939 4710 et
964 4657 1280 4728 Apostolus
1329 4658 1410 4712 ait
1445 4674 1458 4712 :
1507 4679 1534 4706 «
1565 4659 1756 4713 Nolite
1796 4659 2070 4730 judicare
2100 4648 2146 4712 Ι)
2177 4659 2353 4715 verbo
2382 4659 2590 4713 fallere
2623 4657 2950 4724 hominem,
2983 4656 3028 4690 ’⁸⁷
3061 4655 3166 4710 sed
3197 4671 3317 4710 non
3352 4655 3552 4710 Deum.
3584 4656 3834 4726 Sapiens

416 4743 630 4800 fratres
652 4744 927 4811 invicem,
951 4745 1054 4800 sed
1076 4746 1188 4801 hoc
1199 4745 1465 4817 judicate
1495 4747 1703 4819 magis,
1736 4764 1810 4802 ne
1832 4749 2070 4820 ponatis

420 4833 847 4888 oﬂendiculum
865 4834 1032 4890 fratri
1055 4834 1145 4888 vel
1164 4835 1511 4890 scandalum
1537 4837 1598 4890 η.
1627 4859 1654 4887 ››
1686 4838 1756 4890 Et
1785 4837 2070 4894 Dominus

419 4923 648 4994 inquit:
673 4945 702 4974 (ι
725 4923 890 4990 Quod
919 4922 1022 4978 tibi
1043 4939 1166 4978 non
1188 4924 1271 4979 vis
1297 4925 1450 4990 ﬁeri,
1475 4924 1644 4980 alteri
1667 4942 1741 4980 ne
1755 4925 1935 4982 facias
1955 4929 2014 4982 η.
2040 4949 2068 4977 ››

420 5013 491 5066 Et
519 5013 660 5068 alibi
684 5030 698 5068 :
733 5035 763 5064 «
793 5015 860 5068 In
878 5014 988 5069 hoc
1019 5021 1378 5088 cognoscent
1405 5031 1612 5070 omnes
1634 5016 1774 5086 quia
1792 5017 1910 5072 mei
1927 5019 2070 5073 estis

420 5100 719 5173 discipuli,
748 5101 797 5157 si
817 5101 1197 5159 dilectionem
1221 5102 1550 5159 habueritis
1570 5103 1644 5159 ad
1667 5105 1918 5160 invicem
1943 5105 2012 5161 ³ο.
2037 5128 2066 5157 ››

418 5189 775 5246 EtSalomon
797 5192 907 5247 ait:
933 5191 1342 5248 «Sacriﬁcium
1365 5193 1624 5248 salutare
1645 5194 2068 5258 est,attendere

415 5279 735 5348 mandatis,
788 5285 847 5336 et
879 5279 1187 5336 discedere
1236 5281 1309 5337 ab
1363 5281 1526 5336 omni
1576 5281 1889 5352 iniquitate
1935 5285 2000 5335 ²¹.
2038 5307 2066 5334 ››

487 5395 533 5432 ¹⁰
564 5412 868 5471 ms_.xv1n,_
896 5411 1093 5471 neque
1121 5397 1304 5471 estin
1351 5397 1518 5471 fastis
1559 5413 1820 5471 sequens
1868 5416 1976 5471 par
2025 5399 2362 5457 consulum.

412 5465 458 5541 ξε
487 5467 777 5541 mendosa
808 5465 1014 5541 itidem
1045 5469 1422 5541 subscriptio.

408 5537 578 5594 Joan.
611 5555 692 5606 ιιι,
728 5540 814 5592 15.
918 5538 968 5572 1⁸
997 5542 1162 5595 Rom.
1195 5537 1309 5606 xiv,
1348 5542 1430 5595 13.

409 5609 635 5664 Summa
649 5609 940 5680 iniquitas.

1531 5469 1574 5504 ¹⁶
1603 5471 1626 5524 Ι
1656 5470 1790 5540 Cpr.
1830 5469 1920 5540 xv,
1955 5475 2038 5526 10.

1538 5541 1583 5576 ³ο
1611 5539 1750 5594 Tob.
1785 5558 1856 5610 Iv,
1892 5539 1976 5598 l6.

413 5762 473 5813 ιι,
503 5749 558 5801 8.

743 5612 962 5690 ᾳιιὶιιιίε.Δ
1046 5611 1092 5646 ³³
1117 5612 1144 5666 l
1171 5611 1346 5690 Joan;
1370 5615 1591 5690 inultis
1647 5607 2018 5690 'h‘_Eph'_es.Av,
2054 5618 2104 5670 7.
2183 5613 2305 5690 ’ξΜ

1773 5607 2018 5690 ph_es.Av,
2054 5618 2104 5670 7.
2183 5613 2240 5690 ’ᾗ
2256 5613 2428 5690 Mich.
2454 5629 2531 5690 ιι,
2562 5611 2671 5678 1-8,
2705 5626 2774 5665 ex
2807 5609 3143 5690 ipterpr.'§.
3179 5607 3335 5662 Hier.

411 5680 555 5760 7-13,
598 5680 655 5734 S.
689 5679 846 5735 Hier.
879 5681 1130 5752 interpr.
1208 5681 1252 5717 ²⁷
1285 5679 1619 5738 VideSent.
1654 5679 1800 5738 Siin
1831 5679 2074 5760 Pythag.
2109 5702 2178 5742 ex
2208 5683 2429 5740 Ruffini
2451 5683 2698 5752 interpr.

2179 4765 2299 4803 non
2330 4753 2422 4802 est
2449 4747 2550 4818 qui
2583 4751 2776 4810 nocet,
2811 4761 2920 4800 nec
2951 4745 3039 4798 vir
3065 4743 3374 4816 linguosus
3418 4744 3479 4797 in
3511 4743 3744 4798 malum
3777 4759 3834 4796 se

2179 4837 2467 4909 dirigetin
2493 4842 2672 4891 terra.
2707 4833 2861 4890 Nihil
2885 4850 3019 4888 vero
3042 4832 3183 4888 mali
3207 4833 3346 4897 vult,
3379 4832 3482 4902 qui
3501 4831 3707 4887 ﬁdelis
3731 4839 3832 4887 est.

2179 4925 2324 4982 Malo
2356 4925 2514 4980 enim
2547 4931 2606 4980 et
2633 4940 2810 4996 pravo
2841 4922 3076 4996 ingenio
3109 4921 3254 4978 ﬁdes
3293 4921 3487 4977 aliena
3528 4927 3644 4978 est.
3665 4920 3720 4956 ’δ
3747 4923 3836 4976 Ait

2179 5015 2338 5071 enim
2361 5012 2674 5085 Apostolus
2696 5012 2769 5067 de
2791 5010 3122 5067 infidelium
3147 5011 3506 5084 ignorantia:
3537 5032 3568 5059 α
3591 5010 3652 5065 Si
3679 5012 3838 5066 enim

2177 5103 2930 5176 cognovissent,nunquam
2957 5100 3272 5156 Dominum
3293 5099 3841 5171 gloriaecrucitlxis-

2177 5199 2312 5248 sent
2336 5191 2402 5245 '9.
2440 5213 2466 5241 ››
2500 5191 2870 5263 Cruciﬁgunt
2898 5189 3056 5244 enim
3089 5188 3428 5243 Dominum.
3461 5188 3562 5258 qui
3602 5202 3748 5243 eum
3783 5188 3838 5241 in

2177 5281 2586 5338 sacerdotibus
2613 5281 2734 5336 suis
2755 5277 3362 5352 persequuntur,quia
3380 5293 3524 5332 crux
3557 5293 3592 5330 a
3615 5278 3838 5331 crucia-

2467 5397 2512 5432 “
2570 5398 2772 5452 Triano
2821 5400 2870 5450 et
2918 5393 3164 5448 Heliano.
3270 5392 3317 5428 η
3366 5391 3481 5448 Jul.
3535 5393 3832 5461 Africano.

2139 5472 2183 5506 ¹⁵
2210 5471 2504 5526 scrutando
2552 5469 2656 5536 ita,
2711 5472 2802 5523 etc
2832 5507 2848 5528 .
2896 5480 3008 5536 ms.
3041 5471 3264 5520 noster.
3356 5463 3407 5536 ff‘
3437 5465 3714 5519 detrahit.
3749 5465 3788 5498 ιτ
3818 5464 3833 5515 l

2081 5542 2128 5578 ²⁰
2156 5543 2320 5599 Joan.
2357 5557 2481 5603 xm,
2515 5541 2602 5594 35.
2645 5534 2650 5536 Ἴ
2705 5537 2750 5572 ³1
2781 5535 2959 5592 Eccli.
2993 5552 3164 5604 xxxv,
3193 5538 3246 5590 2.
3351 5534 3398 5570 εε
3428 5537 3483 5593 6.
3517 5542 3740 5606 quaest.
3773 5541 3830 5589 t:

2081 5618 2104 5663 '-
2183 5613 2230 5649 ³⁵
2256 5613 2428 5663 Mich.
2461 5629 2524 5663 ιι.
2562 5611 2670 5663 1-8.
2705 5626 2774 5663 ex
2807 5609 3052 5663 interpr.
3087 5609 3143 5662 S.
3179 5607 3336 5662 Hier.
3433 5605 3479 5640 ³⁸
3512 5607 3770 5663 Nahum.
3801 5622 3830 5662 ι.

2805 5679 2850 5716 ²⁸
2871 5678 3040 5734 conc.
3065 5678 3225 5749 Hisp.
3254 5694 3317 5746 ιι,
3342 5694 3392 5732 c.
3424 5679 3512 5732 13.
3596 5679 3647 5713 ε’
3673 5680 3690 5734 ι
3713 5679 3828 5734 Cor.
