3956 6308
127 400 161 457 1
174 400 301 458 085

1233 397 1618 458 EPISTULA
1663 399 1767 459 AD
1813 398 2080 460 ΟΜΝΕΒ
2123 393 2478 460 FIDELES.

3408 399 3561 458 1086

123 531 512 586 dilacerandi
549 536 650 586 aut
674 529 1058 586 detrahendi:
1086 531 1223 600 quia
1242 529 1456 601 quibus
1479 547 1539 585 se
1564 531 1796 586 Domini
1829 537 1876 599 Α
1911 531 2306 602 recipientur;
2341 529 2480 598 quia
2511 545 2717 585 eorum
2759 530 3054 587 temulatio
3108 531 3330 586 lacerat
3379 533 3557 589 etiam

125 621 405 692 populus
437 619 725 675 benedici.
764 619 966 674 salvari
1004 624 1062 673 et
1090 621 1304 674 instrui
1333 620 1512 690 cupit,
1547 621 1803 675 nullate-

131 726 264 764 nus
297 709 474 762 debet
505 726 603 763 eos
637 724 902 779 arguere,
935 725 1044 763 nec
1078 709 1282 780 vulgus
1313 710 1375 764 in
1399 726 1603 764 eorum
1635 727 1799 765 accu-

131 798 383 854 satione
417 798 654 868 suscipi.
692 798 945 868 Populus
976 799 1135 856 enim
1167 799 1238 854 ab
1262 799 1346 853 eis
1365 799 1665 854 docendus
1690 806 1798 866 est,

133 893 203 940 et
240 885 673 956 corripiendus,
708 902 829 940 non
861 885 973 955 ipsi
1008 885 1077 942 ab
1113 902 1201 954 eo,
1235 885 1373 957 quia
1405 909 1428 935 α
1456 903 1576 942 non
1608 894 1696 942 est
1718 885 1800 942 di-

135 976 418 1046 scipulus
455 992 631 1045 super
660 976 1007 1045 magistrum
1039 974 1105 1030 "'3.
1142 997 1170 1025 »
1203 976 1374 1031 Nullo
1407 975 1580 1032 modo
1624 977 1801 1046 igitur

133 1065 391 1120 Domini
427 1065 736 1136 pontifices
755 1071 813 1120 et
834 1065 1048 1134 reliqui
1081 1065 1435 1134 sacerdotes,
1461 1066 1677 1136 quibus
1699 1067 1800 1120 Do.

129 1156 296 1213 mini
321 1155 634 1214 commissa
657 1159 745 1208 est
768 1153 1079 1223 plebs.rite
1102 1155 1385 1225 populum
1407 1162 1800 1225 possuntcor-

131 1245 365 1314 rigere,
402 1245 446 1297 si
481 1244 846 1312 deceptionis
885 1261 946 1297 se
979 1245 1357 1314 cognoverint
1406 1245 1616 1314 laqueo
1649 1245 1801 1300 infe-

130 1332 310 1388 stari.
345 1333 503 1386 Unde
529 1334 760 1401 justum
794 1338 880 1386 est
913 1349 1119 1386 omnes
1171 1333 1229 1386 in
1278 1334 1550 1388 universo
1581 1332 1628 1365 93
1659 1333 1798 1388 orbe

131 1422 421 1474 doctores
457 1422 620 1492 legis,
657 1438 723 1474 ea
765 1438 893 1491 qua:
943 1421 1085 1492 legis
1131 1427 1269 1476 sunt
1299 1440 1524 1493 sapere,
1581 1429 1638 1476 et
1680 1439 1799 1478 non

129 1514 486 1567 sacerdotes
504 1513 737 1568 Domini
759 1512 929 1568 labiis
947 1513 1067 1568 suis
1090 1519 1191 1566 aut
1209 1513 1804 1583 quibuslibetmachi-

132 1606 489 1658 nationibus
525 1605 840 1660 maculare.
879 1608 1024 1660 Dum
1053 1605 1210 1662 enim
1271 1605 1431 1675 ipsos
1479 1603 1803 1676 disponunt

134 1701 247 1748 aut
279 1696 526 1764 cupiunt
558 1695 876 1756 maculare,
913 1695 1104 1764 potius
1139 1695 1364 1765 seipsos
1414 1696 1712 1749 maculent
1745 1703 1803 1750 et

133 1784 480 1838 vulnerant.
520 1785 619 1836 Dei
646 1800 779 1853 ergo
808 1790 1045 1838 accusat
1072 1784 1526 1850 ordinationem,
1553 1785 1650 1854 qui
1677 1803 1795 1854 eos,

133 1873 248 1942 qui
284 1872 454 1926 abeo
498 1873 959 1938 constituuntur,
1016 1872 1352 1926 sacerdotes
1402 1878 1658 1938 accusat,
1711 1873 1798 1926 vel

1912 623 2277 678 innocentes.
2306 620 2468 674 Hunc
2489 637 2723 676 murum
2749 621 3162 684 ﬁrmissimum
3185 622 3205 653 ’ί
3228 628 3560 679 statuerunt

1910 717 2107 782 patres
2140 708 2346 773 nostri,
2381 715 2437 763 et
2468 725 2576 766 nos
2609 726 2742 764 cum
2774 711 2878 770 eis.
2915 716 3118 766 contra
3151 718 3558 782 persecutores

1910 806 2142 856 nostros
2163 798 2277 866 5,ut
2295 797 2404 852 hoc
2425 797 2688 854 remedio
2713 815 2916 856 eorum
2945 800 3239 871 pellantur
3261 802 3556 856 machina-

1911 898 2130 956 menta,
2164 895 2221 944 et
2264 905 2362 942 vos
2415 890 2742 944 securiores
2791 896 2846 944 et
2894 892 3218 946 sanctiores
3277 893 3550 953 famulari

1910 980 2260 1036 mereamini
2285 984 2474 1033 vestro
2494 978 2794 1036 Salvatori.
2828 979 3136 1046 Caeterum,
3166 1003 3192 1029 α
3217 982 3553 1038 considerat

1909 1073 2126 1143 impius
2149 1074 2402 1143 justum,
2437 1077 2492 1127 et
2523 1072 2736 1142 quierit
2765 1076 2825 1123 ut
2848 1071 3077 1126 occidat
3101 1071 3547 1126 eumDominus

1908 1179 2028 1216 non
2060 1164 2432 1233 derelinquet
2464 1179 2598 1216 eum
2634 1162 2691 1215 in
2729 1177 2936 1217 manus
2969 1160 3116 1230 ejus,
3165 1166 3222 1214 et
3254 1178 3370 1213 non
3404 1177 3545 1214 con-

1910 1251 2230 1308 demnabit.
2266 1269 2422 1316 eum,
2456 1269 2589 1305 cum
2615 1250 2981 1321 judicabitur
3008 1250 3112 1303 illi.
3148 1251 3552 1318 ExspectaDo'

1913 1341 2136 1394 minnm
2165 1347 2220 1394 et
2241 1340 2466 1394 custodi
2503 1340 2654 1393 viam
2672 1340 2828 1409 ejus:
2855 1344 2911 1391 et
2934 1338 3210 1392 exaltabit
3242 1343 3292 1392 te
3317 1345 3380 1393 ut
3411 1357 3548 1409 pos-

1912 1429 2104 1483 sideas
2131 1435 2378 1483 terram:
2412 1445 2546 1484 cum
2578 1427 2908 1481 interibunt
2941 1426 3126 1496 impii,
3153 1426 3397 1484 videbis.
3422 1428 3550 1482 Vidi

1915 1519 2159 1589 impium
2191 1518 2496 1571 robustum
2524 1522 2580 1570 et
2604 1516 3013 1582 fortissimum,
3045 1515 3551 1586 sicutindigenam

1913 1607 2218 1663 virentem.
2255 1609 2320 1660 Et
2355 1607 2612 1668 transivi,
2649 1611 2706 1658 et
2736 1621 2871 1658 ecce
2905 1620 3020 1658 non
3055 1609 3205 1669 erat;
3233 1611 3288 1658 et
3312 1605 3551 1674 qu:,:,2s.ivi

1912 1713 2067 1758 eum,
2105 1702 2161 1749 et
2191 1713 2308 1750 non
2341 1701 2431 1750 est
2453 1696 2740 1750 inventus.
2772 1693 3006 1747 Custodi
3032 1693 3471 1763 simplicitatem
3496 1698 3553 1747 et

1909 1785 2037 1838 vide
2072 1791 2313 1848 rectum,
2344 1785 2484 1855 quia
2504 1785 2613 1837 erit
2647 1785 2703 1836 in
2728 1789 3056 1836 extremum
3077 1781 3198 1834 viro
3222 1799 3350 1852 pax.
3390 1784 3548 1835 Prin-

1909 1875 2261 1929 varicatores
2292 1879 2486 1928 autem
2523 1872 2851 1927 interibunt
2881 1873 3118 1943 pariter,
3163 1875 3218 1923 et
3244 1871 3265 1902 δ
3296 1871 3550 1924 novissi-

129 1962 417 2015 damnari
449 1961 492 1994 9“
525 1963 705 2030 cupit.
731 1966 772 2014 Α
797 1963 1010 2031 quibus
1045 1979 1103 2016 se
1128 1979 1334 2016 omnes
1363 1963 1566 2016 fideles
1591 1980 1793 2018 cavere
1831 1947 1870 2008 Β
1904 1981 2063 2017 nium
2099 1964 2414 2034 impiorum
2448 1963 2684 2033 peribit.
2719 1962 2888 2018 Salus
2947 1967 3143 2016 autem
3183 1962 3482 2030 justorum
3515 1978 3548 2016 a

130 2051 383 2108 debent.
418 2052 555 2119 quia
585 2068 704 2108 non
734 2051 926 2108 solum
970 2053 1067 2120 qui
1103 2052 1346 2118 faciunt,
1371 2052 1473 2108 sed
1493 2054 1669 2112 etiam
1696 2053 1796 2122 qui

130 2139 525 2193 Consentiunt
547 2139 918 2204 facientibus,
945 2139 1027 2191 rei
1055 2140 1484 2193 sunt.Christus
1509 2141 1665 2194 enim
1695 2142 1794 2194 Dei

131 2227 342 2289 Filius,
383 2227 662 2281 Dominus
695 2235 897 2281 noster
927 2228 989 2295 9⁵,
1023 2229 1284 2282 humano
1309 2230 1506 2299 generi
1543 2230 1812 2284 salutemv

132 2316 489 2371 condonans
523 2317 780 2387 plenam,
818 2317 886 2370 de
921 2317 1088 2369 nobis
1121 2317 1238 2371 ait:
1283 2341 1306 2367 ‹‹
1337 2319 1442 2382 Qui
1468 2335 1564 2374 vos
1585 2319 1797 2389 recipit

131 2423 235 2459 me
270 2406 515 2476 recipit;
550 2413 607 2460 et
639 2407 735 2476 qui
771 2424 871 2459 vos
905 2408 1147 2476 spernit,
1187 2424 1275 2462 me
1311 2410 1537 2478 spernit
1586 2407 1646 2462 οδ.
1680 2432 1703 2454 η
1739 2409 1792 2461 Si

134 2512 284 2565 ergo
320 2496 599 2548 Dominus
632 2497 690 2549 in
725 2497 806 2548 eis
842 2497 1125 2566 recipitur
1159 2504 1215 2549 et
1263 2497 1552 2564 rcjicitur,
1589 2498 1792 2567 procul

137 2582 523 2652 dubioipsius
542 2589 696 2646 sunt,
733 2583 830 2652 qui
857 2585 913 2636 in
939 2584 1022 2636 eis
1052 2585 1318 2653 rejicitur
1340 2585 1428 2637 vel
1453 2585 1790 2655 suscipitur.

131 2698 160 2723 (ι
193 2675 264 2725 Et
284 2679 346 2726 tu
373 2675 502 2742 quis
531 2674 961 2743 esqriijudicas
986 2692 1215 2727 servum
1232 2675 1492 2728 alienum
1507 2675 1550 2706 υτ
1570 2676 1594 2729 '?
1615 2699 1637 2723 ››
1656 2679 1790 2729 Ρ·ιό-

132 2764 234 2817 cui
272 2764 448 2817 dubio
483 2770 876 2833 transgressor
907 2782 966 2817 es
1000 2764 1143 2834 legis
1179 2765 1276 2816 Dei
1302 2771 1357 2818 ct.
1387 2766 1790 2835 apostolorum

129 2861 316 2922 atque
344 2853 763 2922 prophetarum
793 2860 1016 2909 :etnon
1037 2855 1228 2909 solum
1253 2855 1592 2914 harum,st:d
1613 2856 1790 2908 etiam

130 2943 334 3012 legum
371 2943 786 2996 humanarum.
823 2944 1038 2997 Omnes
1069 2944 1226 2996 enim
1259 2943 1416 3014 leges
1442 2949 1555 2996 tam
1578 2943 1789 2997 divinae

130 3049 314 3101 quam
355 3039 410 3085 et
450 3033 749 3100 humanae,
783 3032 1048 3087 alienum
1085 3051 1315 3090 servum
1349 3034 1618 3103 judicare
1653 3051 1790 3104 pro-

132 3121 366 3176 hibent.
399 3121 546 3184 Quid
579 3127 750 3191 putas
785 3122 894 3175 erit
923 3122 993 3175 de
1029 3128 1103 3188 te,
1137 3139 1268 3176 cum
1324 3128 1788 3193 transgressores

129 3217 190 3263 et
224 3210 672 3264 conculcatores
709 3210 850 3282 legis
879 3211 976 3264 Dei
1002 3211 1489 3266 damnabuntur?
1522 3213 1786 3268 Profecto

1904 2053 2172 2116 Domino,
2207 2052 2485 2110 fortitudo
2520 2069 2724 2110 eorum
2760 2058 3022 2122 tempore
3055 2051 3549 2105 tribulationisEt

1902 2141 2282 2194 auxiliabitur
2307 2141 2390 2194 eis
2415 2141 2695 2194 Dominus
2725 2146 2781 2193 et
2807 2139 3083 2193 liberabit
3111 2157 3210 2193 eos
3233 2139 3301 2191 ab
3328 2139 3546 2209 impiis,

1904 2233 1960 2282 et
1986 2230 2188 2299 eripiet
2217 2247 2317 2282 eos
2340 2229 2410 2282 ab
2436 2230 2655 2298 impiis,
2682 2235 2738 2282 et
2763 2229 3010 2282 salvabit
3036 2245 3153 2293 eos,
3192 2229 3326 2297 quia
3353 2246 3549 2298 spera-

1903 2319 2182 2372 veruntin
2205 2335 2273 2372 eo
2296 2315 2335 2370 7.
2369 2341 2394 2365 η
2418 2321 2485 2372 Et
2512 2318 2649 2372 alibi
2675 2335 2686 2371 :
2715 2341 2740 2365 «
2776 2318 2923 2382 Quid
2947 2317 3146 2389 gloria;
3166 2318 3212 2370 is
3236 2318 3293 2370 in
3323 2317 3548 2372 malitia

1902 2407 2150 2476 potens"?
2170 2406 2564 2464 Miseria-rdia
2590 2407 2686 2460 Dei
2715 2413 2832 2460 tota
2861 2413 2946 2460 est
2977 2407 3091 2460 die.
3117 2405 3366 2459 Insidias
3389 2408 3548 2477 cogi-

1903 2495 2040 2547 tavit
2075 2495 2274 2564 lingua
2306 2501 2422 2554 tua,
2463 2495 2628 2564 quasi
2667 2495 2948 2549 novacula
2982 2502 3080 2549 tua
3123 2500 3292 2548 acuta
3324 2495 3545 2549 faciens

1901 2582 2116 2636 dolum.
2132 2583 2390 2637 Dilexisti
2408 2584 2694 2637 malitiam
2711 2585 2897 2655 magis
2917 2601 3092 2655 quam
3115 2585 3354 2647 bonum,
3375 2601 3543 2638 men~

1899 2672 2128 2725 dacium
2154 2673 2336 2742 magis
2356 2689 2529 2741 quam
2557 2673 2717 2741 loqui
2734 2675 2754 2743 j
2771 2674 3325 2734 ustitiam.Dilexist,j
3344 2675 3541 2726 omnia

1898 2761 2070 2814 verba
2103 2761 2170 2815 ad
2198 2761 2620 2822 devorandum,
2657 2761 2858 2828 lingua
2891 2763 3109 2815 dolosa.
3140 2763 3246 2815 Sed
3272 2764 3420 2815 Deus
3443 2763 3543 2815 de-

1899 2857 2086 2904 struet
2128 2856 2179 2904 te
2207 2851 2266 2906 in
2299 2851 2746 2920 sempiternum,
2784 2852 3029 2906 terrebit
3051 2858 3125 2911 te,
3163 2859 3217 2905 et
3249 2851 3456 2905 evellet
3489 2857 3541 2904 te

1897 2939 1966 2993 de
1999 2939 2376 2994 tabernaculo
2401 2945 2521 3004 tuo,
2559 2945 2615 2993 et
2643 2940 2965 2994 eradicabit
2996 2946 3049 2993 te
3083 2940 3151 2992 de
3181 2947 3336 2993 terra
3353 2940 3542 2993 viven-

1897 3029 2063 3084 tium.
2098 3028 2394 3083 Videbunt
2417 3030 2564 3099 justi
2600 3035 2654 3082 et
2681 3030 2990 3098 timebunt,
3022 3037 3078 3083 et
3109 3046 3285 3100 super
3306 3048 3439 3084 eum
3466 3032 3539 3084 ri-

1896 3118 2138 3173 debunt.
2171 3120 2315 3173 Ecce
2349 3119 2433 3172 vir
2459 3119 2557 3188 qui
2581 3136 2698 3173 non
2722 3119 2917 3190 posuit
2945 3119 3349 3173 fortitudinem
3367 3137 3533 3174 suam

1894 3208 1953 3261 in
1987 3209 2192 3275 Deum,
2225 3208 2326 3262 sed
2360 3209 2613 3278 speravit
2653 3209 2710 3263 in
2765 3208 3146 3264 multitudine
3197 3209 3533 3263 divitiarum

128 3304 189 3349 et.
220 3303 283 3350 tu
311 3297 712 3364 damnaberis,
738 3298 876 3368 quia
901 3299 1781 3370 postposuistimandatumDei,
1825 3318 1867 3383 ρ
1898 3313 2159 3365 suarum,
2185 3298 2549 3351 confortatus
2580 3303 2666 3351 est
2688 3298 2749 3350 in
2771 3297 3001 3351 insidiis
3025 3297 3163 3350 suis.
3196 3300 3307 3368 ligo
3336 3305 3533 3352 autem

132 3393 193 3439 et
230 3392 390 3440 tuam
423 3386 760 3457 adimplesti
788 3386 1151 3440 voluntatem
1207 3388 1494 3451 Quoniam
1528 3389 1677 3443 sicut
1701 3391 1784 3442 di-

134 3477 240 3547 gni
276 3482 413 3529 sunt.
447 3477 580 3543 vita,
611 3476 708 3544 qui
739 3475 1081 3530 mandatum
1116 3477 1216 3529 Dei
1248 3477 1579 3547 adimplent
1609 3484 1784 3548 atque

131 3565 506 3628 custodiunt,
543 3565 621 3618 ita
653 3566 733 3618 rei
771 3571 825 3618 et.
856 3565 1121 3636 pel-digni
1157 3572 1291 3620 sunt.
1342 3573 1547 3633 morte,
1586 3569 1683 3637 qui
1720 3586 1785 3622 ea

130 3659 526 3724 postponunt,
562 3659 617 3706 et
649 3654 706 3706 in
739 3671 948 3707 vanum
981 3654 1222 3708 ducunt.
1262 3657 1358 3708 Est
1385 3657 1540 3710 enim
1565 3657 1622 3709 in
1644 3674 1785 3726 apo-

125 3743 360 3796 stolicis
386 3744 668 3812 scriptum
697 3743 1013 3796 institutis:
1041 3744 1084 3776 “8
1108 3767 1134 3792 ‹‹
1158 3744 1601 3802 Alteriusvitam
1621 3763 1724 3799 HC“)
1750 3764 1780 3800 ο

119 3835 371 3893 laceret,
411 3837 468 3884 et
499 3831 568 3885 de
602 3833 756 3886 malo
790 3833 981 3887 alieno
1014 3851 1076 3887 os
1111 3850 1280 3887 suum
1334 3851 1452 3888 non
1511 3837 1778 3906 coinqui-

120 3929 249 3975 net.
283 3945 306 3969 n
341 3925 728 3976 Accusatores
762 3940 894 3976 vero
917 3929 973 3975 et
997 3925 1424 3990 accusationes,
1455 3943 1600 3994 quas
1627 3926 1781 3993 leges

122 4011 331 4064 surculi
367 4027 486 4063 non
519 4011 858 4076 admittunt,
895 4018 950 4065 et
977 4029 1082 4065 nos
1126 4014 1559 4068 submovemus.

903 4104 987 4154 ιν.

439 4192 509 4241 De
540 4192 949 4244 accusatoribus
983 4208 1089 4245 non
1120 4195 1472 4262 recipiemlis.

195 4278 242 4312 99
285 4280 352 4330 Et
382 4279 708 4332 accusatori
739 4281 980 4333 omnino
1014 4298 1131 4333 non
1165 4283 1320 4334 credi
1382 4283 1774 4347 decernimus,

121 4369 223 4439 qui
238 4367 436 4433 ,absen
451 4374 500 4418 te,
519 4368 1120 4436 adrersario,causaru
1140 4372 1390 4440 suggerit
1415 4379 1547 4425 ante
1567 4373 1752 4426 utrius

123 4475 242 4527 que
278 4457 460 4526 partis
485 4457 707 4528 justam
744 4458 1193 4514 discussionem.
1231 4463 1343 4513 Nec
1376 4460 1455 4523 hi,
1503 4461 1604 4530 qui
1656 4479 1773 4519 non

121 4551 262 4600 sunt
281 4545 913 4614 it’lonei,suscipiautur
935 4547 1546 4614 adaccusationem,et
1569 4567 1772 4607 omnes

120 4636 220 4703 qui
257 4633 537 4688 adversus
570 4641 765 4704 patres
789 4642 1114 4705 armantur,
1149 4637 1398 4690 infames
1424 4655 1548 4691 esse
1573 4656 1771 4693 cense-

120 4740 282 4776 mus.
326 4725 527 4775 Patres
561 4724 718 4776 enim
754 4741 958 4778 omnes
992 4726 1310 4779 venerandi
1344 4733 1500 4793 sunt,
1537 4745 1654 4782 non
1677 4746 1764 4782 re-

117 4812 372 4883 spuendi
407 4818 510 4867 aut
545 4813 552 4844 '
593 4812 910 4867 insidiandi
944 4815 980 4867 ².
1015 4812 1036 4846 3
1073 4814 1135 4867 Hi
1167 4832 1300 4868 vero
1343 4816 1441 4886 qui
1490 4834 1623 4870 cum
1659 4817 1765 4871 ini-

115 4903 291 4956 micis
326 4905 761 4965 morantur,aut
783 4902 880 4971 qui
901 4903 1158 4972 suspecti
1187 4905 1497 4970 habentur,
1525 4907 1769 4962 minime

185 5018 233 5050 9³
267 5019 400 5071 Luc.
428 5034 500 5080 vi,
533 5019 621 5069 40.

113 5089 156 5120 9"
189 5087 330 5142 Isid.
377 5105 452 5150 lli,
489 5090 576 5151 39,
612 5092 668 5141 et
700 5105 768 5141 ex
801 5105 867 5140 eo
901 5090 1074 5144 lladr.
1109 5091 1238 5143 coll.
1274 5087 1406 5144 c._l.

113 5159 159 5190 Ἦ
192 5160 330 5213 Isid.
371 5161 802 5226 .S‘yimnymo-rmn
834 5176 895 5219 Il,
931 5165 982 5214 9.

112 5232 437 5285 Accusatan
466 5247 493 5281 ο
509 5233 707 5283 mzine.

111 5372 130 5403 δ
167 5375 356 5442 Iniqui.
387 5379 565 5425 autem
598 5374 921 5426 delebuntur
965 5376 1197 5442 pariter,
1252 5383 1317 5428 et.

109 5444 549 5498 niisericordimn
585 5450 822 5496 tuorum.

112 5514 154 5548 ¹²
189 5515 520 5579 Flavianus,
563 5516 733 5582 Epist.
770 5515 842 5568 ad
880 5517 932 5570 S.
973 5519 1214 5571 Leonem.

110 5631 264 5684 Nihil
299 5630 395 5682 hic
428 5628 723 5682 concludit
754 5636 819 5683 ut
849 5633 1285 5687 calumniantur
1309 5635 1760 5700 Magdeburgen-

111 5719 223 5766 ses,
269 5701 375 5776 sed
407 5701 700 5753 rationem
731 5702 922 5776 reddit
956 5707 1756 5776 συγδρξ.ι;υι’«ἰι,ιὶυδυἱ,ομίδωυιιί

111 5773 383 5845 non-sint
417 5777 637 5826 temere
665 5789 699 5825 a
729 5771 896 5828 laicis
927 5778 1241 5830 accusandi
1277 5795 1290 5844 ;
1339 5771 1583 5845 scilicet,
1619 5771 1756 5847 quia

1898 3388 2050 3441 sicut
2082 3388 2232 3441 oliva
2263 3387 2456 3441 virens
2492 3388 2549 3440 in
2584 3387 2917 3454 domo'Dei,
2951 3389 3173 3458 speravi
3210 3388 3266 3440 in
3303 3389 3536 3442 miseri-

1894 3477 2094 3531 cordia
2127 3476 2229 3530 Dei
2263 3477 2322 3530 in
2350 3477 2631 3530 smculum
2662 3482 2718 3530 et
2741 3477 2796 3529 in
2831 3483 3115 3531 aeternum
3137 3478 3175 3530 ⁸.
3203 3477 3537 3532 Conlitebor

1893 3565 1996 3618 tibi
2033 3565 2093 3619 in
2127 3564 2430 3631 smculmu,
2467 3566 2745 3634 quoniam
2778 3566 2963 3619 fecisti
2989 3571 3046 3619 et
3068 3566 3413 3636 exspectabo
3440 3584 3539 3620 no-

1892 3672 2029 3708 men
2063 3660 2249 3718 tuum,
2284 3654 2567 3723 quoniam
2601 3654 2820 3708 bonum
2854 3656 2913 3708 in
2946 3661 3265 3725 conspectu
3303 3662 3537 3709 sancto-

1889 3761 2021 3798 rum
2057 3743 2078 3774 ⁹
2105 3749 2340 3798 tuorum
2386 3743 2447 3795 '0.
2480 3743 2558 3798 De
2588 3743 2798 3796 talibus
2822 3744 2978 3796 enim
3005 3745 3452 3798 insidiatoribus
3480 3751 3538 3798 et

1888 3832 2332 3886 accusatoribus
2365 3848 2664 3885 servorum
2700 3849 2936 3885 suorum
2963 3833 3227 3902 loquitur
3252 3835 3534 3888 Dominus

1887 3941 1992 3992 per
2022 3925 2374 3994 Prophetam
2410 3923 2612 3976 dicens
2639 3939 2650 3974 :
2687 3944 2711 3970 «
2739 3923 2812 3976 Os
2834 3929 2997 3976 tuum
3025 3923 3296 3977 dimisisti
3321 3925 3394 3977 ad
3412 3943 3530 3976 ma-

1886 4012 2162 4079 litiam,et
2190 4012 2389 4080 lingua
2414 4016 2513 4064 tua
2537 4011 2912 4064 concinnavit
2935 4011 3156 4064 dolum.
3179 4012 3397 4065 Sedens
3426 4014 3528 4066 ad-

1885 4118 2083 4156 versus
2115 4101 2353 4166 fratrem
2383 4106 2544 4153 tuum
2571 4098 2926 4168 loquebaris,
2951 4105 3008 4151 et
3030 4100 3088 4153 in
3114 4101 3300 4153 filium
3327 4101 3531 4153 matris

1889 4195 2001 4243 tute
2034 4189 2421 4244 fabricalmris
2455 4187 2851 4258 opprobrium.
2884 4189 3015 4241 Haec
3039 4189 3248 4254 fecisti,
3275 4195 3331 4242 et
3355 4191 3529 4243 tacui.

1883 4280 2246 4333 Existimasti
2276 4278 2532 4332 similem
2561 4279 2642 4331 tui
2675 4293 2766 4331 me
2818 4279 3080 4332 futurum
3104 4279 3130 4332 ‘?
3162 4295 3401 4348 arguam
3454 4284 3528 4346 te,

1885 4379 1941 4426 et
1975 4389 2298 4444 proponam
2336 4378 2389 4424 te
2424 4378 2560 4425 ante
2596 4372 2801 4428 oculos
2834 4377 2981 4426 tuos.
3018 4372 3332 4443 Intelligite
3384 4372 3527 4428 haec.

1882 4465 1981 4533 qui
2013 4461 2427 4516 obliviscimini
2461 4463 2665 4528 Deum,
2699 4478 2770 4517 ne
2804 4462 2952 4516 forte
2987 4462 3194 4531 rapiat,
3229 4470 3286 4515 et
3316 4480 3432 4514 non
3457 4463 3533 4515 sit

1881 4553 1980 4622 qui
2004 4552 2215 4605 liberet.
2245 4551 2305 4604 ”.
2335 4573 2359 4597 ››
2393 4552 2758 4618 Laiiguentes
2782 4556 2976 4603 autem
3005 4551 3186 4603 inisto
3217 4552 3527 4606 conamine

1881 4642 2124 4697 notandi
2160 4648 2315 4706 sunt,
2356 4647 2412 4696 et
2444 4661 2475 4696 a
2509 4641 2723 4697 talibus
2757 4641 3104 4712 repellendi.
3148 4642 3313 4696 Tales
3369 4643 3527 4695 enim

1881 4733 2150 4786 membra
2184 4738 2320 4785 sunt
2353 4731 2590 4796 diaboli,
2619 4731 2719 4802 qui
2741 4732 2783 4764 η
2807 4746 3041 4786 sursum
3062 4731 3529 4800 atquedeorsum

1881 4820 2208 4890 pervolans,
2234 4820 2445 4890 quierit
2469 4837 2615 4890 quos
2646 4821 2831 4890 possit
2862 4819 3147 4879 occidere,
3174 4836 3320 4887 quos
3346 4820 3530 4888 possit

1883 4926 2181 4979 separare,
2215 4925 2362 4977 quos
2389 4909 2571 4978 possit.
2593 4909 2890 4962 devorare.
2929 4912 3166 4980 Propter
3193 4924 3366 4982 quam
3404 4923 3527 4960 rem

701 5015 745 5050 9³
779 5018 1062 5094 Damasus
1095 5020 1271 5094 citata
1297 5037 1387 5089 ep.
1423 5021 1674 5094 Illyricos
1708 5025 1915 5077 inserit
1947 5025 2104 5079 verb.
2141 5027 2560 5091 Romanorum,
2614 5028 2668 5090 ὓ,
2706 5029 2909 5094 quaest.
2955 5026 2975 5077 l
3011 5040 3021 5075 :
3057 5025 3372 5076 Sacerdotes
3405 5027 3500 5092 qui.

1516 5093 1556 5126 ⁵⁵
1589 5096 1754 5148 Hom.
1790 5113 1823 5160 ι,
1858 5099 1907 5148 3.

1087 5163 1130 5195 ⁹⁹
1162 5164 1209 5216 fl.
1244 5179 1298 5230 q.
1334 5164 1406 5245 8A:
1443 5169 1815 5245 itccusatorcs,
1853 5173 1963 5221 etc.
1999 5170 2064 5245 Et
2097 5168 2152 5218 in
2179 5167 2317 5245 decr
2373 5166 2650 5245 Stephani
2687 5183 2851 5245 papae
2885 5183 2950 5245 ac
3005 5165 3164 5245 Julii,
3218 5168 3268 5231 3,
3296 5183 3373 5245 Iq.
3435 5170 3464 5218 9
3503 5183 3514 5218 :

787 5230 804 5262 ί
837 5231 1100 5286 Auianus
1134 5241 1320 5286 const.
1351 5237 1402 5296 9,
1441 5235 1526 5289 tit.
1561 5241 1647 5302 39,
1682 5237 1782 5288 lib.
1818 5255 1895 5296 x1.
1930 5239 2054 5290 cod.
2094 5236 2307 5290 Theod.
2417 5236 2437 5270 ²
2467 5230 2728 5290 incusari/1'

110 5301 592 5381 ineditherlini
618 5318 633 5381 ;_
659 5302 884 5381 primus
909 5303 1167 5381 Crabbus
1189 5301 1777 5381 alteramﬁlectionem
1801 5315 1898 5361 aut
1922 5310 2350 5364 correctionem
2377 5308 2698 5362 substituit.

1435 5377 1446 5407 δ’
1497 5378 1646 5432 Psal.
1696 5396 1882 5445 xxxw,
1943 5385 2031 5438 32.
2081 5382 2167 5446 49,
2231 5398 2296 5432 ex
2351 5397 2494 5431 vers.
2556 5380 2708 5431 Hier.

930 5444 974 5476 1"
1009 5447 1137 5499 Psal
1193 5464 1261 5514 Li,
1298 5465 1401 5516 per
1435 5453 1617 5502 totum
1666 5466 1754 5501 ex.
1805 5444 1953 5504 vers.
2015 5444 2168 5504 Hier.

3013 5095 3054 5129 ’7
3107 5099 3269 5150 Rom.
3324 5098 3516 5160 x1v,~’r-.

2012 5097 2055 5128 "‘3
2086 5096 2284 5148 Matth.
2330 5112 2382 5147 Χ.
2417 5099 2491 5159 9;
2529 5097 2657 5157 Luc.
2714 5114 2766 5162 x,
2826 5099 2900 5147 16.

2885 5237 2908 5270 ³
2938 5239 3016 5290 ita
3049 5237 3108 5289 in
3142 5254 3248 5289 ms.
3285 5239 3424 5288 Just.
3466 5244 3520 5290 et

2776 5309 2797 5341 ‘
2817 5311 3176 5374 fortissimum
3249 5308 3273 5340 ⁵
3296 5315 3514 5362 rest-ros.

2812 5381 2830 5410 ⁸
2861 5382 3249 5448 smnp-itermun
3351 5378 3372 5409 9
3405 5396 3512 5431 ms.

2306 5453 2344 5485 “
2381 5449 2532 5503 Psal.
2585 5466 2730 5517 xmx,
2785 5452 2974 5516 19-22,
3028 5467 3096 5502 ex
3155 5465 3302 5502 vers.
3359 5449 3514 5505 Hier.

2417 5236 2437 5270 ²
2467 5236 2522 5288 in
2532 5238 2780 5290 amandi.

1870 5640 2045 5689 tanta:
2079 5637 2379 5702 dignitatis
2405 5636 2541 5700 sint,
2567 5642 2630 5687 ut
2659 5651 2870 5702 corpus
2900 5635 3122 5687 homini
3149 5635 3384 5705 proprio
3410 5653 3509 5692 ore

1867 5715 2214 5761 consecrent
2251 5715 2307 5760 et
2338 5709 2709 5761 confirment.
2743 5706 2866 5758 Sev.
2904 5708 3022 5758 Bm.
