3956 6308
402 396 552 455 108Ἳ

1820 393 2133 455 HYGINII
2175 395 2272 456 ΡΑ
2289 397 2406 456 P/E

3677 397 3848 457 1088

392 527 762 599 vigilandum
795 531 905 592 est,
937 532 996 580 et
1035 526 1216 581 armis
1264 526 1602 582 coelestibus
1658 543 1862 583 sumus
1915 543 2050 582 mu-
2079 533 2136 595 Α
2167 528 2348 592 mine,
2381 529 2562 584 dilexi
2592 529 2995 586 habitaculum
3028 527 3239 585 domus
3270 534 3409 594 tua),
3431 535 3491 584 et
3515 529 3733 585 locum
3769 536 3855 586 ta‘

404 618 632 684 niendi,
667 633 740 672 ne
773 618 833 671 in
863 617 994 688 ejus
1023 616 1341 686 compedes
1371 616 1728 679 incidamus,
1786 623 1889 672 aut
1932 617 2058 687 ejus

401 709 583 764 foveis
627 706 1021 777 illaqueemur
1046 707 1110 760 ¹³.
1142 706 1319 760 Decet
1349 706 1510 761 enim
1536 707 1597 761 in
1627 706 1846 763 talibus
1867 706 2059 763 causis

407 799 517 853 hoc
549 797 802 852 maxime
836 795 1152 866 provideri,
1184 801 1248 850 ut
1281 795 1408 849 sine
1461 796 1712 866 strepitu
1752 800 2060 851 concerta-

399 888 648 954 tionum,
683 890 743 939 et
770 871 1440 952 charitas'custodiatur,
1463 892 1521 939 et
1550 885 1764 940 veritas
1787 885 2064 941 defenda-

399 983 518 1044 tur,
552 981 729 1046 atque
760 974 1138 1040 innocentes,
1163 979 1215 1028 et
1253 974 1484 1028 Domini
1513 975 1773 1029 ministri
1796 973 1967 1028 illaesi
1995 974 2062 1028 li-

399 1063 792 1119 berentur.De
807 1062 982 1117 bonis
998 1079 1135 1134 ergo
1151 1063 1409 1135 etlegem
1427 1063 1661 1118 Domini
1679 1063 2064 1118 custodienti-

401 1151 940 1222 bus,fratribusque
959 1149 1660 1222 “adjuvantibus,etnon
1684 1151 2058 1220 nocentibus,

406 1241 512 1296 sed
534 1239 1048 1312 supportantibus,
1072 1241 1155 1294 ait
1173 1256 1282 1310 per
1297 1241 1650 1311 Prophetam
1672 1240 1956 1294 Dominus
1979 1240 2058 1296 '5:

410 1355 428 1378 ι
467 1333 592 1385 Non
622 1330 747 1385 sedi
784 1347 918 1384 cum
951 1331 1088 1383 viris
1119 1330 1418 1396 vanitatis,
1454 1347 1588 1385 cum
1639 1330 1909 1401 superbis
1940 1348 2060 1386 non

403 1419 720 1490 ingrediar.
757 1418 920 1473 0divi
959 1418 1272 1474 ecclesiam
1305 1419 2063 1490 pessimorum,etcumim-

409 1509 520 1579 piis
543 1525 661 1564 non
681 1508 917 1563 sedebo.
955 1508 1178 1562 Lavabo
1202 1509 1260 1562 in
1282 1509 1850 1564 innocentiamanus
1875 1525 2056 1578 meas,

404 1603 462 1652 et
481 1597 742 1652 circuibo
767 1598 952 1653 altare
983 1603 1166 1652 tuum.
1197 1597 1536 1665 Domine,ut
1557 1599 1718 1654 clara
1739 1615 1875 1653 voce
1908 1615 2060 1669 pras-

403 1687 596 1742 dicem
625 1687 882 1755 laudem,
921 1693 975 1740 et
1007 1704 1244 1742 narrem
1275 1688 1477 1743 omnia
1500 1687 1800 1743 mirabilia
1820 1689 2060 1743 tua.Do-

2171 616 2476 673 bernaculi
2509 618 2711 690 gloriae
2737 625 2870 674 tum.
2893 619 2974 673 Ne
3000 619 3234 674 auferas
3251 635 3384 674 cum
3407 619 3854 690 peccatoribus

2168 707 2428 762 animam
2485 724 2700 775 meam,
2743 715 2802 764 et
2849 723 2983 764 cum
3035 708 3174 762 viris
3232 709 3602 780 sanguinum
3665 710 3854 764 vitam

2169 813 2384 853 meam.
2419 799 2484 852 In
2516 814 2768 868 quorum
2799 797 3076 853 manibus
3109 796 3298 853 scelus
3347 803 3460 865 est,
3514 804 3579 852 et
3632 798 3854 854 dextra

2171 903 2373 942 eorum
2405 887 2636 959 repleta
2666 892 2754 943 est
2783 887 3151 944 muneribus.
3185 889 3300 959 Ego
3335 893 3544 942 autem
3583 888 3652 942 in
3699 888 3858 944 sim-

2168 974 2433 1046 plicitate
2465 991 2599 1031 mea
2628 975 2882 1048 gradiar,
2914 975 3138 1031 redime
3171 991 3264 1031 me
3287 980 3348 1030 et
3365 975 3677 1031 miserere
3701 978 3850 1033 mei.

2169 1064 2278 1119 Pes
2301 1081 2467 1120 meus
2489 1065 2652 1120 stetit
2674 1065 2734 1119 in
2752 1070 2932 1130 recto,
2956 1065 3018 1120 in
3041 1064 3308 1120 ecclesiis
3329 1063 3706 1122 benedicam
3725 1067 3852 1122 Do-

2170 1154 2399 1209 minum
2433 1152 2497 1210 ¹⁶.
2532 1176 2560 1204 ››
2591 1153 2966 1210 Concordent
2993 1154 3174 1227 igitur
3227 1171 3362 1209 cum
3395 1154 3700 1210 omnibus
3743 1157 3851 1211 Dei

2172 1243 2580 1299 sacerdotibus
2613 1244 2703 1298 has
2727 1244 3031 1299 cbaritatis
3059 1243 3460 1307 sententiain
3484 1244 3725 1315 quibus
3747 1262 3850 1300 vos

2173 1335 2316 1389 ﬁxos
2349 1340 2408 1388 et
2437 1334 2640 1388 firmos
2669 1333 3332 1406 exsisterejudicamus.
3359 1335 3518 1390 Deus
3543 1353 3659 1390 vos
3683 1337 3852 1392 inco-

2169 1422 2354 1478 lumes
2384 1423 2699 1490 custodiat,
2736 1423 2844 1478 ﬁlii
2876 1423 3232 1478 cbarissimi.

2241 1511 2384 1566 Data
2401 1511 2848 1583 decimoquinto
2873 1511 3166 1567 Kalendas
3191 1513 3403 1578 Martii,
3439 1513 3769 1570 Antonino
3793 1521 3848 1568 et

2167 1601 2356 1654 Marco
2388 1598 2434 1634 ‘7
2465 1600 2608 1654 viris
2638 1600 2986 1658 clarissimis
3017 1601 3362 1657 consulibus
3396 1600 3464 1658 ιδ.

476 1811 520 1846 1³
553 1812 604 1864 S.
646 1813 751 1866 [eo
784 1829 876 1882 ep.
910 1813 975 1884 8.
1042 1811 1087 1844 “
1119 1813 1205 1867 Ita
1236 1829 1346 1884 ms.
1381 1829 1486 1884 pro
1515 1815 1825 1884 fratresque
1931 1811 1976 1848 ¹⁵
2005 1812 2158 1867 Psal.
2193 1829 2322 1872 xxv.
2364 1815 2416 1879 4,
2449 1828 2638 1882 usque
2669 1813 2744 1868 ad
2772 1813 2949 1867 finem
2981 1855 2996 1877 ,
3017 1811 3172 1868 Hier.
3205 1813 3518 1884 interpret.
3603 1813 3652 1849 ¹⁶
3678 1814 3842 1870 Idem

404 1883 690 1938 Damasus
723 1900 907 1954 supra
929 1883 1162 1946 citatus,
1198 1883 1554 1954 quibusdam
1585 1883 1914 1938 identidem
1941 1884 2203 1938 mutatis.
2286 1885 2327 1918 ¹⁷
2361 1883 2421 1938 in
2451 1900 2562 1940 ms.
2599 1886 2836 1938 Antonio
2865 1891 2916 1938 et
2938 1887 3181 1949 Martio;
3213 1885 3316 1940 sed
3346 1883 3572 1940 absunt
3603 1903 3640 1941 a
3663 1886 3840 1942 fastis

405 1954 465 2008 bi
499 1953 810 2009 consules.’
868 1953 916 1987 ιθ
946 1955 1115 2010 Falsa
1145 1955 1522 2026 subscriptio.

412 2077 3838 2120 Μ

1347 2287 2245 2462 HYGINIUS
2375 2287 2885 2460 PAPA

1893 2695 2351 2784 ΝΟΤΙΤΙΑ

421 2847 500 2898 Ex
531 2844 686 2900 Libri
732 2844 1059 2917 pontiﬁcali
1091 2846 1325 2919 Damasi
1357 2863 1543 2919 papas,
1576 2864 1670 2918 ap.
1705 2849 1904 2917 MANSI,
1938 2845 2172 2914 Concil,
2205 2849 2247 2916 Ι,
2279 2850 2478 2903 663.-
2499 2849 2702 2904 Varias
2733 2847 3021 2919 lectiones
3051 2851 3110 2902 et
3138 2851 3314 2919 notas
3339 2845 3418 2902 ad
3445 2847 3614 2904 hunc
3646 2847 3843 2903 locum

1137 2918 1288 2973 Libri
1322 2917 1677 2990 pontiﬁcalis
1707 2919 1837 2975 vide
1867 2919 2198 2988 Patrologiz
2226 2921 2444 2978 Latinae
2469 2926 2512 2976 t.
2545 2919 2804 2989 CXXVII,
2835 2917 2949 2974 col.
2992 2918 3176 2990 1185.)

494 3045 776 3116 Hyginius
805 3047 1046 3102 natione
1075 3049 1334 3121 graecus,
1368 3063 1439 3101 ex
1468 3045 1845 3121 pliilosopho,
1877 3046 1949 3101 de
1982 3046 2250 3121 Athenis,
2283 3047 2454 3121 cujus
2475 3047 2881 3121 genealogiam
2908 3063 3028 3102 non
3051 3047 3272 3121 inveni,
3296 3047 3453 3121 sedit
3478 3063 3676 3105 annos
3700 3065 3848 3121 qua-

423 3119 575 3180 tuor,
616 3133 852 3192 menses
869 3125 1022 3192 tres,
1057 3118 1196 3192 dies,
1217 3117 1485 3192 quatuor.
1506 3118 1884 3192 _l_i‘_uit_autem
1918 3117 2286 3192 temporibus
2317 3119 2450 3192 veri
2482 3117 2541 3192 et
2568 3119 2765 3192 Marci,
2789 3135 2832 3192 Aa
2862 3118 3177 3192 consulatu
3216 3119 3406 3192 Magni
3425 3124 3486 3174 et
3515 3117 3842 3185 Cameﬁni,

423 3203 613 3258 usque
644 3187 715 3242 ad
748 3189 1062 3274 Orpbitum
1088 3195 1150 3274 et
1179 3187 1470 3274 Priscum:
1506 3189 1609 3274 Iiic
1639 3188 1866 3270 clerum
1887 3187 2228 3274 composuit
2258 3194 2316 3243 et
2342 3189 2643 3273 distribuit
2667 3188 2902 3273 gradus.
2937 3191 3042 3246 Hic
3070 3187 3670 3274 fecit-ordinationes
3729 3199 3845 3274 tres

423 3274 529 3330 per
568 3259 841 3314 mensem
869 3260 1272 3322 Decembrem,
1307 3259 1482 3330 presb

1531 3260 2083 3343 terosﬁqui'ndecim,
2109 3260 3031 3343 diaconosquipque,_episcopos
3043 3277 3158 3343 per
3177 3262 3411 3343 diversa
3428 3263 3566 3343 loca
3591 3281 3717 3319 sex.

423 3277 529 3339 per
568 3277 834 3314 mensem
869 3277 1272 3340 uecemnrem,
1307 3277 1687 3384 presngteros
1719 3277 2083 3342 qui'nuecnm,
2109 3277 2390 3316 diaconos
2413 3278 2698 3332 quinque,
2722 3278 3031 3343 episcopos
3051 3277 3158 3332 per
3177 3277 3411 3318 diversa
3429 3277 3566 3319 loca
3591 3281 3717 3319 sex.
3743 3277 3842 3330 L111]

419 3336 596 3407 etiam
628 3331 895 3400 sepultus
925 3336 1016 3386 est
1038 3337 1214 3402 Juxta
1241 3347 1454 3401 corpus
1529 3336 1642 3386 eati
1675 3332 1832 3385 Petri
1866 3348 1926 3386 1n
1961 3333 2260 3400 Vaticano,
2292 3333 2468 3388 tertio
2516 3333 2652 3388 Idus
2699 3334 2983 3390 Januarii.
3043 3335 3110 3388 Et
3161 3334 3414 3389 cessavit
3461 3335 3842 3407 episcopatus

423 3400 549 3455 dies
583 3405 720 3458 tres.

1414 3711 2171 3867 HYGINII
2295 3716 2860 3866 PAIVE

1833 3978 2420 4067 EPIS'I'OLzE

1519 4131 1744 4200 (Nam,
1775 4129 1979 4186 Concil.
2012 4129 2248 4198 βοηθοίη
2284 4134 2321 4186 t.
2355 4132 2398 4196 Ι,
2431 4129 2542 4188 col.
2575 4131 2726 4194 663.)

867 4375 1202 4432 EPISTOLA
1242 4377 1463 4433 PRIMA
1497 4379 1628 4450 (25).

840 4483 910 4520 AD
950 4482 1126 4521 OMNES
1165 4483 1371 4522 CHRISTI
1412 4484 1650 4524 FIDELES.

421 4572 494 4626 De
521 4571 625 4640 ﬁde
653 4571 719 4647 ‘9,
751 4577 805 4626 et
851 4579 916 4627 ut
972 4575 1433 4647 metropolitanus
1498 4577 1702 4647 absque
1752 4583 2070 4633 ceterorum

609 4645 984 4714 episcome
1012 4644 1284 4700 instantia
1311 4662 1422 4700 non
1451 4644 1644 4702 audiat
1673 4664 1880 4704 causas.

494 4751 776 4823 Hyginius
805 4750 854 4786 ³ο
881 4752 943 4806 in
976 4753 1191 4808 Christi
1223 4754 1464 4810 nomine
1487 4755 1658 4810 almae
1687 4756 1850 4812 urbis
1871 4758 2069 4812 Romae

420 4841 755 4913 episcopus,
787 4841 1016 4896 cunctis
1048 4842 1110 4896 in
1162 4843 1484 4914 apostolica
1538 4844 1653 4899 ﬁde
1700 4850 1756 4901 et
1803 4845 2072 4901 doctrina

421 4930 796 5001 degentibus,
831 4929 1108 4986 salutem.

1221 5021 1266 5073 Ι.

841 5109 918 5162 De
944 5109 1199 5164 missione
1226 5109 1360 5164 Filii
1388 5127 1421 5165 a
1451 5111 1636 5166 Patre.

492 5196 854 5260 Charissimi,
889 5218 918 5246 ‹‹
951 5198 1103 5252 Deus
1132 5198 1347 5253 Filium
1379 5216 1553 5254 suum
1585 5200 1748 5255 misit
1770 5201 1830 5255 in
1847 5200 2059 5256 simili-

421 5287 684 5342 tudinem
717 5286 913 5342 carnis
961 5287 1208 5356 peccati,
1253 5293 1314 5342 et
1359 5287 1431 5343 de
1484 5296 1724 5359 peccato
1769 5289 2071 5345 damnavit

2103 4391 2148 4456 Β
2178 4385 2486 4452 peccatum
2521 4381 2578 4435 in
2603 4396 2801 4448 carne,
2829 4385 2895 4436 ut
2907 4380 3146 4452 justitia
3165 4380 3312 4453 legis
3333 4381 3695 4453 impleretur
3713 4383 3776 4439 ⁸³.
3797 4405 3823 4432 ι·

2177 4469 2222 4504 ³³
2252 4470 2438 4524 Filius
2487 4485 2610 4524 non
2661 4467 2988 4524 secundum
3037 4468 3323 4525 deitatem
3377 4470 3568 4526 solam
3600 4488 3636 4526 a
3665 4473 3827 4528 Patre

2177 4559 2394 4614 missus
2408 4562 2516 4626 est,
2538 4557 2642 4614 sed
2665 4557 2997 4614 secundum
3014 4573 3277 4628 carnem,
3307 4574 3487 4628 quam
3509 4559 3829 4616 clementer

2179 4662 2238 4712 et
2265 4657 2360 4729 pie
2385 4674 2490 4728 pro
2513 4655 2687 4712 nobis
2711 4671 3016 4712 assumere
3035 4672 3154 4711 non
3177 4656 3533 4729 dedignatus
3555 4663 3662 4712 est.
3685 4659 3824 4714 Nam

2179 4745 2337 4817 quod
2364 4747 2772 4816 semetipsum,
2803 4744 3106 4802 exinanita
3125 4746 3454 4816 majestatis
3485 4763 3608 4802 suae
3628 4754 3824 4818 poten-

2180 4835 2280 4902 tia,
2315 4833 2473 4889 idem
2506 4851 2567 4890 se
2601 4835 2783 4890 Filius
2815 4833 3066 4899 miserit,
3099 4834 3420 4905 Apostolus
3437 4842 3819 4903 contestatur,

2179 4929 2238 4980 et
2266 4923 2442 4979 dicit:
2476 4945 2506 4972 ‹‹
2541 4924 2936 4995 Semetipsum
2971 4923 3314 4993 exinanivit,
3369 4925 3624 4980 formam
3677 4929 3820 4982 servi

2181 5023 2564 5094 accipiens,et
2577 5021 2913 5076 humiliavit
2927 5021 3310 5092 semetipsum
3322 5021 3531 5088 ,factus
3545 5023 3824 5080 obediens

2179 5128 2368 5182 usque
2401 5113 2474 5168 ad
2507 5116 2783 5179 mortem,
2818 5114 3070 5165 mortem
3116 5115 3315 5166 autem
3375 5111 3569 5166 crucis
3601 5112 3665 5166 ³³.
3701 5135 3729 5162 ιι
3758 5115 3825 5168 Et

2181 5201 2364 5256 Isaias
2397 5218 2410 5255 :
2443 5224 2470 5252 «
2508 5202 2632 5254 Non
2680 5200 2928 5271 legatus,
2977 5214 3170 5269 neque
3221 5199 3490 5272 angelus,
3525 5201 3632 5256 sed
3681 5202 3824 5257 Deus

2180 5289 2306 5359 ipse
2339 5290 2551 5354 veniet,
2585 5294 2645 5344 et
2674 5288 2919 5343 salvabit
2947 5305 3056 5342 nos
3085 5287 3151 5341 ".
3187 5309 3216 5336 η
3246 5289 3393 5342 Item
3448 5288 3632 5344 alibi:
3667 5313 3698 5340 ει
3723 5293 3826 5346 Pa-

485 5411 531 5446 “
561 5413 618 5466 in
653 5427 763 5466 ms.
785 5411 996 5482 iDeﬁde
1024 5417 1074 5464 et
1100 5411 1387 5479 religionis
1437 5414 1635 5468 causis.
1686 5412 1864 5468 Hard.
1918 5412 1964 5447 ²⁰
2013 5413 2072 5466 in
2123 5427 2231 5466 ms.
2282 5414 2559 5482 Viginus;
2620 5417 2678 5467 et
2729 5411 2886 5482 apud
2935 5411 3280 5466 Gratianum
3340 5413 3580 5481 Iginus;
3643 5414 3816 5471 alibi:

413 5482 673 5551 Higinius
693 5498 712 5535 :
742 5481 960 5551 ubique
1000 5486 1178 5536 recte.
1213 5483 1557 5539 timeamus.

1663 5483 1707 5520 ³⁸
1742 5487 1908 5540 Rom.
1942 5501 2064 5548 vm,
2097 5484 2150 5552 3,
2183 5485 2216 5537 4

2342 5484 2388 5518 ἐ
2415 5484 2672 5556 Ithacius
2703 5489 2896 5538 contra
2957 5483 3331 5538 Warimadum
3380 5499 3508 5556 cap.
3573 5487 3628 5543 3.
3674 5487 3815 5542 unde

411 5553 572 5607 fraus
605 5551 809 5622 patefit
837 5552 1197 5608 Mercatoris.
1275 5555 1320 5588 ’³
1347 5555 1605 5626 Philipp.
1642 5573 1705 5622 Il,
1739 5559 1790 5625 7,
1825 5557 1878 5610 8.
1954 5557 2000 5590 ²⁴
2029 5551 2143 5610 Isa.
2176 5571 2275 5608 xx:

2200 5569 2378 5624 :xxm,
2412 5554 2484 5610 22
2515 5561 2572 5610 et
2613 5570 2779 5624 xxxv,
2811 5556 2862 5607 4.

489 5667 599 5734 (25)
630 5667 910 5735 Suspecta
941 5682 1074 5721 cum
1117 5668 1391 5736 sequenti
1423 5668 1640 5726 dicitur
1673 5671 1782 5738 VV,
1816 5670 2089 5726 eruditis.
