3956 6308
95 432 274 492 1089

104 677 141 705 ‹‹
178 653 483 724 Dereliqui
541 653 788 709 domum
845 669 1062 721 meam,
1110 653 1310 709 dimisi
1363 653 1772 709 hmreditatem

102 760 337 801 meam.
370 743 537 813 Veni,
559 749 617 798 et
644 743 835 798 factus
857 760 985 799 sum
1020 742 1135 798 illis
1162 743 1224 798 in
1255 743 1638 814 opprobrium
1669 741 1768 796 ⁸⁸.»

102 837 190 890 Et
217 835 280 889 in
306 832 547 890 Michaea
572 848 629 886 τα
680 834 826 887 Ecce
859 833 1146 888 Dominus
1176 832 1390 900 veniet,
1425 838 1483 887 et
1508 848 1776 888 commo-

108 923 421 978 vebuntur
474 921 581 976 sub
614 938 683 977 eo
716 926 950 977 montes
1010 920 1076 975 ⁸⁷.
1128 944 1156 971 ››
1216 924 1287 975 Et
1331 920 1392 975 in
1451 922 1773 976 Zacharia:

113 1034 146 1065 κ
186 1010 388 1069 Gaude
422 1016 478 1066 et
503 1010 887 1079 exsulta,filia
917 1010 1081 1077 Sion,
1114 1011 1255 1080 quia
1283 1027 1418 1066 ecce
1450 1027 1555 1082 ego
1579 1010 1773 1077 venio,

114 1108 185 1158 et
212 1100 629 1158 commorabor
668 1100 728 1155 in
774 1101 970 1157 medio
1020 1101 1125 1170 tui,
1159 1101 1302 1156 dicit
1328 1103 1614 1158 Dominus
1645 1100 1710 1154 23.
1746 1123 1774 1150 »

111 1194 194 1247 Et
250 1190 564 1264 Apostolus
595 1189 670 1246 ad
727 1190 1138 1247 Timotheum:
1174 1213 1201 1241 «
1228 1193 1529 1247 Humanus
1560 1207 1777 1260 sermo,

118 1288 186 1337 et
209 1281 374 1335 omni
406 1280 750 1350 acceptione
781 1280 1015 1351 dignus,
1049 1281 1330 1351 quoniam
1387 1281 1553 1336 Jesus
1601 1280 1776 1334 Chri-

115 1378 253 1426 stus
284 1370 443 1425 venit
476 1370 536 1423 in
568 1369 726 1424 hunc
758 1370 1047 1424 mundum
1079 1375 1420 1440 peccatores
1468 1370 1658 1425 salvos
1689 1370 1777 1424 fa-

112 1476 260 1515 cere
309 1460 374 1513 ”.
409 1481 437 1508 ››
483 1460 553 1513 Et
607 1458 919 1513 Malachias
953 1475 1019 1512 ια
1053 1460 1199 1513 Ecce
1247 1459 1441 1514 subito
1497 1460 1693 1514 veniet
1720 1459 1779 1512 in

117 1548 353 1620 templo
379 1564 485 1603 suo
512 1548 814 1611 Dominus,
851 1563 1030 1617 quem
1062 1565 1162 1602 vos
1193 1548 1479 1618 quaeritis,
1513 1553 1567 1602 et
1598 1551 1782 1619 Ange-

118 1638 223 1695 lus
255 1636 620 1705 testamenti,
655 1653 832 1708 quem
859 1653 957 1690 vos
980 1634 1151 1690 vultis
1171 1636 1234 1691 ³ο.
1269 1658 1298 1686 ››
1329 1637 1396 1691 In
1426 1636 1740 1708 Evangelio
1767 1651 1778 1689 :

128 1750 160 1775 «
194 1728 325 1782 Non
355 1726 486 1781 veni
516 1740 724 1781 vocare
776 1725 1105 1795 justos,sed
1137 1731 1478 1796 peccatores
1510 1726 1572 1779 in
1595 1724 1785 1796 ι)ωηὶ-

125 1815 383 1871 tentiam
411 1814 457 1851 31
511 1836 539 1865 »
572 1816 716 1870 Item
750 1814 893 1870 alibi
928 1830 941 1867 :
967 1835 995 1864 ‹‹
1028 1813 1179 1879 Quid
1208 1813 1380 1869 nobis
1402 1819 1460 1868 et
1489 1813 1632 1884 quid
1659 1813 1783 1877 tibi,

127 1904 276 1959 Jesu
296 1903 407 1958 Fili
438 1903 585 1958 Dei?
621 1902 842 1958 Venisti
874 1907 1010 1957 ante
1042 1908 1275 1972 tempus
1297 1901 1545 1972 perdere
1568 1918 1678 1956 nos
1694 1901 1741 1936 ³2
1759 1902 1787 1955 ‘l

126 1992 307 2047 Venit
328 1991 507 2047 Filius
537 1990 798 2046 hominis
823 1990 1052 2045 salvare
1086 1997 1144 2046 et
1174 2006 1440 2061 quaerere
1472 1991 1632 2060 quod
1657 2008 1782 2062 per-

119 2083 284 2137 ierat
312 2082 376 2136 ”.
412 2082 611 2135 »ltem
641 2079 783 2134 alibi
818 2095 832 2134 :
866 2102 893 2129 «
955 2081 1071 2151 Ego
1129 2080 1259 2135 veni
1317 2085 1385 2135 ut
1441 2080 1620 2134 vitam
1678 2080 1783 2135 ha-

119 2172 334 2239 beant,
361 2174 421 2225 et
467 2168 871 2225 abundantius
927 2168 1185 2225 habeant
1212 2166 1281 2222 3‘.
1309 2190 1337 2219 »
1396 2172 1541 2224 Item
1591 2169 1730 2224 alibi
1767 2185 1781 2224 :

117 2283 153 2309 ‹‹
184 2262 367 2315 Nemo
395 2258 665 2314 ascendit
720 2258 782 2312 in
813 2258 1050 2324 cwlum,
1082 2257 1197 2313 nisi
1255 2258 1356 2328 qui
1398 2257 1470 2312 de
1509 2257 1651 2313 coelo
1684 2258 1782 2313 de-

130 2347 392 2418 scendit,
423 2346 601 2401 Filius
632 2345 890 2400 hominis
922 2346 1024 2416 qui
1055 2352 1146 2401 est
1188 2346 1252 2400 in
1284 2344 1430 2401 caelo
1451 2346 1515 2402 ³⁸.
1551 2366 1577 2397 ι
1623 2348 1785 2402 Nun—

120 2435 276 2506 quid
302 2434 365 2489 in
395 2435 488 2490 his
518 2435 700 2490 tantis
730 2450 798 2490 ac
829 2434 1043 2489 talibus
1074 2434 1454 2503 testimoniis,
1487 2436 1702 2505 quibus
1725 2453 1786 2490 se

122 2525 313 2581 Filius
339 2525 441 2580 Dei
473 2542 507 2580 a
539 2525 859 2596 semetipso
890 2525 1121 2580 venisse
1152 2530 1403 2580 testatus
1430 2532 1537 2593 est,
1569 2527 1789 2597 poterit

121 2614 265 2685 quis
296 2613 513 2682 dicere,
548 2614 621 2669 ab
642 2613 783 2680 alio,
815 2619 875 2669 et
907 2630 1030 2669 non
1061 2630 1097 2669 a
1125 2615 1468 2685 semetipso,
1503 2615 1732 2669 venisse
1762 2615 1790 2669 ’ἶ

117 2702 276 2758 dum
310 2701 697 2758 manifestum
728 2707 839 2771 est,
882 2702 1041 2774 quod
1101 2703 1202 2773 qui
1252 2720 1495 2759 carnem
1526 2709 1790 2759 nostram

133 2792 453 2864 dignanter
508 2791 852 2862 assumpsit,
900 2791 1253 2862 voluntarie,
1296 2798 1355 2847 et
1413 2809 1532 2846 non
1572 2793 1644 2848 ab
1676 2793 1790 2848 alio

138 2880 385 2949 missus,
418 2881 663 2935 venerit.
685 2882 828 2935 Nam
862 2880 964 2950 qui
988 2880 1049 2934 in
1072 2882 1244 2935 Patre
1272 2897 1544 2948 manens,
1572 2881 1794 2952 ubique

139 2969 414 3041 potentia
442 2984 549 3023 sua
578 2968 874 3037 consistit,
905 2967 1006 3023 ubi
1036 2985 1152 3038 quo
1182 2983 1218 3022 a
1238 2970 1411 3024 Patre
1438 2969 1793 3034 mitteretur,

140 3056 491 3113 omnimodo
522 3074 643 3113 non
694 3057 922 3124 habuit,
956 3056 1237 3128 quoniam
1270 3058 1439 3113 nulla
1468 3075 1604 3130 pars
1622 3058 1793 3114 cmlo-

136 3164 275 3203 rum
307 3163 375 3202 ac
400 3152 573 3202 terra;
600 3164 635 3202 a
665 3153 984 3218 conspectu
1013 3147 1202 3201 Patris
1234 3147 1545 3218 excipitur,
1579 3148 1678 3202 ubi
1703 3165 1796 3203 se-

137 3236 403 3291 cundum
433 3253 536 3291 vos
566 3253 601 3291 a
628 3238 800 3292 Patre
839 3235 1020 3291 Filius
1044 3235 1381 3292 mitteretur
1400 3236 1427 3290 ?
1446 3239 1515 3291 Et
1544 3237 1791 3293 Paulus:

139 3349 166 3375 α
205 3325 612 3394 Renovamini,
646 3324 865 3395 inquit,
899 3325 1110 3395 spiritu
1141 3324 1357 3379 mentis
1382 3330 1675 3391 vestrae,et
1706 3327 1793 3380 in-
1827 3301 1869 3365 Ο

138 3414 309 3469 duite
341 3430 557 3468 novum
582 3413 1027 3484 bominem,qui
1063 3412 1391 3468 secundum
1422 3415 1607 3468 Deum
1637 3431 1801 3470 crea-

137 3510 235 3559 tus
266 3508 358 3558 est
387 3503 447 3557 in
471 3502 705 3574 justitia
734 3508 793 3557 et
823 3502 1132 3557 sanctitate
1178 3502 1439 3558 veritatis
1469 3503 1532 3558 ³⁶.
1568 3525 1595 3552 ››
1630 3506 1698 3557 Ει
1726 3503 1800 3559 ad

138 3593 420 3648 llebraaos
445 3609 458 3647 :
487 3614 516 3644 «
548 3594 612 3647 In
639 3610 709 3648 eo
742 3592 924 3659 enim,
982 3593 1041 3646 in
1082 3609 1197 3663 quo
1228 3609 1437 3664 passus
1468 3599 1557 3647 est
1587 3594 1711 3664 ipse
1745 3600 1802 3649 et

134 3689 406 3739 tentatus
428 3687 538 3750 est,
556 3688 768 3754 potens
800 3689 891 3737 est
914 3688 973 3737 et
1003 3683 1107 3748 eis,
1145 3682 1243 3752 qui
1277 3687 1600 3750 tentantur,
1635 3683 1797 3738 auxi-

135 3773 279 3829 liari
311 3773 380 3827 ³⁷.
423 3792 449 3822 ι
490 3772 676 3837 Unde,
707 3772 921 3827 fratres
970 3771 1179 3837 sancti,
1213 3772 1536 3827 vocationis
1567 3788 1804 3844 semper

141 3861 405 3919 caelestis
434 3860 1515 3933 participes,considerateApostolum
1539 3862 1802 3916 etPonti-

141 3954 320 4007 ﬁcem
346 3950 740 4007 confessionis
762 3951 1229 4018 nostrseJesum,
1245 3949 1482 4005 fidelem
1499 3951 1798 4005 exsisten-

145 4047 271 4095 tem
303 4039 355 4094 ei
388 4040 489 4110 qui
519 4038 744 4094 vocavit
769 4054 924 4093 eum.
952 4040 1022 4092 Et
1048 4038 1124 4093 ad
1154 4038 1532 4093 Colossenses
1556 4055 1568 4092 :
1591 4040 1802 4094 «Nunc

145 4134 353 4185 autem
386 4127 664 4200 deponite
690 4132 749 4182 et
776 4145 877 4182 vos
907 4128 1200 4195 universa,
1235 4128 1406 4192 iram,
1439 4127 1799 4200 indignatio-

147 4235 315 4283 nem,
356 4216 664 4285 malitiam,
688 4216 1140 4288 blasphemiam,
1174 4217 1485 4288 turpiaque
1534 4217 1710 4272 verba
1734 4234 1805 4272 ex

145 4322 252 4363 ore
273 4311 469 4361 vestro
509 4322 634 4361 non
662 4304 1005 4377 procedant.
1040 4305 1229 4360 Nolite
1260 4306 1500 4360 mentiri
1527 4306 1802 4375 invicem,

140 4393 549 4467 exspoliantes
580 4411 678 4449 vos
726 4400 985 4449 veterem
1046 4394 1348 4449 hominem
1385 4410 1518 4449 cum
1577 4394 1805 4450 actibus

143 4484 295 4554 suis,
329 4489 387 4538 et
417 4482 644 4538 induite
672 4499 912 4550 novum,
939 4482 1041 4553 qui
1096 4488 1412 4538 renovatur
1458 4483 1518 4537 in
1551 4483 1803 4556 agnitio-

136 4589 284 4629 nem
312 4572 640 4628 secundum
663 4572 987 4644 imaginem
1020 4571 1151 4643 ejus
1182 4572 1284 4642 qui
1304 4572 1520 4626 creavit
1541 4589 1671 4626 eum
1700 4571 1804 4626 ³⁸.»

1612 430 2032 492 EPISTOLIE.

98 566 235 622 1am
268 562 519 636 apparui
535 578 657 620 non
682 563 1087 634 quarentibus
1119 580 1213 619 me
1244 563 1312 620 εὖ.
1336 566 1657 620 »Εωθι-θω

754 563 1087 621 ιωνθηιὶὶηιε
1119 580 1213 619 me
1244 563 1312 620 εὖ.
1336 565 1771 620 »Εωθι-θωίειεε
1803 568 1859 634 Α
1888 565 2201 637 Evangelia
2233 566 2316 622 ait

3378 436 3539 497 1090

2368 583 2383 622 :
2434 588 2463 617 «
2496 569 2611 639 Ego
2642 571 2703 623 et
2745 569 2922 624 Pater
2956 584 3145 624 unum
3175 584 3381 624 sumus
3411 572 3475 626 ³ο.
3501 593 3528 621 ››

1881 654 2222 710 Etiterum:
2267 678 2293 705 «
2326 656 2433 720 Qui
2462 673 2557 712 me
2588 656 2765 725 videt,
2825 656 2985 712 videt
3013 664 3072 713 et
3114 660 3351 714 Patrem
3397 658 3466 715 ⁴⁰.
3506 681 3535 709 ››

1879 745 1949 799 Et
2005 745 2278 801 iterum:
2335 768 2363 795 «
2420 746 2529 810 Qui
2581 746 2707 801 odit
2757 763 2874 815 me,
2930 753 2988 802 et
3039 749 3274 803 Patrem
3334 765 3528 805 meum

1880 833 2007 887 odit
2025 832 2087 887 ⁴¹.
2124 855 2153 883 ››
2187 836 2257 889 Et
2295 835 2550 890 iterum:
2585 857 2611 885 ‹‹
2657 836 2727 890 Ut
2757 851 2966 891 omnes
3016 826 3412 893 honoriﬁcent
3448 838 3535 893 Fi-

1881 922 2051 990 lium,
2085 923 2240 979 sicut
2300 922 2686 978 honoriﬁcant
2717 929 2951 979 Patrem
2982 926 3049 980 "-2
3085 948 3113 975 υ
3148 928 3217 980 Et
3264 927 3480 982 iterum
3517 944 3530 982 :

1883 1034 1911 1061 ‹‹
1947 1013 2016 1066 Ut
2045 1012 2164 1066 sint
2206 1011 2267 1066 in
2297 1012 2469 1067 nobis
2506 1029 2713 1080 unum,
2768 1013 2921 1068 sicut
2969 1019 3028 1068 et
3057 1032 3166 1070 nos
3195 1032 3381 1070 unum
3421 1034 3527 1071 su-

1885 1114 2063 1163 mus;
2097 1097 2253 1153 tuin
2296 1114 2414 1166 me,
2447 1104 2505 1153 et
2553 1114 2655 1169 ego
2700 1099 2762 1154 in
2817 1099 2901 1154 eis
2948 1098 3014 1153 ‘3.
3069 1122 3096 1149 ››
3148 1103 3217 1155 Et
3252 1102 3469 1156 iterum
3518 1117 3531 1155 :

1885 1208 1913 1236 «
1945 1186 2157 1242 Omnia
2204 1202 2340 1242 mea
2369 1194 2470 1242 tua
2517 1192 2654 1242 sunt
2683 1187 2749 1241 “.
2784 1210 2813 1238 ››
2845 1190 2914 1242 Et
2943 1189 3160 1244 iterum
3196 1207 3209 1244 :
3265 1213 3293 1242 ‹‹
3326 1193 3442 1262 Ego
3471 1192 3534 1245 in

1885 1277 2079 1343 Patre,
2113 1281 2172 1330 et
2200 1278 2375 1331 Pater
2424 1277 2485 1331 in
2517 1293 2611 1331 me
2644 1276 2707 1328 ⁴⁵.
2743 1298 2771 1327 ››
2803 1278 2873 1331 Et
2901 1277 3118 1333 iterum
3154 1296 3166 1332 :
3214 1302 3241 1329 «
3267 1281 3442 1335 Pater
3471 1281 3533 1334 in

1885 1381 1981 1419 me
2005 1381 2274 1431 manens,
2306 1365 2447 1420 facit
2467 1382 2650 1436 opera
2670 1366 2795 1421 haec
2823 1367 2887 1420 ⁴⁸.
2922 1388 2952 1417 ››
2984 1369 3052 1422 Et
3079 1368 3335 1424 Joannes
3359 1386 3538 1423 evan-

1887 1453 2094 1525 gelista
2114 1455 2232 1508 ait:
2263 1474 2285 1504 ι
2311 1455 2374 1508 In
2406 1453 2701 1525 principio
2736 1460 2863 1510 erat
2888 1455 3162 1525 Verbum,
3195 1462 3254 1511 et
3285 1456 3537 1511 Verbum

1888 1547 2017 1597 erat
2043 1542 2202 1613 apud
2232 1543 2437 1606 Deum,
2463 1548 2521 1597 et
2548 1543 2702 1597 Deus
2736 1548 2862 1599 erat
2896 1544 3147 1599 Verbum
3179 1546 3244 1599 ‘7.
3279 1566 3307 1594 »
3335 1546 3397 1600 Et
3430 1545 3539 1599 ite-

1892 1649 2022 1687 rum
2072 1633 2198 1704 ipse
2230 1632 2304 1687 ad
2334 1632 2584 1687 Parthos
2619 1650 2631 1687 :
2666 1630 2715 1666 ‘3
2758 1655 2785 1680 «ι
2829 1634 2970 1689 Tres
2995 1639 3152 1702 sunt,
3186 1634 3401 1705 inquit,
3437 1635 3538 1706 qui

1892 1722 2292 1777 testimonium
2327 1721 2641 1793 perhibent
2671 1722 2732 1776 in
2767 1728 2923 1777 terra
2957 1739 2969 1776 :
3003 1739 3176 1794 aqua,
3212 1724 3451 1796 sanguis
3482 1729 3542 1780 et

1893 1827 2029 1867 caro
2063 1827 2076 1866 :
2139 1817 2196 1866 et
2224 1816 2341 1866 tres
2372 1812 2435 1865 in
2481 1811 2653 1866 nobis
2704 1817 2846 1867 sunt
2885 1811 2985 1883 qui
3038 1810 3088 1845 ⁴⁹
3130 1813 3540 1869 testimonium

1893 1900 2285 1971 perhibentin
2317 1900 2464 1955 cmlo
2484 1918 2497 1955 :
2518 1903 2710 1966 Pater,
2740 1900 2988 1956 Verbum
3009 1907 3068 1955 et
3093 1901 3345 1971 Spiritus
3370 1919 3383 1956 :
3409 1904 3543 1958 ethi

1894 1995 2014 2045 tres
2054 2006 2237 2044 unum
2271 1996 2413 2045 sunt
2442 1989 2511 2043 ⁵ο.
2555 2012 2583 2040 ››
2626 1992 2738 2044 Nos
2780 1989 2979 2060 itaque
3011 1991 3068 2045 in
3101 1996 3314 2046 natura
3346 1991 3546 2046 divini-

1894 2080 2049 2148 tatis,
2083 2080 2223 2150 quia
2279 2096 2466 2134 unum
2511 2083 2649 2134 sunt
2676 2080 2851 2134 Pater
2889 2084 2947 2133 et
2975 2079 3157 2135 Filius
3206 2087 3264 2135 et
3294 2081 3544 2152 Spiritus

1894 2173 2155 2238 sanctus,
2174 2185 2283 2224 nec
2315 2171 2548 2224 Patrem
2576 2168 2772 2239 aliquo
2796 2174 3061 2239 tempore
3080 2169 3375 2225 credimus
3393 2188 3548 2242 pra;-

1896 2259 2165 2327 cessisse,
2197 2263 2264 2312 ut
2291 2259 2484 2330 major
2513 2258 2591 2312 sit
2609 2257 2752 2312 Filio
2778 2277 2791 2325 ;
2827 2273 2938 2312 nec
2966 2258 3180 2313 Filium
3211 2264 3417 2331 postea
3446 2277 3547 2317 na-

1897 2351 2022 2401 tum
2054 2363 2203 2418 esse,
2239 2352 2304 2402 ut
2333 2346 2639 2402 divinitate
2661 2348 2851 2401 Patris
2879 2347 3229 2403 minoretur.

2704 2457 2753 2508 ll

2363 2546 2435 2599 De
2472 2547 2650 2600 causis
2689 2546 3087 2614 episcoporum.

1971 2652 2011 2687 "
2065 2653 2376 2713 Craterum.
2410 2651 2643 2719 fratres,
2678 2651 2835 2706 salvo
2864 2651 2923 2705 in
2956 2653 3238 2707 omnibus
3270 2656 3548 2710 Romana:

1902 2741 2176 2796 Ecclesiae
2204 2741 2530 2813 privilegio,
2567 2740 2771 2796 nullus
2801 2740 3293 2812 metropolitanus
3324 2743 3550 2815 absque

1902 2836 2255 2887 caeterorum
2293 2832 2565 2887 omnium
2611 2830 3194 2902 comprovincialium
3235 2833 3542 2905 episcopo-

1901 2936 2034 2975 rum
2083 2920 2387 2989 instantia,
2441 2919 2778 2990 aliquorum
2809 2918 3011 2974 audiat
3057 2934 3266 2974 causas
3317 2937 3548 2987 eorum,

1905 3010 2046 3079 quia
2076 3009 2258 3063 irrita:
2291 3013 2482 3075 erunt,
2537 3008 2710 3063 aliter
2739 3014 2883 3062 actm
2918 3023 3096 3079 quam
3130 3007 3191 3060 in
3223 3016 3547 3080 conspectu

1905 3113 2110 3153 eorum
2133 3097 2399 3152 omnium
2431 3095 2727 3151 ventilata
2752 3113 2765 3163 ;
2787 3097 3009 3167 etipse,
3041 3096 3090 3150 si
3121 3094 3348 3165 fecerit,
3380 3114 3547 3153 coer-

1906 3194 2109 3244 ceatur
2139 3205 2173 3243 a
2213 3186 2511 3243 fratribus.

2678 3276 2772 3329 IlI.

2262 3369 2338 3421 De
2389 3366 2871 3420 criminationibus
2899 3366 3194 3435 majorum.

1974 3472 2023 3507 5’
2069 3472 2525 3527 Criminationes
2582 3471 2874 3542 majorum
2926 3476 3069 3526 natu
3115 3488 3222 3543 per
3253 3471 3400 3527 alios
3432 3489 3552 3527 non

1907 3564 2072 3632 fiant,
2097 3563 2208 3617 nisi
2240 3579 2345 3633 per
2368 3550 2528 3633 ipsos
2556 3562 2655 3632 qui
2679 3561 2926 3617 crimina
2951 3561 3285 3627 intendunt,
3320 3561 3364 3603 63
3395 3562 3444 3616 si
3465 3567 3553 3617 ta-

1906 3669 2043 3708 men
2076 3651 2188 3724 ipsi
2219 3651 2380 3723 digni
2413 3656 2469 3705 et
2493 3650 3045 3721 irreprehensibiles
3075 3650 3479 3721 apparuerint,
3500 3655 3560 3705 et

1906 3742 2052 3798 actis
2082 3739 2331 3812 publicis
2362 3739 2675 3794 docuerint
2703 3740 2865 3793 omni
2891 3756 2951 3794 se
2985 3740 3320 3811 su5picione
3357 3755 3557 3795 carere

1906 3836 1965 3886 et
1995 3829 2328 3893 inimicitia,
2361 3835 2538 3898 atque
2597 3828 3189 3900 irreprehensibilem
3229 3829 3411 3884 fidem
3444 3831 3554 3885 ha-

1906 3919 2067 3987 bere,
2099 3936 2165 3973 ac
2206 3918 2720 3984 conversaiionem
2751 3919 2989 3974 ducere.

2684 4024 2776 4076 IV.

2365 4113 2438 4167 De
2476 4113 2790 4182 peregrinis
2825 4111 3084 4182 judiciis.

1979 4220 2023 4255 ⁶⁴
2045 4220 2162 4275 Nec
2184 4234 2303 4273 non
2335 4222 2393 4273 et
2419 4217 2735 4289 peregrina
2764 4217 2999 4289 negotia
3023 4220 3080 4270 et
3101 4216 3331 4287 judicia
3364 4215 3557 4286 prohi-

1908 4309 2138 4370 bemus,
2172 4308 2313 4378 quia
2342 4306 2647 4379 indtgnum
2679 4312 2788 4371 est,
2812 4311 2879 4360 ut
2898 4305 2970 4361 ab
2999 4305 3260 4360 externis
3284 4304 3557 4373 judicen-

1910 4404 2025 4465 tur,
2046 4397 2145 4468 qui
2166 4395 2555 4469 provinciales
2580 4395 2624 4430 ⁸⁸
2646 4401 2705 4450 et
2726 4411 2759 4451 a
2788 4412 2849 4449 se
2863 4394 3084 4449 electos
3102 4394 3317 4449 debent
3342 4393 3558 4448 habere

1902 4488 2157 4561 judices.
2189 4486 2233 4521 "
2261 4487 2378 4541 Nos
2409 4484 2672 4556 quidem,
2731 4501 2804 4540 ex
2834 4483 2997 4538 omni
3029 4488 3195 4554 parte
3235 4483 3553 4553 carpendo,

1910 4576 2254 4632 occasiones
2282 4574 2706 4630 abscindimus.
2749 4575 2884 4635 Nos,
2930 4589 3203 4644 superna)
3261 4588 3556 4626 memores

139 4661 423 4733 Nunquid
443 4662 494 4716 is
536 4661 637 4732 qui
668 4661 1005 4717 universam
1058 4665 1411 4728 creaturam,
1444 4660 1696 4715 visibilia
1739 4668 1797 4717 et
1828 4671 1874 4735 ι)
1904 4665 2256 4736 disciplinae,
2276 4661 3087 4735 quibuscunquecadentibus
3102 4661 3555 4729 dexterampor—

136 4752 727 4824 invisibiliapmpriaa
758 4752 1066 4823 potestatis
1098 4752 1309 4806 virtute
1351 4753 1679 4823 procreavit
1725 4770 1792 4809 ac

134 4840 304 4907 fecit,
337 4840 599 4912 seipsum
639 4843 814 4894 antea
844 4845 947 4893 aut
975 4839 1373 4910 postmodum,
1407 4839 1564 4910 quod
1595 4840 1792 4896 dicere

139 4929 313 4985 nefas
339 4933 447 4997 est,
481 4928 813 4996 creavit,vel
843 4927 1035 4983 facere
1067 4928 1259 4999 potuit
1285 4927 1312 4982 ?
1335 4929 1402 4982 Et
1429 4927 1793 4985 Dominusin

1903 4752 2172 4824 rigimus,
2207 4757 2266 4807 et
2283 4769 2317 4807 a
2342 4752 2529 4807 ruinas
2552 4750 2901 4822 prampitio,
2931 4765 3080 4819 quos
3102 4763 3441 4819 possumus,
3466 4764 3558 4801 re-

1901 4842 2183 4910 levamus,
2226 4847 2282 4897 et
2310 4840 2671 4897 defensionis
2708 4838 3137 4895 adminiculum
3170 4837 3305 4890 totis
3333 4835 3558 4890 viribus

1902 4930 2168 5003 praebere
2200 4928 2555 5003 cupimus.“
2585 4930 2752 4985 Certe
2778 4929 2826 4984 si
2848 4927 2936 4983 vel
2959 4943 3121 4983 mens
3153 4925 3228 4981 sit
3249 4924 3391 4979 recti
3417 4941 3557 4979 con-

228 5078 415 5134 3513a.
443 5095 567 5145 va,
605 5081 654 5132 1.
695 5076 741 5112 2°
769 5079 881 5134 Jer.
918 5094 1015 5143 xu,
1049 5082 1101 5133 7.
1135 5076 1179 5111 ³⁷
1205 5078 1374 5150 Mich.
1408 5094 1448 5147 1,
1481 5081 1534 5147 3,
1566 5082 1619 5134 4.
1676 5080 1721 5116 ³⁸
1748 5082 1785 5135 Ζ

1992 5099 2040 5150 ιι,
2076 5086 2159 5136 10.
2186 5080 2233 5116 ²⁹
2264 5084 2283 5137 l
2309 5082 2455 5137 Tim.
2488 5098 2529 5143 ι,
2565 5085 2649 5136 15.
2683 5082 2729 5117 ⁸ο
2784 5078 3027 5135 Malach.
3051 5095 3135 5150 In,
3167 5082 3216 5150 1.
3256 5076 3299 5150 ῗί
3336 5076 3468 5132 Luc.
3503 5092 3554 5150 γ,

148 5152 243 5224 βᾼ2.
278 5150 325 5224 3f
344 5150 545 5205 Matth.
579 5150 873 5224 vm,_29.'f
909 5150 1041 5205 Luc.
1074 5165 1191 5224 nx,
1219 5152 1305 5224 t(_)_.
1337 5149 1385 5224 {*4
1412 5151 1578 5207 Joan.
1608 5168 1663 5220 x,

1993 5148 2126 5209 ovan.
2155 5170 2235 5221 ιιι,
2266 5154 2350 5207 13.
2419 5154 2464 5188 ³⁸
2489 5154 2702 5224 Ephes.
2736 5169 2810 5224 Iv,
2852 5153 2942 5218 23,
2975 5152 3061 5203 24.
3096 5148 3139 5183 ³⁷
3170 5148 3344 5224 Ilebr.
3372 5148 3552 5224 1_t_,_1_8.

142 5220 199 5256 ³⁸
227 5220 445 5294 Coloss.
480 5238 561 5288 ιιι,
593 5222 749 5275 8-10.
771 5220 818 5255 ³³
844 5221 1013 5294 Joan.
1038 5238 1097 5294 χ,
1132 5222 1219 5275 30.
1254 5220 1307 5294 ἐξ
1329 5222 1495 5294 Joan.
1520 5217 1699 5287 xiv,'9

1993 5268 1997 5279 .
2030 5241 2126 5294 xv,
2151 5217 2238 5278 23.
2268 5224 2315 5258 ὀε
2342 5225 2507 5279 Joan.
2535 5217 2587 5288 ἓν,
2616 5227 2703 5280 23.
2737 5223 2784 5257 ⁴³
2809 5224 2975 5294 Ιοίιην.
3008 5237 3142 5288 xvu,
3166 5221 3254 5294 2}.
3288 5219 3335 5294 j“
3380 5217 3555 5294 Ibid.,

144 5295 235 5347 10.
295 5294 342 5335 ⁴ι
367 5293 535 5347 Joan.
566 5308 680 5357 xiv,
715 5295 800 5345 11.
859 5290 906 5326 ⁵⁸
934 5292 1104 5356 tbid.,
1134 5294 1217 5345 10.
1267 5292 1308 5326 ⁴⁷
1339 5293 1506 5348 Joan.
1545 5312 1582 5357 1,
1615 5298 1668 5349 1.

1989 5338 1999 5349 .
2026 5289 2171 5351 Just.
2204 5295 2372 5349 deest
2399 5297 2751 5350 Parthorum
2784 5293 3004 5348 mentio
3038 5299 3096 5346 et
3116 5289 3496 5345 substituitur
3539 5304 3550 5341 :

140 5379 244 5419 nec
272 5378 385 5418 non
412 5364 728 5436 Apostolus.
762 5363 808 5398 ‘9
836 5368 1181 5436 ms:_noster
1215 5381 1227 5416 :
1261 5365 1324 5418 Et
1382 5371 1486 5418 tres
1534 5368 1591 5419 in
1622 5367 1775 5421 nobis
1830 5375 1979 5432 sunt,
2040 5370 2155 5436 qui,
2190 5375 2326 5430 etc.,
2358 5372 2422 5419 ut
2461 5367 2637 5421 habet
2668 5367 2896 5421 ldacius
2921 5365 3146 5436 Clarus,
3180 5378 3285 5415 seu
3318 5359 3557 5436 Vigilius

140 5432 600 5510 Tapsensis'lib:
632 5441 866 5510 mantva
905 5433 1293 5510 Warimadam,
1336 5451 1439 5489 seu
1472 5438 1819 5492 Mari‘vadum
1849 5456 1977 5510 cap.
2030 5432 2081 5493 εἰ.
2118 5438 2459 5510 HAnnUINus.
2493 5438 2538 5510 ἕο
2572 5438 2590 5491 l
2622 5438 2787 5510 Joan.
2809 5439 2960 5510 μβ,
2986 5438 3064 5510 ⁵7.
3095 5434 3135 5510 ξι
3165 5436 3216 5510 0,
3253 5437 3460 5501 quaest.
3486 5432 3554 5510 3-:

140 5504 312 5561 Salvo
340 5509 400 5560 in
430 5504 900 5575 omnibus,Hadr.
926 5507 1058 5561 coll.
1087 5509 1169 5559 14.
1199 5506 1249 5543 ⁵³
1279 5511 1329 5573 2,
1364 5514 1571 5575 quaest.
1607 5512 1637 5561 7
1673 5524 1685 5561 :
1710 5504 2005 5565 Criminat.
2035 5511 2104 5563 Et
2134 5510 2193 5562 in
2244 5509 2461 5562 decret.
2496 5509 2655 5562 Lucii
2712 5516 2770 5561 et
2796 5507 2951 5563 Julii.
2985 5506 3032 5539 ⁵³
3079 5505 3345 5575 Anianus
3367 5505 3555 5575 con_st.

144 5578 361 5650 15,4tit.
390 5578 443 5641 1,
605 5592 683 5631 Ix.
709 5574 767 5650 ξδ-
787 5577 838 5639 3,
863 5583 1082 5650 quaast.
1103 5579 1138 5631 6
1161 5593 1172 5630 :
1212 5573 1702 5650 Peregrinajudiri

1994 5598 2099 5633 scr.
2123 5579 2240 5650 Fel.
2268 5581 2289 5631 Ι
2314 5586 2371 5633 et
2398 5579 2556 5645 Julii,
2592 5585 2650 5633 et
2680 5578 2823 5632 Sixti
2854 5578 3018 5650 111.53
3049 5573 3556 5650 ςοτηρνρςξηοὶαισε.

139 5647 570 5775 ῗὸἑιθᾶὲειοοὲξ.
604 5650 692 5701 1Ἰ.
722 5646 768 5683 ⁵⁷
801 5644 926 5703 Non
957 5648 1127 5704 nulla
1159 5666 1227 5702 ex
1254 5644 1935 5722 Ennodii'praeceptione
1967 5652 2040 5707 de
2072 5649 2395 5705 cellulariis
2426 5650 2837 5721 episcoporum
2888 5644 3201 5718 descripta.
3236 5644 3375 5699 Vide
3427 5660 3559 5715 pag.

262 5762 276 5775 .
311 5736 341 5775 e
390 5737 407 5775 1
442 5763 454 5775 .
531 5734 666 5775 irm.

142 5723 276 5789 450,
311 5721 454 5777 edit.
493 5721 666 5776 Sirm.
