3956 6308
207 456 369 527 1093
1274 471 1452 531 PIUS
1494 468 1518 529 Ι
1562 458 1769 529 ΡΛΡΑ

2057 459 2579 525 tOLEGOMENA.
2854 484 2858 489 '
3465 468 3619 534 1094

204 617 389 672 quam
420 617 664 658 necesse
696 603 901 667 sit,aut
929 602 1175 674 majoris
1206 603 1629 676 magnitudinis
1661 617 1837 673 quam
1871 616 1938 654 ex
1962 596 2137 653 rebus
2172 598 2244 654 ad
2278 615 2375 654 eas
2407 597 2844 669 pertinentibus
2878 602 3201 657 restaurari
3235 605 3484 674 possint,
3509 608 3630 678 epi-

202 690 370 761 scopi
394 690 768 762 providentia
798 692 1008 747 modus
1038 691 1393 761 inveniatur,
1426 691 1680 764 qualiter
1710 689 2033 745 consistere
2062 689 2292 758 possint
2322 694 2426 742 aut
2457 689 2804 744 restaurari.

1596 825 1667 863 EX
1715 823 1905 861 EISDEM
1960 817 2232 861 DECRETIS.

834 930 969 993 Quae
1000 928 1221 983 ecclesia
1251 934 1330 983 est
1359 930 1559 982 iterum
1599 924 1992 993 consecranda,
2025 930 2078 977 et
2116 923 2321 977 salibus
2359 926 2581 977 tantum
2609 925 2993 980 ewomz'snnda.

274 1015 319 1050 “
355 1017 410 1072 Si
443 1022 672 1073 motum
702 1019 881 1074 fuerit
903 1021 1109 1087 altare,
1154 1019 1347 1073 denuo
1380 1023 1759 1074 consecretur
1782 1006 2052 1070 ecclesia.
2086 1012 2142 1067 Si
2174 1016 2405 1067 tantum
2437 1013 2689 1084 parietes
2748 1018 3078 1079 mutantur,
3134 1020 3190 1068 et
3248 1033 3368 1071 non
3421 1018 3624 1084 altare,

200 1105 429 1160 salibus
457 1111 686 1163 tantum
719 1109 1098 1163 exorcizetur.
1135 1108 1190 1162 Si
1223 1102 1542 1162 homicidio
1566 1106 1652 1161 vel
1683 1101 1972 1160 adulterio
2004 1098 2255 1157 ecclesia
2286 1100 2500 1157 violata
2529 1101 3188 1174 fuerit,diligentissime
3244 1114 3620 1177 expurgetur,

198 1196 258 1245 et
282 1191 482 1247 denuo
514 1198 915 1251 consecretur.

1753 1327 1817 1367 EX
1861 1320 2079 1366 BISDEI.

997 1428 1060 1481 In
1090 1442 1219 1481 usus
1250 1424 1515 1480 (uicorum
1544 1442 1653 1480 non
1687 1424 1811 1480 licet
1841 1429 2080 1482 converti
2113 1426 2265 1497 ligna
2294 1424 2530 1481 ecclesice
2560 1422 2831 1480 dedicata.

268 1524 321 1560 ⁸³
352 1526 530 1599 Ligna
589 1525 854 1581 ecclesias
912 1524 1203 1591 dedicata,
1257 1540 1376 1578 non
1421 1522 1641 1577 debent
1688 1522 1762 1578 ad
1813 1523 1972 1578 aliud
2016 1541 2163 1594 opus
2207 1524 2399 1595 jungi,
2447 1523 2563 1578 nisi
2612 1521 2685 1577 ad
2735 1522 2912 1579 aliam
2962 1522 3296 1591 ecclesiam,
3360 1524 3449 1579 vel
3496 1526 3615 1597 igni

194 1621 341 1669 sunt
388 1615 813 1683 comburenda,
849 1614 939 1669 vel
982 1613 1055 1668 ad
1088 1612 1419 1687 profectum
1466 1612 1526 1666 in
1582 1613 1940 1667 monasterio
1982 1614 2284 1670 fratribus.
2338 1618 2400 1669 In
2449 1614 2740 1669 laicorum
2790 1627 2925 1668 vero
2975 1628 3149 1669 usum
3213 1630 3333 1669 non
3401 1614 3621 1672 debent

195 1704 457 1760 admitti.

1731 1810 1799 1847 EX
1850 1809 2040 1849 EISDEI
2055 1834 2065 1847 .

727 1913 1045 1969 Necessitate
1071 1915 1312 1981 cogente,
1344 1912 1404 1966 in
1424 1908 1749 1966 catech-ismo
1780 1916 1833 1963 et
1864 1908 2277 1982 conﬁrmatione
2306 1906 2448 1963 idem
2470 1914 2748 1979 compater
2782 1922 2893 1963 esse
2910 1912 3106 1979 potest.

265 2029 316 2063 ⁸³
339 2030 405 2084 In
431 2028 835 2085 cathechismo
868 2033 928 2083 et
956 2027 1016 2081 in
1048 2026 1344 2098 baptismo
1379 2033 1437 2082 et
1466 2028 1526 2082 in
1557 2025 2009 2082 conﬁrmatione
2041 2040 2199 2079 unus
2228 2024 2498 2095 patrinus
2531 2023 2659 2078 ﬁeri
2691 2024 2903 2094 potest,
2958 2022 3007 2077 si
3058 2022 3380 2079 necessitas
3429 2029 3617 2097 cogat.

186 2121 323 2174 Non
354 2124 445 2173 est
471 2124 671 2175 tamen
702 2115 1067 2173 consuetudo
1102 2119 1383 2185 Romana,
1408 2116 1510 2172 sed
1541 2134 1647 2189 per
1679 2114 1941 2188 singulos
1977 2112 2192 2185 singuli
2226 2112 2578 2183 suscipiunt'

264 2234 312 2270 εί
348 2237 423 2290 De
444 2249 678 2291 censear.
708 2235 1003 2290 distincti
1036 2233 1131 2287 :Si
1153 2238 1375 2286 motum.
1413 2233 1483 2287 Et
1505 2232 1568 2286 in
1598 2233 1750 2287 Decr.
1783 2232 1860 2285 Iv.
1893 2229 1994 2285 lib.
2029 2246 2090 2286 ιι.
2167 2228 2214 2265 ⁸²
2247 2232 2316 2283 De
2345 2245 2585 2284 consecr.
2619 2228 2752 2285 dist.
2791 2233 2815 2283 1
2854 2247 2865 2284 :
2902 2231 3080 2299 Ligna
3099 2228 3369 2286 Ecclesiae.
3446 2228 3492 2265 ⁸³
3540 2231 3615 2285 De

186 2323 435 2362 consecr.
471 2307 738 2363 distinct.
774 2308 922 2362 4ε1η
953 2303 1296 2361 catechismo.
1330 2305 1399 2357 Et
1428 2304 1488 2358 in
1520 2305 1670 2359 Decr.
1696 2303 1771 2357 Iv.
1806 2302 1909 2357 lib.
1942 2319 1978 2356 ι.

1290 2614 1761 2776 PIUS
1844 2623 1913 2771 Ι
2004 2620 2559 2771 PAPA

1669 2984 2124 3073 NOTI'I‘I‘.

170 3157 290 3223 (Ex
319 3150 471 3208 libro
502 3138 832 3224 pontificali
860 3154 1095 3209 Damasi
1126 3168 1414 3225 papaa,ap.
1441 3157 1645 3223 Mum,
1670 3153 1903 3222 Concil.,
1928 3156 1971 3219 Ι,
1994 3156 2120 3212 669.
2149 3156 2428 3212 ——Varias
2449 3155 2742 3212 lectiones
2765 3162 3008 3213 etnotae
3029 3158 3091 3213 in
3112 3157 3269 3212 hunc
3301 3158 3496 3213 locum
3522 3157 3610 3214 Li-

896 3225 988 3280 bri
1021 3225 1381 3296 pontificalis
1410 3227 1539 3282 vide
1572 3228 1902 3297 Patrologiae
1935 3227 2147 3283 Latinae
2179 3233 2220 3282 t.
2254 3228 2518 3296 CXXVII,
2563 3228 2674 3283 col.
2716 3230 2893 3302 1213).

2761 2445 3612 2473 m

2763 2477 3609 2491 W

196 2446 2757 2495 Μ

264 3515 400 3571 Pius
430 3514 670 3570 natione
702 3512 906 3585 Italus,
941 3528 1013 3566 ex
1044 3517 1209 3585 patre
1233 3512 1466 3579 Rufino,
1497 3511 1679 3567 frater
1694 3513 1981 3585 Pastoris,
2016 3513 2086 3568 de
2117 3515 2349 3570 civitate
2401 3515 2691 3585 Aquileia,
2738 3517 2891 3571 sedit
2936 3534 3125 3572 annos
3175 3515 3603 3573 novemdeeim.

180 3600 431 3643 menses
453 3592 727 3657 quatuor,
753 3584 1045 3657 diestres.
1072 3584 1205 3639 Fuit
1225 3588 1423 3657 autem
1457 3583 1823 3657 temporibus
1852 3585 2136 3657 Antonini
2168 3586 2275 3645 Pii.
2310 3604 2343 3640 a
2375 3583 2681 3642 consulatu
2706 3588 2861 3642 Clari
2906 3595 2964 3643 et
2994 3589 3209 3644 Severi.
3262 3588 3378 3643 Sub
3427 3588 3607 3656 hujus

181 3654 542 3730 episcopatu
571 3657 755 3730 frater
785 3656 972 3727 ipsius
1004 3656 1247 3730 Hermes
1279 3654 1498 3730 librum
1529 3654 1768 3730 scripsit
1796 3657 1926 3723 (‘26),
1961 3656 2023 3730 in
2050 3673 2166 3726 quo
2217 3658 2564 3713 mandatum
2614 3660 2973 3724 continetur,
3015 3660 3174 3730 quod
3218 3660 3272 3714 ei
3324 3654 3605 3730 praecepit

181 3725 442 3800 angelus
465 3728 718 3789 Domini,
754 3725 886 3800 cum
922 3725 1245 3800 veniretad
1283 3742 1417 3781 eum
1449 3726 1748 3800 inhabitu
1781 3727 2124 3800 pastoris,ut
2155 3736 2425 3783 sanctum
2459 3730 2682 3800 Pascha
2705 3731 2797 3784 die
2831 3725 3136 3787 Domitiica
3185 3725 3605 3786 celebraretur.

179 3794 307 3858 Hi5
328 3799 1012 3870 constituit,hmreticum
1043 3799 1375 3870 venientem
1408 3812 1480 3852 ex
1507 3794 1846 3851 Judmoru‘m
1879 3799 2112 3861 haeresi,
2146 3800 2365 3870 suscipi
2399 3805 2457 3854 et
2477 3794 2778 3870 baptizari.
2806 3804 2873 3855 Et
2899 3803 3289 3857 constitutum
3323 3801 3394 3856 de
3422 3801 3613 3855 Eccle-

177 3874 282 3930 sia
304 3872 462 3927 fecit.
496 3872 603 3926 Hic
633 3871 773 3925 fecit
798 3869 1202 3943 ordinationes
1225 3868 1500 3943 quinque
1529 3885 1639 3943 per
1664 3884 1926 3943 mensem
1946 3868 2734 3943 Decembrempresbyteros
2752 3872 3392 3936 octodecim,diacouos
3408 3872 3613 3943 viginti

177 3890 282 3930 sia
304 3885 462 3927 iecit.
496 3885 603 3926 mc
633 3885 773 3925 iecit
798 3885 1202 3925 ordinationes
1233 3885 1633 3993 quinaue'per
1664 3885 1926 3924 mensem
1946 3885 2734 3941 uecemorempresnyteros
2752 3885 3392 3936 octonecim,uiaconos
3408 3885 3609 3943 viginti

177 3959 403 4009 unum,
444 3943 750 4013 episcOpos
794 3956 900 4012 per
945 3941 1177 3996 diversa
1223 3940 1353 4013 loca
1433 3956 1508 3995 uo
1557 3940 1727 4013 ecim.
1760 3941 1867 4004 Qui
1892 3941 2071 3996 etiam
2096 3934 2365 4011 sepultus
2395 3948 2484 3996 est
2504 3944 2680 4013 juxta
2710 3958 2924 4013 corpus
2950 3945 3008 3998 Β.
3034 3943 3194 3999 Petri
3218 3944 3281 3997 in
3311 3943 3609 3997 Vaticano.

193 4015 417 4088 quinto
448 4011 585 4071 Idus
611 4011 774 4069 Julii.
798 4011 875 4068 Et
901 4013 1149 4069 cessavit
1177 4011 1550 4083 episcopatus
1581 4011 1708 4066 dies
1738 4013 1823 4067 14.

3398 4165 3589 4174 -υ--ιη

1458 4304 1809 4402 DISSE
1824 4308 2290 4403 RTATIO

880 4514 1021 4596 DE
1075 4509 1323 4597 VITA
1401 4510 1541 4595 ΕΤ
1603 4510 2099 4597 SCHIPTIS
2162 4514 2255 4598 S.
2321 4514 2442 4598 PI]

1401 4510 1541 4595 ΕΤ
1603 4510 2099 4597 SCHIPTIS
2162 4514 2255 4598 S.
2321 4514 2457 4598 PII
2514 4516 2551 4598 Ι
2612 4513 2920 4601 ΡΑΡίΕ

555 4692 879 4761 (Gutum,
909 4688 1026 4744 Vet.
1058 4688 1211 4742 Patr.
1263 4680 1551 4755 Biblioth.,
1588 4689 1627 4741 t.
1661 4684 1705 4757 Ι,
1741 4686 1970 4754 Venet,
1999 4690 2158 4757 i765,
2192 4687 2413 4756 in-fol.,
2443 4706 2512 4745 ex
2533 4689 2848 4746 Fontanini
2877 4690 3021 4747 Hist.
3053 4690 3258 4762 Aquit.)

1638 4984 2171 5081 SYNOPSIS

1746 5158 1990 5215 SECTIO
2040 5163 2083 5215 Ι.

265 5284 313 5337 I.
350 5282 587 5353 Sanctus
616 5278 791 5353 Pius]
821 5273 1187 5353 infamem}:
1218 5272 1464 5353 Romana
1502 5272 1641 5328 sedit
1669 5277 1858 5329 statim
1888 5278 1956 5331 ab
1989 5279 2226 5348 Hygino,
2260 5288 2389 5336 ante
2418 5289 2469 5336 et
2498 5294 2605 5338 non
2630 5288 2759 5353 post
2797 5283 3108 5338 Anicetum.

264 5354 344 5408 II.
370 5350 627 5416 Quandiu
657 5348 716 5403 in
742 5350 1075 5418 pontiﬁcatu
1104 5346 1325 5401 vixerit.

1735 5434 1979 5490 SECTIO
2011 5438 2081 5491 Il.

257 5556 474 5695 Illi.er
502 5550 796 5679 (instruis.
832 5550 921 5607 Pii
938 5550 1182 5621 epistolis
1212 5549 1285 5603 ad
1308 5548 1525 5602 Justnm
1564 5546 1917 5605 Viennensem
1948 5554 2280 5622 episcopum.
2346 5556 2527 5610 Varia:
2585 5558 2811 5612 illarum
2876 5554 3157 5611 editiones.
3214 5554 3377 5608 Prior
3439 5554 3612 5611 eidem

257 5643 296 5685 η
332 5645 353 5680 ι
377 5643 447 5681 let
475 5638 581 5679 υιη
617 5642 696 5679 ica
726 5640 812 5678 ur.
1620 5680 1635 5695 _

166 5638 447 5703 pontifici
475 5638 812 5679 vindicatur.

263 5752 386 5827 (26)
412 5750 555 5807 Vide
586 5748 1013 5821 Prolegomena
1037 5746 1112 5804 ad
1142 5747 1371 5802 Hermas
1402 5744 1721 5814 Pastorem,
1753 5748 2096 5818 Patroloaiee
2123 5750 2324 5805 Graece
2346 5752 2386 5807 ι.
2418 5751 2487 5807 ll.
2519 5754 2671 5809 Emr.
