3956 6308
351 346 421 411 fl
434 352 511 411 23

1833 347 1935 407 PII
1981 346 2003 407 Ι
2050 346 2285 409 ΡΑΡΛΕ

3616 350 3778 410 1124

348 483 727 554 glexerimus,
765 481 910 536 nulli
947 482 1190 536 dubium
1222 488 1330 545 est,
1366 481 1525 551 quod
1557 478 1996 535 damnabimur.
2032 487 2077 548 Α
2117 483 2461 537 nosti-iJesu
2512 484 2750 553 Christi,
2802 484 3141 556 hujusmodi
3174 484 3409 540 tradere
3440 484 3680 536 Satanas
3717 482 3778 535 in

354 575 410 627 Si
441 590 575 626 vero
610 573 669 625 in
701 573 831 642 ejus
864 572 1100 626 servitio
1148 588 1254 641 pro
1306 571 1529 625 viribus
1588 568 2007 635 laboravimus,

352 660 594 729 verique
629 660 756 729 ejus
787 658 1089 729 adjutores
1121 659 1429 721 fuerimus,
1465 659 1710 729 ejusque
1742 657 2007 711 volunta-

357 754 473 803 tem
508 750 757 821 implere
790 750 1213 813 studuerimus,
1252 750 1510 818 profecto
1556 748 1628 802 ab
1660 748 1762 800 illo
1787 745 2004 799 ditabi-

352 855 506 903 mur,
542 839 679 908 quia
710 862 734 887 ‹ι
769 839 1241 909 uniuscujusque
1280 855 1450 909 opus,
1488 836 1661 907 quale
1695 836 1789 900 sit,
1824 842 1889 888 ut
1921 834 2003 888 ait

347 928 685 997 Apostolus,
718 928 843 982 dies
873 923 1107 982 Domini
1161 927 1489 981 declarabit
1551 931 1607 979 et
1666 925 1816 996 ignis
1866 939 2001 994 pro-

346 1017 511 1071 babit
545 1018 606 1071 ¹³.
644 1040 670 1063 ‹‹

420 1107 505 1159 Ad
537 1108 736 1161 sedem
774 1114 971 1162 autem
991 1106 1371 1178 apostolicam
1402 1105 1695 1177 perlatum
1730 1102 2003 1171 estquod

347 1195 467 1249 sint
497 1196 653 1250 inter
705 1214 803 1250 vos
841 1197 1253 1250 contentiones
1285 1202 1341 1250 et
1373 1194 1787 1249 zeanulationes
1822 1209 1834 1246 :
1869 1197 1927 1245 et
1960 1191 2003 1226 ¹⁴

351 1284 575 1352 przedia
604 1286 816 1339 divinis
850 1286 1056 1339 usibus
1084 1285 1322 1348 tradita,
1357 1284 1597 1355 quidam
1650 1281 1926 1337 humanis
1960 1280 2005 1316 ¹⁵

351 1373 652 1441 applicant
681 1374 906 1441 usibus,
937 1381 994 1428 et
1033 1375 1273 1429 domino
1308 1376 1424 1428 Deo
1455 1374 1567 1443 (cui
1608 1372 1821 1427 tradita
1844 1372 2003 1440 sunt)

351 1479 419 1516 ea
442 1463 815 1529 subtrahunt,
835 1470 899 1518 ut
914 1466 1036 1519 suis
1054 1466 1260 1520 usibus
1287 1464 2005 1532 inserviant.Quapropter

347 1552 417 1605 ab
452 1554 729 1607 omnibus
782 1555 944 1608 illius
981 1556 1024 1589 "5
1056 1554 1459 1624 usurpationis
1514 1552 1874 1607 contumelia
1902 1550 2001 1604 de-

342 1641 622 1712 pellenda
636 1648 827 1711 est,ne
841 1643 1064 1714 praedia
1082 1644 1283 1697 usibus
1297 1649 1657 1697 secretorum
1675 1640 2002 1696 cmlestium

342 1730 536 1786 dicata
586 1734 718 1802 (34),
778 1750 811 1787 a
871 1732 1225 1803 quibusdam
1277 1733 1641 1787 irruentibus
1691 1737 1995 1786 vexentur.

351 1821 515 1884 Quod
537 1822 583 1874 si
609 1821 923 1891 quisquam
948 1822 1412 1893 pra'sumpserit,
1438 1820 1760 1891 sacrilegus
1782 1819 2003 1875 habea-

354 1915 470 1976 tur,
506 1916 563 1964 et
591 1910 742 1964 sicut
772 1911 1090 1979 sacrilegus
1114 1911 1436 1981 judicetur.
1474 1912 1635 1980 Ipsos
1667 1915 1864 1963 autem
1898 1909 1997 1979 qui

357 1997 467 2053 hoc
499 2005 698 2071 agunt,
724 1999 967 2054 clericos
1001 2007 1057 2053 et
1090 2001 1318 2054 Domini
1350 2000 1687 2054 sacerdotes
1721 2014 1996 2069 persequi

355 2105 574 2158 eosque
607 2089 898 2143 infamare
934 2090 1283 2154 audivimus,
1318 2095 1382 2141 ut
1411 2089 1632 2142 malum
1666 2105 1842 2158 super
1873 2104 2000 2141 ma—

354 2176 477 2231 lum
511 2177 751 2243 addant,
787 2184 841 2231 et
875 2177 1200 2232 deteriores
1233 2178 1397 2242 ﬁant,
1434 2194 1550 2230 non
1597 2177 1999 2247 intelligentcs

349 2266 507 2336 quod
540 2265 799 2319 Ecclesia
818 2265 1051 2319 Domini
1082 2266 1143 2319 in
1175 2265 1581 2319 sacerdotibus
1613 2265 1906 2331 consistit,
1942 2270 1999 2318 et

349 2354 563 2408 crescit
586 2354 648 2407 in
675 2354 964 2424 templum
996 2355 1120 2422 Dei,
1146 2353 1190 2387 1⁷
1222 2356 1290 2408 Ει
1322 2355 1471 2408 sicut
1523 2355 1622 2424 qui
1674 2354 1997 2407 Ecclesium

351 2444 453 2496 Dei
482 2448 689 2508 vastat,
725 2448 782 2496 et
806 2444 933 2514 ejus
962 2445 1176 2514 prarcia
1207 2448 1265 2498 et
1306 2443 1551 2497 donaria
1603 2444 1893 2514 exspoliat
1945 2448 2000 2497 et

356 2532 597 2597 invadit,
619 2532 685 2586 fit
718 2532 1069 2601 sacrilegus:
1095 2533 1362 2587 sicetille
1395 2534 1492 2603 qui
1512 2534 1640 2604 ejus
1664 2533 2000 2587 sacerdotes

355 2621 710 2691 insequitur,
746 2622 1039 2693 sacrilegii
1077 2639 1211 2677 reus
1245 2622 1535 2687 existit,et
1569 2623 1998 2693 sacrilegusju-

351 2712 617 2771 dicatur;
654 2731 677 2762 α
708 2711 1113 2777 Emulamini,
1144 2712 1410 2783 gfratres,
1467 2712 1825 2766 charismata
1873 2729 2000 2765 me-

347 2803 582 2869 liora”,
608 2825 635 2853 ››
671 2810 726 2858 et
756 2804 942 2858 nolite
978 2804 1114 2858 talia
1146 2819 1457 2875 agere,nec
1481 2804 1566 2859 eis
1626 2804 1999 2859 commisceri

347 2898 448 2947 aut
479 2894 837 2956 consentire,
872 2892 970 2963 qui
1006 2892 1146 2948 talia
1178 2900 1359 2966 agunt
1392 2911 1404 2961 ;
1442 2894 1724 2964 quoniam
1760 2911 1878 2947 non
1912 2911 1998 2948 so-

345 2982 605 3054 lum,qui
635 2982 777 3038 talia
804 2988 1008 3053 agunt,
1042 2987 1181 3036 sunt
1210 2982 1387 3053 hujus
1418 2983 1688 3036 criminis
1738 2984 1846 3041 rei.
1894 2983 1996 3037 scd

348 3075 449 3143 qui
472 3072 827 3128 facientibus
860 3074 1243 3127 consentiunt
1265 3072 1325 3125 η.
1355 3073 1581 3126 ››²⁰Νοιι
1598 3088 1732 3143 ergo
1766 3073 1998 3144 gravius

351 3169 656 3233 peccatum
690 3167 778 3216 est
805 3161 1143 3226 fornicatio,
1196 3178 1373 3230 quam
1417 3161 1786 3232 sacrilegium
1822 3178 1834 3227 ;
1894 3160 1997 3215 sed

2120 571 2427 627 interitum
2452 576 2671 637 carnis,
2706 581 2767 629 ut
2799 576 3041 645 spiritus
3075 576 3272 630 salvus
3304 575 3381 628 sit
3412 574 3473 626 in
3507 572 3605 625 die
3664 572 3776 624 Do-

2118 662 2261 715 mini
2298 664 2673 719 nostriJcsus
2705 666 2940 719 Christi.
2981 667 3108 719 Non
3165 671 3253 718 est
3304 664 3461 718 bona
3492 661 3774 734 gloriatio

2114 752 2605 819 ves.:tra.I\'escitis,
2639 756 2780 825 quia
2810 755 3108 809 modicum
3158 755 3525 809 fermentum
3585 756 3778 804 totam

2116 861 2370 899 massam
2399 846 2723 916 corrumpit
2750 844 2776 898 ‘?
2800 846 3149 916 Expurgate,
3182 844 3379 913 inquit
3420 838 3772 913 Apostolus,

2115 942 2277 989 vetus
2306 935 2685 995 fermentum,
2719 939 2781 987 ut
2815 935 2941 988 sitis
2995 949 3141 988 nova
3182 932 3551 1004 conspersio,
3615 930 3777 982 sicut

2115 1024 2255 1077 estis
2277 1024 2479 1095 azymi.
2512 1026 2740 1077 Etenim
2776 1023 2993 1094 pascha
3014 1029 3285 1076 nostrum
3318 1021 3673 1075 immolatus
3692 1020 3781 1071 est
3842 1079 3847 1081 Α

2114 1113 2400 1165 Christus.
2427 1115 2626 1183 Itaque
2657 1113 2987 1184 epulemur,
3012 1130 3131 1166 non
3158 1113 3216 1165 in
3240 1111 3537 1165 fermento
3560 1110 3775 1178 veteii,

2114 1216 2304 1270 neque
2368 1202 2425 1255 in
2486 1202 2777 1256 fermento
2802 1202 3045 1257 malitias
3103 1207 3160 1255 et
3199 1201 3501 1270 nequitiae,
3539 1198 3651 1253 sed
3715 1200 3778 1252 iu

2114 1290 2330 1360 azymis
2364 1290 2722 1345 sinceritatis
2755 1296 2810 1346 et
2845 1290 3352 1360 veritatis.Scripsi
3376 1288 3542 1342 vobis
3575 1288 3777 1359 inepi-

2118 1379 2285 1436 stola.
2320 1379 2405 1433 ait
2436 1378 2593 1433 idem
2626 1380 2750 1450 ipse
2782 1379 3120 1450 Apostolus,
3154 1396 3228 1433 ne
3254 1378 3778 1433 commisceamini

2114 1465 2599 1531 fornicariis,non
2620 1469 2825 1539 utique
2848 1468 3183 1524 fornicariis
3199 1467 3376 1537 hujus
3399 1465 3638 1528 mundi,
3675 1470 3780 1518 aut

2115 1557 2435 1623 avaris,aut
2455 1558 2789 1629 rapacibus,
2823 1563 2922 1612 aut
2954 1558 3129 1612 idolis
3152 1554 3551 1611 servientibus
3581 1572 3594 1619 ;
3630 1554 3781 1608 alio-

2111 1647 2255 1716 quin
2280 1645 2617 1701 debueaatis
2644 1647 2715 1701 de
2747 1647 2859 1701 hoc
2880 1647 3102 1701 mundo
3127 1646 3536 1701 exiisse.Nunc
3568 1652 3774 1699 autem

2112 1735 2318 1806 scripsi
2350 1735 2660 1803 vobis,non
2682 1736 3076 1791 commisceri.
3119 1736 3177 1790 Si
3200 1736 3332 1805 quis
3354 1734 3541 1789 frater
3570 1735 3775 1788 uomi-

2110 1830 2285 1878 natus
2319 1829 2407 1878 est
2438 1824 2891 1891 fornicator,aut
2912 1830 3247 1893 avarus,aut
3269 1823 3446 1877 idolis
3476 1824 3773 1885 serviens,

2111 1920 2210 1967 aut
2234 1913 2699 1981 maledicus,aut
2728 1913 3128 1980 ebriosus,aut
3157 1930 3357 1984 rapax,
3390 1928 3531 1967 cum
3554 1912 3773 1983 hujus—

2110 2004 2270 2058 modi
2293 2020 2402 2059 nec
2432 2003 2629 2058 cibum
2660 2020 2916 2058 sumere.
2940 2003 3089 2068 Quid
3122 2004 3276 2058 enim
3306 2001 3451 2056 mihi
3514 2001 3589 2054 de
3654 2001 3771 2067 his,

2111 2095 2208 2164 qui
2237 2094 2379 2149 foris
2402 2101 2559 2159 sunt,
2585 2094 2905 2165 judicare?
2930 2095 3134 2148 Nonne
3168 2093 3237 2148 dc
3268 2093 3381 2159 his,
3445 2091 3549 2162 qui
3604 2093 3773 2146 intus

2110 2189 2268 2247 sunt,
2302 2200 2401 2237 vos
2425 2183 2709 2255 judicatis
2740 2184 2766 2237 Τ
2790 2185 2930 2237 Nam
2964 2200 3063 2237 eos
3095 2184 3193 2254 qui
3227 2181 3368 2236 foris
3401 2187 3563 2243 sunt,
3611 2182 3772 2235 Deus

2102 2272 2417 2343 judicabit.
2450 2271 2689 2326 Auferte
2715 2273 2935 2326 malum
2959 2289 3028 2326 ex
3046 2272 3209 2326 vobis
3232 2271 3397 2342 ipsis.
3436 2270 3636 2324 Audet
3669 2271 3773 2324 ali-

2112 2362 2243 2431 quis
2276 2361 2799 2425 vestrum,habens
2833 2361 3136 2431 negotium
3169 2361 3449 2414 adversus
3481 2358 3766 2421 alterum,

2104 2450 2358 2520 judicari
2393 2449 2549 2520 apud
2584 2450 2905 2520 iniquos,et
2929 2467 3047 2503 non
3072 2448 3228 2520 apud
3260 2446 3533 2502 sanctos?
3554 2452 3645 2500 An
3675 2464 3773 2500 nr-

2110 2540 2272 2593 scitis
2296 2539 2574 2609 quoniam
2599 2540 2787 2593 sancti
2824 2539 2917 2593 Dei
2945 2538 3016 2592 de
3046 2535 3771 2607 n1undojudicabunt'?Et

2110 2630 2156 2681 si
2190 2630 2250 2682 in
2286 2630 2445 2683 vobis
2478 2629 2846 2700 judicabitur
2888 2627 3166 2695 mundus,
3213 2628 3437 2697 indigni
3468 2628 3640 2691 estis,
3671 2625 3769 2695 qui

2109 2717 2182 2771 de
2217 2716 2829 2789 minimisjudicetis?
2878 2718 3130 2772 Nescitis
3172 2717 3455 2787 quoniam
3520 2715 3771 2785 angelos

2101 2806 2548 2877 judicabimus?
2581 2814 2799 2877 quanto
2836 2807 3018 2878 magis
3050 2806 3355 2861 saecularia
3386 2805 3413 2858 ’ἶ
3445 2803 3774 2858 Saecularis.

2110 2896 2525 2968 igiturjudicia
2543 2897 2590 2949 si
2613 2894 3465 2966 habueritis,coutemptibiles,
3493 2894 3599 2963 qui
3634 2900 3771 2946 sunt

2109 2986 2170 3038 in
2195 2986 2473 3053 Ecclesia,
2524 2985 2658 3038 illos
2705 2985 3046 3040 constituite
3085 2984 3159 3039 ad
3192 2981 3619 3055 judicandum.
3683 2982 3767 3035 Ad

2110 3074 2526 3131 verecundiam
2576 3079 2831 3129 vestram
2881 3074 3037 3131 dico.
3069 3074 3161 3128 Sic
3191 3090 3311 3127 non
3360 3078 3451 3126 est
3476 3072 3639 3125 inter
3671 3088 3770 3125 vos

2112 3164 2349 3236 sapiens
2408 3164 2745 3235 quisquam,
2802 3165 2901 3235 qui
2962 3164 3147 3235 possit
3190 3162 3466 3234 judicare
3517 3160 3769 3216 fratrem

349 3252 498 3306 sicut
529 3252 723 3323 majus
746 3257 832 3305 est
863 3255 1170 3320 peccatum
1205 3249 1361 3320 quod
1385 3251 1446 3303 in
1470 3251 1653 3304 Deum
1673 3250 1998 3308 committi-
2038 3232 2079 3296 (ἶ
2115 3271 2287 3309 suum
2312 3254 2339 3308 ‘2
2370 3254 2471 3308 sed
2490 3254 2670 3308 frater
2692 3271 2821 3309 cum
2857 3254 3036 3308 fratre
3061 3252 3287 3322 judicio
3338 3251 3683 3318 contendit,
3713 3258 3771 3305 et

350 3348 648 3412 tur,quam
669 3340 907 3411 quodin
939 3338 1265 3405 hominem,
1300 3339 1383 3392 sic
1431 3340 1664 3411 gravius
1695 3344 1783 3393 est
1815 3341 1999 3395 sacri-

350 3432 569 3501 legium
601 3447 795 3501 agere,
819 3446 998 3501 quam
1031 3430 1332 3485 fornicari.
1366 3431 1445 3484 De
1488 3430 1706 3485 talibus
1735 3431 1891 3485 enim
1917 3431 1999 3486 ait

350 3520 708 3590 Apostolus:
740 3520 859 3571 «Et
888 3536 987 3572 vos
1018 3517 1207 3572 inflati
1234 3519 1396 3584 estis,
1437 3524 1495 3573 et
1526 3536 1647 3574 non
1679 3521 1867 3592 magis
1917 3520 1999 3574 lu-

353 3615 514 3664 ctum
541 3607 852 3676 habuistis,
883 3613 949 3662 ut
982 3607 1218 3661 tollatur
1248 3608 1318 3662 de
1344 3608 1539 3662 medio
1582 3615 1865 3678 vestrum,
1896 3609 1997 3680 qui

356 3699 464 3752 hoc
488 3714 635 3769 opus
658 3698 937 3768 fecit.Ego
962 3696 1203 3767 quidem
1223 3698 1439 3751 absens
1463 3715 2000 3769 corporeprazsens

356 3794 552 3843 autem
574 3788 805 3858 spiritu,
832 3786 958 3858 jam
977 3786 1235 3857 judicavi
1262 3794 1325 3842 ut
1348 3805 1607 3858 prmsens
1632 3789 1880 3858 eumqui
1916 3790 2000 3843 sic

354 3884 630 3948 Operatus
663 3882 769 3944 est,
794 3876 854 3929 in
878 3876 1119 3930 nomine
1148 3877 1379 3931 Domini
1405 3877 1589 3930 nostri
1631 3878 1765 3931 Jesu
1785 3877 1999 3932 Christi

356 3966 722 4040 congregatis
738 3965 899 4020 vobis
923 3970 979 4018 et
1010 3982 1137 4019 me;
1161 3966 1393 4035 spiritu,
1424 3967 1485 4019 in
1520 3966 1730 4019 virtute
1763 3967 1997 4021 Domini

424 4093 467 4125 ¹³
498 4092 518 4146 Ι
552 4093 681 4148 Cor.
716 4108 796 4160 ιιι,
837 4094 916 4148 l3.

355 4165 443 4218 tit.
479 4167 532 4229 2,
561 4168 748 4217 const.
783 4166 867 4216 40.

1000 4092 1044 4125 ¹⁶
1076 4092 1162 4158 12,
1197 4108 1250 4161 q.
1288 4095 1354 4145 2:
1390 4092 1607 4146 Praedia
1629 4093 1851 4145 divinis.

953 4161 995 4197 ¹⁷
1039 4166 1125 4230 l7,
1150 4180 1205 4232 q.
1240 4165 1271 4215 4
1302 4180 1312 4215 :
1346 4164 1499 4217 Sicut
1539 4162 1635 4231 qui
1666 4164 1980 4218 Ecclesiam.

354 4295 533 4361 atque
566 4295 705 4344 tunc
735 4290 1032 4344 laborioso
1080 4288 1275 4343 studio
1330 4288 1572 4343 tradidit
1633 4289 1895 4360 seipsum
1939 4291 2012 4345 ad

358 4362 706 4416 discendum
768 4361 1150 4415 Hebraeorum
1228 4362 1515 4431 linguam,
1602 4365 1662 4415 et
1747 4362 2008 4431 ipsorum

360 4432 677 4488 elementa.
704 4432 808 4487 Ubi
843 4450 978 4487 vero
1013 4433 1164 4485 hanc
1197 4449 1429 4486 summe
1475 4432 1803 4501 didicisset,
1829 4434 2010 4487 inter-

357 4510 623 4576 pretatus
647 4510 878 4576 est.non
905 4510 1067 4557 recta
1093 4503 1319 4557 ratione
1342 4520 1505 4569 usus,
1531 4504 1634 4576 sed
1658 4520 1773 4573 quo
1816 4504 2015 4573 aliqua

357 4575 423 4631 ex
451 4576 704 4645 receptis
726 4575 894 4628 libris
920 4575 2016 4645 perverteret,irruensinSeptuaginta

352 4648 608 4702 duorum
636 4646 1212 4717 interpretationem,
1245 4645 1678 4717 utitestimonia
1697 4645 1769 4699 de
1783 4648 2013 4702 Christo

349 4720 411 4773 in
444 4718 763 4789 Scripturis
796 4716 1043 4787 probata
1069 4717 1242 4770 aliter
1266 4716 1486 4771 ederet.
1522 4739 1548 4766 >ι
1585 4718 1716 4771 Haec
1748 4719 2005 4789 Epipha—

346 4791 484 4847 nius
518 4788 592 4846 de
627 4789 844 4859 Aquila
876 4789 1159 4859 praedicto
1185 4788 1335 4844 loco.
1396 4789 1608 4842 Barou.
1670 4804 1827 4843 anno
1858 4788 2004 4858 7137,

357 4879 521 4916 num.
558 4864 589 4915 8
618 4867 677 4916 et
700 4866 752 4916 9.
790 4862 915 4915 SEV.
955 4861 1075 4914 BIN.

420 4936 531 5001 (34)
564 4935 638 4987 Ne
663 4934 882 5001 prwdia
936 4932 1123 4985 usibus
1181 4937 1512 4986 secretorum
1569 4932 1863 4986 ca'lestium
1920 4933 2010 4987 di-

348 5011 493 5057 cata.
523 5005 639 5057 Hoc
666 5004 791 5057 loco
818 5001 1124 5073 sacrilegia
1180 5019 1310 5071 quae
1334 5007 1473 5056 sunt
1494 5003 1650 5057 furta
1668 5004 2007 5074 autrapinai

346 5091 546 5130 rerum
571 5074 844 5129 Ecclesiaa
865 5075 1321 5143 acquisitarum,
1361 5074 1840 5143 prohibentur,et
1870 5093 2007 5145 pos-

347 5146 839 5200 sessiobonoruin
857 5146 1278 5215 temporalium
1296 5144 1485 5198 eidem
1503 5144 2010 5203 culiceditur.Na'n

347 5219 499 5272 sicut
525 5218 663 5272 olim
687 5216 917 5276 Levitis,
957 5233 1301 5286 quanquam
1353 5216 1603 5270 decimis
1651 5217 2003 5287 ditarentur,

348 5307 467 5344 non
483 5289 867 5361 eratomuino
890 5288 1207 5361 interdicta
1238 5305 1435 5343 rerum
1464 5289 2005 5361 possessio,quippe

347 5362 447 5430 qui
475 5378 545 5415 ex
599 5359 875 5415 mandato
902 5360 1025 5428 Dei,
1064 5362 1232 5413 Num.
1264 5377 1435 5423 xxxv,
1464 5360 1525 5412 in
1545 5359 1801 5427 singulis
1827 5359 2008 5416 tribu-

304 5454 307 5455 ν
348 5431 455 5486 bus
480 5434 655 5487 urbes
678 5432 1077 5486 sacerdotales
1092 5431 1391 5486 habebant
1416 5434 1487 5484 ad
1504 5431 2009 5488 habitandum.ita

351 5504 529 5573 etiam
548 5520 657 5558 nec
674 5503 1021 5557 Christianae
1050 5503 1191 5573 legis
1223 5501 1629 5556 sacerdotibus
1660 5504 2005 5558 eorumdem

350 5572 638 5627 bonorum
674 5574 936 5643 possesio
982 5572 1294 5626 interdicta
1344 5573 1651 5642 probatur.
1715 5575 2006 5631 Ecclesias

351 5644 510 5714 enim
539 5644 1451 5711 Christianorum,possessiones
1474 5644 1616 5697 olim
1641 5645 1751 5699 sub
1775 5647 2005 5714 gentili-

350 5710 460 5764 bus
480 5713 941 5779 imperatoribus
961 5710 1298 5782 possedisse
1320 5729 1441 5768 uon
1464 5719 1698 5769 tantum
1722 5710 1810 5770 Pii
1838 5734 2005 5790 papae

1928 4092 1969 4127 ³⁵
2000 4094 2297 4149 Hincmar.
2336 4094 2404 4147 De
2454 4100 2602 4148 statu
2632 4094 2905 4150 Ecclesiae.

2066 4165 2110 4200 νδ
2142 4168 2161 4219 Ι
2194 4166 2323 4219 Cor.
2355 4181 2449 4229 xu,
2472 4167 2559 4219 31.

2107 3344 2217 3397 hoc
2250 3341 2405 3414 apud
2428 3342 2703 3397 inﬁdeles
2727 3343 2754 3397 ‘?
2781 3344 2908 3398 Jam
2930 3342 3171 3415 quidem
3204 3342 3446 3396 omnino
3475 3340 3767 3395 delictum

2108 3437 2196 3487 est
2217 3433 2277 3486 in
2290 3432 3633 3502 vobis,quodjudiciahabetisintervos.Quare
3648 3446 3769 3484 non

2107 3523 2295 3593 magis
2326 3522 2607 3592 injuriam
2640 3521 2955 3593 accipitis?
2984 3524 3174 3587 Quare
3218 3538 3340 3575 non
3390 3521 3579 3591 magis
3616 3519 3771 3573 frau-

2109 3612 2241 3665 dem
2264 3611 2538 3682 patimini
2569 3610 2727 3665 ?Sed
2750 3628 2852 3665 vos
2884 3612 3165 3683 iujuriam
3190 3609 3404 3675 facitis,
3439 3616 3499 3663 et
3522 3608 3769 3663 frauda-

2108 3701 2401 3765 tis,ethoc
2432 3700 2733 3755 fratribus.
2770 3703 2855 3753 An
2896 3700 3161 3765 nescitis,
3218 3700 3358 3769 quia
3416 3698 3613 3768 iniqui
3679 3714 3768 3751 re-

2108 3807 2289 3860 gnum
2316 3790 2415 3843 Dei
2451 3806 2568 3843 non
2608 3788 3038 3859 possidebunt?
3082 3788 3271 3842 Nolite
3305 3803 3523 3841 errare.
3558 3788 3768 3857 Neque

2111 3879 2435 3945 fornicarii,
2460 3894 2653 3948 neque
2687 3877 2857 3932 idolis
2880 3878 3222 3940 servientes,
3256 3894 3448 3947 neque
3484 3877 3765 3943 adulteri,

2116 3985 2307 4038 neque
2342 3968 2570 4035 molles,
2612 3984 2805 4037 neque
2862 3966 3265 4022 masculorum
3322 3965 3773 4057 concubitores,

2985 4092 3031 4128 ίδ
3061 4093 3198 4147 Cod.
3240 4091 3458 4147 Theod.
3520 4091 3627 4147 lib.
3662 4109 3773 4158 XVI,

2642 4164 2685 4200 '9
2712 4167 2878 4220 Rom.
2906 4183 2941 4229 ι,
2972 4166 3057 4218 32.
3138 4164 3185 4198 ²⁰
3212 4165 3513 4220 llincmar.
3543 4165 3774 4217 ibidem.

2123 4296 2183 4345 et
2212 4291 2427 4345 Urbani
2461 4293 2483 4344 Ι
2534 4291 2797 4361 epistolae
2830 4291 2897 4345 ad
2933 4308 3142 4346 omnes
3173 4292 3483 4362 episcopos
3535 4291 3775 4361 scriptae

2123 4362 2428 4417 declarant.
2456 4364 2559 4417 sed
2592 4364 2719 4433 ipsa
2751 4365 2920 4417 etiam
2951 4363 3381 4433 imperatorum
3404 4362 3774 4431 edicta,qui.

2123 4435 2231 4488 bus
2266 4452 2364 4489 cas
2394 4433 2512 4489 illis
2536 4433 2762 4490 ablatas
2784 4434 2949 4489 reddi
2984 4435 3433 4496 mandaverunt,
3468 4434 3777 4488 evidenter

2125 4505 2636 4561 demonstrant.ln
2657 4506 2847 4561 edicto
2862 4506 3020 4562 enim
3065 4506 3435 4560 Constantini
3469 4512 3653 4574 atque
3686 4504 3777 4558 Li—

2125 4577 2265 4631 cinii
2292 4578 2413 4630 haec
2436 4578 2655 4648 scripta
2676 4578 2954 4649 leguntur
2978 4596 2991 4632 :
3018 4600 3043 4627 ‹‹
3067 4581 3138 4632 At
3158 4579 3443 4649 quoniam
3476 4577 3589 4648 ipsi
3615 4575 3780 4649 Chri-

2126 4649 2298 4702 stiani
2335 4665 2451 4703 non
2486 4647 2676 4704 solum
2710 4647 2778 4706 ea
2806 4650 3014 4705 locain
3040 4647 3521 4719 qum'oonvenire
3556 4647 3775 4709 solent,

2118 4720 2220 4773 sed
2258 4720 2435 4773 etiam
2464 4721 2599 4791 alia
2650 4721 2928 4775 habuisse
2988 4727 3446 4791 cognoscuntur,
3482 4736 3619 4789 quae.
3650 4735 3773 4772 non

2116 4791 2387 4862 privatim
2409 4790 2481 4845 ad
2516 4792 2800 4861 singulos,
2834 4791 2937 4846 sed
2987 4790 3196 4862 ad’jus
3257 4793 3439 4846 totius
3493 4792 3772 4861 ipsorum

2118 4864 2583 4929 communitatis,
2610 4862 2669 4916 id
2695 4870 2783 4917 est
2841 4863 3335 4923 Christianorum.
3369 4862 3766 4933 spectabant;

2117 4934 2367 5001 singulis
2401 4935 2501 5005 qui
2533 4950 2601 4987 ea
2624 4935 3215 5005 possident,mandes
3237 4935 3436 5001 velim,
3470 4939 3535 4987 ut
3567 4933 3775 4987 omnia

2118 5023 2224 5074 per
2246 5007 2643 5076 legem,quam
2675 5023 2853 5076 supra
2878 5006 3444 5131 posuimusabsque
3475 5005 3604 5059 ulla
3634 5020 3782 5058 con-

2118 5078 2403 5131 troversia
2451 5077 2871 5131 Christianis.i
2942 5082 3031 5131 est
3084 5078 3354 5131 societati
3414 5077 3689 5131 ipsorum
3724 5082 3782 5129 et

2118 5078 2403 5131 troversia
2451 5077 2820 5145 Christianis,
2855 5077 2913 5131 id
2942 5082 3031 5132 est
3084 5078 3354 5132 societati
3414 5077 3689 5146 ipsorum
3724 5082 3785 5129 et

2119 5148 2433 5201 conventui
2466 5149 2743 5205 reddant.
2778 5151 2992 5203 nPorro
3026 5164 3095 5203 ea
3118 5150 3319 5203 omnia
3342 5149 3493 5210 loca,
3528 5164 3665 5217 qum
3699 5146 3775 5201 ad

2118 5220 2483 5273 Christianos
2514 5228 2780 5291 spectare
2814 5221 2976 5289 dicit,
3001 5220 3398 5275 ecclesiastica
3436 5219 3646 5285 fuisse,
3690 5235 3781 5291 se-

2118 5307 2306 5360 quens
2335 5289 2678 5346 eorumi‘lem
2706 5292 2963 5347 edictum
2987 5292 3060 5345 ad
3099 5292 3425 5346 Anulinum
3463 5289 3779 5360 conscrip-

2120 5359 2239 5414 tum
2275 5363 2652 5429 declarat,his
2675 5364 2868 5417 verbis
2895 5380 2956 5416 ια
2989 5364 3179 5426 Quare
3212 5364 3484 5417 volumus
3510 5370 3578 5415 ut
3597 5359 3775 5415 simul

2119 5450 2185 5486 ac
2213 5434 2387 5487 hasce
2420 5433 2647 5489 litteras
2680 5452 2713 5490 a
2742 5435 2913 5489 nobis
2945 5436 3265 5503 acceperis,
3294 5436 3340 5488 si
3378 5450 3514 5503 qum
3576 5449 3645 5487 ex
3683 5432 3780 5485 his

2117 5505 2616 5576 possessionibus,
2643 5524 2772 5576 quas
2805 5507 2877 5561 ad
2908 5506 3262 5561 catholicam
3296 5505 3779 5576 Christianorum

2117 5575 2437 5649 Ecclesiam
2465 5578 2526 5632 in
2559 5575 2892 5649 quibusque
2943 5577 3277 5632 civitatibus
3301 5582 3401 5632 aut
3432 5576 3573 5649 aliis
3634 5575 3779 5630 locis

2115 5648 2441 5773 pgrtsineng
2474 5669 2502 5699 »
2536 5656 2647 5705 etc.
2680 5650 2825 5705 Vide
2858 5650 3070 5706 Baron.
3104 5649 3250 5705 anni
3307 5648 3527 5704 Christi
3561 5651 3652 5717 57,
3717 5663 3775 5701 n.

2192 5760 2205 5773 .
2274 5734 2360 5773 sv.
2441 5736 2512 5773 ιιι.

2154 5722 2205 5774 2.
2237 5722 2360 5774 Snv.
2396 5722 2512 5775 Bm.
