3922 6304
417 333 572 396 H35

1827 323 2153 388 SOTERIS
2197 327 2432 388 PAPE

3683 333 3848 395 1136

412 463 697 536 loquitur,
728 460 965 516 dicens:
999 480 1026 509 ‹‹
1057 459 1219 522 Quod
1251 461 1384 514 ante
1417 458 1768 530 promiserat
1798 474 1899 530 per
1927 475 2062 531 pro-
2095 466 2152 533 Α
2179 457 2301 516 xit:
2339 482 2369 509 «
2414 461 2636 530 Loquor
2665 459 2851 530 vobis,
2885 464 2942 518 et
2969 478 3085 518 non
3137 465 3379 521 auditis.
3411 465 3472 522 Si
3514 471 3721 523 autem
3753 484 3850 524 ve-

420 553 622 624 pbetas
655 565 792 606 suos
825 549 882 603 in
917 547 1233 619 Scripturis
1273 546 1495 602 sanctis
1525 548 1596 602 de
1626 546 1768 603 Filio
1810 564 1940 613 suo,
1971 548 2074 619 qui

421 645 608 699 factus
639 644 723 695 est
746 639 796 694 ei
829 656 893 694 ex
914 639 1139 693 semine
1159 637 1332 692 David
1355 639 1679 693 secundum
1711 654 1947 693 carnem
1968 637 2073 693 7°.»

420 735 563 787 Item
591 733 713 802 ipse
744 731 814 784 ad
840 728 1074 783 Galatas
1100 744 1113 781 :
1141 750 1167 777 ‹‹
1199 727 1514 798 Postquam
1547 733 1743 782 autem
1774 727 1934 782 venit
1955 726 2075 798 ple-

424 821 627 876 nitudo
660 817 963 890 temporis,
999 815 1159 870 misit
1192 820 1339 871 Deus
1375 815 1582 870 Filium
1615 831 1811 882 suum,
1845 831 1912 871 ex
1943 831 2073 871 mu-

422 910 564 965 liere
596 909 840 972 factum,
873 909 928 961 et
958 905 1180 960 factum
1213 905 1324 959 sub
1357 903 1481 976 lege
1511 903 1627 961 Ἠ.»
1663 906 1729 960 Et
1751 903 1826 960 ad
1855 903 2075 975 Philip-

426 1014 672 1072 penses:
713 1019 737 1045 ‹‹
760 999 820 1051 In
845 994 1295 1050 similitudinem
1329 993 1636 1048 hominum
1671 994 1879 1058 factus,
1902 997 1960 1048 et
1980 993 2078 1048 ha-

427 1089 552 1144 bitu
588 1089 857 1142 inventus
891 1088 953 1137 ut
1006 1083 1179 1138 homo
1221 1081 1289 1135 ⁷³.
1321 1104 1343 1133 ι
1399 1082 1467 1136 Et
1495 1082 1556 1136 in
1590 1081 1816 1153 psalmo
1847 1099 1955 1138 xxx
1983 1082 2028 1116 ⁷⁸
2059 1097 2074 1136 :

429 1202 456 1230 α
489 1179 789 1234 infirmata
835 1178 923 1230 est
952 1174 1010 1228 in
1063 1177 1403 1245 paupertate
1443 1172 1630 1228 virtus
1680 1189 1829 1239 mea,
1864 1181 1918 1228 et
1947 1189 2081 1228 ossa

425 1287 556 1326 mea
585 1264 929 1323 conturbata
950 1267 1092 1319 sunt
1114 1267 1170 1317 et
1201 1279 1377 1335 super
1406 1262 1677 1318 inimicos
1701 1279 1861 1318 meos
1895 1263 2080 1318 factus

423 1375 555 1414 sum
586 1353 990 1426 opprobrium.
1028 1372 1054 1400 n
1111 1353 1270 1419 Item,
1303 1351 1384 1406 ibi
1431 1349 1523 1406 7‘:
1565 1351 1858 1406 Oblivioni
1906 1351 2080 1406 datus

423 1463 580 1512 sum,
650 1448 936 1513 tanquam
1001 1445 1267 1495 mortuus
1325 1457 1358 1494 a
1417 1440 1607 1495 corde.
1673 1440 1891 1495 Factus
1948 1455 2082 1495 sum

425 1541 713 1605 tanquam
745 1547 844 1585 vas
877 1528 1241 1599 perditum.»
1268 1528 1338 1582 Et
1365 1527 1426 1582 in
1461 1545 1563 1582 Lxx
1595 1527 1641 1562 ⁷⁸
1669 1544 1680 1583 :
1717 1551 1744 1577 ‹‹
1779 1533 2080 1599 Tanquam

432 1621 767 1696 prodigium
840 1619 1029 1674 factus
1097 1617 1536 1684 sum'multis,
1611 1625 1664 1673 et
1717 1622 1780 1673 tu
1850 1618 2084 1688 adjutor

435 1713 624 1770 fortis.
659 1734 686 1762 »
722 1715 789 1766 Et
821 1710 881 1766 in
915 1727 1060 1764 Lxxn
1090 1708 1173 1764 7°:
1211 1733 1238 1760 «
1274 1711 1705 1780 Utjumentum
1738 1709 1922 1765 factus
1952 1725 2082 1766 sum

438 1806 592 1878 apud
626 1809 700 1872 te,
731 1809 782 1857 et
833 1817 936 1871 ego
968 1816 1201 1873 semper
1242 1805 1455 1858 tecum.
1495 1824 1514 1851 ιι
1551 1803 1621 1857 Et
1668 1801 1730 1857 in
1759 1818 1958 1857 Lxxxv1
1987 1799 2033 1835 ⁷⁷
2067 1818 2081 1857 :

441 1920 468 1949 α
491 1895 674 1950 Mater
703 1891 838 1946 Sion
869 1892 1022 1946 dicet
1048 1908 1060 1944 :
1091 1890 1296 1958 Homo,
1321 1895 1377 1945 et
1395 1891 1570 1946 homo
1603 1891 1790 1946 factus
1806 1895 1896 1946 est
1917 1890 1975 1945 in
2000 1907 2088 1960 ea,

439 1988 496 2040 et
527 1985 651 2054 ipse
685 1981 953 2036 fundavit
985 1996 1112 2035 eam
1143 1979 1501 2036 Altissimus.
1529 2002 1556 2029 »
1579 1981 1649 2035 Et
1680 1981 1738 2034 in
1770 1985 1991 2035 Lxxxvn
2011 1980 2088 2036 πε

445 2098 465 2124 ι
492 2075 700 2129 Factus
732 2089 863 2128 sum
897 2071 1047 2127 sicut
1079 2070 1253 2127 homo
1278 2071 1406 2126 sine
1435 2072 1724 2142 adjutorio
1753 2072 1906 2126 inter
1936 2087 2091 2127 mor-

438 2169 573 2218 tuos
604 2162 773 2218 liber.
809 2184 837 2211 ››
870 2161 937 2215 Et
968 2160 1028 2215 in
1059 2176 1192 2215 cvm
1222 2161 1302 2216 7°:
1339 2182 1366 2210 ‹‹
1403 2162 1471 2216 Et
1500 2177 1605 2232 ego
1640 2161 1828 2216 factus
1857 2177 1988 2216 sum
2022 2160 2094 2214 il-

442 2254 515 2309 lis
544 2251 950 2323 opprobrium,
984 2249 1254 2304 viderunt
1291 2265 1406 2318 me,
1441 2252 1498 2304 et
1547 2254 1854 2304 moverunt
1902 2249 2095 2320 capita

442 2358 571 2396 sua.
598 2359 620 2390 ι
639 2343 706 2393 Et
735 2338 791 2392 in
818 2356 864 2393 CI
895 2336 942 2372 ⁸ο
967 2352 980 2392 :
1001 2359 1029 2387 «
1054 2336 1295 2405 Vigilavi
1325 2345 1381 2392 et
1410 2338 1596 2393 factus
1617 2355 1749 2392 sum
1785 2340 1938 2394 sicut
1960 2355 2094 2410 pas-

447 2445 542 2486 ser
573 2427 870 2484 solitarius
901 2427 962 2481 in
993 2430 1209 2482 tecto.»
1231 2426 1300 2481 Et
1330 2427 1389 2483 in
1419 2427 1729 2499 Evangelia
1757 2443 1769 2481 :
1794 2448 1819 2479 ε
1839 2427 2094 2483 Verbum

446 2534 580 2574 caro
611 2517 830 2572 factum
855 2524 960 2584 est,
986 2521 1042 2570 et
1062 2515 1350 2571 habitavit
1374 2517 1432 2571 in
1456 2515 1709 2573 nobis".
1728 2539 1755 2566 »
1781 2517 1962 2572 Filius
1986 2517 2096 2588 igi-

448 2613 548 2663 tur
563 2607 887 2662 secundum
904 2621 1133 2661 carnem
1153 2605 1541 2661 dicitur.Nam
1556 2607 1878 2662 secundum
1894 2606 2101 2663 divini-

453 2702 657 2762 tatem,
686 2712 719 2750 a
748 2700 914 2750 Patre
945 2711 1240 2765 nusquam
1268 2694 1484 2766 legitur
1508 2695 1824 2762 factus,sed
1847 2695 2098 2767 genitus.

454 2785 606 2842 Dum
629 2784 784 2839 enim
811 2784 978 2838 Pater
997 2783 1282 2854 loquitur,
1294 2783 1473 2840 Filius
1495 2784 1778 2856 loquitur,
1799 2789 2001 2840 etcum
2018 2785 2104 2840 Fi-

453 2873 572 2929 lius
607 2873 885 2942 loquitur,
909 2877 1136 2928 Patrem
1168 2872 1228 2926 in
1261 2872 1359 2928 illo
1389 2889 1516 2928 esse
1545 2873 1900 2944 loquentem,
1924 2874 2103 2929 docu-

457 2962 674 3019 mentis
695 2961 1026 3017 cmiestibus
1051 2962 1485 3033 comprobatur,
1498 2962 1671 3018 Paulo
1689 2963 1948 3032 apostolo
1968 2967 2106 3017 atte-

455 3050 775 3121 stante,qui
792 3049 1594 3120 aitzuMultitarie,multisque
1607 3051 1785 3106 modis
1799 3050 1938 3106 olim
1954 3051 2106 3106 Deus

453 3140 684 3194 locutus
708 3143 797 3193 est
821 3137 1085 3208 patribus
1117 3139 1175 3191 in
1208 3137 1530 3208 prophetis,
1556 3138 1875 3195 novissime
1907 3143 2104 3194 autem

2186 549 2338 605 nerit
2386 549 2562 617 alius,
2597 549 2764 605 illum
2797 551 3048 608 audietis
3077 550 3146 606 9'.
3181 575 3209 604 η
3243 558 3311 609 Et
3349 554 3609 613 iterum:
3645 579 3679 605 κ
3714 562 3848 614 Hae

2185 637 2414 694 locutus
2457 643 2548 694 est
2605 638 2888 695 Dominus
2931 640 2989 695 in
3043 641 3478 716 gazophylacio,
3513 646 3743 702 docens
3790 649 3848 702 in

2185 726 2442 798 templo:
2473 735 2528 782 et
2561 743 2732 783 nemo
2781 728 3170 800 apprehendit
3197 747 3352 802 eum,
3387 734 3530 804 quia
3578 736 3851 791 nondum

2184 821 2421 872 venerat
2449 816 2593 872 bcra
2607 817 2737 888 ejus
2759 816 2826 873 93.
2848 840 2876 868 ››
2901 820 3040 875 Ecce
3064 820 3124 876 in
3149 821 3242 877 his
3265 824 3566 893 omnibus,
3590 841 3728 896 quae
3753 843 3850 881 su-

2186 904 2385 976 perius
2415 904 2571 960 dicta
2601 910 2759 974 sunt,
2785 923 2899 961 non
2931 909 3172 965 dooetur
3201 911 3383 967 Filius
3420 919 3720 986 praecepto
3755 915 3854 970 Pa-

2187 994 2296 1048 tris
2331 993 2514 1049 fuisse
2546 993 2799 1063 locutus,
2825 998 2926 1051 sed
2962 999 3151 1070 magis
3183 1001 3484 1072 proprium
3510 1005 3854 1060 exercuisse

2186 1080 2245 1135 in
2295 1079 2589 1152 loquendo
2635 1099 2989 1141 sermonem.
3037 1088 3221 1144 Isaias
3271 1106 3503 1161 quoque
3557 1093 3857 1163 propheta

2189 1171 2302 1227 ait:
2337 1193 2365 1221 ‹‹
2396 1175 2528 1228 Hec
2559 1171 2700 1228 dicit
2730 1177 3012 1232 Dominus
3039 1193 3052 1231 :
3107 1181 3222 1250 Ego
3254 1179 3361 1235 feci
3415 1186 3640 1236 terram
3678 1199 3858 1238 sensu

2191 1277 2340 1327 meo,
2373 1266 2428 1317 et
2461 1261 2759 1318 hominem
2791 1280 2968 1335 super
2996 1283 3126 1322 eam
3162 1284 3174 1322 :
3206 1271 3324 1340 Ego
3354 1269 3610 1325 solidavi
3643 1273 3860 1327 caelum

2191 1366 2370 1406 manu
2421 1367 2571 1419 mea,
2611 1368 2717 1424 ego
2765 1355 3044 1411 omnibus
3075 1356 3367 1414 sideribus
3420 1361 3745 1430 mandavi,
3803 1371 3864 1417 ut

2191 1438 2456 1495 lucerent
2487 1440 2546 1495 in
2577 1441 2723 1496 ccelo
2755 1441 2820 1498 9‘.
2844 1465 2872 1493 η
2905 1449 3049 1500 Item
3082 1446 3163 1502 ibi
3194 1465 3208 1503 :
3244 1469 3273 1498 ‹‹
3305 1449 3425 1521 Ego
3451 1466 3634 1505 omne
3667 1453 3865 1507 consi-

2193 1527 2338 1583 lium
2386 1543 2582 1584 meum
2615 1531 2815 1599 statui,
2849 1537 2907 1587 et
2935 1535 3131 1589 omnia
3162 1552 3534 1608 quascunque
3578 1541 3865 1611 cegitavi,

2191 1631 2298 1688 ego
2330 1616 2436 1672 feci
2466 1616 2533 1674 ’⁵.
2563 1639 2592 1668 ››
2631 1618 2775 1674 Item
2809 1620 2890 1676 ibi
2919 1637 2931 1676 :
2967 1643 2996 1672 ‹‹
3048 1622 3142 1678 Sic
3189 1625 3331 1680 dicit
3360 1627 3661 1684 Dominus
3689 1646 3705 1683 :
3758 1631 3864 1695 Qui

2193 1705 2496 1762 constituit
2543 1707 2752 1763 ccelum
2785 1713 2843 1764 et
2871 1714 3111 1780 terram,
3163 1717 3221 1768 et
3253 1715 3387 1769 fecit
3431 1731 3590 1785 eam,
3630 1723 3695 1773 et
3740 1720 3868 1773 fun-

2193 1794 2422 1850 davit”
2451 1811 2580 1851 eam
2609 1797 2678 1853 ⁸⁷.
2713 1820 2740 1847 ››
2774 1798 2918 1855 Item
2954 1801 3074 1857 ibi:
3121 1823 3150 1851 «
3185 1803 3300 1875 Ego
3351 1804 3609 1876 primus,
3661 1812 3724 1862 et
3768 1824 3866 1879 ego

2201 1885 2259 1940 in
2291 1888 2566 1942 aeternum
2600 1904 2613 1941 :
2648 1903 2858 1944 manus
2889 1905 3020 1946 mea
3050 1891 3316 1948 fundavit
3343 1899 3593 1964 terram,
3630 1897 3867 1953 dextera

2203 1991 2331 2030 mea
2360 1973 2630 2032 solidavit
2659 1976 2868 2034 ccelum
2900 1977 2964 2034 ⁸⁸.
2999 2003 3018 2029 ι
3047 1981 3118 2036 Et
3142 1981 3201 2037 in
3232 1981 3530 2040 Jeremia:
3563 2008 3594 2036 ι(
3621 1987 3754 2058 Ego
3774 1988 3870 2043 feci

2202 2067 2418 2119 terram
2443 2065 2502 2120 in
2526 2066 2869 2124 fortitudine
2891 2085 3024 2124 mea
3045 2077 3356 2142 magna,et
3377 2073 3438 2128 in
3464 2073 3730 2133 brachio
3756 2094 3871 2132 meo

2202 2151 2427 2209 excelso
2449 2154 2512 2208 θ’.
2540 2175 2569 2204 n
2593 2157 2736 2212 Item
2761 2156 2870 2212 ibi:
2896 2177 2922 2209 ι
2945 2158 3235 2216 Dominus
3266 2162 3402 2216 fecit
3427 2167 3665 2219 terram
3705 2167 3765 2220 in
3783 2167 3876 2221 vir-

2203 2245 2330 2296 tute
2359 2257 2466 2298 sua
2499 2259 2732 2315 magna,
2755 2249 2812 2300 et
2840 2247 3021 2302 erexit
3053 2249 3251 2304 orbem
3272 2252 3441 2304 terra:
3475 2251 3537 2305 in
3561 2255 3874 2324 sapientia,

2203 2334 2263 2386 et
2293 2331 2606 2401 prudentia
2635 2350 2745 2389 sua
2765 2337 3028 2391 extendit
3055 2338 3289 2407 coelum,
3309 2343 3368 2394 et
3430 2341 3648 2410 posuit
3678 2361 3873 2400 sonum

2207 2435 2370 2490 aqua:
2420 2420 2480 2475 in
2529 2422 2673 2478 casio
2714 2423 2757 2480 ί.
2790 2444 2820 2474 ››
2867 2425 2889 2458 ²
2942 2423 3263 2493 Defendite,
3313 2426 3697 2499 charissimi,
3755 2450 3876 2504 rogo

2207 2525 2333 2576 vos,
2359 2515 2567 2567 contra
2591 2513 2913 2570 malevolos
2929 2514 3201 2573 homines
3231 2516 3674 2577 inconcussum
3701 2522 3881 2578 Eccle—

2208 2597 2306 2653 siae
2357 2605 2606 2668 statum,
2661 2607 2724 2658 ut
2767 2619 2870 2660 vos
2925 2603 3142 2660 Christi
3190 2606 3426 2662 dextera
3488 2609 3785 2667 defendat
3829 2611 3877 2664 in

2209 2703 2417 2742 aevum.

2291 2779 2438 2835 Data
2468 2781 2649 2836 Nonis
2679 2781 2837 2846 Maii,
2857 2783 3097 2839 Rustico
3127 2787 3185 2839 et
3211 2784 3489 2855 Aquilino
3522 2789 3679 2845 viris
3702 2789 3879 2846 claris-

2213 2873 2380 2930 simis
2411 2870 2754 2930 consulibus
2783 2871 2828 2925 ³.

2813 2987 3149 3044 EPISTOLA
3193 2987 3266 3046 II.

2703 3120 2775 3160 AD
2816 3120 3116 3160 EPISCOPOS
3154 3120 3374 3160 ITALIE.

456 3227 692 3283 locutus
722 3229 810 3282 est
841 3225 1088 3280 nobisin
1118 3225 1262 3281 Filio
1284 3225 1387 3280 ⁸³.»
1413 3226 1557 3281 Etut
1578 3227 1851 3282 eumdem
1875 3226 2108 3292 Filium,
2142 3209 2186 3276 C
2223 3221 2300 3277 Ne
2344 3221 2573 3290 feminae
2601 3233 2773 3292 sacra,
2797 3235 2929 3274 vasa
2979 3219 3070 3274 vel
3109 3235 3294 3275 sacra:
3322 3221 3510 3290 pallas
3559 3226 3885 3292 contingant

457 3322 697 3388 excepto
748 3315 930 3370 Patris
981 3317 1288 3386 pracepto,
1322 3315 1559 3370 doceam
1611 3315 1788 3371 fuisse
1828 3315 2111 3386 locutum,

461 3422 529 3461 ex
559 3404 726 3458 Isaiae
759 3403 1053 3473 prophetae
1085 3401 1380 3457 volumine
1415 3403 1764 3474 proferimus
1803 3404 2116 3461 documen-

460 3499 630 3556 tum;
669 3513 692 3543 α
716 3492 846 3547 Haec
877 3492 1018 3546 dicit
1043 3492 1437 3546 Dominuszln
1462 3492 1562 3547 illa
1593 3493 1685 3548 die
1703 3495 1843 3551 sciet
1861 3495 2113 3567 populus

468 3598 655 3647 meus,
688 3580 963 3651 quoniam
997 3596 1102 3652 ego
1133 3596 1267 3636 sum
1303 3580 1449 3652 ipse,
1474 3582 1574 3653 qui
1603 3582 1884 3654 loquebar
1910 3585 1967 3641 in
1992 3601 2116 3642 ser-

467 3669 555 3725 vis
589 3671 737 3724 meis
769 3668 1089 3738 prophetis,
1117 3670 1522 3742 evangelizans
1555 3673 1821 3728 auditum
1857 3675 2038 3746 pacis,
2063 3679 2119 3731 et

467 3775 600 3816 ecce
635 3761 845 3815 adsum
887 3757 953 3815 ⁸³.
991 3781 1017 3809 ››
1068 3761 1212 3815 Item
1247 3760 1365 3816 ibi:
1399 3783 1426 3810 ‹‹
1472 3762 1589 3833 Ego
1622 3779 1753 3818 sum
1801 3765 2078 3821 Dominus
2101 3809 2116 3836 ,

466 3849 568 3922 qui
623 3848 831 3920 loquor
869 3849 1190 3920 justitiam,
1223 3854 1281 3905 et
1326 3851 1610 3907 annuntio
1641 3853 1942 3909 veritatem
1991 3856 2052 3910 3‘.
2089 3876 2118 3905 »

461 3939 608 3995 Item
661 3938 762 3994 ibi.
825 3962 850 3988 ‹‹
889 3939 1002 4011 Ego
1057 3939 1321 4011 cogitavi,
1369 3947 1422 3995 el
1453 3939 1685 3998 locutus
1731 3959 1882 4014 sum,
1917 3948 1972 3999 et
2016 3945 2122 4001 ad-

467 4030 628 4096 duxi,
676 4038 732 4085 et
763 4030 970 4100 creavi,
1025 4035 1081 4085 et
1129 4031 1238 4087 feci
1271 4029 1340 4088 ⁸⁵.
1374 4052 1403 4081 ››
1461 4033 1531 4088 Et
1576 4033 1923 4104 Apostolus:
1976 4058 2004 4086 «
2036 4040 2122 4091 An

465 4119 928 4190 experimentum
948 4119 1207 4190 quaeritis
1221 4121 1480 4192 ejus,qui
1499 4121 1556 4175 in
1577 4121 2124 4193 meloquiturChri-

463 4211 589 4264 stus
624 4207 692 4261 ⁸6.
728 4226 752 4251 η
790 4209 857 4262 Et
883 4207 943 4262 in
975 4207 1101 4279 psal
1131 4225 1305 4264 cxvm
1335 4208 1424 4263 87:
1459 4233 1486 4260 ‹‹
1524 4211 1819 4282 Loquebar
1857 4213 1927 4268 de
1956 4214 2120 4271 testi-

470 4293 684 4348 moniis
716 4294 833 4348 tuis
867 4295 925 4348 in
958 4300 1268 4367 conspectu
1300 4313 1530 4368 regum,
1563 4305 1618 4353 et
1649 4316 1764 4356 non
1797 4301 2124 4359 confunde-

474 4383 596 4436 bar.
628 4402 654 4430 ››
688 4383 756 4437 Et
785 4383 910 4454 ipse
933 4383 1213 4440 Dominus
1247 4385 1305 4439 in
1331 4387 1645 4459 Evangelia
1677 4405 1824 4447 casco
1847 4407 1881 4446 a
1910 4407 1972 4447 se
1997 4391 2129 4448 illu-

472 4469 689 4526 minato
743 4471 920 4526 dicit:
975 4495 1001 4521 ‹‹
1038 4473 1104 4526 Et
1153 4474 1350 4530 vidisti
1405 4491 1562 4545 eum,
1613 4481 1670 4533 et
1717 4480 1819 4549 qui
1869 4479 2130 4552 loquitur

2691 3291 2777 3346 vel
2805 3292 3016 3346 altaria
3045 3292 3342 3347 incendant
3371 3292 3415 3346 ⁴.

2297 3406 2706 3464 Dilectissimis
2738 3406 3019 3462 fratribus
3052 3424 3154 3479 per
3177 3408 3355 3463 Italiae
3389 3409 3746 3480 provincias
3777 3429 3866 3466 san

2228 3497 2334 3552 ctis
2365 3495 2702 3552 constitutis
2731 3496 3045 3568 episcopis,
3077 3496 3246 3552 Soter
3277 3513 3448 3568 papa.

2300 3585 2522 3642 Divinis
2553 3589 2858 3657 preceptis
2887 3586 2908 3620 ⁵
2940 3590 2998 3641 et
3038 3585 3375 3656 apostolicis
3407 3587 3664 3643 monitis
3722 3590 3881 3644 infor-

2232 3691 2481 3742 mamur,
2504 3679 2565 3730 ut
2596 3691 2696 3745 pro
2728 3675 2992 3730 omnium
3012 3673 3399 3730 Ecclesiarum
3432 3681 3627 3746 statu,
3650 3678 3877 3750 impigro

2231 3763 2537 3835 vigilemus
2567 3765 2776 3820 affectu
2797 3783 2812 3834 ;
2831 3781 2896 3819 ac
2929 3765 2977 3818 si
3002 3764 3143 3834 quid
3162 3780 3414 3836 usquam
3433 3766 3877 3836 reprehensioni

2233 3856 2528 3911 invenitur
2553 3856 2622 3911 ob
2636 3854 3069 3926 noxium,celeri
3095 3855 3495 3912 sollicitudine
3519 3857 3602 3913 ab
3633 3858 3884 3930 ignoran-

2233 3948 2326 4001 tiaa
2355 3945 2646 4018 imperitia
2677 3950 2734 4001 et
2784 3945 3260 4017 praesumptionis
3305 3949 3707 4018 usurpatione
3741 3966 3884 4005 revo-

2235 4050 2460 4090 cemus.

2304 4124 2326 4158 °
2374 4123 2645 4179 Sacratae
2699 4123 2817 4179 Deo
2866 4123 3115 4180 feminas
3175 4123 3262 4179 vel
3317 4123 3676 4194 monachae,
3744 4144 3886 4183 sacra

2236 4227 2376 4267 vasa
2405 4212 2492 4267 vel
2545 4217 2805 4268 sacratas
2856 4212 3043 4283 pallas
3077 4228 3254 4283 penes
3298 4228 3397 4267 vos
3448 4214 3820 4287 contingere,
3847 4229 3886 4268 e:

2238 4300 2545 4357 incensum
2568 4302 2726 4358 circa
2755 4301 2965 4358 altaria
2991 4301 3237 4369 deferre,
3256 4301 3548 4374 perlatum
3569 4312 3661 4360 est
3686 4306 3763 4361 ad
3785 4321 3890 4376 aps-

2240 4389 2505 4446 stolicam
2535 4391 2733 4446 sedem
2762 4407 2776 4459 ;
2804 4407 2931 4462 quae
2963 4391 3166 4446 omnia
3183 4390 3642 4462 reprehensione
3673 4400 3738 4448 et
3760 4395 3890 4448 vitu-

2243 4482 2535 4551 peratione
2549 4481 2722 4552 plena
2753 4495 2903 4549 esse,
2923 4479 3070 4534 nihil
3096 4485 3247 4536 recte
3275 4479 3636 4550 sapientium
3657 4483 3888 4538 dubium

463 4563 680 4628 tecum,
737 4558 865 4632 ipse
897 4566 986 4617 est
1014 4560 1080 4618 ⁸⁸.
1131 4585 1159 4612 ››
1213 4564 1282 4618 Et
1331 4564 1707 4622 Samaritana:
1749 4568 1981 4624 mulieri
2011 4571 2133 4626 ait:
2169 4580 2216 4644 ι)
2245 4573 2354 4624 est.
2377 4569 2743 4640 Quapropter
2761 4569 2938 4638 hujus
2965 4576 3178 4625 sanctas
3207 4568 3365 4623 sedis
3385 4570 3771 4634 auctoritate,
3795 4573 3890 4627 hac

471 4672 500 4698 (ι
540 4649 654 4720 Ego
688 4665 844 4716 sum,
879 4650 978 4720 qui
1023 4650 1230 4722 loquor
1262 4657 1451 4708 tecum
1485 4652 1553 4712 89.
1590 4677 1617 4704 »
1650 4656 1720 4711 Et
1750 4659 1821 4712 ad
1870 4659 2131 4730 discipu-

466 4738 554 4793 los
585 4755 598 4792 :
637 4759 665 4786 ‹‹
697 4738 890 4794 Verba
921 4755 1052 4810 quae
1087 4757 1193 4811 ego
1226 4741 1460 4798 locutus
1493 4759 1621 4800 sum
1654 4747 1839 4817 vobis,
1886 4748 2132 4818 spiritus

465 4831 522 4882 et
550 4827 668 4883 vita
699 4835 835 4883 sunt
864 4827 934 4882 9°.
972 4851 999 4878 ››
1035 4829 1098 4883 Et
1131 4831 1203 4884 ad
1237 4830 1498 4887 Patrem:
1535 4856 1562 4884 «
1600 4835 1714 4907 Ego
1747 4837 1816 4892 ad
1852 4841 1908 4893 te
1939 4837 2129 4906 venio,

465 4921 535 4986 et
565 4916 687 4972 hinc
715 4915 918 4987 loquor
952 4918 1009 4971 in
1043 4919 1264 4974 mundo
1298 4919 1363 4974 θί.
1399 4941 1428 4971 ››
1461 4926 1528 4976 Et
1557 4923 1771 4980 iterum
1803 4926 2024 4983 Judaais
2052 4927 2134 4982 di-

535 5113 583 5148 ⁷ο
612 5116 848 5194 ῙΞΟΙὩΣΑῙ.
890 5115 1031 5194 2,33.
1093 5119 1154 5194 _'“
1183 5117 1306 5194 Gal.
1341 5137 1414 5194 Iv,
1446 5124 1499 5194 4.
1578 5120 1625 5156 ’⁷³
1657 5121 1845 5194 Philip

1852 5141 1908 5195 p.
1943 5142 2003 5190 II,
2035 5127 2090 5181 7.
2165 5126 2212 5162 ⁷³
2244 5143 2295 5182 v.
2333 5126 2421 5191 11,
2455 5127 2542 5180 12.
2619 5125 2667 5160 ⁷⁴
2695 5141 2747 5179 ν.
2783 5125 2869 5193 13,
2905 5125 2990 5179 14.
3067 5124 3112 5159 ⁷⁵
3142 5143 3196 5183 v.
3231 5125 3288 5181 7.
3367 5124 3412 5160 ⁷⁸
3440 5141 3490 5180 v.
3515 5126 3611 5183 23.

2243 4656 2444 4713 omnia
2473 4656 2636 4713 vobis
2670 4674 2932 4713 resecare
2962 4658 3252 4722 funditus,
3279 4662 3500 4728 quanto
3532 4659 3724 4716 citius
3760 4668 3891 4733 pote-

2243 4747 2394 4816 ritis,
2417 4762 2727 4803 censemus
2753 4768 2768 4815 ς
2790 4751 2852 4803 et
2884 4764 2955 4803 ne
2986 4747 3170 4819 pestis
3203 4747 3326 4802 haec
3359 4746 3541 4801 latius
3575 4749 3897 4822 divulgata:

2243 4853 2344 4908 per
2375 4853 2579 4892 omnes
2630 4836 2979 4909 provincias,
3031 4836 3293 4908 abstergi
3325 4835 3615 4894 citissime
3668 4843 3894 4896 manda-

2248 4942 2400 4982 mus.
2422 4927 2517 4981 Ait
2546 4926 2703 4981 enim
2735 4924 3049 4998 Apostolus
3073 4943 3086 4981 :
3111 4947 3140 4975 ‹‹
3162 4923 3209 4980 D
3227 4926 3468 4995 espondi
3489 4927 3654 4984 enim
3685 4947 3794 4987 vos
3821 4931 3894 4984 uni

3701 5127 3750 5162 π
3779 5145 3828 5181 v.
3854 5129 3892 5181 5.

465 5186 592 5266 "_°_v.
625 5187 680 5266 t_‘>_.
714 5184 892 5266 __"9__v.
923 5189 1010 5242 25.
1091 5189 1219 5266 '5_v.
1258 5190 1312 5266 8:
1388 5184 1432 5227 εί
1466 5192 1633 5266 Joan.
1669 5184 1828 5266 1,714:
1854 5184 1868 5195 ’
1906 5195 1954 5230 ⁸³
1983 5184 2014 5252 Ε

2345 5184 2418 5254 2.’
2476 5195 2525 5230 ⁸³
2564 5197 2674 5251 Isa.
2712 5212 2808 5261 LII,
2970 5195 3016 5230 ⁸⁸
3048 5196 3160 5250 Isa.
3195 5213 3324 5266 XLV,
3364 5198 3454 5250 i9.
3532 5197 3736 5262 3515a,
3767 5217 3892 5255 ιω.

466 5259 570 5338 j_i._
633 5258 680 5292 δ⁶
712 5258 760 5313 ΙΙ
793 5261 926 5338 (2οῘζ
975 5275 1097 5338 xxii,
1127 5262 1182 5338 β.
1261 5262 1304 5296 ⁸⁷
1335 5279 1387 5315 ν.
1422 5265 1553 5338 46.“
1589 5263 1639 5297 ⁸⁸
1670 5258 1861 5338 ίέῖοᾶῑι.
1896 5284 1973 5336 1x,
2003 5271 2015 5322 ἒ

2339 5286 2412 5323 ιη.
2447 5285 2518 5333 iV,
2551 5269 2641 5322 26.
2719 5258 2963 5322 9"Joan.
3022 5283 3099 5336 v1,
3159 5268 3252 5322 64.
3313 5258 3572 5324 ’θίιοειι
3651 5258 3796 5338 xvii,
3833 5271 3888 5324 {'32.

467 5331 736 5406 {manu
770 5346 828 5394 κ,
860 5330 950 5386 25.
1028 5331 1072 5365 ⁹⁸
1102 5335 1295 5406 Joan.
1347 5351 1465 5406 vin,
1495 5336 1586 5390 20.
1663 5335 1708 5371 ⁰⁴
1743 5342 1832 5393 Isa
1875 5330 1999 5406 xm},
2045 5341 2131 5395 i2.

2207 5339 2256 5374 95
2309 5342 2420 5408 Isa,
2453 5356 2604 5405 XLVI,
2641 5339 2725 5394 10.
2805 5338 2850 5373 ⁵⁸
2881 5338 3090 5406 divisit,
3125 5339 3213 5393 vel
3272 5339 3479 5408 ﬁnivit.
3562 5342 3609 5376 ⁸⁷
3646 5342 3767 5399 lea.
3797 5359 3893 5396 εις.

469 5401 554 5455 18.
579 5471 591 5482 .
636 5400 685 5434 9⁸
717 5400 827 5482 Isa.
861 5418 1056 5482 Inviti,
1095 5403 1178 5457 13.
1256 5404 1300 5440 '9
1328 5400 1650 5482 Jer.’xz_ivii,
1676 5408 1730 5463 5.
1785 5412 1827 5482 ἦ
1863 5400 2073 5476 δεῖ-ξι,
2109 5411 2198 5480 42,
2233 5412 2321 5466 i3.
2399 5400 2509 5467 έΒ.
2543 5400 2653 5466 Leo
2693 5426 2786 5480 ep.
2820 5410 2910 5464 25.
2988 5408 3011 5443 ³
3041 5400 3174 5465 Haec
3232 5400 3465 5482 quoque
3525 5412 3749 5469 delirat
3782 5422 3894 5468 tem-

467 5471 628 5556 poris
663 5477 798 5527 nota
827 5489 919 5526 an.
952 5473 1061 5555 .462
1092 5491 1441 5556 congruens.
1519 5477 1542 5510 ⁴
1575 5471 1644 5534 Ut
1694 5481 1870 5538 nulla
1897 5471 2421 5556 sanctimonialium
2469 5499 2649 5556 sacra
2692 5471 2825 5536 vasa
2841 5492 3194 5556 sacrataque
3222 5471 3565 5540 linteamina
3594 5488 3890 5556 confinem

466 5552 565 5681 (at:
1075 5545 1276 5671 5171mm
1289 5548 1867 5620 deferreprazsumant.
1945 5554 1965 5587 ⁵
1995 5555 2173 5610 S.Leo
2203 5570 2294 5626 ep.
2329 5556 2382 5610 4.
2462 5555 2566 5608 ⁸23
2596 5553 2734 5610 dist.
2778 5571 2791 5606 :
2824 5544 3110 5610 Sacratas'
3131 5554 3233 5608 Deo
3260 5556 3528 5624 feminas.
3549 5544 3884 5616 Conchc-i.
