3922 6304
85 441 240 501 113Ί

1589 446 2017 509 ΕΡΙεΤΟΙΛΕ.

3341 458 3497 516 H38

84 574 227 639 viro,
258 572 540 646 virginem
576 580 798 633 castam
828 576 1101 634 exhibere
1149 577 1376 634 Christo
1424 576 1467 635 ⁷.
1501 600 1529 628 ››
1560 576 1584 612 ⁸
1629 579 1736 634 Illa
1765 580 1820 648 Α
1849 580 1975 650 ipse
2005 579 2247 635 Satanas
2276 581 2657 653 transﬁgurat
2686 598 2747 639 se
2777 583 2837 639 in
2893 585 3169 656 angelum
3217 586 3389 655 lucis,
3448 590 3499 645 si

86 668 175 719 est
203 662 360 718 enim
393 664 552 737 virgo
583 665 873 734 Ecclesia,
909 684 1126 739 sponsa
1160 667 1336 723 unius
1361 667 1467 722 viri
1499 667 1737 738 Christi,

91 768 223 823 quas
254 752 419 809 nullo
450 770 515 810 se
539 755 760 826 patitur
781 772 975 812 errore
993 756 1080 812 vel
1102 756 1411 813 inhonesta
1428 756 1740 826 reprehen-

88 842 252 897 sione
282 841 499 911 vitiari,
534 848 599 899 ut
624 861 727 915 per
757 852 935 901 totum
968 847 1250 901 mundum
1292 862 1411 901 una
1449 845 1528 901 sit
1572 846 1740 901 nobis

90 935 265 991 unius
294 947 464 991 castae
494 939 929 994 communionis
960 939 1286 1010 integritas.
1318 937 1341 971 9
1390 938 1553 993 Unde
1602 955 1739 994 con-

89 1027 334 1095 surgite,
356 1024 713 1095 oharissimi,
730 1042 865 1083 cum
893 1031 1028 1093 Deo,
1056 1032 1114 1083 et
1134 1027 1742 1094 assistite,induentes

92 1129 257 1167 arma
286 1114 533 1186 spiritus
565 1115 844 1172 adversus
877 1117 1267 1188 malignantes
1315 1120 1521 1172 contra
1566 1116 1741 1171 ﬁdem

92 1201 145 1271 ej
157 1218 244 1269 us,
268 1207 324 1257 et
350 1205 631 1274 probetur
652 1205 896 1276 spiritus
927 1208 1242 1276 sapienter,
1266 1205 1324 1260 id
1346 1211 1456 1274 est,
1479 1205 1653 1261 verba
1671 1204 1741 1258 il-

91 1289 308 1358 lorum,
339 1291 389 1347 si
419 1310 488 1348 ex
518 1299 632 1350 Deo
664 1298 824 1351 sunt.
860 1295 1158 1366 Scriptum
1190 1299 1281 1350 est
1310 1295 1466 1351 enim
1502 1294 1559 1349 in
1580 1298 1743 1349 Jere-

93 1379 213 1435 mia
244 1397 259 1436 :
290 1402 318 1431 ‹‹
346 1380 719 1439 Probatorem
750 1384 881 1439 dedi
915 1388 969 1439 te
997 1383 1059 1439 in
1116 1382 1328 1456 populo
1382 1400 1508 1439 meo
1558 1384 1742 1439 robu-

91 1474 267 1539 stum,
283 1475 338 1527 et
353 1472 524 1543 scies,
546 1480 603 1529 et
623 1474 897 1546 probabis
921 1475 1069 1530 viam
1094 1474 1330 1530 illorum
1356 1473 1423 1531 ‘0.
1449 1482 1477 1524 ὁ»
1499 1474 1743 1530 Multum

91 1576 347 1631 namque
377 1562 546 1617 nobis
579 1564 907 1619 necessaria
936 1569 1025 1619 est
1047 1563 1351 1634 vigilantia
1372 1564 1519 1618 tanti
1546 1580 1744 1619 sacra-

86 1651 279 1706 menti
333 1654 633 1725 sapientiaa
673 1653 1209 1725 discretionis,qum
1231 1652 1460 1708 occulta
1484 1653 1745 1708 tenebra-

95 1759 228 1798 rum
262 1743 494 1811 revelat,
527 1745 598 1799 ad
659 1743 1099 1815 requisitionem
1160 1743 1498 1813 bujnsmodi
1556 1741 1637 1796 rei
1692 1749 1746 1797 et

93 1832 537 1901 scrutationem,
572 1832 851 1904 quoniam
884 1832 1028 1888 latet
1059 1832 1494 1903 quodammodo
1525 1834 1582 1886 et
1611 1832 1744 1886 abs-

1850 668 2101 724 ministri
2120 670 2249 739 eius
2273 670 2928 741 transﬁgurenturvelut
2952 675 3200 731 ministri
3233 677 3502 748 justitiae,

1850 773 2100 827 quorum
2132 757 2266 812 ﬁnis
2299 764 2388 813 est
2418 761 2744 816 secundum
2775 778 2949 833 opera
2992 779 3193 819 eorum
3214 764 3282 819 ίι.
3310 787 3338 814 ››
3386 766 3499 821 Sed

1849 850 1906 901 et
1939 847 2217 902 Dominus
2247 846 2304 901 in
2340 848 2447 902 hoc
2479 851 2871 919 praemuniens
2905 869 3035 921 nos,
3077 854 3158 908 ait
3194 869 3208 909 :
3240 874 3267 908 α
3297 858 3499 910 Atten-

1851 935 1969 989 dite
1999 953 2032 990 a
2062 934 2226 991 falsis
2257 936 2574 1007 prophetis,
2607 938 2707 1009 qui
2737 939 2976 996 veniunt
3009 942 3078 995 ad
3112 958 3213 998 vos
3242 943 3305 997 in
3330 945 3501 1000 vesti-

1853 1026 2067 1080 mentis
2098 1025 2317 1094 ovium,
2351 1026 2704 1083 intrinsecus
2729 1035 2923 1085 autem
2950 1039 3083 1087 sunt
3112 1033 3236 1105 lupi
3258 1050 3500 1106 rapaces

1851 1116 1895 1168 A
1929 1114 2215 1170 fructibus
2245 1131 2447 1170 eorum
2494 1119 2859 1188 cognoscetis
2909 1136 3007 1175 eos
3056 1120 3123 1176 ¹².
3157 1142 3181 1171 ο
3233 1124 3381 1194 Ergo
3433 1125 3495 1180 in

1853 1203 2110 1274 idipsum
2146 1221 2213 1260 ex
2243 1209 2364 1260 toto
2397 1206 2565 1261 corde
2593 1211 2785 1264 vestro
2817 1210 3074 1267 referetis
3115 1216 3251 1268 ante
3299 1216 3501 1269 omnia

1853 1309 2030 1363 super
2059 1293 2161 1350 tali
2195 1296 2518 1365 quaestione
2544 1299 3033 1369 deprecationem,
3057 1306 3111 1357 et
3136 1302 3343 1358 dicetis
3363 1320 3497 1360 cum

1853 1383 2029 1440 David
2057 1401 2070 1439 :
2104 1406 2132 1433 ‹‹
2164 1384 2372 1440 Revela
2402 1384 2600 1442 oculos
2631 1403 2813 1454 meos,
2836 1393 2893 1444 et
2919 1390 3299 1448 considerabo
3323 1394 3499 1449 mira-

1853 1474 1993 1530 bilia
2023 1473 2092 1528 de
2123 1472 2247 1546 lege
2276 1478 2396 1531 tua.
2437 1476 2697 1532 Lucerna
2748 1478 2995 1548 pedibus
3053 1482 3201 1537 meis
3255 1483 3500 1538 verbum

1853 1567 2045 1628 tuum,
2085 1568 2143 1617 et
2172 1563 2370 1618 lumen
2412 1565 2638 1620 semitis
2672 1566 2815 1622 meis
2848 1566 2914 1623 ‘3.
2942 1588 2969 1619 »
3002 1569 3310 1640 Quoniam,
3337 1575 3401 1626 ut
3422 1572 3503 1626 ait

1854 1651 2056 1706 beatus
2085 1650 2284 1707 Daniel
2317 1653 2636 1724 propheta:
2683 1677 2712 1704 ‹‹
2771 1656 3065 1727 Sapientia
3116 1663 3172 1714 et
3220 1660 3499 1716 fortitudo

1855 1741 1985 1810 ejus
2013 1745 2169 1796 sunt.
2204 1741 2314 1795 Dat
2335 1742 2675 1812 sapientiam
2703 1745 3087 1815 sapientibus,
3106 1751 3163 1802 et
3186 1748 3496 1803 scientiam

1855 1830 2314 1901 intelligentibus
2344 1830 2738 1903 disciplinam.
2771 1834 2901 1905 Ipse
2942 1835 3157 1891 revelat
3209 1838 3501 1907 profunda

95 1923 389 1993 conditur,
421 1923 626 1994 vixque
657 1923 1175 1993 comprehenditur
1214 1922 1414 1977 dolosa
1462 1920 1746 1976 exsistens
1775 1952 1823 2017 Β
1854 1924 1912 1973 et
1941 1918 2301 1987 abscondita,
2337 1923 2393 1974 et
2425 1920 2581 1974 novit
2602 1919 2659 1975 in
2684 1921 2940 1977 tenebris
2966 1923 3379 1992 constituta,et
3401 1925 3502 1979 lux

95 2012 343 2082 malitia,
369 2027 469 2083 pro
495 2027 561 2067 eo
592 2012 750 2083 quod
779 2011 894 2066 sibi
926 2012 1199 2083 pietatem
1232 2009 1442 2067 callide
1473 2008 1739 2064 blandia-

87 2106 210 2169 tur,
245 2105 308 2157 ut
337 2099 527 2156 valeat
555 2099 947 2155 scrutantium
1007 2107 1260 2156 mentem
1320 2099 1521 2153 latere.
1572 2096 1738 2161 Quod

86 2191 292 2260 utique
322 2188 519 2245 sciens
550 2189 759 2244 beatus
789 2189 1126 2261 Apostolus,
1159 2190 1275 2245 ait:
1301 2212 1329 2241 «
1349 2190 1496 2247 Nam
1529 2192 1739 2262 hujus-

82 2278 250 2335 modi
283 2277 810 2350 pseudo-apostoli,
842 2278 1093 2348 operarii
1125 2277 1377 2349 subdoli,
1421 2281 1739 2353 transﬁgu-

76 2372 219 2425 rant
241 2380 304 2424 se
325 2367 385 2422 in
412 2366 707 2438 apostolos
726 2365 960 2424 Christi.
980 2366 1095 2423 Sed
1114 2383 1228 2422 non
1250 2367 1487 2439 mirum,
1506 2372 1742 2440 quando

1764 2579 1835 2597 ὴ

1853 2024 1987 2063 cum
2015 2023 2080 2062 eo
2120 2010 2227 2062 est.
2252 2007 2398 2073 Quia
2418 2008 2764 2079 sapientiam
2787 2014 2845 2066 et
2864 2011 3263 2069 fortitudinem
3288 2013 3504 2070 dedisti

1849 2096 2017 2161 mihi,
2048 2100 2104 2152 et
2132 2096 2443 2152 ostendisti
2476 2097 2620 2152 mihi
2647 2114 2774 2168 quis
2817 2101 3013 2171 rogavi
3045 2105 3101 2157 te
3131 2101 3198 2157 “.
3236 2124 3264 2152 ››

1921 2190 2068 2242 Data
2091 2202 2128 2241 ι
2160 2184 2446 2242 Kalendas
2477 2186 2659 2254 Junii,
2691 2188 2941 2261 Cethego
2972 2195 3030 2246 et
3065 2190 3230 2248 Claro
3265 2192 3310 2227 “5
3361 2192 3502 2249 viris

1851 2275 2203 2331 clarissimis
2233 2274 2578 2332 consulibus
2622 2276 2687 2334 ¹⁶.

82 2729 351 2788 Decreta
408 2722 643 2787 Soteris
700 2740 906 2802 papae,
967 2722 1317 2783 secundum
1370 2720 1957 2860 Gratianum.,tqluse
2006 2739 2131 2781 non
2188 2721 2500 2783 habentur
2568 2724 2633 2784 in
2698 2724 3011 2802 prioribus
3081 2727 3510 2791 decretalibus

1649 2818 1949 2860 emsons.

1649 2818 1949 2880 epistons.

88 3016 477 3071 Juramentum
520 3016 733 3071 malum
789 3014 927 3085 quod
974 3014 1194 3070 incaute
1232 3012 1582 3086 promittitur
1630 3028 1741 3069 non

687 3094 766 3142 est
796 3088 1160 3143 servandum.

167 3192 209 3226 ³⁷
241 3190 301 3247 Si
332 3190 553 3263 aliquid
595 3191 740 3246 forte
768 3191 1062 3246 incautius
1094 3207 1199 3246 nos
1223 3191 1457 3261 jurasse
1488 3189 1744 3260 contige-

91 3281 190 3349 rit,
224 3281 379 3351 quod
408 3281 780 3336 observatum
811 3280 868 3333 in
903 3280 1158 3351 peiorem
1190 3288 1385 3351 vergat
1407 3279 1646 3341 exitum,
1682 3278 1748 3333 il-

89 3369 194 3424 lud
238 3368 459 3425 salubri
482 3369 727 3425 consilio
743 3370 1092 3424 mutandum
1117 3369 1466 3436 noverimus,
1482 3372 1539 3423 et
1561 3368 1747 3439 magis

1856 3018 2137 3086 sequatur
2165 3017 2515 3090 intrepidus,
2564 3022 2619 3075 et
2666 3020 2920 3077 ofﬁcium
2968 3021 3258 3092 inceptum
3311 3023 3503 3079 adim-

1857 3104 2014 3174 pleat
2042 3104 2109 3158 2°.
2140 3106 2488 3162 Censuimus
2520 3125 2653 3178 ergo
2685 3111 3011 3179 convenire,
3046 3116 3111 3167 ut
3140 3128 3273 3167 cum
3320 3130 3351 3167 a
3400 3130 3501 3167 sa-

1858 3195 2191 3253 cerdotibus
2224 3199 2539 3256 missarum
2574 3209 2829 3275 tempore
2865 3220 3031 3258 sacra
3061 3204 3339 3275 mysteria
3369 3221 3503 3260 con-

1858 3294 2180 3355 secrantur,
2213 3288 2262 3344 si
2294 3292 2659 3361 aegritudinis
2689 3292 2912 3348 accidat
2941 3293 3183 3364 quilibet
3241 3296 3504 3363 eventus,

1858 3394 1970 3449 quo
2003 3384 2255 3451 emptum
2288 3386 2541 3452 nequeat
2569 3381 2787 3452 expleri
2837 3382 3203 3455 mysterium,
3229 3382 3309 3437 sit
3356 3381 3506 3437 libe-

89 3458 351 3513 ίηείθοῐθ
384 3459 727 3515 moenitum
760 3459 1181 3529 Perjumndum
1215 3457 1400 3523 Ποδίεν
1444 3474 1621 3529 quam
1643 3473 1742 3527 PFO
1772 3445 1817 3513 θ
1858 3487 1988 3526 rum
2021 3472 2293 3543 episcopo
2324 3470 2409 3525 vel
2446 3472 2779 3544 presbytero
2810 3445 3051 3537 vel'alii,
3084 3476 3148 3526 ut
3199 3487 3505 3527 consecra-

86 3548 273 3615 factoj
286 3552 606 3617 uramento,
623 3548 680 3602 in
696 3547 853 3602 aliud
870 3547 1085 3601 crimen
1107 3547 1298 3617 majus
1313 3546 1740 3605 divertendum.

90 3663 335 3732 Quisque
391 3664 710 3733 sacriﬁcans
765 3662 1098 3718 sacerdotem
1155 3661 1370 3729 habent,
1428 3664 1526 3733 qui
1573 3668 1744 3734 C(Ppta

240 3740 595 3791 sacramenta
624 3734 865 3805 expleat,
896 3736 947 3789 si
976 3735 1271 3789 necessitas
1302 3734 1600 3803 ingruerit.

169 3850 215 3885 “
246 3850 320 3905 Ut
349 3849 494 3906 illud
529 3850 710 3905 divini
742 3849 960 3905 oraculi
996 3849 1287 3905 monentis
1337 3848 1552 3922 singuli
1604 3865 1747 3920 prae-

89 3945 363 4007 caveant,
398 3957 513 4011 quo
544 3941 856 3995 scribitur:
895 3962 922 3990 ‹‹
956 3939 1051 3993 Vae
1085 3939 1215 4005 soli,
1248 3938 1387 4009 quia
1416 3955 1548 3993 cum
1599 3938 1749 3993 ceci-

91 4030 273 4093 derit,
308 4046 423 4085 non
457 4029 629 4085 habet
661 4028 1060 4084 sublevantem
1095 4027 1141 4061 ‘9
1167 4046 1179 4096 ;
1204 4049 1231 4077 »
1264 4041 1633 4097 summopere
1657 4044 1754 4081 ve-

92 4119 350 4175 rendum
383 4122 471 4173 est
503 4120 669 4174 nobis
700 4122 872 4189 atque
916 4118 1261 4185 cavendum,
1313 4133 1384 4172 ne
1428 4116 1588 4171 horis
1634 4116 1753 4172 illis

92 4214 282 4279 atque
311 4207 698 4279 temporibus,
733 4208 945 4277 quibus
979 4212 1094 4262 Deo
1128 4205 1396 4278 psallitur
1428 4204 1514 4261 vel
1538 4205 1757 4261 sacrifi-

91 4302 290 4360 catur,
325 4296 644 4365 unicuique
675 4296 888 4351 divinis
942 4295 1318 4367 singulariter
1366 4295 1570 4351 ofﬁciis
1610 4293 1757 4349 insi-

92 4386 305 4455 stenti,
341 4386 668 4457 perniciosa
698 4385 917 4457 passio,
949 4384 1034 4441 vel
1069 4384 1343 4456 quaslibet
1372 4384 1631 4455 corporis
1665 4386 1755 4439 in-

91 4475 375 4533 valetudo
408 4482 689 4541 occurrat,
723 4492 849 4545 qua:
895 4478 992 4530 aut
1047 4490 1260 4545 corpus
1309 4473 1501 4529 subito
1551 4472 1758 4528 subrui

94 4565 307 4632 faciat,
338 4569 441 4619 aut
474 4572 725 4619 mentem
761 4563 1107 4619 alienatione
1138 4562 1229 4618 vel
1263 4567 1480 4617 terrore
1510 4562 1760 4618 confun-

99 4658 224 4712 dat.
262 4654 372 4709 Pro
404 4653 744 4723 bujnsmodi
777 4668 911 4722 ergo
941 4652 1180 4707 casibus
1212 4657 1623 4723 prescaventes,
1658 4667 1759 4706 ne-

100 4743 437 4802 cessarium
472 4742 750 4797 duximus
780 4740 1106 4808 instituere,
1142 4744 1203 4795 ut
1232 4740 1332 4795 ubi
1363 4740 1642 4811 temporis
1671 4739 1760 4795 vel

101 4833 220 4890 loci
255 4833 375 4888 sive
408 4831 545 4886 cieri
577 4830 740 4901 cepia
779 4830 1152 4901 suffragatur,
1203 4828 1415 4884 habeat
1471 4828 1761 4900 (quisquis

98 4923 228 4992 ille)
262 4936 475 4976 canens
501 4920 617 4975 Deo
648 4924 703 4975 et
734 4919 1094 4985 sacriﬁcans,
1130 4922 1261 4989 post
1291 4934 1353 4973 se
1382 4917 1554 4972 vicini
1604 4916 1760 4972 sola-

100 5010 290 5068 minis
316 5010 666 5080 adjutorem,
701 5013 764 5061 ut
793 5006 841 5061 si
874 5006 1067 5077 aliquo
1100 5023 1238 5062 casu
1272 5005 1390 5073 ille,
1425 5006 1524 5077 qui
1566 5006 1760 5060 ofﬁcia

94 5100 462 5172 impleturus
495 5096 738 5167 accedit,
770 5097 1036 5151 turbatus
1069 5095 1263 5164 fuerit,
1297 5094 1383 5150 vel
1417 5096 1487 5150 ad
1541 5098 1759 5149 terram

93 5189 312 5260 elisus,
346 5205 379 5243 a
406 5192 571 5259 tergo
603 5201 832 5256 semper
864 5184 1095 5250 habeat,
1122 5184 1222 5255 qui
1254 5186 1382 5254 ejus
1414 5184 1604 5239 vicem
1655 5199 1759 5237 ex-

1852 3560 2068 3616 tionem
2102 3559 2329 3630 expleat
2359 3560 2532 3615 ofﬁcii
2583 3560 2777 3632 ccepti.
2835 3561 2961 3616 Non
3011 3561 3167 3617 enim
3220 3560 3378 3616 aliud
3429 3560 3501 3615 ad

1854 3649 2326 3722 supplementum
2362 3651 2608 3706 initiatis
2642 3650 2931 3723 mysteriis
2971 3652 3271 3723 competit,
3324 3667 3501 3721 quam

1857 3745 1960 3796 aut
1988 3740 2322 3811 incipientis
2355 3745 2456 3795 aut
2482 3741 2897 3811 subsequentis
2929 3741 3210 3811 explenda
3260 3739 3502 3795 benedi-

1858 3831 1970 3886 ctio
2002 3830 2361 3885 sacerdotis:
2400 3831 2537 3901 quia
2565 3846 2668 3884 nec
2712 3830 2963 3900 perfecta
3012 3830 3194 3885 videri
3240 3832 3508 3900 possunt,

1858 3919 1973 3974 nisi
2007 3919 2378 3989 perfectionis
2410 3919 2613 3973 ordine
2666 3917 3105 3990 compleantur;
3164 3932 3293 3972 cum
3349 3917 3507 3971 enim

1860 4027 2044 4065 unum
2074 4025 2278 4065 sumus
2312 4025 2512 4064 omnes
2542 4009 2600 4062 in
2653 4008 2904 4076 Christo,
2955 4006 3101 4061 nihil
3149 4005 3505 4060 contrarium

1861 4100 2166 4156 diversitas
2197 4099 2431 4169 format,
2465 4098 2561 4153 ubi
2585 4097 2839 4153 efﬁcscia
2870 4094 3271 4169 prosperitatis
3314 4094 3512 4149 unitas

1864 4191 1998 4247 ﬁdei
2030 4193 2424 4262 repraesentat.
2470 4189 2631 4252 Quod
2682 4187 2855 4244 etiam
2906 4185 3264 4250 consultum,
3315 4185 3513 4240 cuncti

1864 4281 2086 4337 ordinis
2119 4280 2308 4335 clerici
2342 4278 2627 4333 indictum
2660 4275 3057 4332 velindultum
3078 4290 3206 4331 esse
3238 4272 3351 4329 sibi
3397 4288 3513 4327 non

1867 4371 2190 4442 ambigant,
2214 4370 2337 4439 sed,
2356 4373 2421 4424 ut
2442 4366 2806 4437 praemissum
2832 4370 2920 4421 est
2938 4365 2997 4420 in
3025 4362 3512 4437 praecedentibus,

1868 4460 2068 4517 statim
2097 4459 2198 4514 alii
2230 4474 2333 4530 pro
2366 4456 2793 4527 complcmento
2821 4454 3154 4509 succedant.
3184 4452 3265 4508 Ne
3315 4455 3512 4507 tamen

1868 4552 2021 4623 quod
2051 4554 2270 4605 naturae
2301 4546 2597 4618 languoris
2636 4560 2813 4600 causa
2861 4542 3207 4608 consulitur,
3257 4540 3316 4595 in
3372 4556 3513 4609 pras-

1870 4638 2227 4711 sumptionis
2283 4635 2594 4707 perniciem
2655 4635 3043 4701 convertatur,
3122 4629 3320 4684 nullus
3389 4632 3518 4699 post

1871 4730 2068 4785 cibum
2104 4732 2445 4799 potumque,
2479 4722 2601 4780 sive
2639 4721 2941 4793 quodlibet
2992 4720 3303 4774 minimum
3355 4731 3516 4770 sum-

1793 4809 1839 4873 D
1873 4822 2063 4891 ptum,
2107 4814 2318 4871 missas
2377 4815 2585 4881 facere,
2638 4809 2954 4879 nullusque
2997 4807 3218 4876 absque
3264 4803 3519 4874 patentis

1870 4904 2147 4962 molestias
2180 4905 2460 4974 proventu
2494 4899 2761 4954 minister
2791 4897 2875 4951 vel
2911 4893 3205 4957 sacerdos,
3238 4906 3369 4945 cum
3401 4905 3516 4944 cm-

1871 4998 2041 5068 perit,
2074 4992 2415 5063 imperfecta
2457 4989 2645 5044 ofﬁcia
2696 4987 3011 5057 praesumat
3059 4983 3296 5037 omnino
3341 4977 3516 5033 relin-

1873 5101 2068 5158 quere.
2101 5084 2159 5138 Si
2190 5081 2323 5155 quis
2374 5081 2496 5135 haec
2551 5075 2857 5132 temerarie
2909 5069 3369 5145 praesumpserit,
3422 5082 3522 5122 ex-

1875 5170 2425 5233 communicationis
2456 5166 2808 5224 sententiam
2840 5159 3173 5219 sustinebit.
3243 5175 3251 5184 '

174 5422 633 5492 moonxtz.
710 5415 1158 5492 “S-Leoeeist-
1192 5411 1783 5492 40.._°.Mart.i.n2si.n
1842 5425 1971 5481 εγιιι
2037 5388 3522 5492 Praesensnauali-.35.‘°.;'°:‘fm.;."tz..,?3;

96 5497 148 5532 υ
190 5495 243 5550 II
276 5494 406 5549 Cor.
441 5510 521 5560 xi,
557 5493 742 5548 13-15.

95 5578 154 5625 et
191 5544 615 5621 'c'zééfrilédf
659 5544 979 5617 iti‘Aberrat
1010 5574 1242 5629 quoque
1273 5544 1367 5611 hic
1394 5555 1730 5629 consulatus
1759 5569 1852 5629 an.
1888 5552 1991 5629 170
2023 5549 2253 5629 αΐῦξυεξ.
2334 5545 2377 5629 ξτ
2425 5544 2534 5629 22³.
2570 5558 2603 5613 q

821 5461 1350 5550 ίῖῐίειῐιῖῗῖιιῗὶδ,
1386 5461 2000 5543 ίῖἻῖρὲᾰιῖεὲῖιίὶι,
2037 5476 2281 5550 18,105.
2340 5472 2406 5550 ,ξι
2428 5471 2579 5550 nan.
2614 5485 2682 5550 ιιῑ
2726 5467 2907 5550 ροιὲβ.
2964 5464 3034 5550 ,τε
3085 5465 3142 5550 in
3189 5478 3300 5550 [ξε.
3336 5461 3526 5550 surge

2615 5542 2694 5594 ,4
2746 5556 2758 5594 :
2811 5537 2872 5591 Si
2922 5534 3159 5607 aliquid.
3214 5534 3299 5607 Ita
3349 5532 3525 5607 etiam

104 5604 699 5698 E‘aeiéiivéoii23fdres.
736 5604 1367 5689 ‘éQée'Pn'EZEEa'éi
1397 5604 1727 5696 511353—6311?
1760 5604 2001 5698 cit-atus
2028 5619 2292 5698 ex_.l}edae_
2308 5688 2318 5698 .
2339 5604 2737 5698 homiliagui,‘
2764 5611 2842 5698 In,
2876 5604 3529 5698 ηᾳξαΖξ-ιάςιζριιέἑιίζιίιξ

102 5676 1369 5772 335::.'.-£""B”Hé22'n;’e‘é?.“5136M?ixi
1398 5676 1730 5772 αῗιῑιῖᾱξέῖᾷ.
1764 5676 1951 5772 sitast
1984 5693 2008 5745 1
2038 5689 2231 5772 :_qud
2260 5688 2433 5745 divin.
2460 5716 2555 5772 _—-;
2580 5680 2981 5772 ngottuveriua
3026 5686 3111 5733 est
3154 5693 3224 5731 ex
3281 5676 3527 5731 concilio

105 5756 403 5840 iisiiéilia'o
434 5756 679 5851 nfciﬁ.‘
694 5756 1033 5831 'iTIl-"ariisf
1089 5773 1133 5807 ¹⁰
1164 5756 1347 5828 Eccle.
1377 5786 1457 5836 1v,
1492 5756 1579 5825 10.
1656 5767 1704 5802 ³ο
1732 5756 2028 5829 Hactenus
2061 5766 2291 5818 tantum
2322 5759 2474 5831 apud
2516 5756 2883 5812 Gratianum.
