3922 6304
110 421 274 484 1141

1618 427 2034 490 EPISTOLE.

3375 432 3531 491 1142

114 557 465 630 gislatorem
498 558 769 617 docuisse
797 575 811 617 :
850 578 873 612 ι
906 561 1113 618 Omnia
1144 579 1271 634 quae
1329 563 1546 620 creavit
1588 564 1766 633 Deus,
1800 568 1853 635 Α
1882 566 2064 621 tata“
2093 563 2170 619 sit
2200 562 2468 635 pleniter.
2500 564 2544 598 ³³
2565 562 2677 620 Nec
2701 562 3070 634 litigantibus
3100 563 3146 599 ³⁸
3170 564 3348 635 judex
3365 569 3526 637 prius

110 652 291 703 erant
322 647 483 705 valde
513 649 666 706 bona
697 650 760 705 2‘.
794 674 821 704 ››
859 651 924 706 Et
971 651 1100 724 ipsa
1132 668 1234 724 per
1286 669 1347 709 se
1380 653 1606 709 Veritas
1638 653 1716 709 ait
1753 670 1767 711 :

118 758 141 785 σ
175 736 307 792 Non
337 738 493 809 quod
521 740 707 794 intrat
762 740 821 795 in
853 757 917 796 os
950 740 1284 812 coinquinat
1316 742 1634 809 hominem,
1668 743 1773 800 sed

113 827 279 898 quod
338 827 454 884 exit
487 829 557 884 de
587 845 684 884 ore
715 828 783 885 ⁸⁵.
818 852 846 879 τ)
895 828 1056 886 Unde
1102 835 1330 886 constat
1388 848 1501 888 non
1563 831 1774 888 debere

107 916 359 972 refutari
386 933 553 974 escas
585 933 947 987 communes,
984 936 1132 990 quas
1165 919 1318 976 Deus
1368 920 1441 975 ad
1473 921 1635 976 cibos
1666 920 1769 975 tri-

109 1005 250 1060 buit
283 1006 558 1063 ﬁdelibus
588 1006 733 1064 suis.
785 1013 851 1065 Et
881 1009 938 1064 in
991 1009 1233 1065 Actibus
1268 1010 1664 1081 apostolorum
1699 1012 1771 1066 de

118 1094 367 1151 mundis
394 1095 546 1151 escis
578 1095 792 1167 legitur
820 1097 901 1153 ita
936 1114 950 1153 :
989 1120 1009 1147 ι
1048 1098 1286 1154 Postera
1316 1103 1511 1155 autem
1543 1099 1637 1155 die
1665 1100 1774 1155 iter

118 1186 246 1241 illis
280 1187 630 1243 facientibus
662 1189 1023 1257 domesticis,
1056 1195 1113 1246 et
1156 1191 1772 1263 apprOpinquantibus

113 1276 362 1344 civitati,
411 1278 675 1334 ascendit
736 1284 940 1335 Petrus
988 1280 1046 1334 in
1098 1281 1423 1352 superiora,
1484 1284 1550 1336 ut
1580 1285 1772 1337 oraret

113 1365 277 1421 circa
322 1366 523 1422 horam
566 1372 809 1424 sextam.
844 1370 911 1423 Et
950 1385 1085 1425 cum
1135 1371 1402 1438 esuriret,
1452 1370 1633 1426 voluit
1662 1387 1770 1443 gu-

108 1462 290 1511 stare.
341 1455 693 1512 Parantibus
735 1462 932 1513 autem
965 1459 1070 1527 eis,
1130 1459 1339 1515 cecidit
1398 1475 1575 1532 super
1633 1477 1770 1515 eum

105 1544 327 1601 mentis
374 1561 669 1614 excessus,
703 1551 758 1601 et
789 1546 932 1602 vidit
989 1547 1197 1604 cmlum
1232 1553 1523 1621 apertum,
1560 1552 1617 1603 et
1668 1549 1769 1604 de—

108 1634 405 1691 scendens
447 1652 544 1692 vas
575 1638 899 1708 quoddam,
951 1637 1103 1693 velut
1161 1637 1408 1694 linteum
1462 1654 1769 1710 magnum,

114 1729 376 1795 quatuor
404 1724 592 1781 initiis
639 1726 901 1781 submitti
932 1727 1002 1782 de
1032 1727 1175 1782 ccelo
1208 1727 1268 1782 in
1294 1732 1528 1797 terram,
1564 1729 1620 1783 in
1655 1744 1769 1799 quo

111 1818 290 1869 erant
344 1815 544 1869 omnia
597 1816 999 1888 quadrupedis.
1046 1821 1101 1871 et
1146 1816 1437 1889 serpentia
1466 1821 1653 1885 terrea,
1712 1820 1769 1872 et

1878 672 1985 711 sua
2016 653 2152 710 velit
2197 653 2491 710 sententia
2542 654 2793 722 obviare,
2827 655 2941 711 nisi
2974 656 3207 728 quando
3238 654 3519 727 ipsi,jam

1880 744 2126 817 peractis
2158 744 2455 814 omnibus,
2494 744 2639 800 nihil
2662 744 2913 801 habeant
2935 745 2995 800 in
3018 746 3336 816 quaestione
3366 747 3522 818 quod

1878 839 2222 908 proponant.
2251 835 2314 890 Et
2343 834 2547 890 tandiu
2580 835 2727 890 actio
2748 834 3082 904 ventiletur,
3108 852 3409 908 quousque
3442 836 3526 891 rei

1878 925 2089 981 veritas
2118 923 2471 980 inveniatur.
2504 924 2861 995 Frequenter
2886 924 3243 996 interrogare
3274 931 3521 997 oportet,

1880 1030 1951 1069 ne
1998 1013 2217 1084 aliquid
2278 1010 2733 1083 praetermissum
2803 1011 2944 1067 forte
2994 1018 3314 1081 remaneat,
3364 1015 3520 1084 quod

1878 1103 2109 1159 annecti
2142 1103 2465 1159 conveniat.
2501 1103 2547 1137 3‘
2576 1100 2832 1157 Induciae
2853 1100 3009 1157 enim
3044 1119 3158 1157 non
3181 1102 3419 1158 modicae
3445 1103 3519 1157 ad

1878 1193 2292 1265 inquirendum
2326 1193 2529 1248 dandas
2556 1196 2716 1262 sunt,
2739 1192 2783 1225 ³⁸
2817 1207 2887 1247 ne
2909 1191 3128 1263 aliquid
3156 1208 3518 1265 praepropere

1877 1284 1972 1356 agi
2002 1301 2035 1338 a
2066 1300 2417 1355 quacunque
2464 1287 2625 1353 parte
2664 1281 2966 1349 videatur;
3001 1281 3138 1351 quia
3185 1298 3286 1353 per
3316 1281 3518 1337 subre-

1877 1373 2132 1446 ptionem
2165 1373 2351 1428 multa
2371 1374 2741 1445 proveniunt.
2775 1370 2930 1426 Nihil
2961 1375 3153 1426 tamen
3188 1372 3404 1443 absque
3429 1370 3516 1427 1e-

1876 1464 2082 1534 gitimo
2112 1467 2170 1518 et
2199 1462 2407 1518 idoneo
2438 1466 2774 1518 accusatore
2802 1462 2922 1515 ﬁat.
2962 1460 3108 1517 Nam
3150 1469 3203 1515 et
3234 1459 3516 1517 Dominus

1878 1558 2075 1610 noster
2103 1554 2276 1610 Jesus
2308 1553 2575 1610 Christus
2600 1553 2808 1608 Judam
2830 1553 2875 1587 ³⁸
2895 1552 3085 1609 furem
3109 1568 3239 1609 esse
3261 1552 3515 1621 sciebat;

1877 1648 1977 1703 sed
2010 1647 2149 1719 quia
2174 1663 2288 1702 non
2325 1650 2413 1701 est
2442 1650 2772 1714 accusatus,
2806 1646 2935 1701 ideo
2982 1661 3095 1701 non
3148 1648 3233 1700 est
3275 1646 3515 1715 ejectus.

1876 1740 1944 1794 Et
1974 1739 2259 1811 quidquid
2291 1739 2442 1793 inter
2463 1737 2758 1809 apostolos
2792 1737 2929 1807 egit,
2953 1753 3056 1807 pro
3094 1735 3373 1807 dignitate
3404 1738 3517 1791 mi-

1876 1828 2096 1884 nistcrii
2144 1833 2334 1883 ratum
2365 1827 2600 1883 mansit.
2634 1826 2779 1882 Nam
2832 1825 2881 1879 si
2912 1823 3063 1895 leges
3116 1824 3312 1880 saeculi
3344 1841 3518 1880 accu-

111 1902 660 2000 YOlatilli§_0CBli.Et
696 1905 848 2000 ῖεξοῐει
877 1910 1098 2000 ϐενε-ΥΟΧ
1130 1906 1200 2000 ad
1236 1922 1370 1963 eum
1404 1906 1766 2000 :Surge_,P_e-
1798 1934 1847 2000 Β
1877 1923 2100 1976 satores
2136 1917 2463 1989 requirunt,
2498 1920 2716 1987 quanto
2751 1914 2944 1988 magis
2972 1914 3380 1971 ecclesiasticae
3426 1930 3515 1969 re-

110 1996 229 2060 tre,
263 1993 462 2049 occide
490 1998 548 2050 et
576 1995 886 2052 manduca.
922 1996 1017 2050 Ait
1076 1999 1269 2052 autem
1302 2000 1510 2052 Petrus
1537 2013 1548 2051 :
1575 1996 1761 2067 Absit,

112 2082 533 2155 Domine,quia
550 2100 854 2156 nunquam
878 2085 1222 2141 manducavi
1255 2102 1429 2141 omne
1452 2101 1765 2142 commune

111 2177 174 2230 et
216 2172 594 2230 immundum
631 2173 643 2228 l
676 2178 748 2230 Et
785 2192 893 2231 vox
923 2175 1139 2232 iterum
1186 2177 1445 2233 secundo
1475 2178 1547 2233 ad
1579 2193 1713 2233 eum
1748 2192 1764 2233 :

110 2263 282 2327 Quod
315 2267 465 2320 Deus
496 2263 917 2336 puriﬁcavit,tu
949 2282 1262 2323 commune
1294 2282 1364 2323 ne
1387 2266 1623 2322 dixeris.
1649 2267 1765 2323 IIoc

108 2356 316 2407 autem
350 2352 567 2409 factum
601 2358 691 2410 est
723 2370 821 2427 per
854 2358 958 2411 ter.
994 2356 1062 2411 Et
1112 2356 1309 2412 statim
1342 2372 1442 2412 vas
1470 2359 1765 2427 receptum

111 2448 204 2496 est
236 2442 295 2495 in
326 2441 532 2498 omium
569 2440 638 2501 ³⁸,
664 2464 693 2492 ››

903 2570 972 2627 II.

226 2695 299 2751 De
343 2696 788 2752 accusationibus
812 2698 1184 2769 episcoporum
1213 2703 1264 2752 et
1305 2696 1657 2753 clericorum.

190 2824 269 2875 De
291 2821 763 2877 accusationibus
796 2838 933 2894 ergo
963 2821 1517 2895 clericorum,super
1552 2822 1769 2895 quibus

121 2908 379 2965 consulti
426 2927 654 2980 sumus,
690 2912 828 2983 quia
865 2928 1068 2967 omnes
1108 2927 1309 2967 eorum
1364 2912 1771 2968 accusationes

120 2998 366 3054 difﬁcile
399 3003 487 3055 est
519 3001 587 3055 ad
618 3001 814 3056 sedem
858 3000 1240 3072 apostolicam
1274 3002 1516 3069 deferre,
1548 3000 1773 3057 ﬁnitiva

121 3088 536 3159 episcoporum
570 3093 795 3145 tantum
824 3090 1048 3161 judicia
1075 3090 1189 3145 huc
1215 3092 1641 3160 deferantur,ut
1671 3091 1773 3146 hu-

109 3179 222 3248 jus
254 3182 466 3233 sanctae
501 3178 659 3234 sedis
681 3179 1027 3235 auctoritate
1060 3179 1519 3249 ﬁniantur,sicut
1549 3182 1619 3237 ab
1642 3197 1777 3253 apo-

116 3266 292 3322 stolis
315 3281 627 3339 eorumque
647 3268 1440 3336 successoribus,multorum
1473 3286 1765 3326 consensu

116 3358 556 3427 episcoporum,
581 3359 704 3428 jam
740 3358 1043 3413 deﬁnitum
1076 3362 1186 3414 est.
1239 3359 1281 3393 ³⁷
1316 3358 1427 3417 Nec
1474 3360 1529 3414 in
1564 3376 1766 3415 eorum

116 3444 386 3501 ecclesiis
417 3444 512 3501 alii
546 3450 647 3501 aut
679 3452 1117 3519 praeponantur,
1141 3451 1241 3503 aut
1271 3448 1637 3515 ordinentur,
1664 3466 1770 3505 an-

119 3540 365 3607 tequam
428 3534 521 3591 hic
579 3551 777 3592 eorum
832 3537 991 3607 juste
1066 3536 1452 3592 terminentur
1516 3538 1767 3611 negotia.

122 3623 177 3659 ³8
206 3624 490 3689 Quoniam
523 3624 977 3697 quamvisliceat
996 3628 1145 3695 apud
1171 3626 1554 3698 provinciales
1585 3636 1638 3683 et
1658 3645 1771 3684 me-

122 3714 513 3785 tropolitanos
573 3722 747 3786 atque
796 3716 1077 3787 primates
1126 3733 1327 3771 eorum
1367 3716 1645 3773 ventilare
1675 3734 1768 3773 ac-

118 3804 460 3859 cusationes
481 3804 567 3860 vel
599 3803 1053 3874 criminationes,
1078 3822 1193 3860 non
1226 3809 1418 3861 tamen
1450 3806 1585 3861 licet
1614 3806 1767 3861 diffi-

120 3892 253 3947 nire
283 3909 452 3949 secus
500 3909 674 3963 quam
705 3894 1044 3965 praedictum
1088 3898 1196 3950 est.
1229 3894 1602 3965 Reliquorum
1638 3911 1765 3952 vero

115 3981 463 4038 clericorum
488 3999 698 4038 causas
739 3983 891 4052 apud
929 3982 1310 4053 provinciales
1341 3988 1398 4038 et
1428 3983 1766 4054 metropoli-

108 4076 288 4125 tanos
318 4087 383 4126 ac
416 4070 712 4142 primates,
739 4075 795 4126 et
825 4071 1101 4127 ventilare
1123 4076 1178 4126 et
1208 4073 1373 4143 juste
1408 4072 1574 4127 linire
1606 4072 1762 4129 licet.

109 4160 162 4194 ²⁹
188 4159 555 4215 Judicantem
589 4164 781 4215 tamen
816 4165 1044 4231 oportet
1074 4166 1286 4216 cuncta
1316 4162 1518 4217 rimari
1547 4160 1596 4196 ³ο
1624 4163 1760 4233 (53),

106 4254 171 4303 et
202 4249 467 4304 ordinem
498 4266 693 4307 rerum
729 4248 1302 4321 plenaiuquisitione
1332 4249 1643 4315 discutere,
1681 4252 1762 4306 in-

110 4338 447 4409 terrogandi
480 4354 546 4394 ac
596 4339 980 4410 proponendi,
1031 4339 1458 4410 adjiciendique
1518 4341 1761 4410 praebita

105 4424 397 4496 patientia
427 4427 499 4483 ab
530 4431 688 4495 eo,ut
717 4428 799 4482 ibi
830 4427 979 4484 actio
998 4428 1303 4483 ambarum
1329 4432 1589 4499 partium
1612 4428 1761 4484 limi-

190 4542 236 4577 ²⁴
268 4542 407 4600 Gen.
466 4562 504 4611 ι,
562 4544 652 4600 31.
731 4544 777 4579 ²⁵
843 4545 1051 4602 Matth.
1092 4562 1185 4614 xv,
1254 4546 1340 4599 11.
1420 4545 1465 4580 ²⁸
1494 4547 1619 4601 Act.
1676 4563 1732 4613 x,
1798 4545 1944 4601 946.

1875 2008 2042 2081 gulae.
2077 2011 2293 2063 Docent
2322 2006 2479 2062 enim
2503 2004 2802 2061 terrestria
2831 2008 2888 2060 et
2917 2004 3197 2071 humana,
3232 2019 3357 2074 quae
3399 2002 3516 2059 sint

1871 2095 2268 2155 ecclesiastica
2298 2098 2471 2167 atque
2504 2094 2784 2151 coelestia.

2636 2183 2731 2240 ΙΙΙ.

1978 2279 2053 2334 De
2080 2276 2532 2333 accusationibus
2561 2273 2813 2329 omnium
2840 2270 3408 2343 comprovincialium.

1948 2368 2023 2424 De
2079 2366 2549 2423 accusationibus
2605 2379 2740 2420 vero
2802 2360 3392 2433 comprovincialibus
3436 2360 3521 2417 ita

1871 2456 2087 2528 legitur
2108 2471 2237 2511 esse
2264 2457 2549 2510 statutum
2579 2453 2622 2486 ⁸⁷
2649 2470 2661 2508 :
2693 2451 2752 2507 Si
2787 2450 2920 2522 quis
2947 2466 3121 2520 super
3164 2448 3522 2521 quibuslibet

1873 2544 2219 2600 criminibus
2242 2542 2565 2615 quemlibet
2585 2541 2859 2596 clericum
2881 2538 3235 2610 pulsandum
3260 2538 3523 2594 credide-

1874 2636 1968 2704 rit,
1996 2634 2054 2689 in
2087 2633 2405 2705 provincia,
2438 2633 2499 2688 in
2532 2648 2647 2704 qua
2676 2630 2946 2687 consistit
2977 2628 3073 2684 ille
3102 2630 3200 2699 qui
3233 2629 3518 2700 pulsatur,

1875 2741 2009 2780 suas
2040 2727 2300 2779 exerceat
2333 2720 2605 2789 actiones,
2638 2719 2686 2755 ³8
2723 2734 2827 2775 nec
2852 2719 3098 2773 mstimet
3130 2720 3176 2752 δ’
3205 2734 3341 2773 eum
3381 2718 3523 2773 alibi

1875 2821 1974 2871 aut
2002 2814 2234 2885 longius
2265 2814 2335 2868 ad
2364 2811 2651 2882 judicium
2681 2809 3140 2881 protrahendum
3176 2810 3238 2863 ιο.
3275 2807 3363 2862 Illi
3386 2823 3519 2863 vero

1878 2905 1976 2976 qui
2001 2902 2266 2975 pulsatus
2288 2901 2479 2965 fuerit,
2504 2899 2553 2954 si
2577 2900 2835 2970 judicem
2860 2902 3200 2969 suspectum
3230 2897 3521 2967 habuerit,

1876 2994 2046 3049 liceat
2087 2991 2396 3063 appellare.
2430 2989 2684 3045 Caveent
2727 2987 2903 3043 etiam
2948 2985 3180 3054 judices
3226 2985 3518 3055 Ecclesiae,

1878 3101 1951 3139 ne
1982 3084 2222 3139 absente
2260 3097 2327 3137 eo
2361 3080 2527 3149 cujus
2573 3093 2751 3133 causa
2795 3074 3135 3143 ventilatur,
3168 3074 3519 3129 sententiam

1879 3174 2196 3246 proferant,
2228 3171 2363 3243 quia
2393 3168 2555 3223 irrita
2586 3166 2718 3232 erit,
2749 3165 2866 3220 imo
2898 3165 3069 3220 etiam
3102 3167 3160 3220 et
3188 3179 3427 3219 causam
3458 3164 3518 3218 in

1880 3263 2099 3335 synodo
2131 3278 2235 3335 pro
2267 3262 2416 3316 facto
2449 3254 2746 3314 dabunt.“
2772 3253 3088 3310 Proditoris
3127 3268 3260 3309 vero
3289 3269 3395 3308 nec
3424 3268 3520 3307 ca-

1882 3353 2127 3423 lumnia,
2160 3366 2266 3407 nec
2295 3366 2403 3406 vox
2432 3348 2723 3404 audiatur.
2756 3346 2938 3401 Nemo
2996 3343 3151 3399 enim
3200 3342 3520 3398 debitorem

1881 3443 2136 3515 amplius
2184 3444 2377 3513 potest
2417 3450 2787 3509 cognoscere,
2844 3450 3021 3505 quam
3052 3432 3172 3500 ille,
3229 3431 3329 3504 qui
3363 3432 3524 3501 inju-

1881 3537 2027 3592 riam
2059 3536 2304 3606 ejusque
2334 3529 2619 3587 sustinuit
2641 3524 3324 3597 nequitiam.0ppressus
3354 3538 3522 3577 nam-

1880 3641 1991 3698 que
2031 3626 2104 3679 ab
2161 3621 2435 3679 omnibus
2479 3618 2540 3673 in
2597 3614 2823 3671 cunctis
2883 3614 3264 3669 subveniatur
3306 3611 3519 3667 causis.

1881 3716 2005 3770 Haec
2037 3714 2234 3769 omnia
2278 3723 2649 3779 summopere
2678 3708 2818 3760 sunt
2849 3703 3218 3759 attendenda.
3252 3700 3366 3759 Nec
3397 3700 3519 3755 cri-

1878 3801 2120 3858 minatio
2154 3800 2470 3860 minorum,
2502 3797 2723 3867 quanta
2756 3792 2933 3863 magis
2980 3792 3409 3862 episcoporum,
3443 3788 3522 3842 fa-

1877 3892 1983 3948 cile
2013 3894 2103 3947 est
2132 3888 2484 3959 recipienda,
2510 3886 2735 3940 dicente
2760 3881 3006 3938 Domino
3042 3896 3054 3933 :
3089 3899 3118 3929 α
3150 3882 3275 3933 Non
3308 3892 3519 3944 seque-

1876 3982 1957 4037 ris
1991 3980 2194 4035 turbas
2214 3978 2284 4033 ad
2303 3974 2633 4031 faciendum
2666 3970 2887 4027 malum
2920 3970 2986 4024 ⁸³.
3006 3990 3035 4018 ››
3050 3968 3116 4022 Et
3141 3965 3316 4021 alibi:
3343 3981 3369 4012 α
3389 3965 3514 4021 Non

1875 4068 2164 4141 suscipias
2213 4082 2409 4122 vocem
2440 4060 2728 4118 mendacii
2760 4058 2826 4112 ‘3.
2862 4081 2888 4107 »
2923 4058 2990 4112 Et
3021 4057 3078 4110 in
3122 4053 3515 4123 Paralipome-

1873 4176 1989 4215 non
2019 4140 2232 4229 legitur
2266 4170 2280 4210 :
2313 4176 2341 4205 (ι
2371 4152 2581 4208 Omnia
2610 4150 2781 4207 corda
2812 4149 3107 4204 scrutatur
3142 4140 3516 4229 Dominus,et

1872 4228 2105 4305 omnem
2131 4242 2545 4316 cogitationem
2600 4237 2776 4293 novit.
2828 4239 3013 4289 Homo
3068 4247 3201 4287 vero
3250 4229 3403 4284 videt
3450 4228 3511 4283 in

1871 4338 2035 4408 facie,
2061 4337 2213 4391 Deus
2243 4337 2435 4389 autem
2482 4331 2540 4385 in
2573 4329 2743 4384 corde
2772 4327 2838 4382 “.
2873 4346 2901 4375 »
2934 4325 3001 4379 Et
3051 4321 3191 4377 alibi
3222 4319 3510 4391 scriptum

1870 4432 1960 4485 est
1990 4443 2004 4482 :
2039 4450 2067 4477 κ
2100 4425 2227 4480 Non
2275 4423 2463 4495 potest
2503 4419 2757 4474 humano
2788 4411 3166 4471 condemnari
3223 4408 3509 4475 examine,

2023 4543 2293 4599 97can.4
2359 4556 2521 4596 conc.
2588 4532 2972 4592 Sardicensis.
3049 4528 3097 4563 ³⁸
3150 4529 3204 4596 3,
3271 4544 3346 4599 ᾳ.
3396 4529 3427 4580 6
3495 4540 3511 4581 :

110 4596 383 4684 Qmmivis
396 4596 713 4689 initiati-’9
732 4617 821 4681 30,
843 4596 1965 4689 @3330?Judﬁéiéﬂfqpbriéi,
1996 4596 2293 4689 ubi'pluvra
2322 4615 2451 4689 Ant.
2486 4611 2742 4689 Gentius.
2782 4604 2863 4689 ’.³ο
2894 4602 3032 4689 Cod.
3052 4596 3510 4689 Ihﬂeodf'l‘ibnu,

111 4670 201 4760 ᾖε·
240 4689 323 4752 ¹⁸ν
348 4670 535 4744 “nsi-
571 4670 621 4741 Γ
699 4690 742 4723 ³¹
792 4670 1007 4742 ι’ίηῖαιαό
1040 4670 1351 4760 Tenum;
1378 4670 1683 4743 eam:
1714 4670 1755 4722 si

1965 4670 2021 4742 ni
2051 4670 2549 4760 interpretatio‘ad
2597 4680 2744 4760 imp.
2777 4679 2973 4760 Qon'st‘.
3051 4670 3097 4705 3‘
3133 4673 3188 4739 3,
3217 4670 3512 4760 ἓλὸοεε-ζςις

103 4739 291 4815 atas
311 4739 707 4831 tantum.
784 4739 1008 4815 sergia
1041 4739 1723 4831 11,3;3‘.“i,'e.'éd;ei.“
1754 4775 1768 4815 ε
1799 4739 2189 4815 nisi—ciam;
2208 4739 2232 4757 ι’
2266 4756 2312 4791 ιε
2342 4739 2771 4831 Ambiguae.
2799 4751 2855 4802 ίη
2889 4746 3054 4831 lCor.
3280 4739 3507 4831 aLS'igxt‘o

105 4848 262 4899 papa
283 4846 348 4885 ex
381 4830 656 4886 Gratiano
686 4832 720 4885 3

819 4873 831 4885 .
851 4810 1210 4902 *ὃνξὲἰ-ξίιλῖδ-
1228 4810 1467 4886 clericus
1492 4810 1519 4898 ;’
1540 4810 1607 4885 ἐξ
2217 4830 2319 4883 318
2342 4810 2458 4902 {ab
2490 4821 2833 4902 Eleutherio.
2862 4824 2918 4872 et
2947 4832 3080 4902 cap;
3234 4829 3267 4867 a
3288 4810 3504 4902 Felice.

105 4848 262 4899 papa
283 4847 348 4885 ex
381 4847 656 4886 urauano
686 4847 720 4885 δ
775 4847 831 4902 q.
862 4847 897 4884 ο
929 4849 940 4885 :
976 4847 1043 4886 bl
1075 4847 1199 4902 quis
1228 4847 1458 4886 aeneus
1492 4848 1506 4898 ;
1540 4848 1607 4885 ex
1636 4847 1810 4888 1vone
1840 4847 1986 4902 part.
2020 4848 2095 4899 v1,
2131 4847 2180 4885 c.
2217 4847 2354 4895 eis;
2387 4847 2458 4881 an
2492 4847 2833 4902 nieutueriu.
2862 4847 2918 4872 Cb
2947 4847 3068 4897 Bay:
3102 4847 3203 4895 ..-τι
3234 4847 3267 4867 α
3300 4847 3318 4865 ι
3341 4847 3502 4865 ww.

102 4903 287 4957 Hann.
366 4900 415 4935 ³⁸
447 4903 617 4957 iiadr.
655 4874 784 4958 coll.
836 4904 889 4956 8.
921 4903 1183 4957 Anianus
1236 4902 1307 4956 ad
1362 4902 1653 4959 Novellum
1713 4902 2102 4958 Valentiniani
2159 4904 2215 4957 et
2262 4898 2535 4956 Marciani
2598 4907 2888 4949 neminem
2934 4887 3211 4959 exhiberi,
3282 4887 3426 4959 atq,
3448 4882 3502 4959 _3,

106 4978 316 5045 quaest.
351 4974 385 5027 9
420 4988 432 5028 :
463 4976 704 5031 Caveant
734 4974 955 5043 iudices.
1033 4975 1077 5008 ³⁹
1107 4972 1438 5041 Gratianus,
1492 4973 1789 5030 existimet.
1840 4974 2023 5029 Hann.
2080 4974 2144 5045 _‘°
2165 4973 2497 5045 Gratianus,

102 5043 234 5100 cod.
266 5045 484 5101 Theod.
519 5050 575 5100 et
608 5045 818 5101 Aniani
850 5045 1379 5118 interpretationes.
1454 5046 1501 5080 ⁴²
1525 5046 1702 5101 Exod.
1733 5062 1890 5116 mu,
1922 5047 1976 5100 2.
2054 5043 2099 5079 ‘3
2130 5044 2300 5108 Ibid.,
2338 5045 2387 5097 1.

174 5168 285 5239 (53)
315 5168 662 5224 Judicantem
694 5175 877 5225 tamen
905 5173 1116 5240 Oportet
1156 5179 1354 5225 cuncta
1376 5170 1598 5223 rimari.
1634 5169 1746 5223 Ho-

100 5255 233 5312 rum
265 5242 569 5312 verborum
602 5246 946 5312 argumento
980 5248 1109 5311 post
1137 5241 1405 5296 Contium
1437 5240 1610 5295 etiam
1646 5241 1749 5294 Ba-

100 5310 328 5379 ronius,
359 5311 510 5366 hanc
540 5310 843 5379 epistolam
873 5310 1228 5368 existimavit
1256 5328 1384 5366 esse
1415 5320 1749 5381 corruptam

98 5388 159 5436 et
186 5382 532 5450 adulteram,
562 5385 715 5454 quod
749 5400 971 5453 ea,qua:
1003 5385 1073 5438 de
1099 5383 1339 5453 judiciis
1368 5385 1429 5436 in
1455 5382 1584 5453 ipsa
1606 5383 1747 5437 scri-

98 5455 342 5519 buntur,
367 5470 437 5509 ex
467 5456 883 5510 constitutione
914 5456 1277 5510 Constantini
1312 5460 1369 5508 et
1397 5455 1750 5523 interpreta-

96 5524 257 5579 tione
288 5527 358 5598 ad
392 5543 519 5581 eam
544 5526 834 5597 opposita,
868 5544 996 5598 qua;
1029 5529 1085 5580 in
1136 5529 1265 5581 cod.
1300 5526 1520 5598 Theod.
1552 5526 1653 5598 lib.
1687 5541 1749 5591 ιι,

99 5598 171 5651 De
191 5596 447 5666 judioiis,
501 5596 713 5662 exstat,
766 5596 1163 5668 superaddita,
1197 5596 1485 5667 exscripta
1526 5601 1585 5651 et
1637 5596 1752 5650 huc

94 5668 388 5741 translata
420 5669 828 5741 vidcantur.(b)
861 5670 969 5725 Sed
1001 5670 1361 5741 cumreadem
1382 5669 1529 5722 infra
1552 5668 1753 5741 inlepi-

95 5738 251 5795 stola
282 5739 554 5795 decretali
582 5740 724 5796 Julii
757 5738 919 5813 papas
968 5742 1039 5797 ad
1071 5738 1403 5807 orientales,
1426 5756 1532 5811 cap
1576 5738 1663 5807 3i,
1697 5741 1754 5793 et

156 5865 232 5929 (ὁ)
258 5865 412 5917 Errat
443 5866 531 5917 hic
561 5880 778 5931 quoque
809 5866 1014 5927 Binius,
1046 5880 1106 5918 ut
1134 5866 1385 5932 pluribus
1422 5866 1512 5916 alii
1538 5867 1752 5918 docent.

2541 4964 2983 5039 pertrahendam.
3036 4958 3212 5039 titan.
3288 4952 3331 4988 “
3362 4952 3506 5007 Vide

2464 5031 2508 5074 “
2539 5031 2560 5095 Ῑ
2591 5036 2774 5093 Paral.
2808 5048 3007 5100 xxvm,
3039 5031 3093 5083 9.

1858 5168 1915 5223 in
1949 5166 2274 5223 canonibus
2308 5164 2548 5220 Adriani
2607 5179 2730 5232 cap.
2763 5161 2854 5227 26,
2878 5154 3069 5212 verbis
3097 5168 3271 5225 prope
3292 5150 3502 5232 iisdem

1859 5241 2162 5300 referatur.
2186 5240 2430 5308 ideoque
2461 5236 2590 5307 ipso
2622 5229 2748 5309 cod.
2781 5232 3216 5309 Theodosiano,
3242 5229 3341 5299 qui
3378 5232 3505 5309 post

1858 5320 2121 5382 tempora
2148 5298 2289 5366 Julii
2326 5298 3325 5383 papae-compilatus_est,antiqulior_a
3343 5298 3499 5363 sint;

1859 5376 2167 5438 manifesto
2199 5376 2429 5437 constat
2457 5379 2607 5433 hanc
2646 5376 2726 5432 de
2754 5376 2990 5444 judiciis
3022 5376 3500 5444 constitutionem

1861 5456 1932 5509 ab
1968 5454 2294 5509 Eleutherio
2325 5450 2646 5519 Julium,(e)
2673 5467 2704 5502 ιι
2724 5443 2880 5502 ,Ιιιιὶο
2910 5443 3501 5523 Theodosiumsdeo-

1861 5543 1974 5596 que
2005 5543 2038 5581 a
2070 5515 3033 5596 pontiticibusimperatoremmon
3064 5520 3264 5596 contra
3296 5515 3498 5596 abiim-

1862 5587 2127 5667 peratore
2158 5597 2484 5667 pontificem
2520 5587 2956 5667 h'ancAaiiasque
2989 5587 3503 5667 similesconstitu-

1862 5658 2052 5724 tiones
2086 5658 2387 5723 mutuasse
2417 5672 2474 5721 et
2505 5663 2819 5733 accepisse.
2843 5658 2913 5715 Et
2942 5667 3363 5733 consequenter
3394 5658 3502 5717 hac

1862 5741 1933 5795 de
1963 5755 2141 5795 causa
2172 5756 2287 5794 non
2321 5740 2492 5793 modo
2537 5729 2659 5791 non
2682 5733 2842 5787 velut
2889 5731 3156 5805 spurium
3189 5736 3246 5785 et
3274 5729 3503 5801 illegiti-

1926 5865 1989 5927 (e)
2024 5864 2169 5915 Hanc
2206 5860 2653 5926 priusapontiﬂce
2666 5857 2920 5921 scriptam
2950 5858 3176 5923 probare
3206 5856 3501 5919 oportebat.

3490 6108 3519 6119 Α
