3922 6304
1229 748 1417 936 S.
1565 747 2513 937 MELITO

407 1092 1321 1262 SARDIUM
1398 1099 1606 1261 IN
1686 1099 2159 1262 ASIA
2237 1093 3339 1262 EPISCOPUS

1067 1497 1590 1593 NOTITIA
1656 1498 1819 1593 ET
1886 1499 2693 1594 FRAGMENTA

159 1682 434 1760 (Carolus
458 1683 823 1760 Christianus
848 1686 1042 1754 Wooe,
1068 1687 1140 1760 De
1158 1687 1716 1757 Medilone,Sardium
1748 1689 1806 1743 in
1839 1689 1965 1760 Asia
1987 1692 2233 1760 episcOpo
2257 1706 2270 1758 ;
2291 1687 2625 1745 Dissertatio
2644 1687 2687 1755 Ι,
2710 1692 2787 1743 De
2805 1687 2921 1741 vita
2942 1692 2995 1760 et
3012 1683 3236 1760 meritis
3256 1683 3331 1760 Δ3.
3382 1682 3589 1760 Βιβιίιο-

260 1756 355 1809 m's
380 1755 579 1826 Lipsiae
609 1756 785 1824 1744;
822 1758 1163 1813 Dissertatio
1201 1760 1269 1824 Il,
1304 1755 1605 1829 Descriptis
1622 1764 1679 1815 S.
1700 1755 2134 1828 Melitonis,cum
2155 1755 2498 1832 fragmentis
2517 1757 3106 1828 eorumdem,Lipsiae
3138 1756 3490 1825 l75l,in-4°).

1225 2212 1316 2267 DE
1347 2216 1404 2268 Β.
1440 2211 1852 2269 MELITIONIS
1886 2213 2060 2269 VlTA
2090 2213 2179 2269 ET
2200 2211 2523 2271 MERITIS.

1710 2359 2051 2414 Institutum.

238 2529 401 2583 Inter
430 2526 723 2599 praecipua
752 2526 946 2582 saeculi
978 2530 1108 2597 post
1136 2525 1433 2582 Christum
1470 2530 1673 2582 natum
1698 2529 1939 2584 secundi
1963 2528 2233 2584 Ecclesiae
2253 2532 2600 2584 ornamenta
2620 2527 2772 2583 haud
2796 2526 3071 2583 ultimum
3092 2526 3288 2583 locum
3322 2530 3579 2583 meretur

167 2621 416 2673 sanctus
450 2614 665 2679 Melite,
699 2616 964 2671 Sardium
998 2617 1055 2669 in
1090 2616 1227 2671 Asia
1255 2617 1587 2688 episcopus,
1628 2618 1715 2672 vir
1743 2618 1871 2673 vitae
1902 2618 2232 2687 sanctitate,
2252 2616 2526 2688 prteclara
2555 2616 2899 2684 eruditione,
2925 2616 3187 2672 mascula
3239 2616 3579 2673 Christianas

161 2705 474 2777 religionis
504 2705 860 2774 defensione,
896 2704 1145 2776 aliisque
1173 2704 1231 2759 in
1264 2704 1579 2761 Ecclesiam
1607 2706 1832 2762 meritis
1861 2706 2033 2777 longe
2064 2705 2568 2762 celebratissimus
2593 2723 2606 2772 ;
2643 2710 2837 2777 utpote
2860 2721 3034 2775 quem
3069 2705 3248 2761 Graeci
3277 2704 3584 2777 Latinique

164 2795 395 2864 Patres,
426 2795 625 2866 primi,
659 2795 855 2862 medii,
890 2795 1189 2865 postremi,
1212 2796 1400 2851 amice
1427 2795 1908 2867 conspirantes,et
1930 2796 2025 2867 pia
2053 2796 2307 2866 quadam
2331 2794 2509 2850 veluti
2536 2794 2906 2850 mmulatione
2925 2794 3203 2850 laudibus
3227 2793 3581 2862 extulerunt,

160 2883 621 2955 posteritatique
651 2882 1039 2938 venerabilem
1073 2883 1472 2939 reddiderunt.
1507 2884 1780 2956 Cogitans
1812 2883 2013 2956 itaque
2045 2884 2334 2954 quodnam
2371 2876 2747 2954 potissimum
2768 2886 3184 2954 argumentum
3209 2882 3314 2937 hoc
3346 2882 3578 2939 melete-

160 2978 321 3030 mate
350 2973 727 3029 tractandum
761 2971 1102 3044 deligerem,
1134 2989 1267 3027 cum
1300 2973 1452 3028 inter
1480 2975 1596 3030 alia
1626 2978 1685 3029 et
1714 2973 1893 3029 menti
1918 2989 2058 3029 mete
2077 2988 2203 3028 sese
2235 2973 2465 3028 offerret
2494 2971 2711 3039 Melito,
2746 2972 2819 3027 de
2848 2988 2914 3027 eo
2936 2972 3110 3027 etiam
3143 2987 3428 3043 exponere
3451 2987 3572 3028 non

161 3062 418 3117 multum
452 3061 736 3131 haesitavi,
771 3062 871 3116 sed
905 3076 971 3117 eo
1020 3061 1193 3117 citius
1221 3062 1328 3116 inii
1359 3062 1693 3130 consilium,
1725 3067 1852 3118 tum
1895 3064 2047 3135 quod
2092 3078 2307 3133 magna
2353 3061 2558 3133 utique
2587 3061 2693 3117 viri
2734 3061 2912 3132 hujus
2943 3061 3001 3117 in
3035 3077 3157 3117 rem
3181 3061 3567 3118 Christianam

151 3152 371 3208 merita
400 3166 528 3205 esse
562 3150 1007 3221 cognoscebam,
1040 3168 1073 3205 a
1095 3150 1653 3222 nemine,quantum
1689 3153 1869 3208 sciam
1901 3168 2029 3224 ego,
2062 3151 2345 3223 peculiari
2362 3151 2790 3208 schediasmate
2821 3156 3129 3220 enarrata;
3160 3156 3282 3206 tum
3307 3151 3463 3222 quod
3486 3150 3569 3205 sic

157 3241 392 3297 occasio
426 3239 569 3295 mibi
621 3239 931 3295 efﬂorescit
975 3241 1391 3296 anecdotorum
1418 3242 1859 3309 nonnullorum,
1911 3257 2157 3313 quorum
2192 3241 2249 3296 in
2302 3241 2510 3298 itinere
2541 3257 2669 3297 meo
2710 3242 2934 3299 condus
2967 3241 3071 3309 fui,
3115 3258 3383 3313 promum
3416 3257 3571 3296 nunc

154 3330 577 3403 agendi,atque
608 3331 758 3386 beati
792 3330 972 3402 hujus
1004 3331 1191 3387 Patris
1217 3331 1821 3405 fragmentaquadam
1843 3333 1901 3388 in
1920 3333 2110 3389 lucem
2136 3332 2538 3403 protrahendi,
2561 3332 2621 3388 in
2644 3349 2776 3405 qua
2792 3332 3025 3389 volvens
3056 3331 3573 3403 praestantissimos

161 3421 486 3479 Bodleianaa
520 3422 895 3494 potissimum
928 3422 1293 3479 bibliotheca:
1316 3424 1545 3479 codices
1576 3425 1721 3480 forte
1744 3424 1942 3480 incidi.
1962 3425 2158 3495 Operae
2182 3425 2318 3480 hinc
2340 3423 2589 3495 pretium
2615 3441 2707 3481 me
2736 3426 3023 3480 facturum
3066 3425 3257 3492 credo,
3291 3424 3340 3479 si
3378 3425 3574 3479 omnia

160 3531 293 3585 quae
316 3514 385 3568 de
414 3512 703 3567 Melitonis
735 3513 873 3582 vita,
909 3514 1144 3583 scriptis
1174 3518 1230 3567 et
1257 3514 1482 3569 meritis
1514 3516 1765 3585 reperire
1796 3516 1996 3569 datum
2033 3514 2160 3579 fuit,
2196 3517 2249 3568 in
2286 3532 2468 3569 unum
2493 3531 2859 3585 congessere.
2896 3514 2968 3570 Ut
2989 3520 3185 3569 autem
3216 3514 3419 3570 ordine
3450 3529 3575 3585 per-

156 3591 485 3657 tractentur
514 3602 730 3671 omnia,
765 3604 834 3655 de
857 3601 1113 3668 nomine,
1144 3602 1352 3671 patria,
1387 3618 1597 3674 genere
1624 3607 1681 3657 et
1709 3608 1871 3658 aetate
1902 3604 2049 3673 ejus,
2076 3619 2192 3673 qua
2218 3603 2448 3672 claruit,
2483 3606 2744 3674 quaedam
2767 3605 2957 3675 primo
2985 3603 3183 3659 statim
3216 3603 3342 3657 loco
3363 3602 3423 3657 in
3449 3617 3571 3657 tne-

158 3691 322 3748 dium
355 3691 675 3763 proferam;
711 3689 919 3747 deinde
978 3692 1047 3746 de
1079 3692 1206 3762 ejus
1239 3692 1495 3763 ingenio,
1527 3694 1873 3759 eruditione,
1934 3692 2299 3762 castimonia,
2334 3693 2584 3764 aliisque
2642 3694 2980 3760 virtutibus,
3031 3696 3287 3766 itemque
3316 3696 3385 3749 de
3416 3696 3567 3763 ejus,

163 3798 283 3853 quo
313 3780 592 3836 divinitus
637 3785 949 3836 exornatus
1002 3780 1113 3835 fuit
1142 3780 1458 3852 prophetia.-
1477 3782 1628 3837 dono
1652 3782 2027 3853 agam.Porro
2055 3783 2123 3836 de
2137 3782 2339 3837 sedata
2361 3799 2463 3852 per
2483 3783 2612 3852 ejus
2643 3782 2967 3854 apologiam
2991 3783 3100 3838 sub
3126 3783 3317 3838 Marco
3334 3780 3564 3837 Aurelio

160 3874 219 3927 et
251 3870 428 3925 Lucio
460 3868 608 3924 Vero
638 3869 1088 3940 imperatoribus
1119 3869 1586 3926 Christianorum
1618 3870 1940 3939 vexatione,
1975 3872 2044 3925 de
2077 3870 2342 3925 Ecclesiae
2360 3871 2695 3926 Laodicenae
2720 3872 2946 3925 reddita
2977 3888 3134 3941 pace,
3168 3871 3238 3926 de
3257 3869 3566 3925 itineribus

160 3960 359 4027 variis,
389 3960 635 4030 ejusque
673 3959 828 4014 circa
874 3958 1190 4027 Canonem,
1246 3961 1468 4015 Veteris
1501 3960 1870 4031 potissimum
1899 3960 2285 4027 Testamenti,
2336 3975 2498 4025 cura,
2532 3976 2646 4015 uno
2676 3961 2851 4015 verbo
2892 3961 2961 4014 de
2992 3962 3120 4029 ejus
3154 3960 3212 4013 in
3246 3960 3563 4014 Ecclesium

160 4048 389 4105 meritis
420 4048 619 4120 largus
642 4047 1021 4104 dicendorum
1055 4065 1288 4121 campus
1318 4065 1443 4105 sese
1469 4049 1609 4104 mihi
1633 4050 1818 4106 offert.
1853 4050 2084 4120 Longus
2117 4049 2468 4119 scriptorum
2494 4066 2527 4104 a
2560 4048 2831 4105 Melitone
2852 4053 3217 4105 exaratorum
3247 4047 3566 4119 catalogus,

159 4154 335 4210 quem
370 4137 772 4208 Hieronymus,
806 4135 1109 4204 Eusebius,
1136 4138 1403 4205 Ruﬁnus,
1435 4138 1795 4210 Nicephorus
1825 4137 2239 4205 exhibuerunt,
2275 4143 2534 4193 nostram
2566 4155 2801 4209 quoque
2833 4138 3153 4193 merebitur
3182 4136 3567 4207 diligentiam.

159 4228 223 4284 In
262 4227 465 4298 primis
496 4233 690 4281 autem
714 4226 774 4280 in
798 4226 1257 4295 colligendisviri
1283 4227 1458 4297 hujus
1480 4229 1836 4283 sanctissimi
1869 4229 2212 4299 fragmentis
2231 4227 2473 4282 sedulus
2495 4244 2867 4299 ero,quorum
2892 4227 3067 4283 etiam
3083 4228 3351 4299 quaedam
3372 4226 3567 4281 hacte-

159 4331 274 4371 nus
298 4314 450 4386 typis
480 4315 741 4369 nondum
776 4313 1065 4381 exscripta
1093 4315 1387 4385 adjiciam.
1411 4316 1796 4387 Tandemque
1813 4316 1884 4371 de
1913 4315 2142 4382 haeresi,
2164 4332 2292 4386 quae
2313 4316 2383 4371 ab
2406 4331 2471 4370 eo
2499 4331 2734 4383 nomen,
2760 4322 2823 4370 ut
2844 4316 2901 4369 in
2918 4317 3125 4386 vulgus
3155 4316 3565 4384 creditur,sor-

157 4406 269 4461 tita
300 4410 409 4470 est,
443 4404 655 4471 dicam,
687 4419 938 4475 eumque
969 4419 1036 4458 ex
1069 4403 1472 4460 haereticorum
1533 4405 1722 4460 indice
1752 4404 2001 4460 eximere
2032 4404 2388 4460 allaborabo.
2426 4405 2493 4460 Ut
2529 4404 2584 4458 in
2620 4421 2806 4476 pauca
2837 4421 2928 4459 me
2960 4404 3325 4475 contraham,
3359 4405 3426 4459 ad
3452 4405 3563 4459 tria

157 4495 282 4550 haec
313 4493 505 4564 capita
536 4508 770 4548 omnem
802 4493 1211 4548 tractationem
1244 4494 1555 4550 revocabo:
1581 4494 1840 4549 Primum
1864 4494 2146 4549 Melitonis
2170 4494 2347 4549 vitam
2372 4494 2697 4564 meritaque
2718 4494 3106 4550 enarrabit.ln
3139 4493 3314 4551 altero
3346 4495 3565 4565 scripta

153 4585 284 4655 ejus
315 4583 775 4637 recensebantur
796 4586 969 4653 atque
990 4582 1449 4653 fragmentorum
1480 4583 1614 4638 hinc
1634 4584 1768 4638 inde
1787 4583 2141 4639 exstantium
2158 4582 2408 4654 diligens
2430 4583 2766 4638 instituatur
2792 4582 3566 4654 spicilegium.Tandemque

154 4672 360 4729 ultimo
393 4671 516 4727 loco
549 4671 619 4726 de
651 4670 1159 4725 Melitonianorum
1194 4672 1395 4727 haeresi
1429 4676 1652 4742 agetur.
1686 4672 1827 4728 Cum
1861 4672 1968 4727 sub
2016 4673 2290 4726 manibus
2323 4677 2378 4725 et
2409 4676 2616 4742 praeter
2644 4688 2806 4742 spem
2844 4674 3093 4726 creverit
3123 4671 3462 4744 elaboratio,
3496 4690 3568 4731 ne

152 4761 403 4819 lecturis
437 4759 614 4815 nimis
647 4759 817 4829 longa
846 4761 1116 4815 tractatio
1145 4777 1425 4816 nauseam
1464 4770 1711 4832 moveat,
1770 4760 2040 4832 moleque
2073 4777 2177 4817 sua
2207 4761 2471 4816 laborare
2502 4761 2766 4816 videatur
2815 4761 3154 4816 dissertatio
3178 4769 3397 4830 nostra,
3431 4778 3563 4833 per-

154 4852 515 4908 currendum
547 4865 820 4922 campum
853 4849 910 4904 in
943 4850 1134 4905 stadia
1192 4849 1521 4922 dispescere
1555 4851 1745 4920 liceat,
1776 4857 1834 4906 et
1887 4850 1993 4908 hac
2018 4850 2141 4907 vice
2199 4851 2270 4906 de
2297 4851 2587 4907 Melitonis
2638 4850 3047 4906 tantummodo
3090 4850 3208 4905 vita
3254 4867 3561 4922 exponere,

151 4957 408 5014 eumque
438 4944 502 4995 ut
548 4941 813 5011 apprime
842 4939 1103 5009 doctum,
1150 4939 1467 4996 virtutibus
1516 4957 1695 4995 unum
1723 4939 1987 4996 omnium
2046 4940 2138 4995 sui
2166 4940 2447 5011 temporis
2480 4940 2733 4995 maxime
2763 4940 3085 5008 ﬂorentem,
3130 4950 3181 4995 et
3203 4941 3275 4996 de
3306 4940 3561 4997 Ecclesia

150 5032 254 5089 Dei
288 5029 509 5099 egregie
551 5032 870 5083 merentem
902 5027 1144 5093 sistere;
1179 5028 1403 5099 reliqua
1420 5034 1613 5085 autem
1647 5030 1745 5085 alii
1777 5030 2116 5101 propediem
2149 5029 2496 5084 insecuturos
2529 5030 2925 5085 dissertationi
2959 5044 3269 5086 reservare.
3305 5031 3560 5086 Benevo-

150 5122 278 5176 lum
307 5123 503 5175 autem
537 5117 839 5173 Lectorem
868 5117 1149 5188 majorem
1182 5117 1239 5172 in
1267 5117 1501 5174 modum
1530 5135 1664 5191 rogo
1712 5125 1889 5191 atque
1914 5119 2192 5189 obtestor,
2255 5121 2320 5172 ut
2348 5117 2759 5174 conaminibus
2790 5118 2934 5174 meis
2966 5118 3175 5189 faveat,
3209 5124 3561 5192 tenuemque

150 5212 381 5267 huncce
408 5207 665 5263 laborem
693 5207 845 5277 aequi
870 5205 1126 5278 bonique
1155 5207 1443 5265 consulat.

1297 5349 1327 5421 §
1356 5349 1401 5404 Ι.
1434 5350 1511 5405 De
1540 5349 1806 5405 Melitonis
1838 5351 2063 5407 nomine
2090 5350 2413 5408 observatio.

223 5498 389 5554 Circa
413 5493 609 5566 ipsum
641 5489 935 5547 Melitonis
967 5506 1175 5546 nomen
1208 5490 1410 5547 statim
1434 5491 1497 5547 in
1526 5491 1730 5549 limine
1761 5495 2124 5551 tractationis
2158 5499 2373 5551 nostra;
2404 5491 2685 5549 nonnulla
2715 5496 2882 5550 erunt
2911 5494 3242 5551 adnotanda
3272 5499 3328 5552 et
3356 5496 3556 5553 obser-

147 5590 304 5649 vatio
337 5585 603 5659 quaedam
624 5579 1011 5654 grammatica
1032 5581 1437 5652 praamittenda
1469 5582 1600 5648 erit,
1637 5599 1786 5655 quae,
1847 5587 1977 5639 utut
2005 5583 2147 5640 levis
2182 5584 2464 5640 momenti
2495 5599 2588 5639 res
2630 5582 2829 5639 multis
2882 5584 3061 5640 videri
3086 5586 3283 5655 possit,
3316 5587 3551 5644 silentio

145 5690 346 5742 tamen
374 5677 464 5733 vel
494 5675 624 5731 ideo
648 5689 761 5729 non
784 5673 1186 5744 praetereunda
1216 5673 1361 5729 mihi
1390 5672 1642 5739 videtur,
1698 5675 1879 5745 quod,
1905 5691 2041 5731 cum
2073 5692 2106 5731 a
2150 5675 2502 5746 quibusdam
2534 5676 2708 5730 fuerit
2735 5673 3017 5747 neglecta,
3039 5691 3297 5732 errorem
3328 5679 3553 5751 peperit

141 5774 209 5834 in
231 5782 409 5845 quem
430 5763 793 5825 eruditorum
816 5760 1088 5821 nonnulli
1116 5776 1244 5822 sese
1264 5761 1464 5821 induci
1495 5762 1656 5837 passi
1679 5762 1940 5843 fuerunt,
1972 5768 2028 5821 et
2047 5765 2148 5837 qui
2171 5763 2531 5820 confusionis
2562 5762 2993 5836 multarumque
3026 5762 3305 5824 tricarum
3337 5783 3550 5840 parens
