3922 6304
329 443 485 503 1147
1365 441 1430 503 S.
1477 439 1776 503 MELITO
1820 442 1878 502 Si

2222 437 2670 502 EPISCOPUS.
3585 427 3744 489 1148

329 572 498 630 facile
526 571 805 629 exsistere
839 574 1051 644 potest.
1082 571 1312 628 Scilicet
1339 572 1396 627 in
1436 572 1630 628 Latine
1654 573 1947 630 reddendo
1979 572 2164 630 nostri
2203 570 2554 630 confessoris
2587 567 2846 636 nomine,
2904 568 3062 641 quod
3092 565 3315 638 origine
3346 567 3616 619 Gracum
3652 561 3749 614 est

333 672 386 717 et
425 660 660 717 Μελίτον
693 662 875 731 audit,
901 661 1140 718 diversae
1165 663 1529 718 diversorum
1589 661 1968 718 inveniuntur
1992 662 2313 719 sententia.
2346 659 2488 717 Aliis
2537 659 2692 716 enim
2728 657 2962 726 Melitus,
2994 655 3124 713 aliis
3169 654 3380 710 Miletus.
3423 651 3510 708 vel
3533 647 3745 712 Mileto,

334 752 465 808 aliis
496 752 745 820 Melitan,
776 752 906 807 aliis
961 753 1211 824 denique
1254 753 1441 808 Melita
1472 753 1729 808 effertur.
1776 754 2060 818 Quaeritur
2090 752 2288 824 itaque
2318 767 2584 824 quasnam
2623 747 2890 805 formatio
2923 746 3087 802 alteri
3130 745 3205 801 sit
3260 741 3637 815 praferenda,
3693 745 3752 795 et

331 859 447 914 qua
479 842 851 913 potissimum
886 843 1292 898 terminatione
1321 859 1534 897 nomen
1566 843 1718 898 istud
1749 842 1950 898 Latine
1971 843 2205 899 veniat?
2233 841 2442 897 Facilis
2473 841 2794 896 admodum
2815 839 2885 894 ad
2915 837 3065 892 hanc
3088 834 3474 908 questionem
3505 829 3619 886 erit
3657 844 3749 882 re-

331 930 589 1002 sponsio,
624 931 937 985 dummodo
964 936 1020 985 et
1052 931 1144 986 hic
1167 947 1538 986 communem
1572 932 2092 1003 grammaticorum
2127 931 2376 1004 pharum
2408 930 2595 1001 sequi,
2640 945 2744 985 nec
2774 929 2844 983 ab
2876 925 3166 998 analogia,
3221 939 3321 979 seu
3353 918 3752 977 similitudine

335 1021 580 1075 aliarum
614 1035 815 1074 vocum
852 1021 1117 1074 recedere
1149 1020 1415 1076 velimus.
1446 1020 1656 1076 Omnia
1679 1027 1873 1076 autem
1903 1021 2140 1077 nomina
2166 1021 2398 1092 propria
2427 1020 2484 1074 in
2509 1019 2794 1090 syllabam
2815 1037 2922 1070 των
2945 1015 3096 1087 apud
3125 1017 3362 1068 Graecos
3393 1004 3752 1079 desinentia,

335 1109 536 1162 Latine
557 1107 616 1162 in
643 1127 706 1160 το
740 1108 908 1163 finire
934 1107 1202 1179 analogia
1234 1111 1432 1165 docet:
1470 1109 1552 1165 sic
1579 1126 1630 1164 v.
1665 1126 1712 1165 c.
1749 1106 2003 1178 Πλάτων,
2038 1106 2298 1162 Πλούτων
2336 1108 2530 1164 Latine
2561 1124 2676 1164 non
2708 1107 2990 1162 dicuntur
3017 1102 3219 1160 Platon
3251 1105 3355 1155 aut
3383 1097 3614 1162 Plutus,
3652 1093 3756 1149 sed

341 1197 532 1268 potius
557 1197 742 1266 Plato,
777 1197 946 1253 Pluto
973 1219 986 1265 ;
1021 1198 1157 1253 hinc
1190 1198 1406 1255 clarum
1433 1215 1666 1271 quoque
1699 1216 1826 1255 esse
1859 1200 2125 1270 arbitror,
2151 1195 2410 1255 Μελίτων
2444 1197 2649 1255 Latine
2676 1212 2806 1252 esse
2828 1195 3037 1253 Melita.
3074 1191 3248 1247 Recte
3281 1191 3479 1260 itaque
3511 1187 3586 1242 ab
3617 1182 3761 1239 Hal-

335 1285 508 1342 loixio
533 1287 610 1358 (1)
643 1289 856 1343 erroris
886 1293 1212 1357 arguuntur
1267 1288 1470 1344 Petrus
1501 1289 1810 1359 Equilinus
1833 1294 1890 1345 et
1921 1288 2228 1361 Philippus
2274 1288 2704 1361 Bergomensis,
2737 1301 2984 1357 quorum
3019 1283 3114 1338 ille
3165 1284 3426 1336 nostrum
3475 1274 3758 1339 Melitam,

339 1375 434 1430 hic
465 1392 599 1431 vero
631 1377 901 1432 eumdem
928 1377 1192 1445 Miletum,
1225 1376 1311 1434 vel
1351 1377 1656 1434 Milctanen
1684 1380 1926 1434 vocavit.
1962 1378 2104 1434 Hinc
2136 1380 2429 1435 notandus
2460 1393 2694 1449 quoque
2729 1375 3031 1446 Philippus
3063 1371 3328 1427 Labbcus
3359 1367 3466 1439 (2).
3495 1366 3590 1421 cui
3624 1380 3764 1436 per-

334 1465 469 1521 inde
492 1471 598 1536 est,
628 1467 749 1522 sive
773 1467 1064 1537 Melitonis,
1099 1468 1216 1524 sive
1267 1469 1438 1525 Mileti
1464 1470 1698 1524 nomine
1730 1475 1929 1526 noster
1975 1470 2286 1528 salutetur.
2338 1470 2559 1541 Negare
2615 1472 2813 1524 tamen
2873 1482 2987 1521 non
3022 1479 3262 1537 possum
3309 1460 3465 1516 hunc
3496 1470 3764 1512 errorem

338 1555 538 1610 multis
563 1557 810 1626 jamjam
845 1560 994 1612 retro
1017 1556 1247 1612 saaculis
1277 1563 1558 1629 erratum,
1591 1557 1912 1614 Melitanem
1943 1576 2056 1631 que
2087 1559 2292 1615 Latine
2322 1557 2573 1617 Miletum
2607 1573 2840 1630 quoque
2874 1554 3053 1611 fuisse
3079 1547 3568 1624 appellatum.Sic
3601 1545 3764 1600 enim

337 1644 396 1698 in
431 1644 624 1700 codice
655 1645 899 1717 antiquo
923 1645 1087 1715 satis,
1123 1646 1472 1719 optimaque
1499 1653 1670 1716 nota),
1704 1648 1804 1720 qui
1838 1648 2078 1704 Parisiis
2120 1649 2179 1704 in
2212 1648 2454 1722 collegio
2493 1647 2800 1704 Societatis
2820 1647 2954 1701 Jesu
3004 1643 3456 1698 Claromontano
3490 1651 3768 1693 asserva-

338 1737 452 1800 tur,
489 1734 701 1805 quique
727 1734 1017 1791 Melitonis
1047 1734 1286 1802 librum,
1321 1737 1528 1793 Clavim
1553 1738 2088 1808 dictum,continet,
2114 1738 2421 1794 anterioris
2453 1736 2571 1792 lolii
2602 1752 2875 1807 suprema
2897 1737 3061 1807 parte
3098 1731 3214 1788 haec
3245 1724 3768 1802 leguntur,eadem

343 1839 460 1893 qua
492 1824 668 1878 codex
700 1823 924 1895 integer
955 1841 1130 1880 manu
1167 1830 1434 1881 exarata:
1465 1826 1694 1891 Miletus,
1730 1828 1962 1882 Asianus
1987 1830 2300 1899 episcapus,
2331 1826 2481 1883 hunc
2511 1827 2716 1882 librum
2736 1824 2931 1893 edidit,
2971 1839 3128 1894 quem
3161 1830 3209 1877 et
3241 1832 3485 1889 congruo
3536 1827 3771 1870 nomine

344 1910 559 1966 Clavim
590 1912 923 1984 appellavit.
946 1912 1018 1969 Ut
1041 1914 1237 1984 itaque
1271 1915 1554 1984 Labbcus,
1590 1916 1638 1971 si
1671 1917 1906 1987 quidem
1944 1918 2124 1974 errori
2157 1917 2479 1990 antiquitas
2513 1915 2892 1988 patrocinium
2925 1914 3131 1970 atl'errc
3151 1914 3362 1984 potest,
3386 1904 3771 1964 excusandus

342 2001 778 2071 quodammodo
811 2003 906 2070 sit,
939 2004 1094 2075 quod
1126 2008 1396 2061 nostrum
1429 2021 1663 2078 quoque
1693 2005 1952 2064 Miletum
1980 2008 2292 2064 vocaverit.

1612 2183 1640 2253 ε
1671 2181 1742 2237 ΙΙ.
1779 2182 1937 2238 Varii
1961 2181 2061 2237 hac
2080 2182 2306 2238 nomine
2328 2181 2493 2239 clari.

349 2356 403 2426 gf,
424 2357 544 2410 Non
572 2353 915 2424 infrequens
943 2356 1141 2409 autem
1173 2351 1464 2409 Melitonis
1493 2352 1554 2408 in
1587 2369 1785 2408 rerum
1819 2359 2117 2426 gestarum
2151 2352 2550 2411 monumentis
2567 2357 3016 2420 estnumen,nec
3039 2350 3237 2404 noster
3258 2345 3429 2401 unice
3460 2343 3769 2400 memoriis

352 2443 796 2517 posteritatique
825 2442 968 2499 illud
995 2443 1258 2510 tradidit,
1293 2443 1393 2498 sed
1429 2444 1488 2498 in
1513 2443 1695 2499 sacris
1723 2460 1886 2515 aeque
1915 2461 1978 2500 ac
2005 2446 2271 2518 profanis
2323 2442 2640 2500 annalibus
2670 2443 2987 2498 occurrunt
3025 2442 3083 2494 et
3110 2436 3208 2493 alii
3239 2435 3457 2504 eodem,
3492 2433 3583 2490 vel
3611 2433 3775 2489 haud

351 2534 605 2588 multum
637 2534 866 2588 diverso
892 2533 1124 2589 nomine
1150 2532 1310 2588 clari.
1345 2531 1648 2604 Philippus
1683 2533 1980 2589 Ferrarius
2007 2534 2112 2606 (3),
2145 2532 2368 2590 ordinis
2393 2531 2753 2588 Servitarum
2778 2527 3088 2601 generalis,
3107 2526 3196 2581 vir
3225 2524 3385 2582 omni
3414 2521 3777 2579 eruditioni

352 2638 564 2693 genere
586 2623 1100 2688 instructissimus,
1135 2626 1192 2678 et
1223 2622 1294 2677 de
1325 2627 1665 2678 sanctorum
1700 2623 2072 2694 potissimum
2092 2623 2256 2688 Vitis,
2282 2638 2530 2694 quorum
2564 2620 2804 2677 nomina
2832 2621 2892 2674 in
2926 2614 3404 2689 Martyrologium
3433 2613 3777 2668 Romanum

353 2727 466 2766 non
501 2712 736 2766 fuerunt
767 2711 966 2776 relata,
999 2711 1227 2781 egregie
1261 2711 1524 2779 meritus,
1554 2710 1841 2767 Melitonis
1872 2713 2180 2782 cujusdam
2204 2711 2506 2778 Sulcitani,
2542 2711 2600 2766 in
2631 2709 2902 2766 Sardinia
2925 2705 3204 2779 episcopi,
3230 2702 3592 2759 mentionem
3618 2700 3778 2761 facit.

355 2801 685 2872 asseritque
718 2817 780 2856 se
811 2817 878 2856 ex
927 2801 1144 2856 tabulis
1199 2808 1254 2856 et
1294 2801 1690 2856 monumentis
1725 2801 1996 2858 Ecclesiae
2026 2801 2336 2858 Sulcitanaa
2385 2801 2599 2856 habere
2629 2799 3036 2856 testimonium
3068 2792 3410 2865 hujusmodi
3448 2790 3780 2848 Melitonisv

349 2889 526 2955 Sulci,
559 2907 659 2946 seu
694 2889 890 2946 Sulchi
920 2891 996 2963 (4)
1024 2889 1081 2944 in
1113 2889 1384 2945 Sardinia
1411 2890 1667 2962 episcopi
1699 2895 1756 2945 et
1777 2891 2071 2962 martyris,
2105 2908 2354 2961 eumque
2386 2889 2641 2962 primum
2705 2889 2881 2958 hujus
2915 2887 3070 2942 sedis
3103 2883 3412 2957 praesidem
3457 2880 3690 2946 statuit,
3725 2884 3783 2936 et

351 2977 652 3048 Bonifacii,
713 2979 1024 3035 Calaritani
1081 2978 1334 3050 episcOpi
1394 2979 1774 3050 discipulum.
1807 2979 1887 3037 Cl.
1944 2979 1998 3035 J.
2063 2981 2119 3035 Α.
2184 2980 2485 3035 Fabricius
2545 2980 2641 3049 (5),
2697 2977 2833 3047 quid
2893 2975 3050 3031 enim
3110 2973 3269 3029 hunc
3309 2970 3488 3026 latere
3533 2967 3783 3042 potuit?

354 3067 528 3138 hujus
559 3084 794 3138 quoque
825 3067 1113 3134 meminit,
1146 3072 1323 3140 atque
1348 3069 1416 3122 ad
1465 3069 1802 3141 Hieronymi
1837 3069 2052 3139 locum,
2077 3068 2178 3124 ubi
2211 3069 2282 3124 de
2305 3073 2500 3124 nostro
2533 3066 2806 3122 Melitone
2838 3065 3047 3136 agitur,
3098 3061 3410 3133 diligenter
3440 3056 3776 3126 adnotavit,

351 3172 482 3212 eum
515 3174 648 3212 cum
680 3156 980 3212 Sulcitano
1007 3158 1247 3212 minime
1275 3173 1403 3212 esse
1424 3157 1920 3214 confundendum.
1955 3159 2018 3213 In
2050 3158 2200 3213 Actis
2229 3157 2554 3213 Sanclazum
2575 3157 2675 3228 (6),
2700 3172 2823 3226 quae
2856 3153 3060 3210 multis
3081 3149 3484 3207 voluminibus
3507 3152 3781 3203 Antwer—

357 3247 461 3319 pia
493 3247 776 3320 singulari
800 3248 853 3303 J.
887 3247 1176 3313 Bollandi,
1235 3247 1606 3315 Henschenii,
1638 3249 2015 3320 Papcbroohii
2049 3248 2416 3321 aliorumque
2471 3265 2611 3304 cura
2639 3248 2776 3302 inde
2824 3246 2895 3301 ab
2939 3260 3091 3300 anno
3125 3241 3264 3297 1643
3314 3238 3666 3312 prodierunt
3717 3241 3781 3292 et

355 3336 546 3391 adhuc
579 3338 887 3407 prodeunt,
922 3337 994 3391 de
1021 3334 1305 3391 Sulcitani
1336 3335 1517 3406 hujus
1545 3336 1661 3392 vita
1688 3338 1950 3407 quaedam
1985 3338 2284 3395 memorias
2315 3337 2691 3393 mandantur.
2726 3333 2980 3391 Ecclesia
3012 3332 3329 3389 Laodicena
3360 3328 3631 3398 ejusdem
3665 3342 3769 3382 uo-

354 3425 531 3480 minis
587 3425 764 3481 etiam
810 3426 1150 3496 episcopum
1184 3424 1411 3492 habuit,
1462 3427 1632 3496 cujus
1657 3426 1852 3496 passio
1885 3428 2072 3483 sancti
2122 3427 2369 3484 Joannis
2400 3425 2768 3499 evangelista:
2802 3423 3153 3490 celebratur,
3177 3437 3307 3493 quas
3336 3418 3577 3476 Oxonias
3606 3419 3770 3473 inter

357 3515 608 3582 codices,
641 3532 786 3585 quos
816 3514 1146 3570 indelebilis
1175 3515 1578 3571 memorias'vir
1605 3515 1858 3573 Thomas
1881 3518 2148 3574 Bodleus
2177 3517 2543 3574 bibliotheca
2588 3515 2835 3590 publicai
2859 3512 3094 3583 legavit,
3132 3510 3538 3582 manuscripts
3570 3512 3773 3564 exstat

357 3603 460 3675 (7),
492 3608 549 3658 et
578 3621 753 3675 quam
775 3603 830 3659 J.
855 3603 1037 3659 Maria
1055 3603 1447 3661 Florentinius
1468 3606 1632 3677 (8),et
1651 3622 1798 3662 exeo
1813 3608 1985 3663 modo
2011 3611 2368 3664 memoratus
2394 3603 2784 3678 Fabricius(9)
2809 3603 2966 3676 typis
2981 3601 3426 3659 exscribendam
3449 3601 3770 3663 curarunt,

355 3697 446 3748 ast
475 3693 674 3749 nescio
704 3709 772 3749 ex
802 3710 916 3765 quo
973 3694 1193 3761 codice,
1223 3693 1281 3749 id
1311 3698 1540 3751 tantum
1595 3712 1708 3752 non
1743 3696 1968 3769 ignoro,
1999 3696 2174 3752 Beato
2215 3695 2430 3752 Joanni
2462 3695 2704 3751 Ernesto
2739 3691 2954 3748 Grabio
3006 3689 3318 3747 consilium
3341 3688 3528 3744 fuisse
3571 3687 3774 3742 denuo

355 3781 595 3849 illam,si
625 3782 1062 3854 supervixisset,
1094 3801 1161 3840 ex
1182 3783 1380 3840 codice
1407 3785 1730 3857 Anglicano
1761 3787 1991 3842 edendi.
2015 3788 2102 3841 Ita
2121 3786 2278 3842 enim
2307 3801 2402 3841 me
2433 3785 2758 3842 docuerunt
2778 3781 2885 3838 viri
2917 3781 3097 3853 hujus
3121 3779 3326 3852 optimi
3355 3777 3615 3842 schedse,
3641 3783 3780 3847 post

357 3877 602 3928 mortem
633 3873 762 3944 ejus
802 3873 954 3930 inter
983 3874 1209 3929 cimelia
1241 3873 1600 3930 bibliothecae
1630 3875 1978 3942 Bodleianaa,
2011 3892 2112 3932 ceu
2165 3876 2318 3932 inter
2342 3875 2533 3931 sidera
2593 3873 2808 3938 relatas,
2840 3871 3039 3943 ibique
3079 3869 3390 3942 diligenter
3427 3873 3778 3932 asservatie,

357 3979 504 4035 quas
529 3979 643 4019 non
677 3964 805 4019 sine
827 3963 1044 4036 insigni
1071 3963 1467 4020 emolumento
1490 3964 1748 4021 volutare
1778 3965 2242 4022 clarissimorum
2293 3967 2609 4021 custodum
2641 3962 2983 4019 humanitas
3041 3961 3186 4016 mihi
3209 3959 3520 4015 concessit.
3542 3963 3627 4014 De
3664 3957 3778 4012 hoc

358 4053 626 4110 Melitone
648 4054 994 4123 Laodiceno,
1024 4054 1271 4110 videnda
1301 4055 1502 4126 utique
1525 4062 1662 4111 sunt
1691 4071 1759 4110 ea
1799 4072 1924 4127 qua;
1986 4054 2464 4128 incomparabilis
2507 4053 2809 4110 Fabricius
2833 4052 2948 4124 (10)
2979 4051 3203 4124 passim
3236 4050 3306 4105 de
3338 4065 3405 4104 eo
3439 4046 3774 4104 annotavit.

361 4145 519 4198 Inter
548 4143 934 4216 quadraginta
957 4148 1237 4216 martyres
1267 4144 1518 4201 Sebastas
1548 4145 1608 4200 in
1641 4145 1918 4201 Armenia
1949 4146 2058 4201 sub
2091 4145 2492 4217 persecutione
2525 4143 2733 4200 Licinii
2759 4144 2826 4198 A.
2849 4143 2910 4198 C.
2966 4142 3092 4210 320,
3128 4140 3340 4212 frigore
3361 4142 3667 4202 enecatos,
3703 4137 3777 4192 de

363 4233 578 4303 quibus
610 4234 808 4289 Basilii
839 4234 1054 4305 Magni,
1077 4235 1336 4306 Gregorii
1367 4235 1634 4305 Nysseni,
1666 4235 1920 4307 Ephrem
1951 4236 2101 4308 Syri,
2133 4235 2444 4291 Gaudentii
2477 4235 2793 4290 Brixiensis
2844 4232 3211 4302 aliorumque
3241 4228 3504 4302 insignes
3537 4228 3777 4283 exstant

354 4322 671 4389 orationes,
696 4323 1018 4379 celebratur
1039 4329 1096 4379 et
1113 4324 1400 4380 Melitonis
1432 4326 1667 4381 nomine
1689 4343 1866 4396 unus,
1892 4331 2139 4397 quartus
2173 4343 2207 4383 a
2228 4325 2535 4397 principio,
2565 4328 2737 4397 prout
2758 4339 2828 4379 ex
2849 4319 3247 4379 Bollandianis
3277 4319 3432 4376 inter
3452 4333 3514 4374 se
3537 4313 3774 4372 collatis

431 4532 508 4614 (_1)
539 4534 603 4588 In
630 4535 943 4614 Illustrium
983 4535 1255 4614 Ecclesiae
1289 4535 1597 4614 Orientalis
1646 4539 2003 4614 scriptorum,
2037 4547 2090 4614 Α
2122 4537 2407 4614 diuensjs,
2441 4555 2615 4614 quam
2649 4540 2805 4614 8am.
2841 4537 3092 4614 Patrick,
3125 4538 3284 4606 1731,
3307 4536 3551 4614 curavit.

363 4607 462 4674 qui
491 4609 784 4662 sanctitate
830 4609 985 4676 iuxta
1015 4618 1068 4662 et
1098 4608 1408 4664 eruditione
1457 4623 1578 4663 saec.
1630 4625 1670 4664 ιι
1698 4607 2009 4680 ﬂoruerunt
2037 4607 2090 4614 ““
2194 4610 2281 4735 (Ξὲ
2328 4612 2391 4665 In
2439 4607 2780 4666 Bibliotheca
2856 4612 3186 4682 scriptarum
3239 4609 3770 4678 ecclesiasticarum,

366 4677 500 4734 Vitis
529 4683 581 4733 et
618 4679 977 4735 documentis.
1012 4677 1109 4734 fol.
1140 4679 1266 4734 838.
2119 4679 2217 4735 fol.
2284 4683 2339 4735 3.

366 4677 500 4734 Vitis
529 4683 581 4733 et
618 4679 977 4745 documentis,
1012 4677 1109 4734 fol.
1140 4679 1266 4734 838.
1699 4677 1707 4680 ’
2119 4677 2217 4736 fol.
2247 4677 2339 4735 93.

430 4751 510 4824 (2)
535 4749 643 4824 Qui
676 4751 733 4804 in
781 4751 937 4806 'Nova
970 4750 1305 4824 Bibliotheca
1358 4766 1489 4824 mss.
1536 4751 1840 4824 librarum,
1881 4755 2004 4809 sive
2183 4752 2261 4824 (6)
2291 4752 2507 4809 Mensis
2538 4752 2721 4824 April.
2758 4757 2902 4810 tom.
2930 4753 2974 4821 Ι,
3005 4751 3104 4808 fol.
3141 4752 3228 4807 11.

430 4771 504 4820 (κ.)
535 4771 643 4817 ut]!
676 4771 733 4804 ιη
781 4771 937 4806 'nova
970 4771 1305 4806 mouameca
1358 4771 1489 4806 mss.
1550 4771 1840 4818 morarum,
1881 4771 2004 4809 sive
2183 4771 2261 4824 (ο)
2293 4771 2507 4809 mensis
2538 4771 2582 4808 A
2631 4771 2721 4808 ru.
2758 4771 2902 4810 tom.
2930 4771 2974 4821 ι,
3005 4771 3104 4808 ιοι.
3141 4771 3228 4807 ιι.

359 4823 680 4894 specimine
701 4824 1073 4893 antiquarum
1090 4821 1404 4877 lectionum
1426 4822 1763 4878 Latinarum
1781 4831 1835 4880 et
1854 4825 2003 4881 (ἂνω-
2182 4826 2258 4894 (7)
2289 4824 2431 4880 Vide
2452 4771 2756 4891 Cataiogos
2774 4825 2852 4880 lib
2868 4841 3062 4881 rorum
3096 4823 3636 4894 manuscriptorum
3659 4829 3771 4880 An-

358 4910 558 4948 carum
588 4893 644 4948 in
680 4910 761 4967 ινί
793 4900 989 4967 partes
1041 4894 1417 4967 tribularum,
1455 4894 1700 4967 Parisiis
1730 4897 1890 4965 1653,
1920 4898 2000 4966 4ο,
2110 4894 2240 4967 gliis
2272 4901 2330 4949 et
2350 4896 2713 4952 Hiberniaain
2747 4913 2934 4951 unum
2985 4895 3263 4967 collectos
3295 4900 3351 4950 et
3381 4893 3539 4967 arTh.
3579 4895 3770 4967 Hyde,

358 4971 521 5035 parte
553 4966 832 5032 secunda,
866 4966 924 5038 in
964 4980 1078 5035 qua
1126 4964 1338 5038 biblica
1369 4974 1424 5020 et
1454 4965 1780 5036 theologica
1810 4964 1998 5023 conti;
2109 4964 2476 5023 Bibliotheca:
2500 4969 2825 5023 Bodleianae
2859 4965 3494 5038 protohibliothecario,
3526 4964 3771 5023 Gxdnia

357 5034 590 5103 nentur,
627 5053 758 5108 pag.
789 5038 878 5098 21.
911 5034 1031 5090 ita:
1066 5034 1262 5108 Clavis
1289 5052 1463 5092 sacrae
1491 5034 2000 5108 Scriptumﬁileta
2111 5039 2270 5108 1697,
2304 5055 2336 5093 e
2367 5041 2591 5094 theatro
2609 5034 3004 5094 Sheldoniauo
3033 5037 3770 5095 duobusvoluminibusin

358 5107 771 5182 seu_lllelitane,_
799 5109 1024 5174 Asiana,
1077 5107 1380 5182 utgvolunt,
1405 5107 1648 5180 episcopo
1672 5121 1924 5182 auctare.
2109 5109 2208 5182 fol.
2245 5107 2449 5177 editos,
2482 5116 2624 5166 tom.
2687 5111 2730 5173 Ι,
2767 5127 2898 5182 pag.
2931 5111 3053 5177 125,
3105 5110 3312 5182 codice
3338 5110 3501 5176 2432,
3535 5109 3769 5169 Bodlei.

430 5179 504 5254 (β)
532 5178 591 5233 In
620 5178 890 5254 Catalogo
909 5179 1164 5248 generali
1196 5188 1556 5254 sanctorum,
1581 5178 1684 5248 ’(ιυὶ
1717 5198 1836 5254 non,
1859 5186 2000 5237 sunt
2109 5180 2169 5235 F.
2201 5182 2256 5236 7.
2290 5183 2341 5236 4.
2375 5183 2465 5251 32,
2530 5199 2660 5254 pag.
2698 5178 2818 5250 191,
2847 5178 2904 5249 b,
2962 5197 3053 5254 sq.
3099 5181 3375 5252 Ejusdem
3404 5182 3770 5254 fragmenta

357 5248 414 5304 in
441 5248 855 5323 'Martyrologio
917 5255 1196 5320 Romano,
1256 5251 1509 5306 Venetiis
1562 5268 1716 5308 anno
1747 5253 1906 5320 1525,
1938 5254 1996 5308 in
2109 5255 2377 5323 quaedam
2410 5248 2466 5308 in
2503 5248 2691 5308 σαιέη.
2727 5248 2954 5308 Patrum
2986 5248 3544 5308 inveniuntur.Vidé
3565 5252 3772 5310 Mont—

358 5323 464 5387 Qu.
499 5324 574 5394 ad?
600 5321 841 5377 Kalend.
866 5323 1107 5394 Aprilis.
1209 5393 1215 5394 ί
1462 5393 1467 5394 ί
2109 5321 2340 5379 faucon.
2363 5325 2628 5382 Biblioth.
2661 5325 3136 5379 Bibliothecarum
3169 5341 3221 5394 p.
3257 5325 3348 5389 44,
3383 5324 3505 5380 142.

430 5394 504 5464 (4)
536 5393 684 5449 Urbs
715 5393 992 5470 Sardiniae
1015 5393 1344 5470 notissima,
1377 5393 1548 5470 cujus
1588 5395 1746 5470 apud
1777 5400 1998 5470 veteres
2149 5397 2253 5470 Δ(8)
2284 5398 2367 5450 Ad
2418 5395 2891 5467 Martyrologium
2924 5401 3086 5450 vetus
3119 5393 3182 5450 Si
3229 5395 3588 5466 Hieronymi,
3627 5415 3768 5470 pag.

357 5463 622 5536 frequens
654 5465 906 5520 occurrit
937 5465 1362 5520 mentio.eror
1387 5466 1540 5536 Frid.
1573 5463 1994 5536 spanhemium
2111 5467 2232 5523 130.

357 5535 416 5590 in
450 5535 790 5610 Geagraphia
819 5554 929 5610 sua
956 5553 1118 5591 sacra
1147 5545 1197 5592 et
1233 5535 1848 5610 ecclesiastica’nullam
1869 5540 1996 5610 ejus
2179 5539 2257 5610 (9)
2278 5538 2348 5610 ln
2383 5537 2577 5593 codice
2607 5537 2938 5610 apocrypho
2959 5541 3027 5592 N.
3053 5537 3120 5592 T.
3155 5542 3317 5610 parte
3349 5553 3435 5606 ιιι,
3463 5555 3598 5610 pag.
3637 5542 3767 5597 604.

360 5610 714 5680 mentionem
749 5608 1040 5680 injecisse,
1075 5623 1207 5680 cum
1243 5613 1438 5680 tamen
1474 5611 1646 5680 fuerit
1674 5609 1843 5664 sedes
1874 5608 1996 5680 e‘pi-
2179 5608 2294 5680 (10)
2324 5612 2509 5663 Citato
2538 5608 2840 5680 tib.‘parte
2883 5626 2942 5679 ιι,
2976 5625 3107 5680 pag.
3166 5608 3444 5676 789,790,
3468 5608 3637 5667 iet—in
3674 5615 3778 5668 Bi-

363 5679 946 5754 scopalis._C0nfe_r.,
967 5680 1029 5754 _si
1080 5677 1294 5754 placet,
1319 5678 1551 5754 tlellarii
1601 5677 1998 5754 Geagrapliiam
2110 5677 2380 5754 aliatlieca
2412 5681 2600 5739 Graeca
2624 5677 2726 5738 lib.
2760 5698 2814 5752 ν,
2848 5677 2992 5753 θερί
3013 5677 3078 5752 1,
3125 5686 3264 5737 sect.
3288 5680 3511 5753 2,§24,
3545 5683 3668 5741 vol.
3702 5685 3774 5754 ν,

359 5747 532 5818 antiq.
565 5766 620 5820 p.
647 5747 1170 5819 51,editionis,quts
1201 5749 1339 5808 mihi
1373 5750 1444 5806 ad
1478 5767 1690 5808 manus
1710 5747 1828 5822 est,
1851 5753 1993 5810 Lou-
2108 5769 2239 5825 pag.
2274 5753 2399 5811 185.
