3922 6304
424 313 580 375 nes
1495 307 1557 370 s.
1601 305 1893 371 MELITO
1940 308 2305 373 SARDIUM
2346 308 2801 374 EPISCOPUS.
3100 294 3109 297 ’
3687 311 3829 373 net

426 446 716 505 exstiterit
746 443 1123 511 architectus,
1156 442 1312 498 unde
1342 443 1555 511 omnia,
1589 460 1720 515 quas
1752 447 1909 500 vasto
1928 444 2035 500 hoc
2049 446 2444 513 continentur,
2467 452 2660 502 ortum
2680 460 2857 501 suum
2882 443 3186 514 traxerint,
3209 443 3345 519 quis
3374 444 3587 513 solem,
3610 445 3819 515 lunam,

432 538 634 595 stellas
664 536 806 594 ccelo
837 534 1117 603 afﬁxerit;
1153 533 1284 605 quis
1311 532 1570 605 primum
1604 534 1900 590 hominem
1932 536 2347 607 eti‘ormaverit,
2377 552 2556 608 quam
2590 537 2643 593 ei
2674 540 2946 592 naturam
2982 534 3353 606 indolemque
3398 535 3704 606 indiderit,
3733 553 3824 591 cu-

420 629 518 699 jus
550 626 839 683 felicitatis
870 625 1208 696 participem
1248 639 1379 679 eum
1414 624 1653 680 reddere
1683 626 2023 693 decreverit,
2056 626 2148 682 cui
2182 627 2282 681 fini
2312 643 2525 699 corpus
2557 643 2885 698 sensusque
2927 625 3329 692 destinaverit,
3378 641 3495 698 qua
3545 628 3822 698 perpetui-

432 723 549 773 tate
580 718 837 772 animam
870 713 1117 782 donarit,
1153 713 1305 784 quod
1341 713 1632 769 vinculum
1667 731 1879 787 corpus
1909 716 2061 771 inter
2087 723 2141 772 et
2170 717 2425 772 animam
2458 717 2928 787 deprehendatur
2957 731 2971 773 :
3016 717 3127 771 nisi
3163 717 3234 771 de
3265 715 3383 785 his,
3408 717 3679 787 inquam,
3706 734 3825 772 con-

432 806 711 861 stitutum
747 804 845 869 sit,
878 803 1045 874 pauci
1078 802 1149 857 ab
1182 803 1583 859 incredulitate
1615 804 1687 860 ad
1710 804 1885 859 fidem
1918 804 2157 877 perduci
2180 810 2473 878 poterunt,
2495 814 2549 861 et
2567 805 2801 861 infirma
2823 807 2933 861 erit
2949 810 3151 861 contra
3172 821 3343 861 secus
3368 806 3692 862 sentientes
3712 807 3821 864 dis-

428 897 679 965 putatio.
717 894 963 947 Animus
994 892 1187 961 potius
1220 893 1511 949 ﬂuctuans
1542 898 1597 947 et
1628 894 1883 950 incertus
1916 896 2087 951 modo
2128 896 2200 951 ad
2230 896 2531 951 fortuitum
2562 906 2891 951 atomorum
2923 911 3296 963 concursum,
3330 896 3503 952 modo
3524 896 3617 964 ad,
3642 899 3823 955 nescio

429 1000 633 1056 quam,
666 982 869 1038 mundi
899 981 1160 1036 animam
1192 987 1489 1049 aeternam,
1526 983 1696 1038 modo
1727 983 1801 1038 ad
1830 983 2039 1038 animas
2072 990 2280 1040 nostra
2309 1000 2445 1040 cum
2481 1001 2719 1055 corpore
2749 984 3073 1053 interitum,
3100 985 3272 1040 modo
3296 986 3367 1039 ad
3391 984 3504 1040 alia
3523 990 3702 1058 atque
3723 986 3826 1042 alia

429 1074 520 1131 bis
551 1071 897 1128 absurdiora
927 1070 1186 1143 rapietur
1214 1070 1345 1141 (09).
1379 1070 1730 1127 Amovendis
1758 1071 1954 1143 itaque
1987 1073 2145 1128 hisce
2173 1072 2423 1144 aliisque
2456 1074 2632 1144 hujus
2666 1073 2822 1129 modi
2860 1072 3294 1144 impedimentis
3344 1090 3583 1147 operam
3641 1084 3824 1131 noster

427 1162 677 1219 feliciter
706 1158 956 1228 navavit,
987 1159 1218 1231 sibique
1246 1160 1400 1215 inter
1428 1158 1807 1232 philosophos
1838 1161 1995 1217 haud
2034 1161 2158 1217 leve
2186 1161 2514 1219 conciliavit
2542 1177 2773 1218 nomen.

1482 1320 1510 1386 §
1550 1318 1638 1375 IX.
1670 1321 1748 1374 De
1784 1318 2085 1391 theologica
2112 1319 2432 1377 eruditione
2473 1318 2755 1377 Melitonis

481 1472 639 1529 Nihil
671 1479 767 1529 aut
800 1488 1003 1545 parum
1041 1470 1313 1545 prastitit
1341 1469 1546 1526 viatori
1578 1470 1635 1525 in
1668 1471 1835 1527 devia
1862 1472 2101 1543 delapso
2130 1470 2339 1540 ofﬁcii,
2372 1474 2475 1543 qui
2506 1470 2621 1544 ipsi
2654 1470 2866 1527 saltem
2893 1469 3210 1542 signiﬁcat,
3261 1486 3395 1528 eum
3443 1489 3479 1529 α
3528 1476 3827 1548 proposito

410 1564 670 1621 diversas
701 1563 924 1619 calcare
952 1563 1213 1629 semitas,
1246 1565 1462 1618 rectam
1496 1569 1689 1617 autem
1713 1561 1948 1635 insuper
1976 1562 2128 1618 viam
2160 1579 2275 1618 non
2308 1561 2486 1618 simul
2517 1565 2823 1618 monstrat.
2857 1561 2952 1618 Sic
2981 1578 3088 1618 nec
3116 1560 3312 1618 Melite
3361 1563 3423 1618 in
3471 1565 3829 1623 amoliendis

416 1654 819 1710 tantummedo
844 1670 948 1726 per
980 1654 1199 1724 scripta
1225 1652 1356 1708 fidei
1388 1652 1709 1709 obstaculis
1742 1652 2021 1723 substitit,
2056 1654 2156 1709 sed
2184 1654 2258 1709 ad
2288 1652 2435 1709 olios
2462 1668 2693 1725 quoque
2710 1651 2856 1708 hanc
2877 1653 2937 1708 in
2958 1667 3078 1708 rem
3101 1653 3358 1708 edendos
3382 1660 3675 1711 tractatus
3698 1673 3824 1712 ver-

411 1744 484 1800 tit
512 1745 800 1814 animum,
831 1760 1039 1816 parum
1068 1758 1197 1799 esse
1241 1746 1423 1810 ratus,
1453 1742 1875 1814 impedimenta
1903 1759 2217 1812 removere,
2250 1743 2365 1799 nisi
2394 1747 2452 1799 et
2479 1742 2610 1815 ipsa
2646 1742 2791 1799 ﬁdes
2820 1745 3140 1813 exponetur
3186 1741 3362 1813 clare,
3411 1746 3470 1798 et
3515 1747 3719 1802 omnia
3762 1762 3825 1802 ex

408 1839 627 1892 rentur.
662 1840 808 1908 Ergo
839 1836 1021 1891 edidit
1050 1833 1383 1906 complures
1412 1833 1596 1890 libros
1626 1835 1696 1890 de
1723 1834 1967 1891 diversis
1997 1837 2054 1891 et
2082 1834 2439 1905 gravissimis
2470 1833 2777 1889 divinioris
2807 1832 2989 1904 hujus
3020 1832 3347 1905 discipline
3395 1837 3739 1903 mamentis,
3767 1844 3825 1894 et

410 1926 540 1996 ejus
571 1925 927 1997 praescriptis
974 1924 1045 1978 ad
1076 1924 1253 1979 vitam
1285 1926 1342 1979 et
1372 1922 1615 1979 salutem
1648 1927 1920 1979 mteruam
1954 1923 2285 1980 necessaria
2314 1921 2506 1979 ofﬁcia
2535 1921 2707 1978 claris
2739 1926 2797 1978 et
2840 1920 3163 1992 perspicuis
3206 1922 3578 1980 documentis
3627 1924 3823 1981 decla-

411 2015 566 2069 haud
602 2015 914 2069 obscurum
948 2029 1076 2068 esse
1106 2012 1261 2082 sivit,
1294 2017 1513 2083 quanta
1541 2012 1785 2069 scientia
1813 2017 1868 2069 et
1900 2013 2164 2069 doctrina
2192 2013 2251 2067 in
2275 2013 2453 2067 rebus
2477 2012 2657 2069 sacris
2681 2015 2740 2068 et
2766 2012 2837 2067 ad
2861 2012 3031 2067 ﬁdem
3058 2013 3463 2083 spectantibus
3485 2014 3821 2072 abundave-

410 2104 507 2159 rit.
540 2104 683 2159 Cum
717 2103 949 2158 animus
982 2102 1125 2156 mihi
1156 2102 1233 2157 sit
1260 2102 1331 2157 de
1362 2102 1596 2175 scriptis
1627 2103 1755 2173 ejus
1788 2120 1855 2158 ex
1884 2101 2151 2158 instituto
2183 2101 2453 2175 pluribus
2475 2102 2627 2158 infra
2646 2102 2877 2174 agendi,
2901 2118 2975 2157 ne
2996 2106 3203 2174 postea
3227 2101 3479 2159 dicenda
3498 2104 3648 2160 mihi
3671 2123 3821 2163 nunc

406 2191 764 2264 praeripiam,
796 2207 944 2263 opus
974 2206 1089 2246 non
1121 2206 1248 2247 esse
1278 2190 1547 2259 arbitror,
1579 2206 1926 2247 enumerare
1956 2190 2181 2260 multis,
2214 2207 2461 2263 quorum
2484 2193 2961 2262 argumentorum
2996 2192 3375 2249 tractationes
3396 2197 3750 2268 susceperit,
3772 2202 3824 2252 et

404 2282 477 2336 de
505 2279 721 2350 quibus
749 2279 807 2334 in
841 2279 1031 2352 specie
1061 2279 1194 2335 ﬁdei
1225 2279 1536 2351 capitibus,
1570 2281 1802 2353 scriptis
1830 2281 2031 2353 egerit.
2069 2281 2264 2336 Fidem
2299 2280 2492 2351 potius
2526 2278 2809 2349 merebor,
2845 2279 2893 2335 si
2937 2280 3008 2335 ad
3043 2281 3405 2353 probandam
3457 2283 3822 2356 singularem

400 2368 694 2426 Melitonis
725 2371 784 2424 in
808 2369 987 2425 sacris
1019 2370 1191 2425 rebus
1222 2369 1629 2425 dexteritatem
1661 2370 1792 2441 ejus
1822 2370 1995 2425 modo
2027 2369 2184 2425 haud
2219 2386 2437 2442 paucos
2468 2369 2527 2424 in
2578 2373 2701 2424 arte
2751 2369 2939 2425 editos
2991 2370 3214 2443 ingenii
3266 2371 3421 2427 fetus
3477 2377 3669 2431 testes
3724 2392 3821 2448 po-

399 2475 659 2531 poscero,
693 2464 751 2515 et
779 2459 1053 2515 lectorem
1086 2460 1158 2514 ad
1185 2459 1499 2515 Eusebium
1534 2460 1646 2531 (70)
1678 2461 1927 2531 ejusque
1967 2476 2252 2532 sequaces
2282 2461 2492 2515 iterum
2539 2458 2898 2529 ablegavero.
2948 2460 3244 2531 Perplacet
3279 2465 3631 2534 ceteroquin
3685 2466 3822 2521 scri-

400 2554 636 2621 ptorum
667 2550 796 2621 ejus
827 2550 898 2605 de
930 2550 1104 2605 rebus
1133 2547 1475 2620 theologicis
1505 2548 1935 2606 elaboratorum
1967 2549 2199 2614 divisio,
2232 2565 2409 2620 quam
2438 2549 2494 2603 in
2530 2548 2788 2603 medium
2822 2548 3019 2603 attulit
3048 2549 3264 2622 saepius
3305 2550 3550 2622 jamjam
3605 2554 3817 2609 citatus

396 2637 723 2693 Halloixius
753 2638 887 2710 (7t),
916 2638 1009 2692 cui
1036 2636 1146 2692 alia
1171 2637 1229 2691 in
1257 2636 1504 2709 gratiam
1529 2637 1860 2709 gentilium,
1894 2636 2009 2692 alia
2032 2637 2091 2691 in
2123 2637 2374 2709 gratiam
2408 2635 2872 2691 Christianorum
2904 2638 3255 2694 concinnata
3283 2639 3577 2695 videntur.
3630 2642 3732 2698 Sic
3766 2644 3818 2698 in

397 2728 659 2799 priorum
691 2728 939 2799 gratiam
971 2726 1243 2799 inprimis
1273 2726 1460 2782 editos
1491 2726 1673 2783 fuisse
1702 2726 1885 2782 libros
1915 2726 1989 2781 De
2016 2727 2145 2797 ﬁde,
2177 2726 2250 2781 De
2279 2728 2531 2792 veritate,
2564 2726 2636 2781 De
2662 2725 2976 2782 obedientia
3016 2726 3169 2796 ﬁdei,
3198 2729 3327 2800 ipsa
3350 2744 3465 2800 prae
3517 2746 3585 2785 se
3627 2731 3819 2788 ferunt

395 2816 636 2872 nomina
665 2820 722 2871 et
753 2819 1117 2888 argumenta.
1150 2814 1262 2870 Alii
1295 2821 1515 2881 autem,
1546 2832 1691 2887 quos
1721 2815 1897 2871 etiam
1930 2815 2148 2871 multos
2178 2815 2459 2884 exaravit,
2488 2815 2675 2885 magis
2703 2816 2773 2870 ad
2810 2832 2909 2872 eos
2961 2821 3245 2887 spectant,
3295 2818 3395 2888 qui
3444 2819 3537 2876 vel
3583 2820 3714 2891 jam
3765 2822 3816 2877 in

393 2906 605 2962 Christi
638 2906 843 2962 castris
869 2910 1192 2971 versantur,
1227 2904 1313 2959 vel
1346 2905 1480 2959 dato
1512 2906 1639 2975 ejus
1670 2904 1889 2959 militis:
1923 2903 2178 2971 nomine,
2213 2902 2631 2959 admissionem
2664 2907 3021 2975 exspectant,
3059 2913 3115 2960 et
3144 2904 3411 2961 Ecclesiae
3458 2907 3706 2965 interim
3748 2911 3817 2965 li—

392 3011 526 3051 men
562 2999 774 3051 terunt.
805 2995 972 3050 Tales
1003 2999 1143 3050 sunt
1175 2995 1245 3049 De
1275 2993 1568 3061 baptismo,
1602 2995 1676 3048 De
1706 2994 1968 3058 Ecclesia,
1993 2994 2064 3048 De
2096 2991 2303 3048 Christi
2329 2995 2702 3062 generatione,
2734 2994 2806 3048 De
2846 2993 3006 3050 Verbo
3036 2995 3325 3051 incamato
3377 2999 3435 3050 et
3484 2995 3612 3063 alii,
3663 3016 3814 3071 quo-

397 3102 528 3141 rum
559 3084 712 3140 infra
732 3084 880 3139 dabo
912 3083 1261 3156 catalogum.
1294 3085 1523 3149 Quanta
1552 3083 1856 3155 diligentia
1885 3083 2095 3138 diurna
2125 3087 2525 3153 nocturnaque
2565 3098 2743 3137 manu
2774 3082 3108 3154 Scripturas
3150 3100 3343 3140 sacras
3370 3088 3734 3157 tractaverit,
3767 3096 3818 3145 et

395 3190 572 3247 quam
605 3174 876 3230 assiduus
907 3172 964 3227 in
998 3189 1199 3228 earum
1227 3171 1475 3228 lectione
1508 3172 1699 3241 fuerit,
1733 3189 1848 3227 non
1880 3171 2006 3227 sine
2034 3172 2416 3227 fundamento
2466 3171 2752 3242 conjicere
2796 3188 3117 3244 possumus
3172 3189 3240 3230 ex
3292 3171 3577 3248 Ἐκλογῶν
3622 3176 3813 3246 libris,

397 3266 519 3321 sive
551 3264 840 3335 excerptis
872 3278 901 3318 e
935 3262 1115 3318 sacris
1147 3260 1344 3317 bibilis
1376 3261 1747 3330 testimoniis,
1780 3261 1840 3317 in
1871 3278 1972 3317 sex
2001 3261 2179 3318 libros
2211 3261 2435 3317 divisis.
2468 3263 2528 3317 In
2561 3262 2812 3333 gratiam
2836 3262 3097 3318 Onesimi
3129 3264 3502 3336 potissimum
3557 3268 3675 3325 hoc
3729 3271 3817 3325 di-

395 3353 665 3408 vinarum
701 3350 1136 3423 Scripturarum
1172 3350 1284 3407 mel
1315 3351 1491 3420 suxit,
1523 3356 1695 3423 prout
1725 3350 1945 3406 clarum
1977 3355 2067 3406 est
2098 3366 2164 3406 ex
2215 3351 2343 3422 ipsa
2371 3352 2499 3423 ejus
2557 3350 2627 3406 ad
2682 3350 2998 3409 Onesimum
3045 3354 3289 3426 epistola
3319 3357 3449 3426 (72).
3506 3362 3549 3411 Ε
3608 3361 3817 3417 crebra

395 3444 592 3512 itaque
622 3457 916 3497 sacrarum
951 3441 1277 3497 litterarum
1308 3441 1574 3508 lectione,
1606 3458 1709 3497 ceu
1744 3440 1962 3511 Optimo
1992 3444 2049 3495 et
2078 3440 2272 3495 omnis
2300 3439 2600 3495 divinioris
2631 3440 2906 3496 doctrinas
2939 3442 3109 3498 unico
3143 3443 3293 3500 fonle
3323 3450 3379 3501 et
3427 3449 3812 3523 scaturigine,

393 3532 671 3586 derivavit
701 3547 930 3601 quoque
961 3533 1016 3586 in
1052 3548 1115 3588 se
1145 3532 1434 3604 egregiam
1466 3531 1649 3601 illam,
1680 3548 1798 3603 qua
1827 3533 2148 3586 instructus
2178 3535 2303 3586 erat
2332 3530 2585 3586 scientia:
2617 3530 2789 3586 istius
2814 3532 3231 3589 abundantiam
3257 3553 3271 3602 ;
3304 3540 3362 3591 et
3417 3552 3553 3592 cum
3602 3539 3808 3597 Jesum

386 3621 683 3678 Christum
717 3620 899 3676 Deum
933 3628 987 3676 et
1016 3621 1312 3678 hominem
1346 3621 1503 3677 haud
1532 3620 1801 3693 ignorare
1832 3619 2160 3692 praecipuus
2196 3619 2270 3675 sit
2301 3619 2433 3674 fidei
2465 3625 2677 3676 nostras
2706 3619 3011 3692 articulus,
3037 3621 3172 3679 huic
3203 3624 3374 3680 etiam
3409 3629 3643 3683 veritati
3669 3647 3808 3703 pra-

386 3711 553 3782 cipue
584 3710 830 3779 studuit,
857 3714 912 3767 et
943 3711 1176 3767 deitatis
1200 3711 1413 3785 pariter
1444 3727 1510 3767 ac
1535 3711 1803 3766 humana:
1835 3708 2231 3782 (θεανορώπου)
2262 3713 2486 3764 naturas
2517 3714 2701 3765 stator
2738 3710 2962 3766 exstitit
2992 3715 3167 3785 atque
3224 3715 3498 3772 defensor
3547 3718 3809 3777 fortissi-

386 3817 537 3857 mus.
572 3800 857 3857 Eusebius
890 3802 1002 3874 (73)
1036 3801 1187 3857 hanc
1215 3802 1273 3856 in
1310 3817 1432 3856 rem
1463 3800 1814 3857 evolvendus
1854 3804 1964 3865 est,
1997 3798 2096 3871 qui
2129 3799 2198 3853 de
2230 3814 2295 3853 eo
2328 3798 2619 3855 memorias
2651 3798 2924 3869 prodidit,
2966 3817 3081 3871 quo
3140 3802 3359 3874 scripta
3415 3806 3548 3876 ejus
3608 3804 3670 3860 ἐν
3730 3810 3806 3869 οἷς

392 3888 754 3965 θεολογεῖται,
775 3889 863 3944 καὶ
894 3890 1023 3952 Θεὸς
1052 3888 1141 3944 καὶ
1193 3886 1479 3962 ἅνθρωπος
1519 3886 1941 3964 καταγγέλλεται

2253 3886 2325 3957 ὁς,
2387 3909 2415 3938 ‹‹
2477 3887 2535 3943 in
2595 3888 2811 3960 quibus
2867 3889 3084 3946 Christi
3143 3892 3419 3948 divinitas
3481 3899 3802 3963 astruitur,

384 3985 443 4035 et
472 3981 531 4035 in
563 3981 778 4052 quibus
810 3997 944 4035 eum
978 3983 1155 4036 Deum
1189 3979 1362 4035 simul
1396 3984 1563 4051 atque
1592 3979 1881 4035 hominem
1916 3977 2266 4049 praedicavit,
2300 3999 2329 4028 ››
2362 3977 2637 4033 omnibus
2671 3978 2886 4035 fuerint
2910 3984 3064 4046 nota,
3095 3981 3235 4051 quin
3257 3983 3597 4040 notissima.
3628 3988 3807 4061 Inpri-

386 4070 500 4126 mis
532 4070 802 4142 egregius
830 4069 1117 4126 Melitonis
1150 4070 1313 4126 locus
1346 4075 1434 4125 est
1464 4070 1535 4125 de
1568 4070 1870 4124 divinitate
1901 4072 1958 4123 et
1992 4067 2353 4156 humanitate
2382 4067 2595 4123 Christi
2629 4068 2765 4141 (74),
2799 4085 2969 4141 quem
3000 4072 3347 4128 Anastasius
3390 4074 3627 4131 Sinaita
3678 4096 3808 4151 pro-

385 4158 573 4228 duxit,
605 4164 662 4214 et
692 4175 762 4214 ex
789 4176 854 4214 eo
886 4159 1107 4216 Caveus
1138 4159 1250 4232 (75)
1284 4163 1339 4215 et
1358 4159 1701 4214 Whislonus
1724 4159 1855 4231 (76),
1877 4165 1933 4213 et
1952 4173 2124 4229 quem
2146 4160 2347 4211 contra
2364 4156 2647 4212 Clericum
2669 4158 2982 4215 vindicavit
3006 4161 3424 4220 Weismannus
3446 4165 3592 4239 (77).
3621 4170 3802 4227 Suam

382 4264 556 4318 porro
586 4246 645 4301 in
678 4247 851 4304 rebus
884 4250 1268 4304 divinioribus
1298 4265 1489 4304 raram
1523 4248 2005 4304 commonstravit
2034 4247 2436 4301 dexteritatem
2471 4246 2529 4301 in
2564 4263 2654 4316 eo,
2686 4250 2841 4319 quod
2875 4251 3125 4319 purioris
3155 4253 3433 4310 doctrina:
3477 4257 3633 4314 adeo
3687 4260 3807 4317 fue-

382 4336 458 4389 rit
486 4351 690 4392 amans
721 4340 891 4407 atque
922 4346 1112 4406 tenax,
1146 4344 1207 4393 ut
1232 4353 1299 4393 ea
1328 4353 1400 4392 ne
1430 4337 1613 4392 latum
1645 4336 1882 4409 quidem
1914 4351 2168 4409 unguem
2202 4336 2590 4392 recedendum
2640 4353 2769 4393 esse
2825 4338 3075 4407 duxerit,
3128 4343 3231 4401 sed
3278 4343 3574 4402 haereticis
3636 4349 3806 4406 forti-

453 4488 564 4584 (ὅθ)
596 4490 877 4584 ῌιιυῐιτρηξαςι
901 4489 1187 4584 ejusnmodi
1222 4490 1544 4584 sententious
1564 4487 2002 4584 enumeravithol

2255 4506 2427 4584 ιμᾳτὲι
2454 4481 2792 4579 πρεςὸέτερξ
2819 4492 2926 4584 ei):
2956 4489 3223 4584 Bit'C‘tOpOC
3248 4492 3494 4584 χρόνῳν,
3529 4493 3567 4550 ἄ
3594 4496 3804 4555 ἐκεῖνοι

382 4553 658 4640 rei'utavit
690 4553 979 4640 Ra_dulpb.
1000 4562 1316 4640 putxyortl}
1347 4563 1405 4616 in
1455 4561 1755 4640 Systemote
1789 4559 1931 4640 inte!

2256 4553 2363 4620 ε’τά
2385 4553 2512 4640 ξρνὴ
2541 4553 2822 4640 ,ὑπέρνλςῆς
2853 4553 3616 4640 ἀληθείαςξμκὰῗπρρςῂτὰς

376 4634 555 4687 ctuali
585 4637 724 4687 tom.
759 4633 805 4698 Ι,
841 4625 966 4703 cap.
998 4633 1053 4699 5,
1087 4632 1183 4687 fol.
1216 4634 1344 4700 812,
1377 4625 1533 4703 δᾳᾳῖ,
1586 4632 1726 4687 edit.
1789 4631 1925 4686 Mosi

2256 4648 2363 4703 σνεις
2396 4625 2843 4703 ἔγρὰψπιγξιχὲὴω
2879 4625 3258 4690 δὲ”Ιουτέίνου
3316 4625 3406 4691 κάἱ
3442 4625 3800 4699 ’Μιλίιιάέοέ

379 4706 608 4758 mianze.
643 4705 851 4759 Confer
875 4700 1112 4782 quoque
1139 4703 1189 4758 si
1238 4700 1443 4782 placet'
1469 4700 1743 4782 ejusdem
1796 4702 1928 4782 abba

2254 4700 2640 4782 :I‘attavoﬁ‘xati
2662 4700 2991 4782 βλήμεγςος
3021 4706 3111 4782 κρεκὶ
3146 4707 3342 4782 Eripuit]
3394 4707 3720 4782 πᾈειόνων,
3754 4715 3803 4770 ἐν

380 4791 614 4856 summa
641 4761 1106 4856 rever._diss.‘De
1143 4761 1414 4831 creatione
1467 4761 1539 4830 e5:
1593 4775 1796 4841 nihilo,
1852 4774 1927 4829 ibi

2254 4772 2405 4856 ξίξτοξςξι
2434 4761 2830 4856 θεολογεῖεταιῒᾷ
2862 4761 3115 4856 Χριᾶτός.
3166 4761 3243 4856 Td.
3293 4776 3348 4856 ἓξ

378 4846 1092 4930 ῙοΙ¹;957;,τορθῑ·ἱςηάιξζι].
1426 4918 1490 4930 Μ
1567 4917 1606 4930 ἢ
1664 4917 1717 4930 Μ

2254 4842 2563 4930 Μελιίτῄωχος
2608 4842 2698 4898 Stal
2754 4849 2861 4900 τῶν
2911 4842 3130 4930 λριςπῶν
3175 4850 3268 4930 τίς.
3320 4842 3803 4930 ἆχνοὲῖίβιϐλέι,

449 4916 561 4988 (70)
597 4912 1513 4995 Hist:eccle§:_lib._1v,_ca_p.__$6.
1567 4917 1784 4973 Ruffin.
1828 4915 1971 4995 ipid.

2126 4914 2377 4995 esurienti
2408 4912 2694 4995 ᾂγθρωτξον
2722 4916 3170 4995 κατεγγὲλλοντα
3216 4922 3311 4976 τὸν
3342 4912 3598 4995 Χριστόῦ
3641 4949 3656 4993 ;

374 4986 610 5071 Hieron;
643 5006 767 5071 cap.
801 4990 895 5071 2’t._
923 4989 1160 5071 Nic-epit:
1297 4988 1613 5071 E.Ali.b.A1v,
1646 5005 1794 5071 ϐαρ..
1818 4987 1905 5071 4-0.
2340 4989 2401 5071 [η
2433 4986 2649 5071 Ὁξῃγῷ
2679 4986 2988 5071 εδει-ρξιῴ
3031 4995 3140 5049 υἱεῖ
3169 5008 3296 5071 cap.
3332 4986 3417 5061 l3,
3454 5014 3603 5071 pag.
3642 4986 3795 5059 -260.

445 5059 561 5136 (7t)
590 5059 652 5136 In
684 5063 989 5136 Illustrium
1031 5058 1635 5136 E’ccleaiaegorieptalis
1680 5058 2013 5129 scriptorum
2194 5058 2436 5136 (75)“In_
2479 5058 2683 5136 Hiemi.
2723 5061 3058 5136 _tit_leraria_
3085 5058 3416 5136 scriptorum
3454 5058 3800 5130 ecclesia“.

376 5129 1149 5209 Vitis.et_docu_uzentis,_tom.
1188 5131 1259 5209 ll,
1294 5131 1390 5209 fol.
1422 5133 1547 5186 821.
1735 5202 1800 5209 μ
1894 5200 1905 5209 _
2120 5145 2254 5209 pag.
2288 5130 2378 5209 20.
2412 5130 2576 5202 Apud
2632 5130 2986 5188 Halloixium
3044 5133 3157 5191 hoc
3196 5129 3631 5209 'tragmentum
3687 5129 3805 5203 non

438 5202 553 5274 (72)
573 5202 892 5274 Eusebius,
923 5206 1064 5259 Hist.
1104 5202 1291 5274 eccles.
1327 5204 1425 5257 lib.
1461 5219 1532 5268 Iv,
1565 5218 1693 5274 cap.
1734 5202 1824 5272 36,
1857 5200 2012 5257 circa
2118 5200 2327 5256 exstat.

368 5270 546 5358 ﬁnem:
570 5273 719 5358 hanc
751 5273 1191 5358 nobis‘servavil
1221 5274 1564 5358 epistolam;
1637 5270 1656 5274 ⁷
1757 5348 1766 5358 Ι
1806 5270 1814 5272 ⁷
1893 5343 1903 5358 .
2121 5342 2164 5358 ν
2188 5274 2304 5340 (76)
2336 5273 2400 5327 In
2427 5271 2531 5358 Me
2558 5271 2916 5358 dicierlatiorz
2946 5292 3093 5358 aper}
3234 5280 3475 5358 Epistles
3504 5287 3582 5352 of
3631 5286 3800 5358 lg“.

436 5345 786 5430 (.73)‘H_istor.
827 5346 1013 5429 eccles.
1061 5344 1165 5430 lib:
1215 5342 1282 5430 vi
1321 5361 1446 5416 cap.
1498 5347 1587 5412 28,
1640 5348 1864 5430 co‘ntra.
1892 5343 2006 5397 hm-
2116 5342 2585 5430 tiae.pag‘..6_5_et
2733 5362 2864 5430 qua;
2888 5342 3093 5430 tomol
3123 5342 3284 5430 libri;
3311 5368 3493 5423 quem
3533 5342 3803 5430 Τιιίρή.

366 5416 516 5469 resin
540 5418 899 5492 Artemonis,
932 5433 1056 5486 qua;
1097 5415 1405 5492 Christum
1437 5433 1668 5492 nierum
1712 5415 2004 5492 hominem
2115 5418 2308 5492 mitiga
2328 5415 2942 5492 [:hfietiaaityfeviu’d
2973 5419 3298 5492 inscripsit,
3330 5415 3565 5484 exstat.

362 5498 490 5563 esse
520 5486 772 5563 dicebat,
805 5483 1112 5563 disputans
1149 5486 1272 5563 itaﬁ:
1300 5487 1403 5541 Ἠν
1434 5483 1482 5563 8_’
1533 5487 1594 5563 at.
1627 5486 1796 5563 τρχὸν
1844 5506 1911 5538 πι

2245 5487 2390 5563 7)_In
2407 5483 2828 5563 Introduction
2854 5491 2916 5563 in
2947 5483 3336 5550 memorabilia
3362 5483 3794 5559 Ecclesium:

362 5552 455 5635 νὸγ.
480 5552 968 5635 τὸολεγρμὲνιὲθίεῖ
1007 5556 1081 5635 μὴ
1140 5560 1357 5635 apiario!
1408 5557 1500 5635 μὲν
1553 5552 1909 5635 ργτὲἦῖπτον.

1671 5552 2005 5635 ετὲἳπτονριύτ
2114 5552 2368 5616 Historiae
2397 5556 2452 5612 S.
2475 5557 2541 5615 N.
2576 5559 2653 5624 T.,
2687 5563 2829 5615 tom.
2864 5562 2906 5633 Ι,
2941 5577 3073 5635 pag.
3100 5564 3220 5618 114.

364 5626 483 5680 τοῖς
514 5623 568 5675 αἱ
628 5623 767 5688 etim
823 5623 1056 5703 Γραφαὶ,
1094 5623 1194 5679 καῖ
1241 5623 1492 5703 ἀδελφῶν
1550 5624 1607 5682 δέ
1663 5647 1825 5682 τινων
1890 5626 2001 5683 ἐστὶ
