3922 6304
138 467 303 530 1165
1064 466 1420 528 NO'l‘I'l‘IA.
1466 498 1545 510 —
1588 468 1637 526 Ι.
1686 517 1687 522 η

2001 490 2017 528 ι
2061 471 2127 530 S.
2173 469 2628 534 MELITONIS.
3394 478 3550 537 1166

129 612 221 659 ter
250 602 553 673 restiterit,
586 604 645 658 et
694 601 754 656 in
787 616 1094 674 pravarum
1137 616 1341 658 eorum
1384 599 1729 674 opinionum
1761 600 2129 674 potissimum
2163 605 2413 677 origines
2440 607 2512 662 de
2555 606 2845 663 industria
2873 607 3264 678 inquisiverit.
3293 610 3547 670 Multum

135 693 296 750 enim
327 709 461 749 cum
493 691 684 748 valeat
714 692 784 747 ad
836 690 1296 748 abstrahendum
1330 692 1401 746 ab
1434 706 1628 747 errore
1659 691 1947 762 animum,
1979 710 2154 751 nosse
2183 711 2437 751 erronese
2470 696 2773 752 sententiae
2803 714 3010 754 causas
3045 716 3060 766 ;
3092 704 3289 756 noster
3314 719 3549 775 quoque

132 784 194 838 in
225 800 294 839 eo
325 798 562 854 operam
619 798 785 838 suam
819 781 1047 853 egregie
1080 797 1320 852 prorsus
1362 780 1594 847 locavit,
1628 782 1780 852 quod
1814 783 2030 854 scripto
2061 786 2339 856 quodam,
2373 790 2437 841 ut
2464 790 2664 841 auctor
2693 792 2780 842 est
2812 786 3196 861 Hieronymus
3222 790 3357 864 (78),
3387 809 3550 849 mon-

136 872 430 938 straverit,
464 889 533 927 ex
563 889 678 943 qua
711 871 1192 943 philosophorum
1217 874 1375 925 secta
1405 869 1651 941 singulas
1682 870 1741 924 in
1773 871 2023 927 Ecclesia
2053 872 2302 929 haereses
2326 874 2571 930 natalem
2608 875 2887 931 traxerint
2916 881 3093 949 atque
3124 878 3546 949 originem.Vel

136 963 315 1019 unico
344 964 544 1033 itaque
575 963 683 1016 hoc
711 976 883 1032 opere
914 961 1058 1016 satis
1089 976 1382 1032 superque
1411 960 1593 1015 evinci
1623 967 1969 1031 potest,eum
2003 962 2063 1018 in
2087 962 2626 1036 philosophicarum
2659 981 2822 1037 aeque
2862 983 2926 1022 ac
2957 966 3414 1040 theologicarum
3449 988 3543 1027 re-

138 1069 271 1109 rum
303 1050 649 1119 latifundiis,
681 1049 836 1106 haud
870 1052 1120 1120 angusta
1147 1050 1497 1105 instructum
1534 1049 1715 1106 fuisse
1746 1050 2229 1109 scientia.Meruit
2260 1053 2520 1125 proinde,
2539 1054 2611 1110 ob
2642 1054 3033 1111 eruditionem
3066 1072 3307 1128 prorsus
3338 1059 3547 1133 singu-

140 1142 665 1212 larem,perennem
698 1140 769 1196 ad
800 1138 1445 1212 posterosmemoriam.
1480 1137 1960 1196 Mcruitoratoris
1991 1140 2323 1215 philosophi
2346 1142 2792 1215 atquctbeologi
2827 1151 3118 1215 nomen,et
3142 1161 3276 1203 cum
3308 1164 3546 1212 summa

131 1230 310 1287 laude
345 1229 577 1288 meruit.

1382 1374 1411 1441 §
1440 1373 1515 1427 X.
1562 1373 1635 1428 De
1663 1371 1936 1430 Melitonis
1963 1375 2294 1433 castimonia

209 1525 393 1587 Quem
430 1518 712 1574 hactenus
756 1514 1119 1589 argumentis
1148 1513 1512 1587 gravissimis
1541 1515 1807 1589 apprime
1846 1516 2084 1573 doctum
2115 1518 2282 1587 evici,
2344 1517 2499 1575 idem
2531 1535 2689 1575 nunc
2713 1535 2946 1592 quoque
2977 1522 3109 1592 pius
3137 1525 3191 1578 et
3220 1522 3538 1583 virtutibus

134 1611 390 1668 maxime
420 1608 655 1679 ﬂorens,
688 1606 986 1662 sistendus
1019 1604 1162 1660 mihi
1195 1604 1326 1673 erit,
1356 1619 1463 1661 nec
1493 1605 1799 1661 infeliciori
1831 1622 2241 1678 successu,nec
2273 1607 2589 1665 levioribus
2609 1611 2971 1683 argumentis
3001 1610 3058 1666 id
3090 1616 3285 1669 actum
3310 1613 3380 1670 iri
3403 1631 3541 1671 con-

138 1703 278 1758 fido.
312 1700 419 1765 Qui
442 1698 599 1754 enim
631 1712 660 1752 e
692 1695 957 1767 diligenti
985 1693 1164 1751 variis
1192 1694 1416 1750 artibus
1447 1702 1500 1751 et
1530 1695 1795 1752 scientiis
1825 1697 2195 1770 ingeniorum
2227 1698 2477 1765 cultura,
2509 1704 2566 1755 et
2589 1716 2620 1756 e
2647 1716 2945 1756 sacrarum
2980 1700 3297 1759 litterarum
3331 1706 3539 1762 crebra

134 1793 386 1850 lectione
416 1791 473 1846 in
505 1788 813 1845 hominum
847 1788 996 1843 bene
1039 1790 1355 1858 praeparata
1386 1790 1620 1859 pectora
1648 1802 1920 1845 emanare
1952 1790 2143 1846 solent
2172 1790 2414 1859 fructus,
2447 1794 2515 1847 ut
2543 1790 2763 1848 scilicet
2792 1791 3162 1849 emolliantur
3192 1810 3404 1864 mores,
3433 1814 3538 1853 nec

132 1882 412 1938 sinantur
449 1878 716 1935 homines
758 1893 888 1934 esse
915 1876 1189 1948 improbi,
1221 1876 1262 1931 ii
1292 1880 1455 1932 tanto
1486 1877 1727 1934 uberius
1758 1879 1815 1933 in
1875 1879 2199 1951 piissimam
2253 1879 2543 1936 Melitonis
2600 1881 2858 1937 animam
2907 1888 3277 1952 emanarunt,
3313 1891 3535 1957 quanto

134 1971 348 2043 majori
378 1970 570 2026 studio
617 1967 852 2039 utrique
908 1982 1143 2039 operam
1177 1982 1424 2022 navasse
1470 1966 1758 2023 hactenus
1805 1969 2081 2025 vidimus.
2116 1970 2256 2025 Inde
2302 1969 2477 2041 igitur
2505 1970 2728 2026 exstitit
2784 1970 2991 2026 animae
3031 1972 3161 2043 ejus
3192 1989 3534 2046 morumque

134 2061 389 2135 paritas,
437 2059 573 2115 inde
601 2058 731 2130 ejus
777 2056 1099 2126 caelibatus,
1151 2060 1208 2111 et
1255 2057 1624 2124 castimonia,
1654 2073 1773 2128 qua
1820 2058 1968 2113 inter
2015 2058 2129 2114 alia
2174 2058 2458 2115 virtutum
2498 2059 2773 2115 exercitia
2830 2060 3179 2131 conspicuus
3210 2061 3341 2129 fuit,
3372 2072 3427 2119 et
3460 2066 3532 2119 ob

131 2166 316 2223 quam
343 2147 599 2204 eunuchi
647 2161 970 2217 cognomen
1002 2146 1243 2217 accepit.
1277 2146 1360 2201 Ita
1386 2162 1642 2218 namque
1659 2151 1900 2203 vocatur
1925 2164 1958 2203 a
1996 2147 2293 2221 Polycrate
2320 2148 2432 2221 (79)
2466 2148 2524 2203 in
2555 2148 2801 2220 epistola
2831 2149 3106 2219 synodica
3138 2150 3209 2206 ad
3239 2150 3530 2210 Victorem

128 2256 345 2314 papam
380 2236 591 2310 εΤίγᾶρ
662 2231 745 2289 δεῖ
782 2232 961 2311 λέγειν
1002 2234 1236 2307 Σάγαριν
1268 2233 1561 2289 ἐπίσκοπον
1627 2234 1993 2312 καὶμάρτυρα,
2035 2236 2092 2298 ὅς
2151 2232 2439 2307 Λαοδικείᾳ
2502 2236 2869 2309 κεκοίμηται;
2910 2231 2988 2291 ἔτι
3044 2237 3148 2313 γᾶγ
3186 2239 3277 2293 καὶ
3318 2239 3529 2294 Παπεί-

132 2350 256 2404 ριον
290 2330 382 2383 τὸν
423 2327 713 2401 μακάριον,
768 2325 859 2380 καὶ
899 2323 1186 2380 Μελίτωνα
1241 2324 1331 2380 τὸν
1374 2323 1652 2400 εὐνοῦχον,
1692 2325 1783 2381 τὸν
1850 2324 1902 2381 ἐν
1946 2326 2087 2403 ἁγίῳ
2127 2328 2398 2400 Πνεύματι
2439 2329 2614 2382 πάντα
2650 2326 3112 2399 πολιτευσάμενον
3145 2346 3158 2396 ;
3197 2349 3251 2383 κ.
3283 2351 3334 2387 τ.
3387 2329 3441 2386 λ.
3478 2333 3537 2388 ld

126 2430 219 2479 est
249 2425 314 2477 ut
341 2420 509 2476 divus
538 2418 924 2488 Hieronymus
954 2418 1064 2489 (80)
1096 2416 1406 2473 verborum
1442 2416 1765 2489 Polycratis
1823 2418 2201 2491 interpretem
2253 2419 2372 2492 egit
2408 2437 2420 2473 :
2460 2442 2487 2472 «
2532 2421 2679 2488 Quid
2728 2436 2965 2477 necesse
2995 2429 3079 2477 est
3132 2422 3368 2496 Sagaris
3416 2423 3538 2495 epi-

134 2512 301 2584 scopi
332 2519 383 2568 et
424 2510 696 2583 martyris
722 2509 1034 2575 recordari,
1084 2508 1186 2580 qui
1214 2508 1275 2564 in
1327 2509 1611 2565 Laodicea
1636 2513 1964 2582 soporatur,
1997 2514 2055 2566 et
2086 2510 2299 2583 Papirii
2332 2512 2508 2577 beati,
2541 2519 2594 2566 et
2648 2512 2938 2568 Melitonis
2990 2513 3051 2568 in
3078 2518 3280 2571 sancto
3312 2515 3534 2586 Spiritu

142 2602 427 2671 eunuchi,
458 2603 813 2674 quisemper
847 2599 1088 2656 Domino
1116 2600 1293 2655 servit
1339 2599 1366 2655 ?
1397 2620 1425 2649 »
1459 2599 1851 2671 Audititaque
1881 2604 2080 2656 noster
2113 2602 2438 2657 eunuchus.
2472 2602 2737 2674 Cumque
2768 2606 3033 2658 Servatur
3062 2604 3325 2674 optimus
3354 2606 3545 2660 maxi-

129 2709 271 2749 mus
300 2694 359 2747 in
392 2690 697 2763 Evangelio
721 2692 739 2726 ί
771 2690 887 2762 (81)
918 2688 1030 2745 tria
1060 2689 1456 2745 cunuchorum
1486 2689 1673 2745 consti

1995 2689 2241 2757 ra,aliud
2266 2690 2485 2745 scilicet
2507 2707 2730 2754 eorum,
2763 2688 2955 2750 οἷ’τινες
2978 2688 3037 2745 Ex
3072 2689 3291 2756 κοιλίας
3333 2694 3544 2768 μητρὸς

128 2780 497 2856 ἐγεννήθησαν
536 2776 702 2849 οὕτω,
745 2800 775 2830 ‹‹
808 2779 880 2835 ab
913 2784 1041 2834 ortu
1075 2800 1104 2829 »
1139 2779 1363 2848 talium,
1395 2780 1495 2851 qui
1529 2781 1601 2836 ad
1632 2779 1674 2835 V

1995 2778 2220 2835 habiles
2250 2779 2369 2835 nati
2399 2786 2575 2848 sunt;
2610 2779 2768 2836 aliud
2814 2780 3070 2844 illorum,
3115 2777 3316 2843 toi-cive;
3354 2781 3540 2836 εὐνου-

128 2870 407 2947 χίσθησαν
445 2870 550 2924 ὐπὸ
570 2873 677 2924 τῶν
708 2868 1027 2943 ἀνθρώπων,
1054 2890 1082 2919 ‹‹
1114 2868 1216 2939 qui
1242 2868 1314 2922 ab
1345 2868 1677 2924 hominibus

1993 2868 2084 2923 :cti
2108 2871 2245 2923 sunt
2276 2887 2289 2936 ;
2326 2890 2353 2917 »
2384 2873 2441 2925 et
2461 2867 2619 2923 aliud
2652 2869 2905 2941 denique
2936 2869 3207 2939 istorum,
3232 2869 3426 2932 οἳτινες
3453 2871 3542 2926 εὐ-

127 2960 396 3035 νούχισαν
427 2957 649 3020 ἑαυτοὺς
690 2955 779 3012 διὰ
813 2958 915 3026 τὴν
961 2955 1236 3031 βασιλείαν
1254 2960 1362 3009 τῶν
1386 2954 1649 3032 οὐρανῶν,

1990 2973 2111 3027 )sos
2143 2961 2470 3013 castrarunt
2500 2966 2735 3029 propter
2762 2974 3007 3029 regnum
3040 2958 3317 3014 caelorum
3347 2978 3403 3025 ;»
3426 2977 3539 3015 non

131 3050 241 3106 abs
270 3065 330 3107 re
358 3048 469 3105 erit
496 3048 815 3120 inquirere,
848 3047 917 3102 ad
950 3062 1267 3117 quamnam
1300 3062 1502 3101 eorum
1536 3045 1781 3101 classem
1815 3044 2012 3101 Melite
2044 3049 2243 3101 noster
2274 3046 2350 3101 sit
2381 3046 2738 3101 referendus.
2777 3046 3005 3102 Ultimas
3037 3051 3233 3102 autem
3266 3063 3399 3102 eum
3434 3051 3537 3104 ad-

124 3139 567 3196 numerandam
628 3153 777 3205 esse,
809 3152 877 3192 ex
907 3136 1138 3191 duabus
1189 3134 1515 3190 rationibus
1560 3134 1713 3189 haud
1744 3134 1990 3190 obscure
2035 3137 2225 3204 potest
2253 3135 2641 3206 comprobari.
2689 3135 2884 3191 Primo
2934 3135 3258 3208 Polycrates
3307 3137 3534 3193 nullam

119 3230 296 3285 aliam
330 3230 402 3285 ob
433 3244 672 3285 causam
705 3226 959 3283 eunuchi
991 3224 1334 3296 c0gnomine
1364 3225 1695 3281 Melitoncm
1727 3224 2011 3296 insignire
2045 3224 2189 3279 mihi
2222 3225 2464 3294 videtur,
2492 3240 2669 3295 quam
2703 3228 2770 3279 ut
2798 3225 2977 3279 simul
3000 3224 3218 3296 aliquid
3246 3227 3303 3279 in
3328 3224 3533 3282 laudes

116 3325 302 3391 atque
350 3317 840 3374 existimationem
894 3316 1023 3385 ejus
1067 3315 1268 3371 aﬁ'erat
1310 3319 1414 3384 ;et
1443 3314 1529 3370 sic
1559 3314 1860 3370 sententiae
1890 3331 2030 3379 sum,
2091 3331 2268 3385 quam
2300 3318 2502 3369 contra
2549 3314 2835 3371 Victorem
2886 3314 3180 3378 tuebatur,
3220 3315 3372 3370 haud
3407 3314 3529 3371 leve

116 3407 356 3481 pondus
386 3405 760 3479 superaddat,
790 3408 989 3476 utpote
1023 3420 1148 3475 quae
1170 3406 1257 3458 tot
1288 3403 1797 3459 sanctissimorum
1827 3403 2082 3458 virorum
2116 3402 2464 3459 auctoritate
2494 3402 2883 3457 suil'ulciatur.
2918 3404 3192 3458 Eamdem
3226 3404 3425 3478 itaque
3459 3404 3532 3459 ob

128 3494 477 3563 causam,ob
530 3510 705 3566 quam
754 3494 1026 3566 Sagarem
1065 3490 1332 3564 μάρτυρα,
1390 3497 1444 3547 et
1500 3491 1677 3563 Papir

1983 3491 2115 3563 ἱριον
2173 3494 2497 3560 vocaverat,
2551 3490 2907 3547 Melitionem
2937 3509 3168 3565 quoque
3198 3494 3532 3548 eunuchum

117 3584 374 3654 vocavit,
407 3583 554 3640 alias
586 3582 715 3639 sine
766 3580 884 3638 ullo
915 3598 1092 3653 scopo
1123 3581 1233 3636 hoc
1261 3579 1557 3652 epitheton
1611 3579 1956 3649 addidisset,
2009 3581 2160 3651 quod
2205 3580 2326 3635 sive
2355 3582 2428 3636 ob
2482 3584 2706 3635 natura;
2759 3581 2989 3640 vitium.
3036 3582 3156 3636 sive
3187 3583 3258 3637 ob
3287 3582 3534 3637 aliorum

120 3674 442 3730 hominum
499 3670 837 3727 violentiam
867 3670 953 3725 illi
982 3670 1311 3741 obtigisset,
1344 3670 1413 3725 ad
1464 3669 1671 3725 laudes
1701 3670 1850 3740 ejus,
1883 3673 1941 3723 et
1979 3669 2574 3735 commendationem,
2635 3670 2752 3726 imo
2784 3674 2841 3725 et
2870 3672 2941 3724 ad
2993 3671 3357 3742 propositum
3391 3671 3538 3725 nihil

119 3779 376 3838 prorsus
407 3763 668 3818 conferre
694 3760 1001 3834 potuisset.
1033 3761 1097 3814 In
1126 3758 1417 3831 ejusmodi
1450 3762 1649 3813 autem
1679 3757 1944 3828 epistola,
1977 3773 2155 3828 quam
2197 3758 2459 3828 privatus
2492 3758 2562 3812 ad
2588 3759 2872 3827 privatum
2907 3758 3152 3814 minime
3182 3758 3343 3813 dedit
3376 3759 3539 3831 Poly-

114 3857 343 3921 crates,
374 3852 479 3910 sed
509 3868 681 3925 quam
715 3850 947 3922 publico
980 3849 1234 3917 nomine,
1267 3848 1366 3905 sed
1418 3863 1596 3920 quam
1628 3847 1865 3903 nomine
1894 3846 2148 3902 omnium
2180 3848 2361 3903 totius
2409 3848 2561 3902 Asiae
2592 3845 2984 3902 Ecclesiarum
3018 3846 3089 3901 ad
3122 3846 3409 3901 Victorem
3441 3848 3539 3902 Ec-

117 3942 491 4013 clesiamque
525 3941 875 4007 Romanam,
931 3938 992 3994 in
1021 3954 1084 3995 re
1115 3938 1356 3993 maxime
1403 3936 1577 4002 seria,
1608 3937 1885 4005 exaravit,
1935 3939 1993 3991 et
2022 3952 2197 4008 quam
2233 3935 2293 3990 in
2343 3936 2563 4006 synodo
2594 3933 2840 3991 solemni
2873 3937 2958 3989 tot
2985 3933 3240 4004 episcopi
3273 3950 3537 4005 compro-

113 4034 424 4100 baverunt,
477 4034 534 4085 et
576 4029 1008 4101 subscriptione
1052 4028 1558 4093 confirmaverant,
1599 4024 1816 4097 aliquid
1846 4029 2061 4081 temere
2116 4027 2174 4079 et
2204 4023 2349 4078 nihil
2388 4024 2459 4078 ad
2494 4038 2613 4078 rem
2673 4023 2964 4093 adjectum
3003 4022 3203 4087 fuisse,
3245 4025 3339 4076 vix
3362 4013 3428 4076 ac
3460 4039 3532 4079 ne

108 4123 215 4179 vix
249 4121 487 4192 quidem
540 4124 734 4176 mente
765 4136 1004 4191 possum
1059 4118 1381 4189 concipere.
1425 4116 1687 4172 Alterum
1743 4120 2153 4188 argumentum
2186 4131 2256 4170 ex
2285 4113 2488 4169 Latina
2516 4112 2723 4169 horum
2756 4114 3067 4169 verborum
3101 4113 3364 4169 versione
3395 4112 3531 4169 Hie-

106 4213 351 4284 ronymi
382 4217 552 4283 atque
587 4210 800 4266 ΒΜῆοὶ
845 4213 1033 4281 potest
1058 4208 1311 4273 desumi,
1345 4223 1596 4279 quorum
1629 4205 1773 4262 alter
1802 4206 1916 4277 (82)
1947 4204 2281 4260 Melitonem
2312 4204 2371 4258 in
2414 4202 2630 4274 Spiritu
2665 4207 2866 4257 sancto
2917 4202 3252 4259 eunuchum
3283 4202 3533 4270 vocavit,

108 4303 274 4360 alter
302 4316 436 4356 vero
464 4299 580 4373 (83)
612 4298 931 4372 Polycratis
952 4299 1125 4353 verba
1151 4297 1230 4352 ita
1259 4296 1676 4368 interpretatus
1706 4297 1796 4350 est
1829 4311 1842 4348 :
1880 4313 1907 4344 ι
1963 4293 2073 4348 Sed
2105 4296 2160 4347 et
2208 4290 2526 4362 Papirium,
2578 4290 2896 4347 Macarium
2922 4291 3035 4361 (84)
3083 4295 3141 4346 et
3172 4291 3529 4347 Melitionem

109 4394 364 4467 propter
397 4404 641 4461 regnum
673 4387 773 4444 Dei
794 4396 848 4444 et
879 4386 1218 4443 eunuchum
1259 4389 1316 4440 et
1342 4384 1562 4456 Spiritu
1610 4387 1813 4439 sancto
1843 4382 2149 4453 repletum.
2187 4402 2215 4430 »
2246 4385 2334 4436 Ita
2360 4384 2426 4434 ut
2452 4379 2777 4435 clarissime
2807 4380 3015 4436 exinde
3049 4384 3262 4450 pateat,
3294 4397 3393 4452 per
3426 4384 3533 4435 Po-

108 4480 366 4556 lycratis
398 4478 660 4553 εὐνοῦχον
696 4477 788 4531 τὸν
830 4475 881 4530 ἐν
929 4475 1066 4553 ἁγίῳ
1107 4473 1383 4548 Πνεύματι
1421 4474 1593 4528 πάντα
1640 4493 1657 4527 1

1985 4490 2104 4525 ενον
2142 4469 2370 4526 nullum
2419 4470 2575 4525 aliud
2608 4470 3015 4527 cunuchorum
3065 4487 3253 4542 genus
3284 4486 3413 4527 esse
3442 4470 3533 4526 in-

111 4570 539 4642 telligendum,
573 4585 749 4641 quam
782 4583 984 4624 eorum
1033 4562 1229 4625 οἵτινες
1270 4560 1358 4618 διὰ
1395 4564 1494 4633 τήν
1551 4564 1657 4638 βασ

2036 4558 2285 4635 οὐρανῶν
2319 4556 2636 4633 εὐνούχισαν
2677 4557 2920 4623 ἑαυτούς,
2962 4581 2988 4611 ‹‹
3024 4559 3123 4631 qui
3155 4576 3216 4615 se
3247 4558 3408 4629 ipsos
3439 4576 3532 4614 ca-

108 4666 388 4718 strarunt
418 4664 653 4732 propter
702 4672 948 4729 regnum
979 4654 1279 4711 ccelorum.
1308 4675 1336 4704 »
1374 4654 1520 4724 Ergo
1564 4656 1797 4726 propter
1823 4667 2066 4724 regnum
2101 4649 2377 4705 caelorum
2430 4648 2815 4720 semetipsum
2842 4647 3303 4705 eviravitMelito
3326 4646 3354 4701 ?
3384 4648 3532 4718 Ergo

191 4843 213 4879 ί
247 4842 452 4901 Matth.
487 4859 603 4909 XIX,
642 4842 727 4897 12.

194 4994 899 5070 (78)ίΒρῐειοΙα-83ε-1οιιι.
936 4993 1028 5070 lV_
1043 4989 1211 5070 0pp.,
1248 4992 1411 5070 parte
1445 5007 1508 5057 ιι,
1541 5006 1598 5061 p.
1629 4988 1775 5070 6563
1881 4985 2091 5070 Melch.
2122 4981 2402 5070 Ilnchot‘eri
2435 4981 2578 5070 dies.
2604 4983 2675 5038 De
2694 4982 3087 5070 eunuchiﬂno;
3117 4978 3430 5070 §eldenum
3457 4981 3529 5070 tle

105 5094 141 5124 or
183 5052 337 5134 Quid
373 5052 577 5137 loquar
601 5067 673 5121 de
707 5052 974 5137 Melitone
998 5052 1267 5137 Sard'ensi
1299 5052 1571 5137 episcopo
1599 5060 1777 5137 ;quid
1875 5062 2009 5137 iure
2055 5059 2278 5137 natura?
2309 5061 2359 5109 et
2405 5057 2672 5137 gentium,
2734 5069 2862 5137 pag.
2912 5053 3018 5107 658
3050 5071 3065 5120 ;
3110 5052 3432 5137 _Saldenum
3466 5052 3523 5107 in

109 5124 601 5209 de‘Apollinario
633 5135 1082 5209 Hierapolitanae
1136 5124 1407 5209 Ecclesia?
1460 5124 1777 5209 sacerdote.
1876 5124 2025 5186 Ὀιὶἰδ
2052 5127 2279 5209 theolog‘.
2310 5141 2368 5196 p.
2404 5125 2507 5209 {199
2554 5125 2935 5209 sqq._gluLes
2963 5129 3268 5209 auctores
3313 5124 3386 5209 de
3417 5124 3526 5205 hoc

107 5194 402 5283 Dionysio
433 5194 870 5283 corinthiorum
904 5204 1526 5283 episcopo,e_tTat_iano
1556 5208 1612 5258 et
1644 5203 1779 5283 8ου-
1888 5199 2126 5283 oraculo
2151 5194 2499 5283 evolvendos
2559 5194 2720 5251 dabit
2750 5195 2807 5252 S.
2844 5195 2911 5250 Β.
2963 5194 3211 5250 Wolfius
3254 5196 3314 5251 in
3347 5195 3529 5261 Curis,

112 5268 349 5342 desane
393 5281 490 5350 qui
543 5280 801 5350 origines
854 5268 1153 5350 haeresecav
1192 5268 1572 5350 singularum
1626 5279 1784 5350 et_e_x
1891 5272 2076 5350 vol.__I,
2109 5285 2244 5350 pag.
2276 5268 2402 5321 281.

110 5337 349 5429 quibus
384 5337 864 5429 philosophorum
904 5347 1169 5429 tqntibus
1219 5337 1547 5401 emanarint
1578 5344 1784 5399 multis
2109 5337 2444 5429 tliqqony'n}.
2490 5337 2947 5429 Ῑ;.ε>..‹ιιιι).,24.Η

107 5406 532 5483 ξᾱιιίωίιίίιιυε
554 5406 922 5493 explicarunt
951 5420 979 5474 ?
1011 5440 1038 5467 »
1078 5490 1087 5493 Α
1160 5490 1168 5493 _
1694 5486 1720 5493 Α
1742 5485 1754 5493 _
2109 5406 2380 5493 lt_uff_lpﬁs
2405 5411 2466 5463 in
2498 5408 2641 5464 Hist.
2677 5406 2863 5493 certes.
2909 5406 3012 5493 lib.
3046 5422 3101 5472 v,
3133 5422 3249 5479 cap.
3282 5406 3371 5463 24.

202 5475 527 5567 ζῆὄῖήλριιᾶ
560 5475 775 5549 Εὐτέεῖιξ
804 5493 942 5547 Hist.
977 5490 1277 5545 ecclesiasl.
1312 5487 1413 5542 lib.
1444 5504 1501 5557 ν,
1534 5502 1661 5558 cap.
1692 5485 1785 5553 24,
1966 5475 2107 5565 (84).
2140 5482 2429 5567 ﬁnitiuus,
2476 5496 2678 5567 parum
2754 5479 3079 5567 attendens,
3138 5475 3395 5567 errorem
3450 5475 3547 5567 bi—

112 5550 235 5627 rol‘.
269 5550 428 5619 2443
1487 5550 1498 5557 '
1606 5550 1622 5558 ’

2001 5553 2392 5627 ιωὶεἱι,ιιὶειιιο
2425 5550 2695 5627 μακάριον
2727 5551 2834 5604 viri
2859 5565 3070 5604 nomen
3088 5550 3403 5627 proprium
3449 5564 3550 5627 pu:

229 5639 323 5703 80)
379 5641 454 5692 De
484 5633 801 5691 illustribus
846 5632 1102 5690 Ecclesia:
1131 5629 1510 5703 scriptoribus,
1541 5644 1667 5703 cap.
1698 5628 1789 5683 24.
1899 5627 2065 5695 tavit,
2083 5630 2155 5703 _e_t
2202 5620 2429 5703 sicinon
2482 5627 2547 5675 ut
2577 5620 2823 5703 ;l-tieron.
2872 5636 2974 5692 per
3017 5643 3037 5670 ι
3088 5620 3357 5688 beatum,
3395 5641 3416 5668 ι
3452 5620 3555 5677 sed

207 5638 323 5837 E80)
379 5641 454 5692 De
484 5638 801 5719 illustribus
846 5638 1102 5690 Ecclesia:
1131 5638 1510 5714 scriptoribus,
1541 5644 1667 5755 cas.
1698 5638 1789 5683 24.
1899 5638 2065 5695 taxat,
2098 5638 2155 5679 et
2202 5638 2429 5705 eic_non
2482 5638 2547 5675 ut
2588 5638 2772 5704 utere]

232 5709 326 5836 8t)
355 5713 437 5763 De
495 5707 717 5778 triplici
776 5705 888 5761 hoc
939 5702 1329 5759 eunuchismo
1373 5699 1571 5756 confer
1658 5714 1796 5771 oug-
1899 5715 2002 5770 per
2020 5718 2050 5747 «
2083 5696 2403 5752 Macanum
2436 5712 2465 5739 υ
2496 5692 2772 5747 reddidit.

327 5777 528 5835 ualeat.
592 5791 758 5837 eam.
807 5779 958 5837 part.
1018 5790 1083 5837 ιι,
1143 5787 1370 5829 excurs.
1421 5771 1514 5837 50,
1570 5785 1629 5837 p.
1671 5769 1790 5837 74;

113 5769 234 5840 τεεί
279 5769 528 5836 Ᾰκαιθσε.
583 5769 758 5845 'sacr.,
807 5779 958 5847 part.
1018 5790 1083 5842 ιι,
1143 5787 1370 5829 excurs.
1421 5771 1514 5840 50,
1570 5785 1629 5841 p.
1671 5769 1790 5838 74‘;
