3922 6304
244 388 406 448 1173
1201 389 1556 450 ΝΟΤΙΤΙΑ.
1602 419 1680 430 ——
1719 386 1763 445 1.
1811 385 1913 446 DE
1957 385 2015 447 Υ

2041 388 2146 446 ΤΑ
2188 385 2249 446 S.
2302 386 2744 448 MELITONIS.
3500 395 3654 454 H74

243 521 422 591 cujus
453 520 800 577 concinnam
833 525 889 577 et
919 521 1149 578 brevem
1184 523 1334 579 hanc
1367 524 1642 580 dabimus
1664 523 2114 594 descriptionem
2147 520 2617 593 geographicam.
2650 520 2871 588 Sardis,
2907 521 3174 578 Sardium
3196 522 3404 595 plurali
3427 527 3656 582 tantum

241 626 516 676 numero,
552 609 660 665 fuit
710 613 852 665 urbs
885 610 1074 681 Lydia?
1110 611 1244 682 (11),
1288 612 1346 667 in
1391 614 1529 668 Asia
1562 613 1802 677 Minore,
1836 611 2065 668 Pactolo
2110 610 2222 681 (12)
2257 610 2504 665 aurifero
2559 610 2797 664 flumine
2846 612 3174 682 notissima,
3209 631 3335 684 qua;
3379 613 3654 672 ﬂexuosis

242 698 527 754 Maaandri
559 699 752 754 amnis
782 699 1122 755 recursibus
1159 701 1414 773 perfusa,
1469 719 1644 774 super
1675 703 1892 758 Ioniam
1947 702 2225 773 procedit,
2263 699 2519 772 Phrygiae
2550 700 2621 754 ab
2654 704 2854 755 exortu
2890 701 3031 758 solis
3078 703 3291 772 vicina,
3326 705 3398 760 ad
3431 711 3658 776 septen-

241 790 498 844 trionem
535 790 766 854 Mmsim,
793 789 1118 846 meridiana
1149 801 1306 862 parte
1337 793 1514 848 Caria:
1549 799 1770 872 partem
1805 791 2177 862 amplectens.
2213 791 2402 859 Hujus
2431 807 2568 861 ergo
2592 790 2775 861 Lydia:
2812 791 2947 846 urbs
2971 801 3023 846 et
3046 799 3217 863 caput
3241 794 3350 848 fuit
3379 795 3649 850 Sardium

241 879 490 948 civitias,
525 881 655 936 aliis
689 876 887 954 Σάρδις
919 881 1049 937 aliis
1080 898 1214 937 vero
1247 877 1476 955 Σάρδεις
1537 882 1731 938 Graece
1780 887 1981 938 vocata
2013 901 2015 928 ι

2039 882 2144 948 13),
2185 881 2336 935 inter
2382 880 2719 949 Thyatiram
2767 888 2822 935 et
2875 881 3335 952 Philadelphiam
3369 885 3480 954 (14)
3513 887 3647 953 sita,

242 969 459 1024 Tmolo
492 969 675 1026 monti
709 970 1005 1025 fortunato
1047 970 1317 1038 adjacens
1375 971 1502 1039 (15),
1539 970 1708 1040 cujus
1740 971 1946 1026 Strabo
1978 970 2015 1040 (1

2039 970 2090 1041 6)
2123 969 2274 1024 hanc
2332 969 2492 1023 dedit
2521 967 2971 1039 descriptionem
2998 987 3011 1023 :
3039 971 3109 1025 At
3143 966 3200 1023 δὲ
3231 967 3456 1044 Σάρδεις
3485 970 3649 1033 πόλις

242 1056 358 1112 ἐστὶ
393 1055 631 1134 μεγάλη,
662 1057 899 1132 νεωτέρα
928 1059 1019 1131 μὲν
1083 1062 1190 1112 τῶν
1252 1062 1532 1134 Τρωϊκῶν,
1572 1057 1777 1136 ἀρχαία
1811 1056 1867 1112 δὲ
1897 1057 2072 1132 ὅμως,
2140 1057 2276 1132 ἄκρα
2332 1060 2520 1133 εὐερκῆ
2578 1055 2799 1134 ἔχουσα,
2865 1057 3137 1132 βασίλειον
3196 1056 3253 1112 δὲ
3283 1058 3487 1133 ὕπηρξε
3542 1066 3654 1114 τῶν

243 1143 464 1204 Λυδῶν.
499 1172 526 1200 ‹‹
565 1149 768 1205 Sardis
800 1151 942 1205 urbs
973 1158 1058 1206 est
1089 1167 1325 1222 magna,
1355 1150 1636 1221 posterior
1665 1151 1901 1221 quidem
1927 1151 2173 1207 urbibus
2201 1152 2492 1222 Trojanis,
2519 1155 2748 1208 vetusta
2768 1156 2982 1223 tamen,
3007 1166 3169 1206 arces
3201 1149 3424 1208 habens
3456 1151 3646 1207 muni-

239 1239 530 1310 tissimus,
555 1239 782 1311 fuitque
813 1238 952 1296 olim
985 1240 1274 1312 Lydorum
1300 1239 1480 1311 regia.
1503 1262 1531 1292 »
1569 1239 1729 1295 Unde
1753 1256 1984 1312 quoque
2015 1239 2290 1296 Horatius
2320 1241 2472 1312 (17):

1204 1384 1346 1452 Quid
1373 1383 1642 1439 concinna
1669 1387 1879 1451 Samos,
1911 1385 2041 1457 quid
2072 1385 2244 1441 Graeci
2269 1385 2422 1454 regia
2448 1385 2642 1441 Sardis
2663 1386 2691 1440 ?

237 1526 465 1600 Opibus
498 1535 671 1598 atque
702 1525 919 1582 divitiis
956 1526 1079 1581 haec
1111 1529 1274 1596 urbs,
1315 1532 1370 1584 et
1400 1532 1592 1586 omnis
1625 1529 1810 1602 Lydia:
1844 1529 2023 1601 regio,
2063 1529 2230 1586 valde
2285 1529 2624 1597 abundavit,
2685 1527 2820 1583 hinc
2867 1531 2924 1583 et
2974 1528 3183 1599 adagia
3240 1527 3647 1600 innotuerunt,

239 1640 268 1667 ‹‹
303 1617 492 1674 Crasso
547 1618 784 1673 ditior»
830 1621 887 1672 et
926 1640 952 1667 ‹‹
989 1617 1155 1672 Midae
1205 1635 1367 1689 opes.
1411 1643 1438 1669 »
1479 1620 1817 1676 Celebratur
1866 1620 2118 1676 maxime
2165 1620 2238 1676 ob
2288 1637 2546 1691 purpura
2583 1618 2846 1689 tingendi
2894 1623 3076 1674 artem
3129 1623 3186 1674 et
3229 1621 3301 1674 ob
3359 1620 3644 1689 tapetinm

236 1707 881 1780 praestantissimorum,
914 1708 1126 1778 quibus
1173 1707 1606 1765 indormiebant
1631 1714 1890 1780 ,veteres,
1939 1713 2228 1766 texturam
2271 1710 2408 1781 (18),
2442 1709 2596 1764 unde
2645 1707 2790 1762 illud
2825 1709 3101 1764 Varronis
3136 1709 3282 1779 (19):
3318 1731 3346 1758 α
3379 1709 3538 1763 Cubo
3581 1709 3644 1763 in

231 1795 592 1852 Sardianicis
635 1796 945 1868 _tapetibus
995 1796 1144 1851 inter
1191 1795 1513 1852 chlamides
1570 1802 1626 1853 et
1676 1815 1969 1870 purpurea
2017 1797 2347 1853 amicula.»
2389 1802 2521 1852 Haec
2572 1798 2925 1868 czeteroquin
2969 1798 3176 1854 civitas
3226 1814 3360 1852 cum
3406 1799 3644 1854 Sardica

231 1886 400 1953 urbe,
454 1903 582 1958 quae
641 1903 674 1942 a
703 1885 940 1941 Claudio
995 1885 1304 1942 Ptolomaeo
1338 1887 1447 1958 (20)
1480 1889 1633 1943 inter
1660 1887 1918 1943 Thracias
1949 1887 2207 1943 civitates
2241 1888 2692 1943 mediterraneas
2742 1893 3103 1953 numeratur,
3135 1892 3190 1942 et
3233 1887 3477 1943 concilio
3508 1888 3646 1942 Sar-

233 1976 486 2045 dicensi,
525 1978 584 2032 in
617 1994 793 2032 causa
815 1976 1212 2032 Athanasiana
1243 1977 1548 2046 celebrato,
1579 1978 1828 2034 illustris
1871 1982 1977 2045 est,
2011 1993 2125 2034 non
2159 1979 2330 2035 debet
2359 1978 2656 2045 confundi,
2693 1993 2880 2048 neque
2921 1994 3056 2033 cum
3103 1977 3373 2032 Sardinia
3423 1977 3642 2045 insula,

230 2067 407 2136 cujus
439 2065 635 2122 incolae
664 2067 848 2133 Sardi,
881 2065 1083 2121 Sardoi
1123 2071 1179 2121 et
1208 2066 1523 2122 Sardenses
1547 2084 1776 2139 quoque
1805 2072 2104 2135 vocantur,
2137 2071 2192 2123 et
2222 2068 2292 2123 de
2323 2068 2536 2139 quibus
2569 2072 2707 2122 nota
2739 2071 2880 2122 sunt
2901 2069 3015 2123 duo
3049 2067 3369 2136 proverbia,
3402 2089 3430 2116 «
3467 2067 3635 2121 Sardi

229 2153 489 2223 venales,
515 2177 544 2205 »
576 2155 799 2211 scilicet
823 2156 893 2212 de
913 2155 1127 2210 vilibus
1158 2160 1215 2210 et
1240 2157 1611 2228 contemptis,
1651 2177 1673 2206 ι
1708 2157 2029 2213 Sardonius
2057 2157 2233 2224 risus,
2261 2180 2291 2206 ››
2319 2159 2388 2213 de
2420 2158 2539 2212 risu
2565 2157 2699 2212 ficto
2729 2160 2827 2212 aut
2859 2157 2934 2224 ei,
2960 2157 3057 2227 qui
3081 2157 3229 2211 ridet
3249 2155 3464 2211 exitiali
3494 2156 3630 2226 (21).

226 2245 450 2299 Sardus
483 2243 679 2315 itaque
710 2252 763 2300 et
793 2243 1096 2299 Sardensis
1129 2249 1216 2300 est
1251 2261 1282 2299 e
1311 2245 1598 2313 Sardinia,
1651 2246 2012 2302 Sardicensis
2043 2263 2074 2301 e
2101 2246 2368 2314 Thracia,
2421 2245 2744 2302 Sardianus
2787 2262 2921 2300 vero
2963 2262 2993 2301 e
3025 2245 3220 2315 Lydia.
3271 2244 3436 2312 Hinc,
3479 2244 3638 2314 quod

226 2334 406 2406 paulo
439 2335 712 2406 superius
740 2334 800 2390 in
832 2335 1236 2404 notajamjam
1269 2335 1728 2402 observavimus,
1761 2336 1950 2392 Melito
1983 2337 2180 2392 minus
2228 2342 2384 2392 recte
2413 2355 2444 2391 a
2475 2336 2759 2408 dignitate
2795 2334 3190 2391 ecclesiastica
3238 2339 3474 2389 vocatur
3512 2339 3640 2388 Sar-

229 2424 436 2479 densis
471 2442 484 2492 ;
519 2423 656 2480 hinc
688 2440 858 2495 porro
898 2424 1295 2494 corrigendus,
1327 2425 1597 2480 Chronici
1651 2425 2024 2480 Alexandrini
2058 2424 2367 2496 interpres,
2399 2424 2496 2495 qui
2534 2424 2674 2478 illud
2711 2423 3000 2479 auctoris:
3044 2419 3295 2477 Μελίτων
3327 2417 3641 2495 Σαρδιανῶν

226 2510 330 2572 ἐπς
361 2512 568 2568 vertit:
615 2534 640 2565 α
674 2513 862 2570 Melito
895 2513 1332 2568 Sardicensium
1376 2514 1654 2584 pontifex,
1689 2537 1718 2563 »
1768 2515 2079 2570 dicendum
2127 2519 2249 2569 erat
2299 2514 2740 2569 Sardianorum.
2801 2513 2980 2568 Hodie
3029 2511 3442 2568 ﬂorentissima
3493 2511 3634 2566 olim

220 2602 456 2670 civitas,
487 2602 710 2659 viculus
740 2607 831 2659 est
861 2601 1156 2675 ignobilis,
1188 2617 1364 2672 quem
1394 2603 1567 2657 Turci
1619 2607 1841 2670 tenent,
1874 2608 1931 2659 et
1959 2604 2092 2659 Sart
2149 2608 2380 2669 vocant,
2413 2603 2564 2659 aedes
2595 2604 2767 2658 habet
2800 2607 3084 2673 angustas
3116 2606 3174 2656 et
3201 2600 3477 2665 humiles,
3505 2601 3633 2655 sine

220 2692 556 2764 splendore,
589 2693 715 2748 sine
745 2698 990 2749 ornatu:
1021 2692 1183 2747 nulla
1214 2691 1293 2747 ibi
1324 2691 1587 2762 ecclesia,
1619 2692 1766 2747 nulli
1794 2693 2126 2761 Christiani,
2161 2709 2265 2748 nec
2311 2692 2454 2748 alios
2504 2693 2618 2747 fere
2652 2693 2871 2747 incolas
2904 2692 3078 2746 habet
3125 2696 3328 2762 praeter
3370 2699 3630 2762 pastores

215 2787 277 2836 et
311 2780 615 2846 bubulcos,
651 2783 748 2852 qui
781 2782 838 2836 in
872 2781 1070 2853 ampla
1098 2785 1155 2836 et
1179 2782 1616 2852 jucundissima
1648 2783 1911 2854 planitie,
1945 2799 2075 2853 quas
2099 2783 2223 2838 vico
2254 2782 2390 2837 huic
2422 2781 2816 2853 praetenditur,
2851 2797 3095 2852 gregum
3126 2786 3183 2836 et
3211 2785 3614 2836 armentorum

212 2871 297 2926 ibi
332 2873 772 2943 depascentium
806 2888 1000 2928 curam
1033 2877 1234 2943 agunt.
1265 2872 1575 2928 Publicum
1608 2873 1684 2929 ibi
1719 2873 1958 2945 quidem
1981 2872 2301 2945 hospitium
2327 2872 2619 2944 quoddam
2652 2875 2759 2937 est,
2783 2877 2875 2926 ast
2897 2870 3088 2927 nullos
3110 2871 3222 2926 nisi
3248 2876 3450 2927 Persas
3471 2886 3618 2925 mer-

210 2969 474 3017 caturam
508 2963 790 3034 gregatim
816 2967 1147 3018 exercentes
1177 2962 1532 3033 (CaravaniS)
1557 2963 1762 3034 recipit
1794 2962 2247 3034 peregrinantes.
2280 2962 2347 3018 In
2367 2962 2608 3018 australi
2636 2962 2869 3034 regione
2889 2961 3152 3033 ingentes
3176 2960 3426 3032 antiquae
3452 2961 3614 3017 urbis

209 3051 390 3106 hodie
415 3051 606 3106 adhuc
649 3057 881 3108 exstant
911 3053 1112 3116 ruinae,
1147 3052 1359 3122 quibus
1389 3053 1529 3108 visis
1552 3051 1720 3107 facile
1774 3051 2016 3124 quilibet
2047 3052 2241 3108 animo
2292 3053 2592 3124 concipere
2637 3055 2844 3123 potest,
2887 3067 3062 3122 quam
3106 3051 3416 3122 magnifica
3473 3048 3616 3105 olim

209 3141 271 3195 fu
284 3143 413 3209 erit,
430 3156 606 3212 quam
627 3140 935 3212 splendida
948 3146 1003 3196 et
1025 3141 1278 3213 superba
1291 3146 1601 3213 antequam
1619 3145 1954 3197 verteretur.
1981 3141 2171 3198 Debeo
2185 3141 2336 3198 hanc
2357 3140 2701 3198 relationem
2726 3140 3100 3196 celeberrimo
3121 3140 3229 3195 Th.
3255 3138 3484 3195 Smitho
3505 3141 3616 3210 (22)

200 3311 272 3385 τᾷ
315 3311 515 3385 κτητὸν
551 3307 931 3385 Σαρδιανικός.
964 3335 990 3362 ιι
1015 3313 1212 3368 Sardis
1245 3313 1384 3369 urbs
1412 3313 1597 3385 Lydiae
1626 3329 1856 3385 magna,

209 3383 360 3439 civis
413 3383 643 3438 dicitur
671 3384 990 3440 Sardianus
1021 3392 1075 3440 et
1124 3385 1426 3451 Sardiana,
1458 3383 1858 3454 possessivum

205 3460 304 3511 est
351 3455 747 3510 Sardianicus.
794 3477 824 3505 »
885 3459 1050 3510 Patet
1101 3458 1306 3510 exinde
1361 3457 1694 3512 Melitonem
1742 3473 1858 3512 non

205 3527 332 3599 sive
365 3527 501 3599 vitio
533 3527 1018 3599 communissime
1052 3527 1358 3582 Sardensis
1388 3531 1733 3599 cognomine
1763 3546 1857 3598 ap-

211 3596 444 3670 pellari,
477 3613 609 3652 cum
656 3603 846 3654 tamen
878 3598 1198 3653 Sardianus
1231 3601 1302 3653 sit
1333 3596 1854 3670 cognominandus.

209 3669 333 3725 Vox
377 3670 533 3724 enim
577 3669 906 3738 Sardensis,
958 3677 1108 3725 recte
1158 3669 1498 3725 observante
1551 3670 1856 3738 Halloixio,

212 3743 408 3812 magis
440 3755 574 3794 eum
608 3741 900 3812 significat
930 3742 1032 3812 qui
1066 3741 1382 3797 eSardinia
1413 3746 1519 3810 est,
1553 3759 1728 3812 quam
1753 3743 1854 3812 qui

208 3829 243 3866 e
277 3811 580 3866 Sardibus.
617 3833 644 3862 «
670 3811 962 3866 Sardinia
992 3829 1162 3882 porro
1192 3817 1280 3867 est
1307 3813 1367 3867 in
1397 3811 1607 3878 Africa,
1651 3811 1852 3868 Sardis

206 3899 349 3936 vero
380 3883 438 3936 in
471 3883 627 3937 Asia.
661 3887 797 3937 Cum
860 3885 1035 3954 igitur
1065 3884 1284 3938 Sardus
1315 3884 1391 3938 sit
1423 3884 1493 3948 is,
1527 3886 1624 3954 qui
1665 3900 1694 3938 e
1727 3885 1856 3938 Sar-

208 3954 396 4021 dinia,
425 3954 596 4008 etiam
647 3954 934 4010 Sardensis
967 3971 1033 4009 ex
1065 3955 1402 4023 cognatione
1440 3955 1851 4010 formationum

206 4031 446 4095 recepta
481 4025 910 4080 Sardiniensem
952 4026 1302 4096 designabit.
1337 4049 1364 4076 ››
1408 4030 1698 4082 Hactenus
1732 4025 1848 4081 ille.

206 4096 406 4152 Tullio
467 4102 643 4161 certe,
694 4097 878 4152 Plinio
945 4104 1002 4152 et
1047 4099 1178 4152 aliis
1221 4099 1420 4152 Latine
1479 4097 1851 4168 loquentibus

210 4169 535 4224 Sardianus
585 4174 693 4235 est,
740 4169 841 4239 qui
885 4185 912 4223 θ
966 4169 1291 4237 Sardibus;
1345 4171 1565 4225 Sardus
1619 4185 1754 4224 vero
1797 4174 1852 4224 et

204 4240 520 4320 Sardensis
544 4245 597 4320 et
618 4241 870 4320 Sar_d_ous
886 4241 985 4320 qui
1004 4255 1033 4294 e
1049 4241 1466 4320 Sardinia_._Sed
1492 4239 1848 4320 hzecobit-er.

283 4309 325 4379 (1
345 4313 390 4380 1)
425 4310 675 4382 Plinius,
704 4309 961 4367 Historiw
986 4312 1262 4366 naturalis
1291 4311 1388 4366 lib.
1418 4329 1470 4376 v,
1500 4328 1548 4365 c.
1570 4312 1638 4364 29
1660 4328 1672 4364 :
1697 4333 1724 4359 «
1755 4311 1852 4382 Ly-

203 4382 328 4449 dia,
359 4383 571 4452 inquit,
603 4381 928 4438 celebratur
966 4384 1220 4436 maxime
1260 4383 1541 4437 Sardibus
1583 4382 1639 4435 in
1674 4381 1850 4438 latere

205 4453 394 4506 Tmoli
447 4453 682 4520 montis,
728 4455 827 4524 qui
885 4458 1056 4508 antea
1112 4455 1374 4509 Timolus
1424 4454 1845 4524 appellabatur,

204 4525 427 4607 vitibus
461 4525 738 4607 consitus,
762 4530 827 4607 _et
867 4541 1043 4607 exﬁeo
1071 4525 1416 4607 ‘protluente
1463 4524 1718 4607 Pactole,
1749 4541 1844 4580 eo.

203 4598 461 4722 getmque
492 4597 910 4722 ihrysorrhoa;
946 4596 1228 4652 Sardiana
1247 4614 1402 4651 nunc
1429 4597 1755 4668 appellatur
1783 4611 1850 4652 ea

257 4686 268 4721 ι
302 4684 376 4722 ιο.
413 4689 439 4716 ››
472 4682 501 4722 e
531 4683 579 4722 ο.

257 4668 376 4731 itio,
413 4689 439 4716 ››
472 4671 579 4722 etc.

284 4739 396 4810 (12)
454 4739 684 4804 Strabo,
742 4738 799 4792 in
859 4737 1204 4808 Geographia
1254 4739 1368 4794 sive
1412 4739 1478 4793 de
1523 4740 1633 4794 situ
1675 4737 1845 4810 orbis,

201 4809 316 4896 Lib.
345 4826 466 4896 ξιιι,
510 4825 638 4896 pag.
671 4810 796 4896 596,
839 4811 938 4892 ed;
958 4812 1272 4896 Bﬂis.'1‘519,
1303 4811 1399 4866 fol.
1433 4815 1529 4896 ἣν.
1552 4811 1711 4896 Lat.‘:
1737 4809 1851 4863 Ῥεῖ

205 4877 267 4952 δὲ
359 4877 654 4939 nautium:
693 4878 798 4932 ἀπὸ
847 4883 943 4952 τοῦ
973 4878 1236 4952 ’Τμώλῳ-
1275 4879 1589 4952 καταφέρων
1649 4879 1710 4952 to
1741 4900 1848 4934 1:1-

206 4950 363 5007 λαιὸν
397 4955 605 5028 χρρσοῦ
629 4953 832 5028 ψῆγμα(
856 4948 1143 5028 «olm—dp
1177 4949 1239 5028 ob:
1286 4953 1377 5006 τὸν
1415 4948 1654 5028 Σςροίσολδ
1683 4949 1844 5025 λεγόο

207 5043 372 5096 μενον
392 5019 694 5096 ξ’·ιτλοῦτοῆι,
726 5019 838 5096 aui
900 5025 1006 5096 τῶν
1065 5019 1348 5096 π’ρογόνων
1390 5019 1567 5096 αὐὲοῦί
1613 5019 1846 5092 Simoin

204 5094 400 5171 ὰθῆγαί
432 5114 581 5171 φασι.
621 5117 640 5142 ε
680 5102 720 5146 Α
753 5094 1347 5171 Τιιιο1οηαυιθιῐ111υ11
1379 5095 1671 5171 Pactolus,
1705 5096 1843 5150 olim

203 5169 394 5224 multa
425 5166 552 5221 auri
586 5172 852 5221 ramenta
879 5166 1168 5232 deferens,
1207 5169 1360 5222 unde
1391 5166 1568 5222 Crmci
1600 5183 1740 5238 opes
1791 5171 1848 5221 et

203 5240 498 5306 majorum
533 5239 661 5305 ejus
693 5237 1012 5292 celebratas
1037 5238 1248 5292 ferunt.
1284 5259 1312 5287 »

272 5309 385 5380 (13)
415 5309 540 5364 Non
574 5310 788 5362 desunt
818 5309 919 5378 qui
951 5309 1381 5380 aanigmaticum
1407 5325 1618 5364 nomen
1649 5308 1844 5364 hario-

197 5381 401 5436 lantur
447 5397 512 5435 ex
551 5392 638 5438 LL?
679 5401 706 5428 ‹‹
744 5382 1032 5451 princeps,
1070 5402 1097 5429 »
1141 5387 1245 5434 aut
1290 5393 1411 5440 ἾἼἮ
1452 5403 1479 5428 ‹‹
1524 5381 1782 5435 amussis
1816 5402 1842 5428 »

199 5458 304 5508 aut
349 5462 495 5512 17W!
545 5471 574 5500 «
609 5458 930 5521 superstes,
965 5473 993 5501 »
1045 5452 1262 5521 quibus
1319 5451 1592 5519 cogitatis
1646 5451 1844 5506 nullus

201 5524 376 5580 hodie
409 5523 615 5577 modus
643 5529 751 5577 est.
783 5523 998 5592 Spanb.
1031 5529 1225 5593 Geogr.
1259 5537 1438 5579 sacris
1467 5532 1517 5578 et
1546 5524 1840 5578 ecclesiast.

203 5595 468 5669 μελε-65ἐ
504 5593 758 5669 Operum
790 5599 931 5669 tom.
957 5595 997 5648 Ι.

275 5663 387 5737 (14)
437 5663 783 5737 Praeterhas
836 5667 1010 5720 urbes
1057 5665 1114 5720 in
1172 5665 1351 5731 Lydia
1383 5681 1549 5737 porro
1589 5663 1843 5720 celebres

198 5735 442 5794 fuerunt
464 5735 884 5806 Philadelphia,
905 5737 1174 5807 Tripolis,
1195 5737 1437 5802 Tralles,
1458 5736 1752 5807 Magnesia
1769 5737 1840 5791 ad

203 5807 472 5882 Sipylum
505 5811 786 5882 montem,
818 5814 876 5864 et
907 5807 1020 5882 alia
1042 5808 1336 5882 Magnesia
1359 5808 1840 5882 ad__Maeangrum,

199 5879 484 5956 Hypaepa,
514 5879 941 5941 Hierocaesarea
996 5879 1388 5956 Leucophrys,
1427 5879 1602 5955 Nysa,
1633 5879 1841 5938 Teme-

1971 3313 2234 3439 ngttbylrze
2260 3317 2316 3438 ait
2335 3311 2744 3385 Aureliopolis.
2778 3311 2916 3368 Gell.
2943 3312 3132 3382 Geogr.
3157 3312 3332 3381 antiq.
3370 3327 3500 3382 pag.
3523 3310 3614 3380 50,

1971 3402 2001 3439 e
2049 3403 2109 3438 ι.
2187 3401 2258 3439 on
2310 3427 2322 3439 .

1971 3387 2109 3441 edit.
2141 3387 2322 3440 Lond.

2042 3458 2154 3528 (15)
2174 3457 2390 3528 Strabo
2431 3472 2444 3528 ξ
2489 3455 2806 3526 ’Υπέρκειτα
2838 3453 2895 3509 δὲ
2923 3460 3032 3508 τῶν
3092 3451 3314 3528 Σάρδων
3365 3455 3393 3508 ὁ
3443 3457 3612 3525 Τμῶο

1973 3524 2378 3600 λοςγεῦδαίμων
2410 3527 2558 3600 ὅρος.
2610 3524 2796 3600 Geogr.
2836 3528 2938 3585 lib.
2971 3545 3094 3594 χιιι,
3130 3524 3256 3599 pag.
3289 3529 3415 3585 596.
3451 3524 3606 3585 Edit.

1972 3599 2146 3654 Basil.
2180 3601 2338 3654 1549.

2042 3671 2153 3741 (16)
2188 3672 2344 3726 Idem
2379 3669 2503 3725 loco
2534 3671 2730 3727 citato.

2062 3742 2148 3812 17)
2173 3743 2543 3812 Epistolarum
2573 3742 2672 3797 lib.
2708 3759 2747 3807 ι,
2781 3742 2947 3812 epist.
2981 3743 3069 3798 11.

2064 3814 2146 3882 18)
2187 3814 2395 3868 Confer
2425 3813 2573 3867 hanc
2607 3814 2664 3867 in
2699 3829 2820 3867 rem
2851 3813 2974 3868 Jac.
3009 3815 3194 3868 Hasaei
3227 3815 3368 3872 diss.
3409 3817 3479 3873 de
3510 3819 3604 3874 in-

1962 3884 2222 3953 quinatis
2246 3884 2647 3938 Sardiensium
2671 3884 3038 3939 vestimentis
3062 3886 3132 3938 ad
3152 3886 3602 3944 illustrationem

1963 3955 2201 4026 Apocal.
2225 3971 2310 4024 ιιι,
2333 3955 2382 4020 4,
2407 3970 2530 4024 quae
2556 3955 2615 4008 in
2638 3955 2982 4009 Bibliotheca
3008 3959 3297 4011 Bremensi
3319 3965 3476 4012 torno
3503 3961 3602 4023 III,

1967 4025 2106 4081 fasc.
2140 4043 2200 4092 ιι,
2233 4042 2288 4079 n.
2324 4027 2378 4080 4.
2412 4041 2542 4096 pag.
2588 4041 2666 4079 ω.
2709 4026 2834 4090 253,
2882 4029 3091 4090 exstat,
3133 4031 3191 4080 et
3237 4028 3449 4084 Christ.
3482 4030 3604 4085 Biel

1963 4097 2106 4152 diss.
2140 4100 2212 4152 De
2241 4099 2496 4166 Purpura
2517 4096 2690 4166 Lydia
2717 4097 2789 4152 ad
2819 4098 2943 4151 Act.
2976 4113 3090 4166 xvr,
3125 4098 3214 4162 14,
3239 4099 3384 4154 Bibl.
3419 4103 3600 4156 Brem.

1962 4174 2101 4224 tom.
2140 4171 2208 4228 ll.
2246 4170 2385 4223 fasc.
2417 4184 2502 4232 ιιι,
2538 4170 2682 4235 n.2,
2713 4169 2926 4239 p.331.

2033 4241 2147 4311 (19)
2195 4239 2274 4314 Ex
2323 4239 2449 4308 ejus
2477 4238 2726 4314 “Hercule
2773 4238 3069 4314 Socratico,
3105 4241 3260 4314 apud
3321 4241 3601 4312 Nonium,

1962 4310 2162 4366 Hasteo
2194 4311 2425 4376 citante,
2459 4310 2614 4363 dicta
2642 4311 2784 4366 diss.
2822 4327 2950 4382 pag.
2975 4313 3101 4367 303.

2031 4383 2140 4452 (20)
2173 4381 2530 4452 ϐεορναρὴὶέε
2565 4382 2664 4436 lib.
2699 4397 2783 4445 ιιι,
2816 4381 2944 4451 cap.
2981 4384 3069 4437 11.

2031 4455 2143 4528 (21)
2181 4455 2427 4528 Utroque
2459 4469 2613 4528 usus
2636 4454 2741 4528 fuit
2771 4452 2988 4519 Cicero,
3024 4455 3199 4526 priori
3228 4457 3462 4528 quidem
3497 4459 3596 4514 lib.

1959 4540 2056 4596 vn,
2095 4523 2484 4596 Epistolarum
2546 4523 2614 4578 ad
2668 4525 2923 4593 diversos,
2965 4523 3056 4596 ep.
3107 4529 3196 4593 24,
3246 4523 3316 4583 ad
3354 4531 3600 4586 Fabium

1960 4594 2230 4651 Gallum:
2271 4617 2298 4648 α
2338 4595 2525 4650 Habes
2569 4597 2780 4650 Sardes
2822 4594 3055 4651 venales
3107 4599 3285 4654 alium
3343 4601 3457 4656 alio
3489 4620 3593 4656 ne-

1959 4668 2261 4736 quiorem;
2295 4688 2322 4717 »
2374 4667 2551 4721 altero
2595 4671 2790 4722 autem
2852 4669 3220 4736 Epistolarum
3276 4671 3378 4725 lib.
3433 4673 3594 4727 citat.

1957 4753 2049 4809 ep.
2083 4740 2173 4807 35,
2215 4739 2286 4792 ad
2347 4739 2616 4792 eumdem
2678 4738 2832 4792 hunc
2881 4741 2939 4793 in
2982 4741 3254 4795 modum:
3307 4762 3335 4788 ι(
3368 4742 3596 4800 Videris

1957 4809 2110 4864 enim
2161 4809 2304 4880 mihi
2344 4810 2548 4880 vereri.
2574 4825 2652 4880 ne
2685 4809 2796 4864 nisi
2829 4810 2998 4865 illum
3031 4812 3378 4880 caverimus,
3412 4813 3596 4869 ridea-

1958 4897 2091 4935 mus
2139 4878 2351 4954 γέλωτα
2402 4876 2806 4954 Σαρδγώνιονηγ»
2864 4881 3006 4936 Vide
3057 4876 3451 4953 Lloydium'in
3487 4885 3594 4940 Lex

1955 4953 2159 5022 geogr.’
2200 4969 2334 5006 voce
2388 4953 2678 5014 Sardinia,
2742 4953 3044 5008 Erasmum
3097 4955 3154 5007 in
3215 4953 3478 5022 Chiliad.,
3537 4964 3594 5011 et

1955 5024 2142 5098 Avrel.
2175 5023 2495 5098 Victorem,
2529 5024 2600 5078 De
2629 5023 2793 5098 viris‘
2815 5024 3130 5098 illustribus
3161 5040 3286 5098 cap.
3334 5029 3426 5088 57.
3459 5044 3591 5098 pag.

1957 5095 2080 5160 198,
2123 5095 2255 5148 edit.
2285 5095 2508 5148 Batava:
2541 5110 2667 5163 quae
2701 5095 2860 5163 1696,
2884 5095 3181 5165 Ultrajecti
3204 5100 3360 5154 Sam.
3393 5095 3594 5155 Pitisci

1956 5182 2096 5220 cura
2122 5181 2254 5219 cum
2289 5166 2578 5219 variorum
2616 5169 2732 5219 not.
2775 5168 2985 5234 prodiit
3025 5169 3168 5221 in-8.

2029 5239 2133 5307 (2'2)
2167 5243 2230 5291 In
2261 5237 2475 5306 Septem
2524 5238 2659 5290 Asia:
2693 5236 3057 5293 Erclesiarum
3106 5244 3158 5292 et
3211 5242 3599 5295 Constantino-

1954 5309 2133 5382 poleos
2161 5310 2381 5373 notitia,
2413 5307 2657 5377 Trajecti
2685 5307 2753 5361 ad
2789 5308 2970 5365 Rhen.
3000 5309 3157 5382 1691,
3183 5310 3320 5377 in-8,
3346 5328 3480 5382 pag.
3501 5313 3594 5368 27.

1956 5381 2023 5434 Et
2080 5391 2210 5435 ante
2253 5396 2387 5434 eum
2439 5388 2693 5434 exactam
2753 5395 2985 5452 quoque
3031 5381 3239 5452 harum
3289 5378 3593 5452 regionum

1955 5452 2406 5520 descriptionem
2459 5452 2619 5504 dedit
2667 5450 2827 5522 Paul.
2863 5452 3069 5506 lticaut
3098 5451 3232 5521 Esq.
3279 5450 3594 5522 Anglorum

1956 5524 2108 5592 apud
2145 5526 2524 5594 Smyrnenses
2572 5538 2671 5590 per
2722 5521 2956 5588 longum
3007 5523 3289 5593 temporis
3340 5521 3596 5594 spatium

1953 5594 2159 5649 consul
2193 5596 2250 5648 in
2303 5594 2451 5648 libro
2505 5594 2743 5665 Anglico
2779 5609 2791 5645 :
2841 5595 2942 5648 The
2985 5599 3199 5661 present
3239 5601 3377 5650 state
3412 5599 3480 5665 of
3509 5599 3599 5652 the

1956 5665 2124 5720 Greek
2147 5665 2262 5718 and
2288 5666 2601 5719 Armeniam
2667 5664 2959 5729 Churches,
2991 5667 3202 5720 written
3235 5670 3289 5719 at
3331 5667 3416 5721 the
3449 5664 3598 5723 eom-

1955 5735 2122 5810 mand
2153 5739 2215 5806 of
2237 5735 2322 5790 his
2348 5735 2800 5810 tl]t_1_iesly,_Lond.
2830 5737 2997 5810 Δ1070,
3027 5737 3180 5810 in-S,
3214 5737 3315 5790 452
3342 5740 3593 5810 paginas

1953 5806 2226 5878 impleas,
2259 5823 2374 5878 quo
2405 5807 2551 5878 libro
2583 5807 2690 5862 Th.
2724 5807 2988 5878 Smithus
3026 5806 3182 5862 haud
3225 5806 3594 5866 mediocriter

1953 5876 2186 5952 quoque
2217 5876 2360 5936 usus
2390 5877 2569 5937 fuisse
2599 5877 2743 5937 mihi
2783 5876 3026 5938 videtur.
3067 5879 3426 5938 Hodiernum
3454 5885 3590 5938 Sar-
