3922 6304
145 373 308 431 ΗἾἾ
1062 373 1418 433 NOTI'l'lA.
1467 405 1543 416 —
1586 375 1633 432 Ι.
1685 373 1785 432 DE
1834 368 2014 432 VlTA
2057 367 2119 426 S.
2169 363 2617 426 MELITONIS.

3413 366 3567 426 1178

141 505 279 560 sedi
303 503 538 560 cuidam
581 519 825 574 magum,
859 501 1050 574 qualis
1081 504 1364 561 Sardiana
1393 509 1538 573 erat,
1570 504 1751 560 totius
1778 502 1966 575 Lydiae
1998 495 2358 568 metrOpolis,
2391 496 2762 567 praeponatur
2792 493 2923 565 (29).
2958 494 3106 566 Ergo
3138 510 3290 550 anno
3348 495 3569 552 Christi

140 595 216 648 95
253 593 451 650 Melito
484 593 898 664 sexagenarius
927 594 1160 649 circiter
1182 596 1426 665 jamjam
1461 595 1819 660 exstitisset;
1853 607 2005 647 anno
2039 593 2234 645 autem
2267 583 2566 657 sequentis
2599 582 3243 654 szeculiscptuagesimo
3267 585 3451 653 primo
3471 589 3572 639 aut

146 686 410 740 secundo
443 684 771 757 apologiam
806 683 881 738 M.
916 685 1152 740 Aurelio
1179 686 1508 757 imperatori
1558 685 1815 740 tradidit.
1866 683 2012 751 Ergo
2054 678 2446 750 quadraginta
2477 680 2532 728 et
2562 681 2797 729 centum
2831 673 3059 728 circiter
3090 691 3277 730 annos
3320 675 3569 732 vivendo

145 775 467 846 attigisset,
502 777 670 845 cujus
703 791 834 830 cum
871 775 1004 832 talis
1034 782 1173 831 istas
1203 794 1236 832 a
1268 777 1429 832 nullo
1453 778 1801 848 scriptorum
1835 773 2188 845 agnoscitur,
2215 769 2421 824 merito
2454 781 2685 838 quoque
2704 765 3064 833 dubitamus,
3088 781 3219 820 eum
3239 765 3486 821 Joannis
3511 766 3566 820 in

143 864 366 919 Patmo
394 863 719 920 cxsulantis
750 867 1032 936 tempore,
1067 865 1340 921 Sardium
1375 866 1556 921 fuisse
1588 866 1950 936 episcopum.
1999 862 2173 916 Porro
2223 857 2361 912 viris
2415 854 2752 926 apostolicis
2785 870 2887 908 seu
2914 854 3204 924 ejusmodi
3239 854 3398 924 viris,
3423 871 3570 924 quos

147 954 401 1027 apostoli
442 955 868 1020 instruxerunt,
901 971 934 1008 a
964 955 1196 1010 nemine
1227 957 1670 1023 adnumeratur,
1706 954 1858 1025 quod
1893 957 2044 1007 certe
2075 947 2304 1005 silentio
2357 961 2470 1000 non
2513 942 3208 1015 praeterivissentveteres
3239 943 3570 1014 scriptorcs,

147 1050 356 1117 utpote
390 1045 490 1116 qui
517 1044 952 1100 studiosissime
984 1045 1089 1102 hoc
1121 1050 1386 1118 egerunt,
1422 1051 1486 1102 ut
1515 1046 1731 1117 quibus
1756 1043 1849 1099 hic
1873 1044 2056 1099 honor
2076 1038 2406 1110 obtigisset,
2426 1035 2822 1106 posteritatem
2846 1050 2960 1088 non
2987 1033 3210 1100 lateret,
3233 1033 3352 1090 imo
3376 1035 3571 1102 potius

152 1137 374 1191 Irenaeo
390 1136 638 1207 aliisque
659 1136 918 1207 (30)eum
940 1141 1494 1208 postponunt,quem
1512 1133 1738 1211 ἐγγὺς-εὶ

1995 1127 2164 1198 όλων,
2182 1125 2490 1202 γενόμενον,
2512 1141 2661 1180 «non
2677 1123 2845 1195 longe
2861 1124 3263 1196 atemporibus
3277 1123 3566 1196 apostolo-

150 1241 288 1281 rum
315 1225 974 1292 distantem,»vocarunt
997 1228 1387 1298 (31).Tandem
1412 1243 1645 1300 quoque
1668 1227 1796 1298 ipsa
1817 1225 1991 1280 verba
2010 1223 2120 1278 scio
2141 1235 2305 1291 Opera
2321 1215 2586 1288 tua,quia
2605 1230 2804 1271 nomen
2837 1214 3000 1270 habes
3020 1215 3160 1286 quod
3178 1216 3408 1281 vivas,ct
3423 1231 3566 1269 mor-

157 1321 290 1370 tuus
311 1329 388 1380 es,
419 1313 476 1368 in
509 1313 841 1370 Melitonem
866 1313 1106 1370 minime
1138 1317 1450 1389 quadrent,
1485 1315 1578 1371 his
1609 1313 1764 1370 enim
1796 1311 2045 1369 indicari
2072 1310 2296 1365 videtur
2325 1307 2484 1362 illius
2515 1305 2795 1377 episcopi,
2839 1304 3108 1376 quisquis
3134 1305 3329 1374 fuerit,
3363 1305 3571 1362 miser-

156 1405 350 1460 rimus
381 1408 569 1459 status
600 1408 657 1459 et
685 1403 900 1459 exitiali
933 1421 1211 1477 oppressa
1240 1411 1475 1478 peccato
1508 1403 1894 1471 conscientia;
1938 1403 2009 1458 de
2039 1399 2307 1458 Melitone
2338 1405 2529 1453 autem
2561 1412 2740 1467 supra
2769 1395 3122 1460 audivimus,
3156 1399 3443 1466 quantum
3464 1395 3574 1450 vir-

149 1495 384 1550 tatibus
417 1499 473 1550 et
503 1494 629 1550 vitm
659 1499 776 1550 Deo
808 1500 1055 1566 accepta:
1085 1497 1393 1554 vacaverit.
1418 1496 1537 1553 Iloc
1568 1496 1767 1569 itaque
1795 1493 1960 1550 triste
1983 1489 2283 1548 oraculum
2317 1489 2579 1546 evincere
2605 1489 2819 1559 potest,
2846 1484 2987 1541 illud
3018 1485 3089 1541 de
3122 1483 3254 1553 alio,
3287 1500 3463 1556 quam
3499 1485 3568 1540 de

156 1588 362 1641 nostro
389 1585 570 1641 fuisse
601 1584 1018 1658 conscriptum.

1185 1707 1212 1777 ﬁ
1239 1705 1354 1761 XV.
1393 1706 1462 1763 De
1495 1721 1702 1763 canone
1734 1705 1788 1762 V.
1825 1703 1876 1759 Τ.
1918 1721 1951 1759 a
1979 1703 2225 1759 Metitone
2255 1706 2528 1756 enarrata.

223 1849 331 1904 Ast
351 1847 553 1904 relicta
575 1841 680 1903 hac
698 1847 1110 1915 controversia,
1135 1850 1338 1922 paucis
1363 1850 1553 1907 adhuc
1569 1849 1892 1916 videamus,
1917 1865 2094 1920 quam
2115 1845 2342 1918 egregie
2362 1841 2613 1928 epispopi
2643 1841 3114 1898 sibimandatum
3139 1855 3353 1896 munus
3379 1854 3571 1913 gesse-

148 1938 251 2006 rit,
284 1942 340 1993 et
374 1955 552 2009 quam
586 1937 829 1994 miritice
852 1954 955 1994 suo
989 1939 1259 2010 praesidio
1291 1941 1583 1997 Sardianm
1615 1957 1728 1998 non
1762 1943 2014 1996 tantum.
2049 1938 2150 1995 sed
2181 1943 2237 1992 et
2267 1935 2547 1991 universae
2573 1932 2838 1988 Ecclesiae
2861 1931 3170 1988 commoda
3192 1930 3564 2002 promoverit.

148 2028 320 2084 Haud
349 2026 623 2083 ultimum
648 2028 807 2084 verbi
829 2029 1007 2085 divini
1033 2029 1877 2101 administratoris,etepiscopi
1897 2023 2472 2099 imprimis,ofﬁcium
2499 2026 2606 2086 est,
2623 2021 2774 2077 sacri
2797 2021 3037 2077 canonis
3059 2019 3563 2076 accuratissimam

153 2134 361 2174 curam
395 2117 632 2185 habere,
665 2114 810 2178 θείας
848 2114 1172 2190 παραδόσεις
1199 2118 1446 2192 κατέχειν
1480 2119 1520 2184 9,
1554 2124 1610 2174 et
1636 2119 1738 2174 div.

1990 2132 2151 2173 saero
2197 2129 2416 2170 canone
2447 2117 2750 2168 contentos
2804 2112 2983 2168 libros
3015 2111 3095 2166 ita
3151 2111 3465 2177 custodire,
3503 2112 3566 2164 ut

155 2223 351 2278 neque
372 2207 627 2263 addatur
657 2223 844 2278 neque
877 2209 1220 2264 detrahatur
1245 2207 1614 2280 aliquid.Hoc
1645 2209 1773 2264 istis
1797 2207 2168 2280 potissimum
2195 2205 2580 2277 temporibus,
2615 2204 2828 2275 quibus
2851 2201 3562 2274 interpelationis,suppo-

151 2298 390 2354 sitionis
421 2303 477 2353 et
502 2297 942 2354 adulterationis
980 2299 1261 2355 librorum
1287 2316 1584 2356 sacrorum
1611 2299 1808 2355 nullus
1837 2299 1952 2354 fere
1983 2298 2116 2354 linis
2149 2297 2276 2365 fuit,
2310 2297 2559 2351 maxime
2587 2300 2711 2350 erat
2743 2295 3156 2351 necessarium.
3194 2292 3334 2347 lluic
3368 2291 3564 2361 itaque

156 2387 356 2442 officio
391 2403 497 2443 nec
527 2403 590 2443 se
613 2387 894 2443 subduxit
917 2389 1112 2445 Melito
1128 2390 1459 2458 noster,sed
1485 2390 1776 2462 profectus
1798 2393 1887 2446 est
1909 2389 1966 2444 in
1990 2388 2300 2454 Orientem,
2328 2391 2384 2442 et
2408 2387 2475 2440 ad
2496 2385 2688 2441 locum
2708 2385 2904 2458 ipsum
2940 2385 3044 2440 iter
3064 2383 3345 2448 instituit,
3365 2381 3421 2436 in
3444 2396 3559 2451 quo

155 2495 288 2550 quae
318 2477 376 2532 in
407 2477 720 2547 Scripturis
755 2482 1086 2547 narrantur,
1122 2483 1286 2550 gesta
1315 2479 1453 2534 olim
1487 2481 1724 2536 fuerunt
1753 2487 1816 2534 ut
1838 2478 2064 2534 Veteris
2093 2477 2449 2533 Testamenti
2479 2475 2658 2530 libros
2689 2475 2997 2546 diligenter
3043 2474 3383 2544 comperiat,
3415 2488 3551 2543 quo-

152 2585 289 2625 rum
321 2569 497 2624 etiam
531 2574 870 2640 sequentem
906 2569 979 2625 ad
1000 2569 1342 2626 Onesimum
1371 2571 1627 2641 fratrem,
1661 2585 1834 2642 quem
1867 2568 2296 2639 Onesipborum
2324 2566 2688 2637 Nicephorus
2713 2565 2825 2636 (32)
2849 2567 3035 2629 vocat,
3059 2561 3386 2618 transmisit
3415 2559 3566 2616 indi-

150 2676 305 2727 cem,
329 2663 501 2730 prout
532 2659 818 2715 Eusebius
849 2675 916 2714 ex
950 2661 1226 2732 prooemio
1251 2661 1705 2732 libricujusdam
1724 2659 2202 2730 Melitonisquem
2221 2660 2490 2727 Excerpta
2513 2653 3113 2726 inscripsit,eumdem
3137 2650 3440 2722 recitavit(
3482 2651 3558 2721 3);

151 2771 180 2800 «
209 2748 422 2820 Moysis
449 2747 582 2803 libri
615 2764 684 2804 v:
719 2749 979 2817 Genesis,
1015 2749 1266 2816 Exodus,
1304 2751 1608 2815 Leviticus,
1642 2747 1900 2817 Numeri,
1945 2747 2458 2804 Deuteronomium
2493 2763 2508 2816 ;
2538 2746 2711 2801 Jesus
2768 2743 3206 2809 Nave,Judices,
3240 2741 3415 2810 Ruth,
3449 2740 3560 2794 Re-

151 2855 293 2910 gum
326 2837 456 2892 libri
489 2855 563 2906 1v,
589 2837 1074 2910 Paralipomenon
1106 2840 1245 2910 duo,
1281 2839 1492 2895 Psalmi
1524 2839 1794 2907 Davidis;
1832 2837 2160 2894 Salomonis
2199 2835 2520 2903 Proverbia,
2555 2852 2682 2906 quae
2714 2839 2770 2889 et
2795 2831 3108 2904 Sapientia,
3162 2830 3560 2895 Ecclesiastes,

154 2927 462 2984 Canticum
497 2928 880 2998 canticorum,
907 2929 1040 3000 Job,
1073 2929 1515 3001 Prophetarum,
1551 2945 1762 3002 nempe
1785 2929 1968 2998 Isaiae,
1999 2928 2283 2999 Jeremias,
2315 2931 2372 2983 et
2401 2924 2704 2982 duodecim
2730 2921 3169 2996 pr0phetarum,
3202 2919 3350 2975 liber
3382 2935 3560 2975 unus.

154 3017 385 3089 Daniel,
417 3018 702 3084 Ezechiel,
736 3018 974 3076 Esdras.
1003 3040 1031 3071 κ

231 3162 255 3198 ⁹
285 3162 461 3220 ICor.
492 3181 571 3232 x1,
602 3165 677 3232 2;
712 3166 759 3220 II
789 3165 992 3222 Thess.
1028 3181 1090 3233 II,
1123 3165 1190 3220 15
1224 3181 1240 3235 ;
1271 3183 1358 3235 In,
1388 3167 1460 3236 6;
1494 3165 1617 3222 Gal.
1651 3183 1691 3234 ι,
1726 3165 1810 3220 14.

156 3337 274 3403 nis,
302 3354 420 3393 non
453 3337 581 3394 sine
613 3338 992 3413 fundamento
1023 3339 1334 3412 excipiant,
1368 3343 1558 3397 tamen
1593 3357 1805 3413 negare

1922 3340 2030 3396 teri
2061 3339 2216 3396 haud
2250 3339 2573 3404 erubuerit,
2607 3355 2668 3394 se
2701 3339 2886 3395 multa
2927 3355 2996 3394 ex
3037 3338 3146 3394 hoc
3176 3338 3392 3410 scripto
3423 3338 3564 3395 edo-

161 3426 280 3465 non
313 3411 908 3481 possunt,continere
929 3411 1165 3466 easdem
1184 3419 1438 3467 veterum
1463 3411 1811 3468 Constitutio-

1919 3418 2082 3469 ctum
2121 3412 2322 3478 fuisse,
2357 3429 2483 3483 quas
2507 3417 2675 3467 antea
2705 3412 3028 3481 ignorasset
3058 3412 3201 3482 ipse.
3244 3413 3366 3467 Imo
3397 3427 3560 3483 pror-

155 3480 388 3536 numc‘t
420 3480 717 3550 Διατάξεων
748 3481 1125 3536 ἀποστολικῶν
1155 3483 1386 3550 rudera,
1411 3483 1616 3539 multis
1637 3485 1811 3540 inter-

160 3553 561 3626 polationibus
595 3556 666 3609 ab
695 3556 908 3611 Ariano
941 3557 1084 3610 forte
1115 3557 1430 3626 impostore
1460 3557 1806 3612 intermista.

159 3624 593 3698 Nullusitaque
624 3626 1003 3698 d4ubito,hanc
1035 3624 1500 3682 Constitutionum
1519 3628 1705 3698 legem
1730 3629 1799 3682 ab

159 3696 450 3770 apostolis
482 3697 625 3766 ipsis
653 3696 832 3752 latam
867 3705 1200 3770 ettempore
1222 3701 1356 3764 isto,
1381 3715 1494 3770 quo
1522 3696 1712 3754 Mélito
1734 3699 1813 3753 vi-

157 3771 270 3839 xit,
303 3769 666 3823 observatam
703 3771 882 3825 fuisse
924 3769 1192 3839 credere;
1238 3787 1372 3825 cum
1404 3770 1678 3837 Arianus,
1711 3773 1811 3824 aut

159 3838 494 3910 cuicunque
525 3849 690 3895 sectae
725 3841 995 3896 addictus
1036 3841 1211 3902 alius.
1260 3841 1482 3896 nullam
1542 3841 1813 3896 habuerit

158 3927 404 3984 causam
435 3911 730 3984 adulteras
764 3929 974 3968 manus
1014 3912 1148 3968 huic
1180 3912 1303 3968 loco
1337 3913 1570 3980 inferre,
1609 3917 1809 3984 utpote

161 3983 388 4038 nullius
407 3983 811 4054 cujuscunque
843 3985 1079 4040 demum
1107 3985 1404 4039 sententias
1428 3983 1693 4039 erroneus
1719 4001 1812 4054 pa-

158 4053 482 4110 trocinium
512 4057 569 4110 in
585 4071 649 4110 eo
673 4053 929 4110 invenire
947 4062 1185 4126 poterat.
1211 4057 1512 4110 Wistonus
1526 4053 1810 4126 singulari

159 4126 342 4194 libro,
375 4141 543 4194 quem
574 4144 648 4181 an
684 4127 850 4198 Essay
880 4143 954 4181 an
1010 4129 1096 4182 the
1138 4127 1474 4194 Apostoticat
1531 4127 1806 4182 Constitu-

161 4200 333 4264 tions,
358 4198 593 4254 wherein
625 4200 671 4252 is
701 4199 920 4268 proved,
975 4199 1230 4270 (hatlhey
1285 4199 1491 4270 arethe
1536 4209 1677 4253 most
1717 4215 1809 4254 sa-

158 4271 380 4338 credof
405 4274 495 4324 the
524 4270 819 4324 canonicat’
867 4271 1040 4324 Books
1067 4271 1131 4339 of
1171 4269 1262 4324 the
1320 4269 1448 4324 New
1508 4271 1810 4326 Testamcnt

161 4339 487 4413 inscripsit,
522 4346 578 4413 et
611 4341 712 4412 qui
742 4345 966 4395 tomum
1000 4341 1074 4396 III
1108 4341 1521 4396 Christianismi
1536 4342 1808 4413 primitivz

158 4411 422 4479 conficit,
445 4412 517 4467 dc
548 4411 792 4483 iis’egit,
823 4427 1039 4484 easque
1057 4429 1172 4467 non
1203 4415 1373 4468 modo
1395 4411 1807 4484 genuinas,sed

162 4487 226 4556 et
257 4484 566 4556 canonicas
621 4485 898 4556 maxime,
926 4491 983 4538 et
1039 4485 1240 4539 eadem
1272 4484 1488 4550 divina,
1523 4501 1638 4556 qua
1667 4485 1809 4540 Novi

161 4555 526 4610 Testamenti
561 4556 781 4626 scripta
811 4550 1138 4608 θεὸπνευστα
1190 4550 1558 4611 δυοῖσι-ἥδισθ’
1583 4558 1810 4612 instru-

162 4630 292 4684 ctas
323 4643 451 4682 esse
481 4627 765 4698 probavit,
797 4631 854 4682 et
881 4627 961 4682 ita
993 4627 1230 4698 quidem
1264 4627 1546 4698 probavit,
1583 4632 1666 4684 ut.

764 4699 991 4756 .......Si
1021 4701 1288 4770 Pergama
1328 4701 1528 4755 dextra

315 4769 540 4842 Delendi
567 4779 798 4840 possent,
831 4774 1001 4826 etiam
1035 4769 1141 4825 hac
1164 4771 1387 4842 defensa
1417 4773 1675 4841 fuissent.

737 4843 902 4899 Vino.
937 4843 1150 4898 xEncid.
1184 4859 1244 4909 ιι,
1276 4843 1402 4910 290,
1433 4845 1560 4898 291.

167 4914 412 4972 Clariss.
447 4917 502 4969 et
533 4916 805 4984 przecocis
830 4914 1047 4986 ingenii
1083 4916 1447 4986 Baraterius,
1471 4915 1639 4986 cujus
1670 4929 1812 4986 prie-

171 4992 469 5042 maturam
503 4991 748 5041 mortem
782 4987 938 5041 orbis
978 4985 1266 5042 litteratus
1312 4985 1515 5041 merito
1544 4985 1719 5051 dolet,
1750 4985 1809 5040 in

162 5057 323 5114 binis
355 5059 424 5112 de
461 5058 950 5113 Constitutz’onibus
971 5058 1283 5125 apostolicis
1330 5056 1811 5113 elaboratissimis

164 5129 684 5184 dissertationibus
715 5145 914 5184 earum
947 5145 1060 5183 non
1107 5131 1280 5184 modo
1340 5129 1730 5185 sinceritatem
1755 5133 1813 5182 et

165 5200 582 5273 antiquitatem
617 5201 687 5255 ad
723 5201 953 5256 Eusebii
980 5218 1166 5271 usque
1190 5206 1452 5273 tempora
1484 5200 1688 5273 multis
1730 5217 1814 5254 ra-

163 5272 430 5326 tionibus
461 5273 734 5339 asseruit,
769 5274 866 5328 sed
899 5277 955 5328 et
985 5272 1327 5328 earumdem
1351 5278 1576 5328 aetatem
1611 5272 1679 5326 ad
1710 5288 1813 5326 eaa-

165 5341 286 5400 culi
318 5359 356 5397 ιι
387 5345 575 5413 prima
621 5344 786 5398 initia
818 5343 1035 5398 retulit.
1060 5343 1174 5398 Has
1201 5345 1639 5399 dissertationes
1671 5343 1811 5398 sub-

155 5414 362 5486 junxit
381 5431 500 5486 suis
526 5414 920 5486 Disquisitioni
948 5414 1358 5485 Chronologicae
1387 5416 1450 5471 de
1477 5414 1814 5470 successione

169 5485 586 5558 antiquissima
617 5485 995 5558 episcoporum
1030 5489 1394 5542 Romanorum
1431 5486 1556 5541 inde
1584 5504 1618 5542 a
1650 5488 1810 5541 Petro

162 5574 340 5628 usque
365 5557 437 5612 ad
470 5560 748 5620 Victorem,
783 5557 912 5628 quas
943 5557 1240 5627 Ultrajecti
1286 5559 1444 5625 1740,
1494 5559 1552 5613 in
1603 5562 1810 5627 quarto

164 5628 406 5702 prodiit.
440 5633 506 5684 Et
536 5631 661 5702 istas
686 5629 939 5702 Wistoni
971 5629 1320 5702 applausum
1353 5629 1493 5684 adeo
1527 5628 1808 5702 tulerunt,

164 5700 236 5757 iit
256 5715 354 5756 eas
377 5716 492 5774 non
525 5701 780 5774 mo‘doin
798 5700 1064 5774 linguam
1084 5700 1811 5774 Anglicanamgtransfusas

165 5774 365 5830 denuo
381 5771 630 5829 Londini
655 5771 920 5844 ediderit,
935 5773 1038 5845 sed
1060 5776 1118 5830 et
1139 5771 1204 5845 ut
1223 5772 1579 5845 Baraterium
1597 5788 1810 5845 prisce-

165 5847 400 5922 ptorem
431 5860 606 5904 suum
636 5859 840 5905 vocare
865 5843 1130 5920 mihique
1148 5843 1283 5918 plus
1313 5843 1564 5919 simplici
1584 5843 1704 5903 vice
1725 5845 1807 5901 fa-

1917 3501 2021 3540 sus
2054 3484 2163 3538 sibi
2200 3481 2546 3555 persuasum
2579 3484 2848 3551 habebat,
2874 3481 3162 3538 Baraterio
3193 3483 3263 3538 de
3294 3481 3564 3540 σοι-διέω-

1919 3556 2156 3612 tionibus
2187 3555 2347 3611 hisce
2394 3557 2660 3611 eamdem
2694 3572 2760 3610 ac
2799 3555 2912 3611 sibi
2943 3556 3162 3611 sedisse
3193 3555 3556 3627 opinionem,

1917 3643 2170 3698 eumque
2202 3627 2360 3682 illam
2396 3627 2584 3697 palam
2621 3627 2876 3698 proﬁteri
2923 3633 3151 3682 tantum
3197 3644 3311 3682 non
3345 3642 3556 3681 ausum

1919 3700 2120 3755 fuisse.
2155 3703 2279 3752 llaec
2310 3698 2514 3753 saltem
2540 3715 2673 3752 eum
2709 3699 2766 3752 in
2790 3699 2963 3752 ﬁnem
2989 3701 3142 3754 dicta
3166 3703 3436 3765 sunto,ut
3456 3715 3557 3769 pa-

1917 3775 2055 3835 teat,
2091 3786 2184 3824 me
2215 3787 2328 3824 non
2362 3771 2600 3824 omnino
2629 3770 2825 3823 frivola
2857 3771 2926 3824 ad
2952 3769 3368 3839 interpolatum
3401 3774 3560 3824 caete-

1919 3840 2131 3912 roquin
2144 3841 2510 3912 antiquitatis
2526 3842 2635 3896 scri
2649 3847 2802 3910 ptum
2821 3858 3224 3910 provocasse,u
3237 3846 3392 3912 tpote
3405 3840 3561 3910 quod

1919 3912 2314 3984 genuiniaurt
2364 3929 2476 3967 non
2512 3914 2680 3967 modo
2735 3915 2998 3968 ramenta
3043 3913 3321 3984 continet,
3358 3913 3471 3984 sed
3505 3916 3564 3984 et

1919 3982 2098 4054 quod,
2133 3983 2180 4038 si
2215 3984 2389 4038 etiam
2431 3988 2619 4038 totum
2651 4000 2800 4054 opus
2853 3983 3287 4054 supposititium
3321 3982 3418 4051 sit,
3451 3983 3562 4036 sub

1918 4053 2114 4110 saeculi
2147 4055 2386 4110 secundi
2413 4053 2840 4125 initiajamjam
2860 4053 3170 4122 exstitisse,
3197 4053 3555 4110 eruditorum

1919 4125 2182 4182 nonnulli
2215 4126 2604 4181 crediderunt.

1989 4199 2102 4269 (29)
2135 4198 2315 4253 Aliter
2347 4203 2538 4253 autem
2575 4196 2695 4270 fieri
2728 4201 2974 4269 poterat,
3010 4199 3065 4254 in
3091 4214 3261 4270 parva
3293 4194 3555 4269 paraacia.

1917 4272 2002 4324 Ita
2031 4270 2184 4326 enim
2223 4287 2390 4341 porro
2422 4271 2633 4342 eisdem
2668 4269 3163 4326 Constitutionesl.
3211 4285 3259 4326 c.
3294 4286 3561 4342 pronun-

1919 4343 2103 4397 tiant:
2137 4364 2165 4391 «
2199 4342 2295 4396 Sin
2328 4358 2460 4397 vero
2491 4341 2746 4414 inparve
2780 4343 3036 4414 quadam
3083 4341 3333 4414 paroecia
3391 4346 3560 4414 astate

1919 4418 2222 4484 provectus
2249 4430 2360 4469 non
2384 4411 2728 4483 reperiatur,
2752 4411 2809 4468 et
2831 4413 2902 4486 sit
2926 4411 3310 4486 aliquis,cum
3335 4429 3444 4484 quo
3459 4411 3562 4482 qui

1917 4486 2131 4558 versati
2166 4491 2326 4558 sunt,
2372 4486 2776 4558 testimonium
2806 4485 3102 4558 dederint
3158 4487 3403 4558 dignum
3434 4499 3564 4540 esse

1919 4557 2017 4628 qui
2052 4558 2151 4612 tiat
2173 4557 2505 4628 episcopus,
2538 4557 2639 4626 qui
2671 4557 2727 4628 in
2753 4556 3143 4612 adolescentia
3174 4556 3476 4612 mansuete
3507 4562 3565 4610 et

1919 4627 2238 4698 Composito
2267 4628 2532 4694 vivendo,
2553 4627 2795 4682 senilem
2828 4635 3051 4684 aetatem
3081 4629 3250 4699 plane
3267 4629 3561 4695 ostendat,

1921 4701 1968 4756 si
1991 4701 2194 4755 talium
2230 4699 2564 4756 testimonio
2587 4700 3047 4770 probatur,quod
3073 4702 3128 4754 in
3145 4717 3284 4770 pace
3309 4700 3559 4763 fiat,esto

1919 4771 2250 4843 episc0pus.
2287 4794 2316 4822 »
2349 4771 2691 4827 Recentiora
2731 4771 2974 4827 concilia
3018 4771 3080 4826 in
3110 4772 3381 4842 episcOpo
3412 4770 3564 4825 ordi-

1923 4845 2113 4898 nando
2143 4844 2407 4899 eamdem
2442 4843 2525 4898 vel
2558 4844 2628 4898 ad
2667 4843 2976 4898 minimum
3003 4843 3241 4914 triginta
3272 4859 3558 4897 annorum

1919 4919 2144 4970 aetatem
2179 4917 2502 4986 requirunt,
2537 4915 2908 4986 rationesque
2940 4915 3382 4982 redduntduas,
3405 4914 3559 4985 quod

1922 4987 2046 5056 ipse
2067 4987 2338 5042 Servator
2369 4992 2564 5041 noster
2581 4987 2786 5043 docere
2818 5004 2931 5042 non
2954 4988 3191 5058 coeperit
3219 4991 3350 5041 ante
3383 5003 3559 5058 quam

1922 5061 2094 5113 natus
2123 5063 2278 5130 esset
2311 5059 2781 5130 trigintaannos,
2803 5064 2857 5113 et
2879 5057 3177 5130 quod’hzec
3198 5058 3302 5113 viri
3325 5057 3562 5130 perfecti

1920 5134 2059 5184 setas
2089 5129 2180 5184 sit.
2214 5129 2375 5184 Conf.
2411 5129 2803 5200 Binghamum
2837 5129 3250 5200 inOriginibus
3278 5147 3420 5186 sacr.
3457 5129 3560 5187 lib.

1922 5217 1985 5268 ιι,
2018 5217 2144 5271 cap.
2182 5201 2266 5268 10,
2300 5201 2415 5254 vol.
2453 5201 2496 5267 l,
2534 5217 2662 5270 pag.
2702 5203 2804 5255 142
2833 5218 2921 5272 sq.

1989 5274 2098 5344 (30)
2142 5272 2299 5344 Quos
2348 5274 2645 5341 supra§3
2705 5275 3138 5329 nominavimus
3199 5291 3267 5328 ex
3328 5273 3558 5330 Hieron.

1919 5343 2087 5415 epist
2121 5345 2231 5417 833
2264 5343 2470 5398 Euseb.
2506 5345 2641 5417 Hist.
2682 5346 2870 5400 eccles.
2911 5347 3012 5400 lib.
3048 5362 3122 5416 IV,
3155 5363 3280 5417 cap.
3313 5349 3376 5399 19
3405 5363 3418 5412 ;
3453 5345 3552 5399 Ni-

1924 5414 2174 5487 cephoro
2199 5414 2295 5469 lib.
2331 5431 2406 5483 tv,
2440 5432 2563 5484 cap.
2595 5416 2648 5469 9.

1993 5488 2104 5558 (31)
2139 5491 2224 5542 Ita
2267 5493 2502 5542 vocatur
2530 5488 2602 5542 ab
2635 5487 2938 5557 Augustin.
2975 5494 3168 5543 contra
3206 5488 3416 5547 Julian.
3451 5487 3554 5543 lib.

1923 5576 1962 5634 I_,
1995 5559 2225 5634 cap.73;
2259 5559 2471 5634 Basilio
2505 5558 2817 5634 pe§piritu
2845 5568 3032 5616 sancto
3063 5577 3188 5632 cap.
3219 5561 3310 5634 29,
3343 5561 3561 5618 citante

1921 5630 2098 5687 Caveo
2131 5633 2264 5686 Hist.
2303 5630 2412 5688 litt.
2448 5630 2547 5688 fol.
2578 5630 2672 5689 39.

2016 5702 2106 5776 32)
2139 5704 2275 5776 (list.
2308 5701 2502 5760 ecetes.
2526 5703 2638 5776 lib.
2670 5719 2748 5776 xv,
2780 5719 2905 5776 cap.
2942 5705 3031 5763 1ο.

2016 5773 2106 5845 33)
2137 5773 2275 5834 Hist.
2305 5776 2490 5833 eccles.
2524 5774 2620 5834 lib.
2661 5773 2744 5848 1v,
2775 5773 2903 5848 cap.
2937 5777 3029 5834 26.
