  <div class='ocr_page' id='page_1' title='image "/cluster/home/n/w/nwhite01/storage/ocr_20150623/5/pst.000005711819/600.png"; bbox 0 0 3922 6304; ppageno 0'>
   <div class='ocr_carea' id='block_1_1' title="bbox 183 413 1843 478">
    <p class='ocr_par' dir='ltr' id='par_1_1' title="bbox 183 415 1838 478">
     <span class='ocr_line' id='line_1_1' title="bbox 183 415 1838 478; baseline 0.002 -5"><span class='ocrx_word' id='word_1_1' title='bbox 183 415 344 476; x_wconf 75' lang='grc'>1181</span> <span class='ocrx_word' id='word_1_2' title='bbox 1158 416 1496 478; x_wconf 71' lang='lat' dir='ltr'>NOTlTIA.</span> <span class='ocrx_word' id='word_1_3' title='bbox 1549 451 1626 460; x_wconf 90' lang='lat'><strong>--</strong></span> <span class='ocrx_word' id='word_1_4' title='bbox 1670 419 1688 477; x_wconf 90' lang='lat' dir='ltr'>l</span> <span class='ocrx_word' id='word_1_5' title='bbox 1737 417 1838 476; x_wconf 72' lang='lat' dir='ltr'>DE</span> 
     </span>
    </p>
   </div>
   <div class='ocr_carea' id='block_1_2' title="bbox 2022 413 3595 478">
    <p class='ocr_par' dir='ltr' id='par_1_2' title="bbox 2024 413 3595 475">
     <span class='ocr_line' id='line_1_2' title="bbox 2024 413 3595 475; baseline -0.003 0"><span class='ocrx_word' id='word_1_6' title='bbox 2024 419 2074 475; x_wconf 84' lang='lat' dir='ltr'>A</span> <span class='ocrx_word' id='word_1_7' title='bbox 2121 417 2184 475; x_wconf 60' lang='grc' dir='ltr'>ςς.</span> <span class='ocrx_word' id='word_1_8' title='bbox 2232 415 2681 475; x_wconf 82' lang='lat' dir='ltr'>MELITONIS.</span> <span class='ocrx_word' id='word_1_9' title='bbox 3439 413 3595 472; x_wconf 73' lang='lat'>1182</span> 
     </span>
    </p>
   </div>
   <div class='ocr_carea' id='block_1_3' title="bbox 583 563 3195 636">
    <p class='ocr_par' dir='ltr' id='par_1_3' title="bbox 583 563 3195 636">
     <span class='ocr_line' id='line_1_3' title="bbox 583 563 3195 636; baseline -0.002 -13"><span class='ocrx_word' id='word_1_10' title='bbox 583 570 609 636; x_wconf 68' lang='grc' dir='ltr'><strong>ξ</strong></span> <span class='ocrx_word' id='word_1_11' title='bbox 641 568 783 623; x_wconf 81' lang='lat' dir='ltr'>XVI.</span> <span class='ocrx_word' id='word_1_12' title='bbox 815 571 891 624; x_wconf 85' lang='lat' dir='ltr'>De</span> <span class='ocrx_word' id='word_1_13' title='bbox 919 566 1100 624; x_wconf 80' lang='lat' dir='ltr'>sedata</span> <span class='ocrx_word' id='word_1_14' title='bbox 1134 569 1189 624; x_wconf 83' lang='lat' dir='ltr'>in</span> <span class='ocrx_word' id='word_1_15' title='bbox 1223 571 1468 626; x_wconf 79' lang='lat' dir='ltr'>Ecclesia</span> <span class='ocrx_word' id='word_1_16' title='bbox 1502 570 1807 625; x_wconf 73' lang='lat' dir='ltr'>Laodiceae</span> <span class='ocrx_word' id='word_1_17' title='bbox 1844 571 1997 626; x_wconf 86' lang='lat' dir='ltr'>circa</span> <span class='ocrx_word' id='word_1_18' title='bbox 2029 567 2325 625; x_wconf 79' lang='lat' dir='ltr'>Paschatos</span> <span class='ocrx_word' id='word_1_19' title='bbox 2344 567 2760 622; x_wconf 79' lang='lat' dir='ltr'>celebrationem</span> <span class='ocrx_word' id='word_1_20' title='bbox 2793 563 3195 620; x_wconf 72' lang='lat' dir='ltr'>controversia.</span> 
     </span>
    </p>
   </div>
   <div class='ocr_carea' id='block_1_4' title="bbox 273 709 3596 787">
    <p class='ocr_par' dir='ltr' id='par_1_4' title="bbox 273 709 3596 787">
     <span class='ocr_line' id='line_1_4' title="bbox 273 709 3596 787; baseline -0.002 -18"><span class='ocrx_word' id='word_1_21' title='bbox 273 715 441 769; x_wconf 88' lang='lat' dir='ltr'>Porro</span> <span class='ocrx_word' id='word_1_22' title='bbox 472 714 725 785; x_wconf 87' lang='lat' dir='ltr'>episcopi</span> <span class='ocrx_word' id='word_1_23' title='bbox 761 714 1026 786; x_wconf 84' lang='lat' dir='ltr'>partibus</span> <span class='ocrx_word' id='word_1_24' title='bbox 1058 715 1286 785; x_wconf 79' lang='lat' dir='ltr'>egregie</span> <span class='ocrx_word' id='word_1_25' title='bbox 1317 716 1552 772; x_wconf 87' lang='lat' dir='ltr'>functus</span> <span class='ocrx_word' id='word_1_26' title='bbox 1581 725 1665 771; x_wconf 87' lang='lat' dir='ltr'>est</span> <span class='ocrx_word' id='word_1_27' title='bbox 1699 720 1896 771; x_wconf 88' lang='lat' dir='ltr'>noster</span> <span class='ocrx_word' id='word_1_28' title='bbox 1924 715 1982 770; x_wconf 89' lang='lat' dir='ltr'>in</span> <span class='ocrx_word' id='word_1_29' title='bbox 2017 731 2103 784; x_wconf 90' lang='lat' dir='ltr'>eo,</span> <span class='ocrx_word' id='word_1_30' title='bbox 2139 715 2291 787; x_wconf 89' lang='lat' dir='ltr'>quod</span> <span class='ocrx_word' id='word_1_31' title='bbox 2327 714 2452 784; x_wconf 88' lang='lat' dir='ltr'>paci</span> <span class='ocrx_word' id='word_1_32' title='bbox 2486 713 2541 767; x_wconf 89' lang='lat' dir='ltr'>in</span> <span class='ocrx_word' id='word_1_33' title='bbox 2569 711 2822 767; x_wconf 78' lang='lat' dir='ltr'>Ecclesia</span> <span class='ocrx_word' id='word_1_34' title='bbox 2850 710 3239 774; x_wconf 36' lang='lat' dir='ltr'>servandaet</span> <span class='ocrx_word' id='word_1_35' title='bbox 3271 709 3422 763; x_wconf 91' lang='lat' dir='ltr'>inter</span> <span class='ocrx_word' id='word_1_36' title='bbox 3461 709 3596 764; x_wconf 82' lang='lat' dir='ltr'>fidei</span> 
     </span>
    </p>
   </div>
   <div class='ocr_carea' id='block_1_5' title="bbox 201 801 3598 877">
    <p class='ocr_par' dir='ltr' id='par_1_5' title="bbox 201 801 3598 877">
     <span class='ocr_line' id='line_1_5' title="bbox 201 801 3598 877; baseline -0.002 -17"><span class='ocrx_word' id='word_1_37' title='bbox 201 806 561 860; x_wconf 88' lang='lat' dir='ltr'>domesticos</span> <span class='ocrx_word' id='word_1_38' title='bbox 585 806 800 859; x_wconf 76' lang='lat' dir='ltr'>exortis</span> <span class='ocrx_word' id='word_1_39' title='bbox 823 805 1085 860; x_wconf 89' lang='lat' dir='ltr'>dissidiis</span> <span class='ocrx_word' id='word_1_40' title='bbox 1107 806 1383 860; x_wconf 81' lang='lat' dir='ltr'>sedandis</span> <span class='ocrx_word' id='word_1_41' title='bbox 1414 823 1644 861; x_wconf 91' lang='lat' dir='ltr'>omnem</span> <span class='ocrx_word' id='word_1_42' title='bbox 1668 807 1981 874; x_wconf 86' lang='lat' dir='ltr'>navaverit,</span> <span class='ocrx_word' id='word_1_43' title='bbox 2013 821 2268 877; x_wconf 82' lang='lat' dir='ltr'>operam.</span> <span class='ocrx_word' id='word_1_44' title='bbox 2290 805 2445 860; x_wconf 85' lang='lat' dir='ltr'>Hanc</span> <span class='ocrx_word' id='word_1_45' title='bbox 2466 802 2752 858; x_wconf 86' lang='lat' dir='ltr'>Melitonis</span> <span class='ocrx_word' id='word_1_46' title='bbox 2774 801 3112 871; x_wconf 84' lang='lat' dir='ltr'>prudentem</span> <span class='ocrx_word' id='word_1_47' title='bbox 3139 815 3339 853; x_wconf 87' lang='lat' dir='ltr'>curam</span> <span class='ocrx_word' id='word_1_48' title='bbox 3366 807 3598 868; x_wconf 79' lang='lat' dir='ltr'>experta</span> 
     </span>
    </p>
   </div>
   <div class='ocr_carea' id='block_1_6' title="bbox 196 890 3593 966">
    <p class='ocr_par' dir='ltr' id='par_1_6' title="bbox 196 890 3593 966">
     <span class='ocr_line' id='line_1_6' title="bbox 196 890 3593 966; baseline -0.003 -16"><span class='ocrx_word' id='word_1_49' title='bbox 196 903 291 950; x_wconf 86' lang='lat' dir='ltr'>est</span> <span class='ocrx_word' id='word_1_50' title='bbox 325 895 610 966; x_wconf 73' lang='lat' dir='ltr'>praecipue</span> <span class='ocrx_word' id='word_1_51' title='bbox 643 895 834 950; x_wconf 89' lang='lat' dir='ltr'>vicina</span> <span class='ocrx_word' id='word_1_52' title='bbox 867 894 1191 950; x_wconf 86' lang='lat' dir='ltr'>Laodicena</span> <span class='ocrx_word' id='word_1_53' title='bbox 1222 894 1495 964; x_wconf 80' lang='lat' dir='ltr'>Ecclesia,</span> <span class='ocrx_word' id='word_1_54' title='bbox 1531 899 1585 950; x_wconf 90' lang='lat' dir='ltr'>in</span> <span class='ocrx_word' id='word_1_55' title='bbox 1617 912 1729 966; x_wconf 87' lang='lat' dir='ltr'>qua</span> <span class='ocrx_word' id='word_1_56' title='bbox 1763 897 1833 948; x_wconf 91' lang='lat' dir='ltr'>ob</span> <span class='ocrx_word' id='word_1_57' title='bbox 1863 895 2176 950; x_wconf 85' lang='lat' dir='ltr'>Paschatos</span> <span class='ocrx_word' id='word_1_58' title='bbox 2205 894 2651 949; x_wconf 77' lang='lat' dir='ltr'>celebrationem</span> <span class='ocrx_word' id='word_1_59' title='bbox 2687 891 2864 944; x_wconf 68' lang='lat' dir='ltr'>turbas</span> <span class='ocrx_word' id='word_1_60' title='bbox 2897 894 3062 944; x_wconf 87' lang='lat' dir='ltr'>erant</span> <span class='ocrx_word' id='word_1_61' title='bbox 3094 893 3322 942; x_wconf 69' lang='lat' dir='ltr'>exortae.</span> <span class='ocrx_word' id='word_1_62' title='bbox 3354 890 3593 942; x_wconf 86' lang='lat' dir='ltr'>Constat</span> 
     </span>
    </p>
   </div>
   <div class='ocr_carea' id='block_1_7' title="bbox 196 978 3588 1057">
    <p class='ocr_par' dir='ltr' id='par_1_7' title="bbox 196 978 3588 1057">
     <span class='ocr_line' id='line_1_7' title="bbox 196 978 3588 1057; baseline -0.003 -16"><span class='ocrx_word' id='word_1_63' title='bbox 196 986 354 1042; x_wconf 88' lang='lat' dir='ltr'>enim</span> <span class='ocrx_word' id='word_1_64' title='bbox 386 985 538 1039; x_wconf 91' lang='lat' dir='ltr'>inter</span> <span class='ocrx_word' id='word_1_65' title='bbox 561 1001 786 1054; x_wconf 86' lang='lat' dir='ltr'>omnes,</span> <span class='ocrx_word' id='word_1_66' title='bbox 819 989 876 1038; x_wconf 91' lang='lat' dir='ltr'>et</span> <span class='ocrx_word' id='word_1_67' title='bbox 906 984 1160 1039; x_wconf 88' lang='lat' dir='ltr'>Socratis</span> <span class='ocrx_word' id='word_1_68' title='bbox 1189 985 1299 1056; x_wconf 92' lang='grc'>(48)</span> <span class='ocrx_word' id='word_1_69' title='bbox 1330 984 1573 1057; x_wconf 81' lang='lat' dir='ltr'>insuper</span> <span class='ocrx_word' id='word_1_70' title='bbox 1605 985 1938 1041; x_wconf 88' lang='lat' dir='ltr'>testimonio</span> <span class='ocrx_word' id='word_1_71' title='bbox 1997 985 2230 1056; x_wconf 88' lang='lat' dir='ltr'>probari</span> <span class='ocrx_word' id='word_1_72' title='bbox 2265 989 2471 1054; x_wconf 86' lang='lat' dir='ltr'>potest,</span> <span class='ocrx_word' id='word_1_73' title='bbox 2505 998 2692 1052; x_wconf 89' lang='lat' dir='ltr'>neque</span> <span class='ocrx_word' id='word_1_74' title='bbox 2723 981 3040 1049; x_wconf 89' lang='lat' dir='ltr'>Christum,</span> <span class='ocrx_word' id='word_1_75' title='bbox 3074 995 3262 1049; x_wconf 84' lang='lat' dir='ltr'>neque</span> <span class='ocrx_word' id='word_1_76' title='bbox 3294 978 3588 1048; x_wconf 86' lang='lat' dir='ltr'>apostolos</span> 
     </span>
    </p>
   </div>
   <div class='ocr_carea' id='block_1_8' title="bbox 192 1066 3586 1145">
    <p class='ocr_par' dir='ltr' id='par_1_8' title="bbox 192 1066 3586 1145">
     <span class='ocr_line' id='line_1_8' title="bbox 192 1066 3586 1145; baseline -0.003 -15"><span class='ocrx_word' id='word_1_77' title='bbox 192 1079 358 1130; x_wconf 87' lang='lat' dir='ltr'>certa</span> <span class='ocrx_word' id='word_1_78' title='bbox 379 1073 506 1145; x_wconf 82' lang='lat' dir='ltr'>lege</span> <span class='ocrx_word' id='word_1_79' title='bbox 529 1075 826 1130; x_wconf 86' lang='lat' dir='ltr'>Paschatis</span> <span class='ocrx_word' id='word_1_80' title='bbox 855 1072 1185 1128; x_wconf 74' lang='lat' dir='ltr'>celebrandi</span> <span class='ocrx_word' id='word_1_81' title='bbox 1207 1073 1361 1128; x_wconf 90' lang='lat' dir='ltr'>diem</span> <span class='ocrx_word' id='word_1_82' title='bbox 1397 1074 1764 1145; x_wconf 67' lang='lat' dir='ltr'>praecepisse,</span> <span class='ocrx_word' id='word_1_83' title='bbox 1796 1075 1896 1129; x_wconf 88' lang='lat' dir='ltr'>sed</span> <span class='ocrx_word' id='word_1_84' title='bbox 1931 1073 2260 1128; x_wconf 77' lang='lat' dir='ltr'>festivitatis</span> <span class='ocrx_word' id='word_1_85' title='bbox 2294 1073 2465 1141; x_wconf 85' lang='lat' dir='ltr'>hujus</span> <span class='ocrx_word' id='word_1_86' title='bbox 2496 1075 2729 1140; x_wconf 83' lang='lat' dir='ltr'>tempus</span> <span class='ocrx_word' id='word_1_87' title='bbox 2754 1066 3142 1122; x_wconf 88' lang='lat' dir='ltr'>Ecclesiarum</span> <span class='ocrx_word' id='word_1_88' title='bbox 3177 1067 3419 1121; x_wconf 84' lang='lat' dir='ltr'>arbitrio</span> <span class='ocrx_word' id='word_1_89' title='bbox 3452 1066 3586 1120; x_wconf 87' lang='lat' dir='ltr'>reli-</span> 
     </span>
    </p>
   </div>
   <div class='ocr_carea' id='block_1_9' title="bbox 191 1155 3587 1236">
    <p class='ocr_par' dir='ltr' id='par_1_9' title="bbox 191 1155 3587 1236">
     <span class='ocr_line' id='line_1_9' title="bbox 191 1155 3587 1236; baseline -0.003 -18"><span class='ocrx_word' id='word_1_90' title='bbox 191 1164 420 1236; x_wconf 85' lang='lat' dir='ltr'>quisse.</span> <span class='ocrx_word' id='word_1_91' title='bbox 451 1163 593 1219; x_wconf 79' lang='lat' dir='ltr'>Alize</span> <span class='ocrx_word' id='word_1_92' title='bbox 619 1163 836 1235; x_wconf 88' lang='lat' dir='ltr'>itaque,</span> <span class='ocrx_word' id='word_1_93' title='bbox 870 1180 936 1218; x_wconf 86' lang='lat' dir='ltr'>ex</span> <span class='ocrx_word' id='word_1_94' title='bbox 958 1179 1168 1234; x_wconf 88' lang='lat' dir='ltr'>magna</span> <span class='ocrx_word' id='word_1_95' title='bbox 1200 1165 1494 1218; x_wconf 88' lang='lat' dir='ltr'>nascentis</span> <span class='ocrx_word' id='word_1_96' title='bbox 1525 1163 1792 1219; x_wconf 72' lang='lat' dir='ltr'>Ecclesia:</span> <span class='ocrx_word' id='word_1_97' title='bbox 1815 1179 1946 1218; x_wconf 89' lang='lat' dir='ltr'>cum</span> <span class='ocrx_word' id='word_1_98' title='bbox 1976 1162 2235 1218; x_wconf 82' lang='lat' dir='ltr'>Judaicis</span> <span class='ocrx_word' id='word_1_99' title='bbox 2267 1162 2477 1216; x_wconf 78' lang='lat' dir='ltr'>ritibus</span> <span class='ocrx_word' id='word_1_100' title='bbox 2508 1159 2937 1229; x_wconf 88' lang='lat' dir='ltr'>conformitate,</span> <span class='ocrx_word' id='word_1_101' title='bbox 2966 1160 3167 1214; x_wconf 90' lang='lat' dir='ltr'>eodem</span> <span class='ocrx_word' id='word_1_102' title='bbox 3201 1173 3333 1212; x_wconf 89' lang='lat' dir='ltr'>cum</span> <span class='ocrx_word' id='word_1_103' title='bbox 3365 1155 3587 1211; x_wconf 70' lang='lat' dir='ltr'>Judaeis</span> 
     </span>
    </p>
   </div>
   <div class='ocr_carea' id='block_1_10' title="bbox 185 1247 3595 1324">
    <p class='ocr_par' dir='ltr' id='par_1_10' title="bbox 185 1247 3595 1324">
     <span class='ocr_line' id='line_1_10' title="bbox 185 1247 3595 1324; baseline -0.003 -15"><span class='ocrx_word' id='word_1_104' title='bbox 185 1259 461 1324; x_wconf 81' lang='lat' dir='ltr'>tempore</span> <span class='ocrx_word' id='word_1_105' title='bbox 492 1253 638 1308; x_wconf 91' lang='lat' dir='ltr'>illud</span> <span class='ocrx_word' id='word_1_106' title='bbox 671 1253 1086 1309; x_wconf 87' lang='lat' dir='ltr'>celebrandum</span> <span class='ocrx_word' id='word_1_107' title='bbox 1118 1254 1426 1323; x_wconf 83' lang='lat' dir='ltr'>duxerunt,</span> <span class='ocrx_word' id='word_1_108' title='bbox 1454 1253 1576 1308; x_wconf 67' lang='lat' dir='ltr'>aliae</span> <span class='ocrx_word' id='word_1_109' title='bbox 1608 1259 1802 1309; x_wconf 89' lang='lat' dir='ltr'>autem</span> <span class='ocrx_word' id='word_1_110' title='bbox 1835 1253 1926 1309; x_wconf 89' lang='lat' dir='ltr'>die</span> <span class='ocrx_word' id='word_1_111' title='bbox 1953 1253 2254 1308; x_wconf 84' lang='lat' dir='ltr'>Dominica</span> <span class='ocrx_word' id='word_1_112' title='bbox 2285 1253 2438 1308; x_wconf 83' lang='lat' dir='ltr'>istud</span> <span class='ocrx_word' id='word_1_113' title='bbox 2475 1253 2687 1307; x_wconf 87' lang='lat' dir='ltr'>festum</span> <span class='ocrx_word' id='word_1_114' title='bbox 2719 1266 2882 1322; x_wconf 82' lang='lat' dir='ltr'>agere</span> <span class='ocrx_word' id='word_1_115' title='bbox 2915 1249 3264 1305; x_wconf 81' lang='lat' dir='ltr'>maluerunt.</span> <span class='ocrx_word' id='word_1_116' title='bbox 3292 1247 3488 1317; x_wconf 90' lang='lat' dir='ltr'>Neque</span> <span class='ocrx_word' id='word_1_117' title='bbox 3514 1250 3595 1300; x_wconf 87' lang='lat' dir='ltr'>ta-</span> 
     </span>
    </p>
   </div>
   <div class='ocr_carea' id='block_1_11' title="bbox 191 1337 3594 1414">
    <p class='ocr_par' dir='ltr' id='par_1_11' title="bbox 191 1337 3594 1414">
     <span class='ocr_line' id='line_1_11' title="bbox 191 1337 3594 1414; baseline -0.002 -18"><span class='ocrx_word' id='word_1_118' title='bbox 191 1358 332 1396; x_wconf 86' lang='lat' dir='ltr'>men</span> <span class='ocrx_word' id='word_1_119' title='bbox 354 1341 425 1395; x_wconf 91' lang='lat' dir='ltr'>ab</span> <span class='ocrx_word' id='word_1_120' title='bbox 456 1339 625 1395; x_wconf 89' lang='lat' dir='ltr'>initio</span> <span class='ocrx_word' id='word_1_121' title='bbox 647 1341 766 1396; x_wconf 67' lang='lat' dir='ltr'>haec</span> <span class='ocrx_word' id='word_1_122' title='bbox 796 1340 1098 1397; x_wconf 86' lang='lat' dir='ltr'>diversitas</span> <span class='ocrx_word' id='word_1_123' title='bbox 1127 1340 1480 1396; x_wconf 87' lang='lat' dir='ltr'>discordiam</span> <span class='ocrx_word' id='word_1_124' title='bbox 1515 1341 1760 1414; x_wconf 83' lang='lat' dir='ltr'>peperit,</span> <span class='ocrx_word' id='word_1_125' title='bbox 1791 1342 1889 1397; x_wconf 92' lang='lat' dir='ltr'>sed</span> <span class='ocrx_word' id='word_1_126' title='bbox 1915 1341 2189 1414; x_wconf 67' lang='lat' dir='ltr'>quaelibet</span> <span class='ocrx_word' id='word_1_127' title='bbox 2221 1339 2474 1395; x_wconf 83' lang='lat' dir='ltr'>Ecclesia</span> <span class='ocrx_word' id='word_1_128' title='bbox 2505 1340 2562 1394; x_wconf 90' lang='lat' dir='ltr'>in</span> <span class='ocrx_word' id='word_1_129' title='bbox 2587 1339 2694 1394; x_wconf 84' lang='lat' dir='ltr'>ritu</span> <span class='ocrx_word' id='word_1_130' title='bbox 2725 1340 2834 1396; x_wconf 86' lang='lat' dir='ltr'>hoc</span> <span class='ocrx_word' id='word_1_131' title='bbox 2861 1339 3179 1410; x_wconf 89' lang='lat' dir='ltr'>adiaphoro</span> <span class='ocrx_word' id='word_1_132' title='bbox 3202 1337 3470 1392; x_wconf 77' lang='lat' dir='ltr'>libertate</span> <span class='ocrx_word' id='word_1_133' title='bbox 3489 1353 3594 1391; x_wconf 87' lang='lat' dir='ltr'>sua</span> 
     </span>
    </p>
   </div>
   <div class='ocr_carea' id='block_1_12' title="bbox 193 1428 3596 1502">
    <p class='ocr_par' dir='ltr' id='par_1_12' title="bbox 193 1428 3596 1502">
     <span class='ocr_line' id='line_1_12' title="bbox 193 1428 3596 1502; baseline -0.001 -17"><span class='ocrx_word' id='word_1_134' title='bbox 193 1446 321 1500; x_wconf 83' lang='lat' dir='ltr'>usa,</span> <span class='ocrx_word' id='word_1_135' title='bbox 355 1430 486 1486; x_wconf 90' lang='lat' dir='ltr'>aliis</span> <span class='ocrx_word' id='word_1_136' title='bbox 511 1447 746 1502; x_wconf 82' lang='lat' dir='ltr'>quoque</span> <span class='ocrx_word' id='word_1_137' title='bbox 779 1448 946 1486; x_wconf 86' lang='lat' dir='ltr'>suam</span> <span class='ocrx_word' id='word_1_138' title='bbox 993 1432 1321 1489; x_wconf 90' lang='lat' dir='ltr'>libertatem</span> <span class='ocrx_word' id='word_1_139' title='bbox 1375 1451 1489 1490; x_wconf 92' lang='lat' dir='ltr'>non</span> <span class='ocrx_word' id='word_1_140' title='bbox 1525 1435 1752 1502; x_wconf 86' lang='lat' dir='ltr'>invidit,</span> <span class='ocrx_word' id='word_1_141' title='bbox 1786 1435 1970 1490; x_wconf 91' lang='lat' dir='ltr'>donec</span> <span class='ocrx_word' id='word_1_142' title='bbox 1998 1433 2292 1488; x_wconf 74' lang='lat' dir='ltr'>Laodiceae</span> <span class='ocrx_word' id='word_1_143' title='bbox 2323 1448 2536 1502; x_wconf 88' lang='lat' dir='ltr'>magna</span> <span class='ocrx_word' id='word_1_144' title='bbox 2567 1432 2959 1488; x_wconf 85' lang='lat' dir='ltr'>controversia</span> <span class='ocrx_word' id='word_1_145' title='bbox 2987 1431 3058 1485; x_wconf 91' lang='lat' dir='ltr'>de</span> <span class='ocrx_word' id='word_1_146' title='bbox 3090 1428 3460 1486; x_wconf 83' lang='lat' dir='ltr'>solemnitate</span> <span class='ocrx_word' id='word_1_147' title='bbox 3492 1444 3596 1498; x_wconf 87' lang='lat' dir='ltr'>pa-</span> 
     </span>
    </p>
   </div>
   <div class='ocr_carea' id='block_1_13' title="bbox 193 1517 3598 1593">
    <p class='ocr_par' dir='ltr' id='par_1_13' title="bbox 193 1517 3598 1593">
     <span class='ocr_line' id='line_1_13' title="bbox 193 1517 3598 1593; baseline -0.001 -17"><span class='ocrx_word' id='word_1_148' title='bbox 193 1521 385 1576; x_wconf 89' lang='lat' dir='ltr'>schali</span> <span class='ocrx_word' id='word_1_149' title='bbox 417 1522 656 1576; x_wconf 78' lang='lat' dir='ltr'>excitata</span> <span class='ocrx_word' id='word_1_150' title='bbox 681 1529 786 1576; x_wconf 86' lang='lat' dir='ltr'>est.</span> <span class='ocrx_word' id='word_1_151' title='bbox 824 1522 885 1575; x_wconf 85' lang='lat' dir='ltr'>in</span> <span class='ocrx_word' id='word_1_152' title='bbox 921 1524 1316 1591; x_wconf 85' lang='lat' dir='ltr'>persecutione</span> <span class='ocrx_word' id='word_1_153' title='bbox 1339 1524 1557 1579; x_wconf 82' lang='lat' dir='ltr'>scilicet</span> <span class='ocrx_word' id='word_1_154' title='bbox 1577 1527 1648 1578; x_wconf 93' lang='lat' dir='ltr'>M.</span> <span class='ocrx_word' id='word_1_155' title='bbox 1670 1523 1890 1578; x_wconf 90' lang='lat' dir='ltr'>Aurelii</span> <span class='ocrx_word' id='word_1_156' title='bbox 1915 1521 2217 1590; x_wconf 87' lang='lat' dir='ltr'>Antonini,</span> <span class='ocrx_word' id='word_1_157' title='bbox 2246 1521 2504 1593; x_wconf 81' lang='lat' dir='ltr'>Sagarim</span> <span class='ocrx_word' id='word_1_158' title='bbox 2529 1521 2871 1593; x_wconf 87' lang='lat' dir='ltr'>episcopum</span> <span class='ocrx_word' id='word_1_159' title='bbox 2905 1537 3078 1575; x_wconf 90' lang='lat' dir='ltr'>suum</span> <span class='ocrx_word' id='word_1_160' title='bbox 3110 1519 3432 1574; x_wconf 86' lang='lat' dir='ltr'>amiserant</span> <span class='ocrx_word' id='word_1_161' title='bbox 3456 1517 3598 1572; x_wconf 86' lang='lat' dir='ltr'>Lao-</span> 
     </span>
    </p>
   </div>
   <div class='ocr_carea' id='block_1_14' title="bbox 195 1607 3593 1686">
    <p class='ocr_par' dir='ltr' id='par_1_14' title="bbox 195 1607 3593 1686">
     <span class='ocr_line' id='line_1_14' title="bbox 195 1607 3593 1686; baseline -0.001 -21"><span class='ocrx_word' id='word_1_162' title='bbox 195 1611 413 1677; x_wconf 90' lang='lat' dir='ltr'>diceni,</span> <span class='ocrx_word' id='word_1_163' title='bbox 446 1615 502 1665; x_wconf 92' lang='lat' dir='ltr'>et</span> <span class='ocrx_word' id='word_1_164' title='bbox 534 1611 806 1666; x_wconf 85' lang='lat' dir='ltr'>credibile</span> <span class='ocrx_word' id='word_1_165' title='bbox 839 1618 928 1667; x_wconf 89' lang='lat' dir='ltr'>est</span> <span class='ocrx_word' id='word_1_166' title='bbox 956 1613 1184 1684; x_wconf 89' lang='lat' dir='ltr'>aliquos</span> <span class='ocrx_word' id='word_1_167' title='bbox 1215 1613 1294 1668; x_wconf 90' lang='lat' dir='ltr'>ibi</span> <span class='ocrx_word' id='word_1_168' title='bbox 1326 1619 1552 1670; x_wconf 81' lang='lat' dir='ltr'>exortes</span> <span class='ocrx_word' id='word_1_169' title='bbox 1585 1614 1789 1682; x_wconf 87' lang='lat' dir='ltr'>fuisse,</span> <span class='ocrx_word' id='word_1_170' title='bbox 1821 1615 1920 1686; x_wconf 86' lang='lat' dir='ltr'>qui</span> <span class='ocrx_word' id='word_1_171' title='bbox 1954 1613 2149 1681; x_wconf 90' lang='lat' dir='ltr'>aliam,</span> <span class='ocrx_word' id='word_1_172' title='bbox 2179 1629 2353 1683; x_wconf 88' lang='lat' dir='ltr'>quam</span> <span class='ocrx_word' id='word_1_173' title='bbox 2385 1610 2473 1668; x_wconf 85' lang='lat' dir='ltr'>vel</span> <span class='ocrx_word' id='word_1_174' title='bbox 2509 1612 2724 1682; x_wconf 67' lang='lat' dir='ltr'>Romm,</span> <span class='ocrx_word' id='word_1_175' title='bbox 2757 1611 2844 1667; x_wconf 86' lang='lat' dir='ltr'>vel</span> <span class='ocrx_word' id='word_1_176' title='bbox 2873 1609 3011 1666; x_wconf 82' lang='lat' dir='ltr'>alibi</span> <span class='ocrx_word' id='word_1_177' title='bbox 3037 1609 3321 1676; x_wconf 82' lang='lat' dir='ltr'>viderant,</span> <span class='ocrx_word' id='word_1_178' title='bbox 3354 1612 3414 1662; x_wconf 79' lang='lat' dir='ltr'>at</span> <span class='ocrx_word' id='word_1_179' title='bbox 3444 1607 3593 1663; x_wconf 68' lang='lat' dir='ltr'>Asiae</span> 
     </span>
    </p>
   </div>
   <div class='ocr_carea' id='block_1_15' title="bbox 201 1697 3592 1771">
    <p class='ocr_par' dir='ltr' id='par_1_15' title="bbox 201 1697 3592 1771">
     <span class='ocr_line' id='line_1_15' title="bbox 201 1697 3592 1771; baseline -0.001 -17"><span class='ocrx_word' id='word_1_180' title='bbox 201 1700 461 1771; x_wconf 86' lang='lat' dir='ltr'>ignotam</span> <span class='ocrx_word' id='word_1_181' title='bbox 494 1708 552 1755; x_wconf 89' lang='lat' dir='ltr'>et</span> <span class='ocrx_word' id='word_1_182' title='bbox 580 1700 928 1756; x_wconf 85' lang='lat' dir='ltr'>insolentem</span> <span class='ocrx_word' id='word_1_183' title='bbox 952 1703 1455 1769; x_wconf 85' lang='lat' dir='ltr'>consuetudinem,</span> <span class='ocrx_word' id='word_1_184' title='bbox 1490 1704 1855 1760; x_wconf 86' lang='lat' dir='ltr'>introducere</span> <span class='ocrx_word' id='word_1_185' title='bbox 1884 1708 2246 1767; x_wconf 85' lang='lat' dir='ltr'>conarentur,</span> <span class='ocrx_word' id='word_1_186' title='bbox 2283 1702 2644 1757; x_wconf 88' lang='lat' dir='ltr'>Laodicenos</span> <span class='ocrx_word' id='word_1_187' title='bbox 2675 1707 2890 1766; x_wconf 89' lang='lat' dir='ltr'>autem,</span> <span class='ocrx_word' id='word_1_188' title='bbox 2924 1699 3092 1754; x_wconf 86' lang='lat' dir='ltr'>aliter</span> <span class='ocrx_word' id='word_1_189' title='bbox 3113 1716 3145 1752; x_wconf 88' lang='lat' dir='ltr'>a</span> <span class='ocrx_word' id='word_1_190' title='bbox 3171 1697 3424 1770; x_wconf 85' lang='lat' dir='ltr'>pueritia</span> <span class='ocrx_word' id='word_1_191' title='bbox 3453 1697 3592 1752; x_wconf 88' lang='lat' dir='ltr'>edo—</span> 
     </span>
    </p>
   </div>
   <div class='ocr_carea' id='block_1_16' title="bbox 201 1787 3594 1863">
    <p class='ocr_par' dir='ltr' id='par_1_16' title="bbox 201 1787 3594 1863">
     <span class='ocr_line' id='line_1_16' title="bbox 201 1787 3594 1863; baseline -0.001 -20"><span class='ocrx_word' id='word_1_192' title='bbox 201 1797 346 1856; x_wconf 84' lang='lat' dir='ltr'>ctos,</span> <span class='ocrx_word' id='word_1_193' title='bbox 379 1789 496 1846; x_wconf 90' lang='lat' dir='ltr'>illis</span> <span class='ocrx_word' id='word_1_194' title='bbox 523 1791 827 1860; x_wconf 74' lang='lat' dir='ltr'>restitisse,</span> <span class='ocrx_word' id='word_1_195' title='bbox 854 1796 1026 1862; x_wconf 91' lang='lat' dir='ltr'>atque</span> <span class='ocrx_word' id='word_1_196' title='bbox 1049 1793 1133 1848; x_wconf 90' lang='lat' dir='ltr'>sic</span> <span class='ocrx_word' id='word_1_197' title='bbox 1155 1798 1351 1849; x_wconf 87' lang='lat' dir='ltr'>natam</span> <span class='ocrx_word' id='word_1_198' title='bbox 1373 1811 1500 1849; x_wconf 87' lang='lat' dir='ltr'>esse</span> <span class='ocrx_word' id='word_1_199' title='bbox 1521 1793 1972 1850; x_wconf 84' lang='lat' dir='ltr'>dissensionem.</span> <span class='ocrx_word' id='word_1_200' title='bbox 1993 1793 2341 1862; x_wconf 90' lang='lat' dir='ltr'>Interposuit</span> <span class='ocrx_word' id='word_1_201' title='bbox 2373 1792 2553 1863; x_wconf 87' lang='lat' dir='ltr'>igitur</span> <span class='ocrx_word' id='word_1_202' title='bbox 2583 1808 2750 1846; x_wconf 85' lang='lat' dir='ltr'>suam</span> <span class='ocrx_word' id='word_1_203' title='bbox 2783 1789 3188 1845; x_wconf 86' lang='lat' dir='ltr'>auctoritatem</span> <span class='ocrx_word' id='word_1_204' title='bbox 3215 1787 3408 1842; x_wconf 83' lang='lat' dir='ltr'>Melite</span> <span class='ocrx_word' id='word_1_205' title='bbox 3427 1790 3594 1856; x_wconf 70' lang='lat' dir='ltr'>atque</span> 
     </span>
    </p>
   </div>
   <div class='ocr_carea' id='block_1_17' title="bbox 197 1875 3599 1956">
    <p class='ocr_par' dir='ltr' id='par_1_17' title="bbox 197 1875 3599 1956">
     <span class='ocr_line' id='line_1_17' title="bbox 197 1875 3599 1956; baseline -0.001 -22"><span class='ocrx_word' id='word_1_206' title='bbox 197 1884 264 1934; x_wconf 88' lang='lat' dir='ltr'>ut</span> <span class='ocrx_word' id='word_1_207' title='bbox 299 1881 465 1934; x_wconf 87' lang='lat' dir='ltr'>refert</span> <span class='ocrx_word' id='word_1_208' title='bbox 498 1879 782 1935; x_wconf 89' lang='lat' dir='ltr'>Eusebius</span> <span class='ocrx_word' id='word_1_209' title='bbox 813 1881 927 1952; x_wconf 84' lang='grc'>(49)</span> <span class='ocrx_word' id='word_1_210' title='bbox 979 1899 1045 1937; x_wconf 87' lang='lat' dir='ltr'>ex</span> <span class='ocrx_word' id='word_1_211' title='bbox 1077 1881 1203 1954; x_wconf 88' lang='lat' dir='ltr'>ipso</span> <span class='ocrx_word' id='word_1_212' title='bbox 1232 1883 1521 1939; x_wconf 89' lang='lat' dir='ltr'>Melitonis</span> <span class='ocrx_word' id='word_1_213' title='bbox 1582 1901 1771 1956; x_wconf 91' lang='lat' dir='ltr'>opere,</span> <span class='ocrx_word' id='word_1_214' title='bbox 1803 1883 2040 1939; x_wconf 89' lang='lat' dir='ltr'>Servilio</span> <span class='ocrx_word' id='word_1_215' title='bbox 2087 1881 2261 1937; x_wconf 88' lang='lat' dir='ltr'>Paulo</span> <span class='ocrx_word' id='word_1_216' title='bbox 2318 1882 2468 1937; x_wconf 77' lang='lat' dir='ltr'>Asia:</span> <span class='ocrx_word' id='word_1_217' title='bbox 2503 1880 2864 1954; x_wconf 87' lang='lat' dir='ltr'>proconsule,</span> <span class='ocrx_word' id='word_1_218' title='bbox 2900 1896 3010 1950; x_wconf 85' lang='lat' dir='ltr'>quo</span> <span class='ocrx_word' id='word_1_219' title='bbox 3049 1883 3310 1950; x_wconf 88' lang='lat' dir='ltr'>tempore</span> <span class='ocrx_word' id='word_1_220' title='bbox 3367 1875 3599 1948; x_wconf 87' lang='lat' dir='ltr'>Sagaris</span> 
     </span>
    </p>
   </div>
   <div class='ocr_carea' id='block_1_18' title="bbox 196 1965 3604 2042">
    <p class='ocr_par' dir='ltr' id='par_1_18' title="bbox 196 1965 3604 2042">
     <span class='ocr_line' id='line_1_18' title="bbox 196 1965 3604 2042; baseline -0.001 -19"><span class='ocrx_word' id='word_1_221' title='bbox 196 1970 542 2041; x_wconf 74' lang='lat' dir='ltr'>martyrium</span> <span class='ocrx_word' id='word_1_222' title='bbox 570 1987 781 2042; x_wconf 84' lang='lat' dir='ltr'>passus</span> <span class='ocrx_word' id='word_1_223' title='bbox 813 1976 919 2036; x_wconf 78' lang='lat' dir='ltr'>est,</span> <span class='ocrx_word' id='word_1_224' title='bbox 955 1972 1265 2028; x_wconf 76' lang='lat' dir='ltr'>festinante</span> <span class='ocrx_word' id='word_1_225' title='bbox 1295 1973 1516 2030; x_wconf 81' lang='lat' dir='ltr'>calamo</span> <span class='ocrx_word' id='word_1_226' title='bbox 1543 1975 1690 2030; x_wconf 90' lang='lat' dir='ltr'>duos</span> <span class='ocrx_word' id='word_1_227' title='bbox 1721 1975 1792 2029; x_wconf 91' lang='lat' dir='ltr'>de</span> <span class='ocrx_word' id='word_1_228' title='bbox 1832 1973 2111 2030; x_wconf 87' lang='lat' dir='ltr'>Paschate</span> <span class='ocrx_word' id='word_1_229' title='bbox 2142 1974 2396 2029; x_wconf 77' lang='lat' dir='ltr'>exaravit</span> <span class='ocrx_word' id='word_1_230' title='bbox 2449 1973 2650 2040; x_wconf 88' lang='lat' dir='ltr'>libros,</span> <span class='ocrx_word' id='word_1_231' title='bbox 2683 1972 2741 2026; x_wconf 90' lang='lat' dir='ltr'>in</span> <span class='ocrx_word' id='word_1_232' title='bbox 2776 1971 2990 2042; x_wconf 88' lang='lat' dir='ltr'>quibus</span> <span class='ocrx_word' id='word_1_233' title='bbox 3027 1968 3245 2036; x_wconf 89' lang='lat' dir='ltr'>docuit,</span> <span class='ocrx_word' id='word_1_234' title='bbox 3278 1983 3446 2022; x_wconf 88' lang='lat' dir='ltr'>suam</span> <span class='ocrx_word' id='word_1_235' title='bbox 3482 1965 3604 2021; x_wconf 89' lang='lat' dir='ltr'>uni-</span> 
     </span>
    </p>
   </div>
   <div class='ocr_carea' id='block_1_19' title="bbox 195 2057 3600 2133">
    <p class='ocr_par' dir='ltr' id='par_1_19' title="bbox 195 2057 3600 2133">
     <span class='ocr_line' id='line_1_19' title="bbox 195 2057 3600 2133; baseline -0 -21"><span class='ocrx_word' id='word_1_236' title='bbox 195 2057 411 2129; x_wconf 88' lang='lat' dir='ltr'>cuique</span> <span class='ocrx_word' id='word_1_237' title='bbox 442 2058 710 2114; x_wconf 75' lang='lat' dir='ltr'>Ecclesim</span> <span class='ocrx_word' id='word_1_238' title='bbox 744 2061 1165 2117; x_wconf 81' lang='lat' dir='ltr'>observandam</span> <span class='ocrx_word' id='word_1_239' title='bbox 1200 2079 1326 2119; x_wconf 90' lang='lat' dir='ltr'>esse</span> <span class='ocrx_word' id='word_1_240' title='bbox 1357 2064 1868 2130; x_wconf 83' lang='lat' dir='ltr'>consuetudinem,</span> <span class='ocrx_word' id='word_1_241' title='bbox 1901 2080 2008 2119; x_wconf 92' lang='lat' dir='ltr'>nec</span> <span class='ocrx_word' id='word_1_242' title='bbox 2038 2063 2108 2118; x_wconf 87' lang='lat' dir='ltr'>ab</span> <span class='ocrx_word' id='word_1_243' title='bbox 2129 2079 2194 2120; x_wconf 94' lang='lat' dir='ltr'>eo</span> <span class='ocrx_word' id='word_1_244' title='bbox 2228 2063 2638 2130; x_wconf 79' lang='lat' dir='ltr'>recedendum,</span> <span class='ocrx_word' id='word_1_245' title='bbox 2673 2061 2831 2133; x_wconf 92' lang='lat' dir='ltr'>quod</span> <span class='ocrx_word' id='word_1_246' title='bbox 2867 2061 2980 2132; x_wconf 89' lang='lat' dir='ltr'>ipsi</span> <span class='ocrx_word' id='word_1_247' title='bbox 3011 2077 3045 2115; x_wconf 90' lang='lat' dir='ltr'>a</span> <span class='ocrx_word' id='word_1_248' title='bbox 3075 2062 3277 2114; x_wconf 90' lang='lat' dir='ltr'>sancto</span> <span class='ocrx_word' id='word_1_249' title='bbox 3305 2074 3410 2113; x_wconf 89' lang='lat' dir='ltr'>suo</span> <span class='ocrx_word' id='word_1_250' title='bbox 3446 2057 3600 2112; x_wconf 86' lang='lat' dir='ltr'>anti-</span> 
     </span>
    </p>
   </div>
   <div class='ocr_carea' id='block_1_20' title="bbox 196 2147 3596 2225">
    <p class='ocr_par' dir='ltr' id='par_1_20' title="bbox 196 2147 3596 2225">
     <span class='ocr_line' id='line_1_20' title="bbox 196 2147 3596 2225; baseline -0 -21"><span class='ocrx_word' id='word_1_251' title='bbox 196 2148 358 2216; x_wconf 88' lang='lat' dir='ltr'>stite,</span> <span class='ocrx_word' id='word_1_252' title='bbox 387 2165 542 2204; x_wconf 90' lang='lat' dir='ltr'>nunc</span> <span class='ocrx_word' id='word_1_253' title='bbox 574 2149 789 2221; x_wconf 84' lang='lat' dir='ltr'>glorise</span> <span class='ocrx_word' id='word_1_254' title='bbox 821 2156 1095 2223; x_wconf 86' lang='lat' dir='ltr'>martyre,</span> <span class='ocrx_word' id='word_1_255' title='bbox 1130 2153 1478 2224; x_wconf 83' lang='lat' dir='ltr'>acceperint,</span> <span class='ocrx_word' id='word_1_256' title='bbox 1512 2155 1910 2225; x_wconf 88' lang='lat' dir='ltr'>traditumque</span> <span class='ocrx_word' id='word_1_257' title='bbox 1933 2153 2261 2224; x_wconf 88' lang='lat' dir='ltr'>antiquitus</span> <span class='ocrx_word' id='word_1_258' title='bbox 2294 2169 2534 2220; x_wconf 88' lang='lat' dir='ltr'>morem,</span> <span class='ocrx_word' id='word_1_259' title='bbox 2570 2152 2788 2207; x_wconf 89' lang='lat' dir='ltr'>Pascha</span> <span class='ocrx_word' id='word_1_260' title='bbox 2809 2152 2902 2206; x_wconf 84' lang='lat' dir='ltr'>die</span> <span class='ocrx_word' id='word_1_261' title='bbox 2936 2149 3162 2204; x_wconf 89' lang='lat' dir='ltr'>decima</span> <span class='ocrx_word' id='word_1_262' title='bbox 3183 2153 3390 2220; x_wconf 89' lang='lat' dir='ltr'>quarta</span> <span class='ocrx_word' id='word_1_263' title='bbox 3407 2147 3596 2203; x_wconf 87' lang='lat' dir='ltr'>obser-</span> 
     </span>
    </p>
   </div>
   <div class='ocr_carea' id='block_1_21' title="bbox 190 2238 3594 2315">
    <p class='ocr_par' dir='ltr' id='par_1_21' title="bbox 190 2238 3594 2315">
     <span class='ocr_line' id='line_1_21' title="bbox 190 2238 3594 2315; baseline 0 -24"><span class='ocrx_word' id='word_1_264' title='bbox 190 2238 392 2305; x_wconf 86' lang='lat' dir='ltr'>vandi,</span> <span class='ocrx_word' id='word_1_265' title='bbox 427 2243 764 2294; x_wconf 88' lang='lat' dir='ltr'>constanter</span> <span class='ocrx_word' id='word_1_266' title='bbox 788 2255 916 2296; x_wconf 86' lang='lat' dir='ltr'>esse</span> <span class='ocrx_word' id='word_1_267' title='bbox 947 2241 1336 2296; x_wconf 89' lang='lat' dir='ltr'>retinendum.</span> <span class='ocrx_word' id='word_1_268' title='bbox 1371 2246 1487 2297; x_wconf 86' lang='lat' dir='ltr'>Hoc</span> <span class='ocrx_word' id='word_1_269' title='bbox 1511 2243 1664 2298; x_wconf 86' lang='lat' dir='ltr'>enim</span> <span class='ocrx_word' id='word_1_270' title='bbox 1697 2243 2017 2315; x_wconf 83' lang='lat' dir='ltr'>Polycratis</span> <span class='ocrx_word' id='word_1_271' title='bbox 2050 2242 2356 2314; x_wconf 79' lang='lat' dir='ltr'>profitetur</span> <span class='ocrx_word' id='word_1_272' title='bbox 2383 2241 2626 2312; x_wconf 82' lang='lat' dir='ltr'>Epistola</span> <span class='ocrx_word' id='word_1_273' title='bbox 2654 2241 2933 2313; x_wconf 83' lang='lat' dir='ltr'>Synodica</span> <span class='ocrx_word' id='word_1_274' title='bbox 2957 2240 3092 2314; x_wconf 79' lang='lat'>(50),</span> <span class='ocrx_word' id='word_1_275' title='bbox 3131 2240 3303 2310; x_wconf 89' lang='lat' dir='ltr'>cujus</span> <span class='ocrx_word' id='word_1_276' title='bbox 3333 2243 3594 2310; x_wconf 90' lang='lat' dir='ltr'>tempore</span> 
     </span>
    </p>
   </div>
   <div class='ocr_carea' id='block_1_22' title="bbox 189 2327 3589 2404">
    <p class='ocr_par' dir='ltr' id='par_1_22' title="bbox 189 2327 3589 2404">
     <span class='ocr_line' id='line_1_22' title="bbox 189 2327 3589 2404; baseline -0 -23"><span class='ocrx_word' id='word_1_277' title='bbox 189 2327 308 2382; x_wconf 89' lang='lat' dir='ltr'>sub</span> <span class='ocrx_word' id='word_1_278' title='bbox 328 2327 624 2383; x_wconf 88' lang='lat' dir='ltr'>Commodi</span> <span class='ocrx_word' id='word_1_279' title='bbox 651 2329 896 2400; x_wconf 90' lang='lat' dir='ltr'>imperio</span> <span class='ocrx_word' id='word_1_280' title='bbox 921 2335 978 2385; x_wconf 87' lang='lat' dir='ltr'>et</span> <span class='ocrx_word' id='word_1_281' title='bbox 1007 2330 1254 2386; x_wconf 89' lang='lat' dir='ltr'>Victoris</span> <span class='ocrx_word' id='word_1_282' title='bbox 1275 2332 1616 2403; x_wconf 85' lang='lat' dir='ltr'>pontificatu</span> <span class='ocrx_word' id='word_1_283' title='bbox 1642 2332 1811 2404; x_wconf 85' lang='lat' dir='ltr'>longe</span> <span class='ocrx_word' id='word_1_284' title='bbox 1845 2333 2095 2403; x_wconf 86' lang='lat' dir='ltr'>majores</span> <span class='ocrx_word' id='word_1_285' title='bbox 2117 2331 2188 2387; x_wconf 89' lang='lat' dir='ltr'>de</span> <span class='ocrx_word' id='word_1_286' title='bbox 2209 2331 2581 2388; x_wconf 88' lang='lat' dir='ltr'>solemnitate</span> <span class='ocrx_word' id='word_1_287' title='bbox 2604 2329 2861 2402; x_wconf 81' lang='lat' dir='ltr'>paschali</span> <span class='ocrx_word' id='word_1_288' title='bbox 2889 2337 3098 2385; x_wconf 75' lang='lat' dir='ltr'>exorta:</span> <span class='ocrx_word' id='word_1_289' title='bbox 3128 2331 3362 2384; x_wconf 87' lang='lat' dir='ltr'>fuerunt</span> <span class='ocrx_word' id='word_1_290' title='bbox 3389 2327 3589 2382; x_wconf 72' lang='lat' dir='ltr'>turbas.</span> 
     </span>
    </p>
   </div>
   <div class='ocr_carea' id='block_1_23' title="bbox 188 2417 3592 2490">
    <p class='ocr_par' dir='ltr' id='par_1_23' title="bbox 188 2417 3592 2490">
     <span class='ocr_line' id='line_1_23' title="bbox 188 2417 3592 2490; baseline -0.001 -17"><span class='ocrx_word' id='word_1_291' title='bbox 188 2417 444 2488; x_wconf 89' lang='lat' dir='ltr'>Scriptis</span> <span class='ocrx_word' id='word_1_292' title='bbox 485 2418 687 2490; x_wconf 85' lang='lat' dir='ltr'>itaque</span> <span class='ocrx_word' id='word_1_293' title='bbox 717 2421 842 2475; x_wconf 90' lang='lat' dir='ltr'>suis</span> <span class='ocrx_word' id='word_1_294' title='bbox 874 2421 944 2475; x_wconf 90' lang='lat' dir='ltr'>de</span> <span class='ocrx_word' id='word_1_295' title='bbox 977 2420 1260 2476; x_wconf 86' lang='lat' dir='ltr'>Paschate</span> <span class='ocrx_word' id='word_1_296' title='bbox 1291 2421 1455 2477; x_wconf 83' lang='lat' dir='ltr'>libris</span> <span class='ocrx_word' id='word_1_297' title='bbox 1504 2421 1700 2477; x_wconf 90' lang='lat' dir='ltr'>Melito</span> <span class='ocrx_word' id='word_1_298' title='bbox 1730 2438 1965 2478; x_wconf 90' lang='lat' dir='ltr'>omnem</span> <span class='ocrx_word' id='word_1_299' title='bbox 2002 2423 2454 2478; x_wconf 89' lang='lat' dir='ltr'>controversiam</span> <span class='ocrx_word' id='word_1_300' title='bbox 2487 2421 2742 2488; x_wconf 88' lang='lat' dir='ltr'>diremit,</span> <span class='ocrx_word' id='word_1_301' title='bbox 2776 2425 2833 2476; x_wconf 89' lang='lat' dir='ltr'>et</span> <span class='ocrx_word' id='word_1_302' title='bbox 2868 2419 3129 2476; x_wconf 70' lang='lat' dir='ltr'>Ecclesiae</span> <span class='ocrx_word' id='word_1_303' title='bbox 3162 2419 3443 2474; x_wconf 89' lang='lat' dir='ltr'>unitatem</span> <span class='ocrx_word' id='word_1_304' title='bbox 3494 2434 3592 2487; x_wconf 90' lang='lat' dir='ltr'>pa-</span> 
     </span>
    </p>
   </div>
   <div class='ocr_carea' id='block_1_24' title="bbox 187 2507 3595 2584">
    <p class='ocr_par' dir='ltr' id='par_1_24' title="bbox 187 2507 3595 2584">
     <span class='ocr_line' id='line_1_24' title="bbox 187 2507 3595 2584; baseline -0 -22"><span class='ocrx_word' id='word_1_305' title='bbox 187 2522 440 2577; x_wconf 89' lang='lat' dir='ltr'>cemque</span> <span class='ocrx_word' id='word_1_306' title='bbox 468 2507 736 2562; x_wconf 86' lang='lat' dir='ltr'>reddidit.</span> <span class='ocrx_word' id='word_1_307' title='bbox 771 2511 948 2564; x_wconf 82' lang='lat' dir='ltr'>Addit</span> <span class='ocrx_word' id='word_1_308' title='bbox 979 2511 1262 2566; x_wconf 88' lang='lat' dir='ltr'>Eusebius</span> <span class='ocrx_word' id='word_1_309' title='bbox 1293 2512 1445 2582; x_wconf 90' lang='lat' dir='ltr'>quod</span> <span class='ocrx_word' id='word_1_310' title='bbox 1483 2511 1662 2582; x_wconf 88' lang='lat' dir='ltr'>hujus</span> <span class='ocrx_word' id='word_1_311' title='bbox 1693 2511 1917 2584; x_wconf 88' lang='lat' dir='ltr'>scripti,</span> <span class='ocrx_word' id='word_1_312' title='bbox 1947 2529 1979 2567; x_wconf 89' lang='lat' dir='ltr'>a</span> <span class='ocrx_word' id='word_1_313' title='bbox 2027 2511 2298 2567; x_wconf 90' lang='lat' dir='ltr'>Melitone</span> <span class='ocrx_word' id='word_1_314' title='bbox 2329 2511 2492 2580; x_wconf 87' lang='lat' dir='ltr'>editi,</span> <span class='ocrx_word' id='word_1_315' title='bbox 2524 2511 2695 2567; x_wconf 84' lang='lat' dir='ltr'>etiam</span> <span class='ocrx_word' id='word_1_316' title='bbox 2732 2511 2998 2567; x_wconf 86' lang='lat' dir='ltr'>Clemens</span> <span class='ocrx_word' id='word_1_317' title='bbox 3025 2509 3452 2566; x_wconf 84' lang='lat' dir='ltr'>Alexandrinus</span> <span class='ocrx_word' id='word_1_318' title='bbox 3485 2509 3595 2579; x_wconf 85' lang='grc'>(51)</span> 
     </span>
    </p>
   </div>
   <div class='ocr_carea' id='block_1_25' title="bbox 191 2599 3604 2674">
    <p class='ocr_par' dir='ltr' id='par_1_25' title="bbox 191 2599 3604 2674">
     <span class='ocr_line' id='line_1_25' title="bbox 191 2599 3604 2674; baseline 0 -22"><span class='ocrx_word' id='word_1_319' title='bbox 191 2601 553 2654; x_wconf 87' lang='lat' dir='ltr'>mentionem</span> <span class='ocrx_word' id='word_1_320' title='bbox 589 2600 778 2667; x_wconf 87' lang='lat' dir='ltr'>faciat,</span> <span class='ocrx_word' id='word_1_321' title='bbox 814 2602 869 2654; x_wconf 89' lang='lat' dir='ltr'>et</span> <span class='ocrx_word' id='word_1_322' title='bbox 913 2601 1068 2670; x_wconf 92' lang='lat' dir='ltr'>quod</span> <span class='ocrx_word' id='word_1_323' title='bbox 1103 2599 1209 2654; x_wconf 91' lang='lat' dir='ltr'>hoc</span> <span class='ocrx_word' id='word_1_324' title='bbox 1257 2601 1451 2672; x_wconf 91' lang='lat' dir='ltr'>ipsum</span> <span class='ocrx_word' id='word_1_325' title='bbox 1504 2601 1793 2657; x_wconf 83' lang='lat' dir='ltr'>Melitonis</span> <span class='ocrx_word' id='word_1_326' title='bbox 1833 2601 2117 2674; x_wconf 87' lang='lat' dir='ltr'>scriptum</span> <span class='ocrx_word' id='word_1_327' title='bbox 2149 2603 2427 2659; x_wconf 87' lang='lat' dir='ltr'>Clementi</span> <span class='ocrx_word' id='word_1_328' title='bbox 2483 2601 2643 2657; x_wconf 83' lang='lat' dir='ltr'>Alex.</span> <span class='ocrx_word' id='word_1_329' title='bbox 2675 2601 3042 2657; x_wconf 87' lang='lat' dir='ltr'>occasionem</span> <span class='ocrx_word' id='word_1_330' title='bbox 3077 2600 3417 2673; x_wconf 63' lang='lat' dir='ltr'>praebuerit,</span> <span class='ocrx_word' id='word_1_331' title='bbox 3451 2603 3516 2654; x_wconf 88' lang='lat' dir='ltr'>ut</span> <span class='ocrx_word' id='word_1_332' title='bbox 3546 2603 3604 2653; x_wconf 88' lang='lat' dir='ltr'>et</span> 
     </span>
    </p>
   </div>
   <div class='ocr_carea' id='block_1_26' title="bbox 193 2688 2630 2759">
    <p class='ocr_par' dir='ltr' id='par_1_26' title="bbox 193 2688 2630 2759">
     <span class='ocr_line' id='line_1_26' title="bbox 193 2688 2630 2759; baseline 0.003 -18"><span class='ocrx_word' id='word_1_333' title='bbox 193 2688 328 2759; x_wconf 86' lang='lat' dir='ltr'>ipse</span> <span class='ocrx_word' id='word_1_334' title='bbox 354 2688 564 2744; x_wconf 90' lang='lat' dir='ltr'>librum</span> <span class='ocrx_word' id='word_1_335' title='bbox 601 2695 678 2746; x_wconf 83' lang='lat' dir='ltr'>De</span> <span class='ocrx_word' id='word_1_336' title='bbox 717 2689 978 2744; x_wconf 82' lang='lat' dir='ltr'>Paschate</span> <span class='ocrx_word' id='word_1_337' title='bbox 1001 2691 1213 2759; x_wconf 89' lang='lat' dir='ltr'>ederet,</span> <span class='ocrx_word' id='word_1_338' title='bbox 1248 2691 1347 2746; x_wconf 91' lang='lat' dir='ltr'>sed</span> <span class='ocrx_word' id='word_1_339' title='bbox 1382 2695 1654 2746; x_wconf 89' lang='lat' dir='ltr'>neutrum</span> <span class='ocrx_word' id='word_1_340' title='bbox 1685 2691 1894 2748; x_wconf 90' lang='lat' dir='ltr'>horum</span> <span class='ocrx_word' id='word_1_341' title='bbox 1929 2697 2158 2748; x_wconf 77' lang='lat' dir='ltr'>aetatem</span> <span class='ocrx_word' id='word_1_342' title='bbox 2191 2698 2454 2749; x_wconf 90' lang='lat' dir='ltr'>nostram</span> <span class='ocrx_word' id='word_1_343' title='bbox 2478 2691 2630 2748; x_wconf 89' lang='lat' dir='ltr'>tulit.</span> 
     </span>
    </p>
   </div>
   <div class='ocr_carea' id='block_1_27' title="bbox 1122 2863 2557 2936">
    <p class='ocr_par' dir='ltr' id='par_1_27' title="bbox 1122 2863 2557 2936">
     <span class='ocr_line' id='line_1_27' title="bbox 1122 2863 2557 2936; baseline 0 -18"><span class='ocrx_word' id='word_1_344' title='bbox 1122 2866 1148 2931; x_wconf 67' lang='grc' dir='ltr'>ξ</span> <span class='ocrx_word' id='word_1_345' title='bbox 1178 2863 1354 2920; x_wconf 83' lang='lat' dir='ltr'><strong>XVII.</strong></span> <span class='ocrx_word' id='word_1_346' title='bbox 1389 2863 1461 2919; x_wconf 79' lang='lat' dir='ltr'>De</span> <span class='ocrx_word' id='word_1_347' title='bbox 1489 2863 1758 2919; x_wconf 79' lang='lat' dir='ltr'>Melitonis</span> <span class='ocrx_word' id='word_1_348' title='bbox 1785 2865 2047 2936; x_wconf 83' lang='lat' dir='ltr'>Apologia</span> <span class='ocrx_word' id='word_1_349' title='bbox 2075 2880 2176 2934; x_wconf 82' lang='lat' dir='ltr'>pro</span> <span class='ocrx_word' id='word_1_350' title='bbox 2208 2863 2557 2919; x_wconf 75' lang='lat' dir='ltr'>Christianis.</span> 
     </span>
    </p>
   </div>
   <div class='ocr_carea' id='block_1_28' title="bbox 269 3033 3590 3108">
    <p class='ocr_par' dir='ltr' id='par_1_28' title="bbox 269 3033 3590 3108">
     <span class='ocr_line' id='line_1_28' title="bbox 269 3033 3590 3108; baseline -0.001 -18"><span class='ocrx_word' id='word_1_351' title='bbox 269 3037 434 3091; x_wconf 90' lang='lat' dir='ltr'>Nunc</span> <span class='ocrx_word' id='word_1_352' title='bbox 464 3036 534 3091; x_wconf 92' lang='lat' dir='ltr'>de</span> <span class='ocrx_word' id='word_1_353' title='bbox 559 3036 684 3102; x_wconf 88' lang='lat' dir='ltr'>ejus</span> <span class='ocrx_word' id='word_1_354' title='bbox 707 3034 766 3088; x_wconf 91' lang='lat' dir='ltr'>in</span> <span class='ocrx_word' id='word_1_355' title='bbox 799 3035 1060 3090; x_wconf 87' lang='lat' dir='ltr'>sedanda</span> <span class='ocrx_word' id='word_1_356' title='bbox 1089 3033 1553 3092; x_wconf 88' lang='lat' dir='ltr'>Christianorum</span> <span class='ocrx_word' id='word_1_357' title='bbox 1577 3036 1888 3108; x_wconf 84' lang='lat' dir='ltr'>peracerba</span> <span class='ocrx_word' id='word_1_358' title='bbox 1917 3036 2218 3092; x_wconf 82' lang='lat' dir='ltr'>vexatione</span> <span class='ocrx_word' id='word_1_359' title='bbox 2249 3036 2405 3092; x_wconf 82' lang='lat' dir='ltr'>haud</span> <span class='ocrx_word' id='word_1_360' title='bbox 2437 3033 2748 3090; x_wconf 84' lang='lat' dir='ltr'>infeliciter</span> <span class='ocrx_word' id='word_1_361' title='bbox 2774 3034 3034 3090; x_wconf 89' lang='lat' dir='ltr'>adhibita</span> <span class='ocrx_word' id='word_1_362' title='bbox 3064 3033 3355 3090; x_wconf 84' lang='lat' dir='ltr'>industria</span> <span class='ocrx_word' id='word_1_363' title='bbox 3386 3033 3590 3106; x_wconf 89' lang='lat' dir='ltr'>paucis</span> 
     </span>
    </p>
   </div>
   <div class='ocr_carea' id='block_1_29' title="bbox 197 3125 3594 3200">
    <p class='ocr_par' dir='ltr' id='par_1_29' title="bbox 197 3125 3594 3200">
     <span class='ocr_line' id='line_1_29' title="bbox 197 3125 3594 3200; baseline -0.001 -17"><span class='ocrx_word' id='word_1_364' title='bbox 197 3127 517 3183; x_wconf 89' lang='lat' dir='ltr'>dicendum</span> <span class='ocrx_word' id='word_1_365' title='bbox 551 3126 741 3182; x_wconf 91' lang='lat' dir='ltr'>adhuc</span> <span class='ocrx_word' id='word_1_366' title='bbox 765 3131 964 3182; x_wconf 89' lang='lat' dir='ltr'>restat.</span> <span class='ocrx_word' id='word_1_367' title='bbox 987 3128 1190 3197; x_wconf 90' lang='lat' dir='ltr'>Itaque</span> <span class='ocrx_word' id='word_1_368' title='bbox 1225 3143 1337 3183; x_wconf 90' lang='lat' dir='ltr'>non</span> <span class='ocrx_word' id='word_1_369' title='bbox 1371 3128 1542 3184; x_wconf 89' lang='lat' dir='ltr'>modo</span> <span class='ocrx_word' id='word_1_370' title='bbox 1575 3127 1632 3184; x_wconf 92' lang='lat' dir='ltr'>in</span> <span class='ocrx_word' id='word_1_371' title='bbox 1666 3144 1807 3200; x_wconf 88' lang='lat' dir='ltr'>pace</span> <span class='ocrx_word' id='word_1_372' title='bbox 1835 3132 1891 3184; x_wconf 89' lang='lat' dir='ltr'>et</span> <span class='ocrx_word' id='word_1_373' title='bbox 1913 3127 2227 3200; x_wconf 88' lang='lat' dir='ltr'>tranquillo</span> <span class='ocrx_word' id='word_1_374' title='bbox 2248 3127 2516 3183; x_wconf 78' lang='lat' dir='ltr'>Ecclesiae</span> <span class='ocrx_word' id='word_1_375' title='bbox 2542 3131 2694 3183; x_wconf 89' lang='lat' dir='ltr'>statu</span> <span class='ocrx_word' id='word_1_376' title='bbox 2719 3125 2893 3181; x_wconf 84' lang='lat' dir='ltr'>ﬁdem</span> <span class='ocrx_word' id='word_1_377' title='bbox 2922 3125 3156 3180; x_wconf 84' lang='lat' dir='ltr'>ﬁrmare</span> <span class='ocrx_word' id='word_1_378' title='bbox 3177 3133 3230 3180; x_wconf 93' lang='lat' dir='ltr'>et</span> <span class='ocrx_word' id='word_1_379' title='bbox 3258 3139 3594 3197; x_wconf 84' lang='lat' dir='ltr'>promovere</span> 
     </span>
    </p>
   </div>
   <div class='ocr_carea' id='block_1_30' title="bbox 190 3215 3594 3290">
    <p class='ocr_par' dir='ltr' id='par_1_30' title="bbox 190 3215 3594 3290">
     <span class='ocr_line' id='line_1_30' title="bbox 190 3215 3594 3290; baseline -0.001 -17"><span class='ocrx_word' id='word_1_380' title='bbox 190 3217 428 3274; x_wconf 80' lang='lat' dir='ltr'>studuit</span> <span class='ocrx_word' id='word_1_381' title='bbox 458 3221 675 3283; x_wconf 88' lang='lat' dir='ltr'>noster,</span> <span class='ocrx_word' id='word_1_382' title='bbox 708 3216 806 3271; x_wconf 89' lang='lat' dir='ltr'>sed</span> <span class='ocrx_word' id='word_1_383' title='bbox 840 3221 896 3272; x_wconf 91' lang='lat' dir='ltr'>et</span> <span class='ocrx_word' id='word_1_384' title='bbox 941 3216 998 3271; x_wconf 91' lang='lat' dir='ltr'>in</span> <span class='ocrx_word' id='word_1_385' title='bbox 1031 3217 1182 3272; x_wconf 91' lang='lat' dir='ltr'>bello</span> <span class='ocrx_word' id='word_1_386' title='bbox 1214 3223 1273 3271; x_wconf 89' lang='lat' dir='ltr'>et</span> <span class='ocrx_word' id='word_1_387' title='bbox 1327 3218 1750 3288; x_wconf 82' lang='lat' dir='ltr'>persecutionis</span> <span class='ocrx_word' id='word_1_388' title='bbox 1783 3235 1909 3274; x_wconf 79' lang='lat' dir='ltr'>cum</span> <span class='ocrx_word' id='word_1_389' title='bbox 1943 3218 2070 3289; x_wconf 89' lang='lat' dir='ltr'>ipso</span> <span class='ocrx_word' id='word_1_390' title='bbox 2124 3219 2250 3274; x_wconf 63' lang='lat' dir='ltr'>vitae</span> <span class='ocrx_word' id='word_1_391' title='bbox 2281 3235 2399 3273; x_wconf 72' lang='lat' dir='ltr'>suae</span> <span class='ocrx_word' id='word_1_392' title='bbox 2431 3217 2691 3290; x_wconf 90' lang='lat' dir='ltr'>periculo</span> <span class='ocrx_word' id='word_1_393' title='bbox 2741 3217 2811 3271; x_wconf 91' lang='lat' dir='ltr'>de</span> <span class='ocrx_word' id='word_1_394' title='bbox 2866 3221 3014 3272; x_wconf 69' lang='lat' dir='ltr'>coetu</span> <span class='ocrx_word' id='word_1_395' title='bbox 3049 3215 3150 3271; x_wconf 90' lang='lat' dir='ltr'>Dei</span> <span class='ocrx_word' id='word_1_396' title='bbox 3180 3217 3323 3271; x_wconf 89' lang='lat' dir='ltr'>bene</span> <span class='ocrx_word' id='word_1_397' title='bbox 3373 3229 3594 3270; x_wconf 90' lang='lat' dir='ltr'>merere</span> 
     </span>
    </p>
   </div>
   <div class='ocr_carea' id='block_1_31' title="bbox 187 3305 3596 3380">
    <p class='ocr_par' dir='ltr' id='par_1_31' title="bbox 187 3305 3596 3380">
     <span class='ocr_line' id='line_1_31' title="bbox 187 3305 3596 3380; baseline -0.001 -16"><span class='ocrx_word' id='word_1_398' title='bbox 187 3324 311 3364; x_wconf 87' lang='lat' dir='ltr'>non</span> <span class='ocrx_word' id='word_1_399' title='bbox 337 3306 526 3363; x_wconf 86' lang='lat' dir='ltr'>desiit.</span> <span class='ocrx_word' id='word_1_400' title='bbox 561 3306 702 3361; x_wconf 86' lang='lat' dir='ltr'>Nam</span> <span class='ocrx_word' id='word_1_401' title='bbox 740 3321 874 3362; x_wconf 92' lang='lat' dir='ltr'>cum</span> <span class='ocrx_word' id='word_1_402' title='bbox 906 3307 1134 3362; x_wconf 85' lang='lat' dir='ltr'>duobus</span> <span class='ocrx_word' id='word_1_403' title='bbox 1162 3307 1444 3379; x_wconf 86' lang='lat' dir='ltr'>Augustis</span> <span class='ocrx_word' id='word_1_404' title='bbox 1481 3309 1757 3365; x_wconf 80' lang='lat' dir='ltr'>fratribus</span> <span class='ocrx_word' id='word_1_405' title='bbox 1779 3313 1850 3363; x_wconf 86' lang='grc' dir='ltr'><strong>Μ.</strong></span> <span class='ocrx_word' id='word_1_406' title='bbox 1884 3309 2114 3365; x_wconf 89' lang='lat' dir='ltr'>Aurelio</span> <span class='ocrx_word' id='word_1_407' title='bbox 2135 3309 2424 3365; x_wconf 87' lang='lat' dir='ltr'>Antonino</span> <span class='ocrx_word' id='word_1_408' title='bbox 2450 3313 2506 3365; x_wconf 90' lang='lat' dir='ltr'>et</span> <span class='ocrx_word' id='word_1_409' title='bbox 2531 3307 2706 3364; x_wconf 87' lang='lat' dir='ltr'>Lucio</span> <span class='ocrx_word' id='word_1_410' title='bbox 2727 3308 2875 3364; x_wconf 91' lang='lat' dir='ltr'>Vero</span> <span class='ocrx_word' id='word_1_411' title='bbox 2899 3308 3324 3380; x_wconf 88' lang='lat' dir='ltr'>imperantibus</span> <span class='ocrx_word' id='word_1_412' title='bbox 3351 3311 3511 3362; x_wconf 80' lang='lat' dir='ltr'>atrox</span> <span class='ocrx_word' id='word_1_413' title='bbox 3536 3305 3596 3360; x_wconf 90' lang='lat' dir='ltr'>in</span> 
     </span>
    </p>
   </div>
   <div class='ocr_carea' id='block_1_32' title="bbox 181 3397 3592 3471">
    <p class='ocr_par' dir='ltr' id='par_1_32' title="bbox 181 3397 3592 3471">
     <span class='ocr_line' id='line_1_32' title="bbox 181 3397 3592 3471; baseline -0.002 -16"><span class='ocrx_word' id='word_1_414' title='bbox 181 3399 477 3455; x_wconf 84' lang='lat' dir='ltr'>Asiaticas</span> <span class='ocrx_word' id='word_1_415' title='bbox 508 3397 797 3453; x_wconf 89' lang='lat' dir='ltr'>Ecclesias</span> <span class='ocrx_word' id='word_1_416' title='bbox 827 3397 1189 3454; x_wconf 88' lang='lat' dir='ltr'>incubuisset</span> <span class='ocrx_word' id='word_1_417' title='bbox 1220 3401 1680 3471; x_wconf 53' lang='lat' dir='ltr'>tempestasﬁz),</span> <span class='ocrx_word' id='word_1_418' title='bbox 1707 3402 1922 3456; x_wconf 87' lang='lat' dir='ltr'>inertes</span> <span class='ocrx_word' id='word_1_419' title='bbox 1946 3399 2203 3456; x_wconf 88' lang='lat' dir='ltr'>latebras</span> <span class='ocrx_word' id='word_1_420' title='bbox 2237 3407 2434 3456; x_wconf 79' lang='lat' dir='ltr'>noster</span> <span class='ocrx_word' id='word_1_421' title='bbox 2463 3400 2702 3455; x_wconf 89' lang='lat' dir='ltr'>minime</span> <span class='ocrx_word' id='word_1_422' title='bbox 2730 3398 2990 3471; x_wconf 64' lang='lat' dir='ltr'>quaesivit</span> <span class='ocrx_word' id='word_1_423' title='bbox 3018 3443 3024 3460; x_wconf 87' lang='lat'>.</span> <span class='ocrx_word' id='word_1_424' title='bbox 3051 3398 3150 3452; x_wconf 84' lang='lat' dir='ltr'>sed</span> <span class='ocrx_word' id='word_1_425' title='bbox 3197 3397 3350 3451; x_wconf 82' lang='lat' dir='ltr'>haud</span> <span class='ocrx_word' id='word_1_426' title='bbox 3375 3398 3592 3450; x_wconf 80' lang='lat' dir='ltr'>fractus</span> 
     </span>
    </p>
   </div>
   <div class='ocr_carea' id='block_1_33' title="bbox 189 3486 3593 3563">
    <p class='ocr_par' dir='ltr' id='par_1_33' title="bbox 189 3486 3593 3563">
     <span class='ocr_line' id='line_1_33' title="bbox 189 3486 3593 3563; baseline -0.002 -18"><span class='ocrx_word' id='word_1_427' title='bbox 189 3489 392 3545; x_wconf 72' lang='lat' dir='ltr'>animo</span> <span class='ocrx_word' id='word_1_428' title='bbox 420 3494 647 3558; x_wconf 82' lang='lat' dir='ltr'>Deoque</span> <span class='ocrx_word' id='word_1_429' title='bbox 678 3489 956 3554; x_wconf 83' lang='lat' dir='ltr'>confisus,</span> <span class='ocrx_word' id='word_1_430' title='bbox 991 3490 1060 3544; x_wconf 89' lang='lat' dir='ltr'>ad</span> <span class='ocrx_word' id='word_1_431' title='bbox 1095 3488 1322 3544; x_wconf 88' lang='lat' dir='ltr'>clavum</span> <span class='ocrx_word' id='word_1_432' title='bbox 1353 3491 1614 3545; x_wconf 70' lang='lat' dir='ltr'>Ecclesiae</span> <span class='ocrx_word' id='word_1_433' title='bbox 1635 3492 1816 3558; x_wconf 87' lang='lat' dir='ltr'>stetit,</span> <span class='ocrx_word' id='word_1_434' title='bbox 1849 3496 1908 3547; x_wconf 89' lang='lat' dir='ltr'>et</span> <span class='ocrx_word' id='word_1_435' title='bbox 1937 3497 2140 3546; x_wconf 88' lang='lat' dir='ltr'>contra</span> <span class='ocrx_word' id='word_1_436' title='bbox 2170 3493 2506 3563; x_wconf 90' lang='lat' dir='ltr'>iniquorum</span> <span class='ocrx_word' id='word_1_437' title='bbox 2543 3493 3011 3563; x_wconf 84' lang='lat' dir='ltr'>magistratuum,</span> <span class='ocrx_word' id='word_1_438' title='bbox 3047 3505 3145 3543; x_wconf 89' lang='lat' dir='ltr'>seu</span> <span class='ocrx_word' id='word_1_439' title='bbox 3177 3486 3593 3558; x_wconf 87' lang='lat' dir='ltr'>proconsulum</span> 
     </span>
    </p>
   </div>
   <div class='ocr_carea' id='block_1_34' title="bbox 192 3575 3592 3650">
    <p class='ocr_par' dir='ltr' id='par_1_34' title="bbox 192 3575 3592 3650">
     <span class='ocr_line' id='line_1_34' title="bbox 192 3575 3592 3650; baseline -0.001 -18"><span class='ocrx_word' id='word_1_440' title='bbox 192 3594 302 3632; x_wconf 84' lang='lat' dir='ltr'>seu</span> <span class='ocrx_word' id='word_1_441' title='bbox 340 3579 764 3648; x_wconf 65' lang='lat' dir='ltr'>praefectorum,</span> <span class='ocrx_word' id='word_1_442' title='bbox 798 3578 896 3646; x_wconf 91' lang='lat' dir='ltr'>qui</span> <span class='ocrx_word' id='word_1_443' title='bbox 941 3577 1090 3631; x_wconf 83' lang='lat' dir='ltr'>hanc</span> <span class='ocrx_word' id='word_1_444' title='bbox 1132 3584 1539 3650; x_wconf 81' lang='lat' dir='ltr'>tempestatem</span> <span class='ocrx_word' id='word_1_445' title='bbox 1593 3580 1983 3636; x_wconf 78' lang='lat' dir='ltr'>excitaverant</span> <span class='ocrx_word' id='word_1_446' title='bbox 2027 3581 2297 3640; x_wconf 80' lang='lat' dir='ltr'>maxime.</span> <span class='ocrx_word' id='word_1_447' title='bbox 2343 3582 2580 3636; x_wconf 89' lang='lat' dir='ltr'>insanos</span> <span class='ocrx_word' id='word_1_448' title='bbox 2629 3580 2890 3634; x_wconf 88' lang='lat' dir='ltr'>insultns</span> <span class='ocrx_word' id='word_1_449' title='bbox 2941 3579 3166 3634; x_wconf 84' lang='lat' dir='ltr'>fortiter</span> <span class='ocrx_word' id='word_1_450' title='bbox 3214 3575 3592 3647; x_wconf 69' lang='lat' dir='ltr'>depugnavit.</span> 
     </span>
    </p>
   </div>
   <div class='ocr_carea' id='block_1_35' title="bbox 193 3665 3595 3742">
    <p class='ocr_par' dir='ltr' id='par_1_35' title="bbox 193 3665 3595 3742">
     <span class='ocr_line' id='line_1_35' title="bbox 193 3665 3595 3742; baseline -0.001 -22"><span class='ocrx_word' id='word_1_451' title='bbox 193 3666 695 3733; x_wconf 86' lang='lat' dir='ltr'>Quemadmodum</span> <span class='ocrx_word' id='word_1_452' title='bbox 728 3665 910 3736; x_wconf 88' lang='lat' dir='ltr'>igitur</span> <span class='ocrx_word' id='word_1_453' title='bbox 942 3667 1092 3722; x_wconf 87' lang='lat' dir='ltr'>inter</span> <span class='ocrx_word' id='word_1_454' title='bbox 1145 3668 1400 3723; x_wconf 87' lang='lat' dir='ltr'>lurentes</span> <span class='ocrx_word' id='word_1_455' title='bbox 1436 3670 1624 3725; x_wconf 90' lang='lat' dir='ltr'>undas</span> <span class='ocrx_word' id='word_1_456' title='bbox 1666 3674 1722 3724; x_wconf 92' lang='lat' dir='ltr'>et</span> <span class='ocrx_word' id='word_1_457' title='bbox 1752 3669 1966 3725; x_wconf 90' lang='lat' dir='ltr'>ﬂuctus</span> <span class='ocrx_word' id='word_1_458' title='bbox 2017 3672 2197 3726; x_wconf 83' lang='lat' dir='ltr'>maris</span> <span class='ocrx_word' id='word_1_459' title='bbox 2231 3671 2366 3726; x_wconf 91' lang='lat' dir='ltr'>boni</span> <span class='ocrx_word' id='word_1_460' title='bbox 2415 3671 2823 3742; x_wconf 76' lang='lat' dir='ltr'>gubernatoris</span> <span class='ocrx_word' id='word_1_461' title='bbox 2873 3685 2966 3723; x_wconf 88' lang='lat' dir='ltr'>ars</span> <span class='ocrx_word' id='word_1_462' title='bbox 2999 3685 3060 3723; x_wconf 91' lang='lat' dir='ltr'>se</span> <span class='ocrx_word' id='word_1_463' title='bbox 3107 3667 3334 3738; x_wconf 83' lang='lat' dir='ltr'>prodit:</span> <span class='ocrx_word' id='word_1_464' title='bbox 3371 3666 3447 3719; x_wconf 87' lang='lat' dir='ltr'>ita</span> <span class='ocrx_word' id='word_1_465' title='bbox 3483 3680 3595 3718; x_wconf 92' lang='lat' dir='ltr'>non</span> 
     </span>
    </p>
   </div>
   <div class='ocr_carea' id='block_1_36' title="bbox 191 3755 3598 3830">
    <p class='ocr_par' dir='ltr' id='par_1_36' title="bbox 191 3755 3598 3830">
     <span class='ocr_line' id='line_1_36' title="bbox 191 3755 3598 3830; baseline -0.001 -19"><span class='ocrx_word' id='word_1_466' title='bbox 191 3755 343 3812; x_wconf 82' lang='lat' dir='ltr'>alias</span> <span class='ocrx_word' id='word_1_467' title='bbox 380 3755 566 3827; x_wconf 82' lang='lat' dir='ltr'>magis</span> <span class='ocrx_word' id='word_1_468' title='bbox 597 3755 752 3809; x_wconf 87' lang='lat' dir='ltr'>beati</span> <span class='ocrx_word' id='word_1_469' title='bbox 779 3755 1067 3812; x_wconf 83' lang='lat' dir='ltr'>Melitonis</span> <span class='ocrx_word' id='word_1_470' title='bbox 1091 3757 1294 3829; x_wconf 76' lang='lat' dir='ltr'>virtus,</span> <span class='ocrx_word' id='word_1_471' title='bbox 1329 3775 1504 3830; x_wconf 89' lang='lat' dir='ltr'>quam</span> <span class='ocrx_word' id='word_1_472' title='bbox 1528 3758 1586 3813; x_wconf 91' lang='lat' dir='ltr'>in</span> <span class='ocrx_word' id='word_1_473' title='bbox 1622 3759 1830 3814; x_wconf 88' lang='lat' dir='ltr'>mediis</span> <span class='ocrx_word' id='word_1_474' title='bbox 1867 3761 2334 3828; x_wconf 87' lang='lat' dir='ltr'>persecutionum</span> <span class='ocrx_word' id='word_1_475' title='bbox 2362 3760 2718 3826; x_wconf 88' lang='lat' dir='ltr'>turbinibus,</span> <span class='ocrx_word' id='word_1_476' title='bbox 2751 3758 3006 3814; x_wconf 84' lang='lat' dir='ltr'>emicuit.</span> <span class='ocrx_word' id='word_1_477' title='bbox 3037 3763 3220 3811; x_wconf 65' lang='lat' dir='ltr'>Doctae</span> <span class='ocrx_word' id='word_1_478' title='bbox 3242 3755 3397 3810; x_wconf 89' lang='lat' dir='ltr'>enim</span> <span class='ocrx_word' id='word_1_479' title='bbox 3424 3761 3598 3824; x_wconf 88' lang='lat' dir='ltr'>atque</span> 
     </span>
    </p>
   </div>
   <div class='ocr_carea' id='block_1_37' title="bbox 189 3845 3592 3920">
    <p class='ocr_par' dir='ltr' id='par_1_37' title="bbox 189 3845 3592 3920">
     <span class='ocr_line' id='line_1_37' title="bbox 189 3845 3592 3920; baseline -0.002 -16"><span class='ocrx_word' id='word_1_480' title='bbox 189 3845 480 3917; x_wconf 87' lang='lat' dir='ltr'>elegantis</span> <span class='ocrx_word' id='word_1_481' title='bbox 506 3846 785 3901; x_wconf 88' lang='lat' dir='ltr'>orationis</span> <span class='ocrx_word' id='word_1_482' title='bbox 815 3863 933 3900; x_wconf 70' lang='lat' dir='ltr'>sum</span> <span class='ocrx_word' id='word_1_483' title='bbox 967 3847 1254 3918; x_wconf 58' lang='lat' dir='ltr'>praesidio,</span> <span class='ocrx_word' id='word_1_484' title='bbox 1287 3849 1439 3904; x_wconf 88' lang='lat' dir='ltr'>viam</span> <span class='ocrx_word' id='word_1_485' title='bbox 1487 3848 1599 3904; x_wconf 89' lang='lat' dir='ltr'>sibi</span> <span class='ocrx_word' id='word_1_486' title='bbox 1652 3849 1722 3904; x_wconf 88' lang='lat' dir='ltr'>ad</span> <span class='ocrx_word' id='word_1_487' title='bbox 1774 3849 2146 3920; x_wconf 87' lang='lat' dir='ltr'>imperatoris</span> <span class='ocrx_word' id='word_1_488' title='bbox 2181 3850 2253 3904; x_wconf 85' lang='grc' dir='ltr'><strong>Μ.</strong></span> <span class='ocrx_word' id='word_1_489' title='bbox 2289 3849 2502 3904; x_wconf 89' lang='lat' dir='ltr'>Aurelii</span> <span class='ocrx_word' id='word_1_490' title='bbox 2534 3849 2812 3903; x_wconf 87' lang='lat' dir='ltr'>Antonini</span> <span class='ocrx_word' id='word_1_491' title='bbox 2863 3864 3033 3902; x_wconf 87' lang='lat' dir='ltr'>aures</span> <span class='ocrx_word' id='word_1_492' title='bbox 3087 3847 3241 3914; x_wconf 84' lang='lat' dir='ltr'>fecit,</span> <span class='ocrx_word' id='word_1_493' title='bbox 3277 3862 3442 3899; x_wconf 59' lang='lat' dir='ltr'>suam</span> <span class='ocrx_word' id='word_1_494' title='bbox 3479 3845 3592 3896; x_wconf 84' lang='lat' dir='ltr'>fra-</span> 
     </span>
    </p>
   </div>
   <div class='ocr_carea' id='block_1_38' title="bbox 187 3931 3596 4009">
    <p class='ocr_par' dir='ltr' id='par_1_38' title="bbox 187 3931 3596 4009">
     <span class='ocr_line' id='line_1_38' title="bbox 187 3931 3596 4009; baseline -0.001 -19"><span class='ocrx_word' id='word_1_495' title='bbox 187 3941 473 4006; x_wconf 86' lang='lat' dir='ltr'>trumque</span> <span class='ocrx_word' id='word_1_496' title='bbox 501 3951 744 3990; x_wconf 86' lang='lat' dir='ltr'>suorum</span> <span class='ocrx_word' id='word_1_497' title='bbox 778 3951 1015 3990; x_wconf 88' lang='lat' dir='ltr'>causam</span> <span class='ocrx_word' id='word_1_498' title='bbox 1051 3937 1203 4006; x_wconf 88' lang='lat' dir='ltr'>apud</span> <span class='ocrx_word' id='word_1_499' title='bbox 1255 3953 1390 3992; x_wconf 90' lang='lat' dir='ltr'>eum</span> <span class='ocrx_word' id='word_1_500' title='bbox 1451 3938 1591 4009; x_wconf 83' lang='lat' dir='ltr'>egit,</span> <span class='ocrx_word' id='word_1_501' title='bbox 1625 3943 1682 3992; x_wconf 85' lang='lat' dir='ltr'>et</span> <span class='ocrx_word' id='word_1_502' title='bbox 1729 3939 2048 4006; x_wconf 85' lang='lat' dir='ltr'>Apologiam</span> <span class='ocrx_word' id='word_1_503' title='bbox 2082 3937 2294 3993; x_wconf 87' lang='lat' dir='ltr'>obtulit</span> <span class='ocrx_word' id='word_1_504' title='bbox 2324 3939 2556 4006; x_wconf 66' lang='lat'>(53-55),</span> <span class='ocrx_word' id='word_1_505' title='bbox 2592 3954 2709 4008; x_wconf 88' lang='lat' dir='ltr'>qua</span> <span class='ocrx_word' id='word_1_506' title='bbox 2739 3935 3180 3992; x_wconf 88' lang='lat' dir='ltr'>demonstrabat</span> <span class='ocrx_word' id='word_1_507' title='bbox 3239 3931 3596 4004; x_wconf 90' lang='lat' dir='ltr'>imperatori,</span> 
     </span>
    </p>
   </div>
   <div class='ocr_carea' id='block_1_39' title="bbox 195 4022 3595 4100">
    <p class='ocr_par' dir='ltr' id='par_1_39' title="bbox 195 4022 3595 4100">
     <span class='ocr_line' id='line_1_39' title="bbox 195 4022 3595 4100; baseline -0.002 -18"><span class='ocrx_word' id='word_1_508' title='bbox 195 4042 317 4082; x_wconf 87' lang='lat' dir='ltr'>non</span> <span class='ocrx_word' id='word_1_509' title='bbox 349 4026 461 4080; x_wconf 88' lang='lat' dir='ltr'>nisi</span> <span class='ocrx_word' id='word_1_510' title='bbox 495 4030 772 4098; x_wconf 76' lang='lat' dir='ltr'>tyrannos</span> <span class='ocrx_word' id='word_1_511' title='bbox 803 4029 859 4080; x_wconf 92' lang='lat' dir='ltr'>et</span> <span class='ocrx_word' id='word_1_512' title='bbox 898 4026 1082 4082; x_wconf 87' lang='lat' dir='ltr'>malos</span> <span class='ocrx_word' id='word_1_513' title='bbox 1123 4027 1416 4098; x_wconf 89' lang='lat' dir='ltr'>principes</span> <span class='ocrx_word' id='word_1_514' title='bbox 1449 4027 1756 4100; x_wconf 87' lang='lat' dir='ltr'>hucusque</span> <span class='ocrx_word' id='word_1_515' title='bbox 1789 4028 2068 4085; x_wconf 82' lang='lat' dir='ltr'>alﬂixisse</span> <span class='ocrx_word' id='word_1_516' title='bbox 2109 4027 2453 4096; x_wconf 88' lang='lat' dir='ltr'>Ecclesiam,</span> <span class='ocrx_word' id='word_1_517' title='bbox 2500 4031 2556 4082; x_wconf 89' lang='lat' dir='ltr'>et</span> <span class='ocrx_word' id='word_1_518' title='bbox 2585 4045 2702 4098; x_wconf 91' lang='lat' dir='ltr'>qua</span> <span class='ocrx_word' id='word_1_519' title='bbox 2732 4027 2792 4081; x_wconf 90' lang='lat' dir='ltr'>in</span> <span class='ocrx_word' id='word_1_520' title='bbox 2826 4026 3171 4081; x_wconf 88' lang='lat' dir='ltr'>memoriam</span> <span class='ocrx_word' id='word_1_521' title='bbox 3205 4022 3256 4079; x_wconf 89' lang='lat' dir='ltr'>ei</span> <span class='ocrx_word' id='word_1_522' title='bbox 3289 4022 3595 4077; x_wconf 85' lang='lat' dir='ltr'>revocabat</span> 
     </span>
    </p>
   </div>
   <div class='ocr_carea' id='block_1_40' title="bbox 273 4230 1345 4302">
    <p class='ocr_par' dir='ltr' id='par_1_40' title="bbox 273 4230 1345 4302">
     <span class='ocr_line' id='line_1_40' title="bbox 273 4230 1345 4302; baseline -0.001 -17"><span class='ocrx_word' id='word_1_523' title='bbox 273 4233 384 4297; x_wconf 88' lang='grc'>(48)</span> <span class='ocrx_word' id='word_1_524' title='bbox 418 4233 616 4287; x_wconf 80' lang='lat' dir='ltr'>Hister.</span> <span class='ocrx_word' id='word_1_525' title='bbox 651 4230 842 4286; x_wconf 75' lang='lat' dir='ltr'>eccles.</span> <span class='ocrx_word' id='word_1_526' title='bbox 880 4230 980 4285; x_wconf 90' lang='lat' dir='ltr'>lib.</span> <span class='ocrx_word' id='word_1_527' title='bbox 1007 4247 1059 4297; x_wconf 90' lang='lat' dir='ltr'>v,</span> <span class='ocrx_word' id='word_1_528' title='bbox 1097 4248 1224 4302; x_wconf 89' lang='lat' dir='ltr'>cap.</span> <span class='ocrx_word' id='word_1_529' title='bbox 1255 4232 1345 4285; x_wconf 84' lang='lat'>2&#39;3.</span> 
     </span>
    </p>
   </div>
   <div class='ocr_carea' id='block_1_41' title="bbox 278 4302 1376 4374">
    <p class='ocr_par' dir='ltr' id='par_1_41' title="bbox 278 4302 1376 4374">
     <span class='ocr_line' id='line_1_41' title="bbox 278 4302 1376 4374; baseline 0 -18"><span class='ocrx_word' id='word_1_530' title='bbox 278 4305 392 4372; x_wconf 85' lang='grc'>(49)</span> <span class='ocrx_word' id='word_1_531' title='bbox 425 4305 626 4374; x_wconf 75' lang='lat' dir='ltr'>Hister.</span> <span class='ocrx_word' id='word_1_532' title='bbox 659 4303 844 4357; x_wconf 76' lang='lat' dir='ltr'>cretes.</span> <span class='ocrx_word' id='word_1_533' title='bbox 881 4302 980 4356; x_wconf 92' lang='lat' dir='ltr'>lib.</span> <span class='ocrx_word' id='word_1_534' title='bbox 1013 4319 1090 4374; x_wconf 14' lang='lat' dir='ltr'>17v,</span> <span class='ocrx_word' id='word_1_535' title='bbox 1131 4318 1256 4374; x_wconf 90' lang='lat' dir='ltr'>cap.</span> <span class='ocrx_word' id='word_1_536' title='bbox 1288 4305 1376 4357; x_wconf 77' lang='lat'>26.</span> 
     </span>
    </p>
   </div>
   <div class='ocr_carea' id='block_1_42' title="bbox 274 4373 1840 4445">
    <p class='ocr_par' dir='ltr' id='par_1_42' title="bbox 274 4373 1840 4445">
     <span class='ocr_line' id='line_1_42' title="bbox 274 4373 1840 4445; baseline 0.004 -18"><span class='ocrx_word' id='word_1_537' title='bbox 274 4376 384 4445; x_wconf 76' lang='grc'>(50)</span> <span class='ocrx_word' id='word_1_538' title='bbox 439 4373 597 4429; x_wconf 86' lang='lat' dir='ltr'>Hanc</span> <span class='ocrx_word' id='word_1_539' title='bbox 656 4375 785 4428; x_wconf 90' lang='lat' dir='ltr'>vide</span> <span class='ocrx_word' id='word_1_540' title='bbox 815 4375 969 4443; x_wconf 88' lang='lat' dir='ltr'>apud</span> <span class='ocrx_word' id='word_1_541' title='bbox 1009 4373 1220 4429; x_wconf 70' lang='lat' dir='ltr'>Euseb.</span> <span class='ocrx_word' id='word_1_542' title='bbox 1258 4377 1390 4429; x_wconf 82' lang='lat' dir='ltr'>Hist.</span> <span class='ocrx_word' id='word_1_543' title='bbox 1436 4375 1624 4432; x_wconf 81' lang='lat' dir='ltr'>eccles.</span> <span class='ocrx_word' id='word_1_544' title='bbox 1658 4374 1759 4431; x_wconf 90' lang='lat' dir='ltr'>lib.</span> <span class='ocrx_word' id='word_1_545' title='bbox 1789 4393 1840 4433; x_wconf 72' lang='grc' dir='ltr'><strong>γ.</strong></span> 
     </span>
    </p>
   </div>
   <div class='ocr_carea' id='block_1_43' title="bbox 197 4448 454 4512">
    <p class='ocr_par' dir='ltr' id='par_1_43' title="bbox 197 4448 454 4512">
     <span class='ocr_line' id='line_1_43' title="bbox 197 4448 454 4512; baseline -0.008 -10"><span class='ocrx_word' id='word_1_546' title='bbox 197 4463 327 4512; x_wconf 89' lang='lat' dir='ltr'>cap-</span> <span class='ocrx_word' id='word_1_547' title='bbox 361 4448 454 4500; x_wconf 70' lang='lat'>26.</span> 
     </span>
    </p>
   </div>
   <div class='ocr_carea' id='block_1_44' title="bbox 297 4515 1219 4584">
    <p class='ocr_par' dir='ltr' id='par_1_44' title="bbox 297 4515 1219 4584">
     <span class='ocr_line' id='line_1_44' title="bbox 297 4515 1219 4584; baseline 0.005 -16"><span class='ocrx_word' id='word_1_548' title='bbox 297 4519 386 4584; x_wconf 76' lang='lat' dir='ltr'>5t)</span> <span class='ocrx_word' id='word_1_549' title='bbox 423 4517 485 4571; x_wconf 88' lang='lat' dir='ltr'>1n</span> <span class='ocrx_word' id='word_1_550' title='bbox 521 4515 668 4570; x_wconf 93' lang='lat' dir='ltr'>libro</span> <span class='ocrx_word' id='word_1_551' title='bbox 701 4532 804 4569; x_wconf 90' lang='lat' dir='ltr'>suo</span> <span class='ocrx_word' id='word_1_552' title='bbox 836 4517 906 4569; x_wconf 84' lang='lat' dir='ltr'>De</span> <span class='ocrx_word' id='word_1_553' title='bbox 935 4516 1219 4573; x_wconf 81' lang='lat' dir='ltr'>Paschale.</span> 
     </span>
    </p>
   </div>
   <div class='ocr_carea' id='block_1_45' title="bbox 298 4587 1845 4660">
    <p class='ocr_par' dir='ltr' id='par_1_45' title="bbox 298 4587 1845 4660">
     <span class='ocr_line' id='line_1_45' title="bbox 298 4587 1845 4660; baseline 0.002 -20"><span class='ocrx_word' id='word_1_554' title='bbox 298 4590 387 4656; x_wconf 79' lang='lat'>52)</span> <span class='ocrx_word' id='word_1_555' title='bbox 427 4589 560 4651; x_wconf 64' lang='lat' dir='ltr'>Qua:</span> <span class='ocrx_word' id='word_1_556' title='bbox 608 4587 718 4642; x_wconf 91' lang='lat' dir='ltr'>sub</span> <span class='ocrx_word' id='word_1_557' title='bbox 769 4587 1223 4660; x_wconf 81' lang='lat' dir='ltr'>imperatoribus</span> <span class='ocrx_word' id='word_1_558' title='bbox 1277 4587 1438 4643; x_wconf 91' lang='lat' dir='ltr'>hisce</span> <span class='ocrx_word' id='word_1_559' title='bbox 1469 4589 1686 4660; x_wconf 87' lang='lat' dir='ltr'>agitata</span> <span class='ocrx_word' id='word_1_560' title='bbox 1719 4589 1845 4657; x_wconf 87' lang='lat' dir='ltr'>fuit,</span> 
     </span>
    </p>
   </div>
   <div class='ocr_carea' id='block_1_46' title="bbox 197 4659 1848 4730">
    <p class='ocr_par' dir='ltr' id='par_1_46' title="bbox 197 4659 1848 4730">
     <span class='ocr_line' id='line_1_46' title="bbox 197 4659 1848 4730; baseline 0.001 -16"><span class='ocrx_word' id='word_1_561' title='bbox 197 4659 408 4730; x_wconf 89' lang='lat' dir='ltr'>quinta</span> <span class='ocrx_word' id='word_1_562' title='bbox 437 4665 521 4714; x_wconf 88' lang='lat' dir='ltr'>est</span> <span class='ocrx_word' id='word_1_563' title='bbox 546 4659 870 4728; x_wconf 90' lang='lat' dir='ltr'>persecutio</span> <span class='ocrx_word' id='word_1_564' title='bbox 896 4661 1062 4728; x_wconf 83' lang='lat' dir='ltr'>juxta</span> <span class='ocrx_word' id='word_1_565' title='bbox 1088 4659 1305 4729; x_wconf 89' lang='lat' dir='ltr'>Sulpic.</span> <span class='ocrx_word' id='word_1_566' title='bbox 1358 4665 1479 4714; x_wconf 89' lang='lat' dir='ltr'>Sev.</span> <span class='ocrx_word' id='word_1_567' title='bbox 1520 4659 1616 4715; x_wconf 89' lang='lat' dir='ltr'>lib.</span> <span class='ocrx_word' id='word_1_568' title='bbox 1652 4678 1693 4715; x_wconf 81' lang='grc' dir='ltr'><strong>ιι</strong></span> <span class='ocrx_word' id='word_1_569' title='bbox 1726 4663 1848 4715; x_wconf 84' lang='lat' dir='ltr'>His-</span> 
     </span>
    </p>
   </div>
   <div class='ocr_carea' id='block_1_47' title="bbox 194 4731 1849 4802">
    <p class='ocr_par' dir='ltr' id='par_1_47' title="bbox 194 4731 1849 4802">
     <span class='ocr_line' id='line_1_47' title="bbox 194 4731 1849 4802; baseline 0 -16"><span class='ocrx_word' id='word_1_570' title='bbox 194 4737 308 4787; x_wconf 73' lang='grc' dir='ltr'>ιον.</span> <span class='ocrx_word' id='word_1_571' title='bbox 341 4746 512 4788; x_wconf 53' lang='lat' dir='ltr'>sacra</span> <span class='ocrx_word' id='word_1_572' title='bbox 537 4747 664 4802; x_wconf 86' lang='lat' dir='ltr'>cap.</span> <span class='ocrx_word' id='word_1_573' title='bbox 694 4731 784 4795; x_wconf 80' lang='lat'>32,</span> <span class='ocrx_word' id='word_1_574' title='bbox 825 4747 955 4800; x_wconf 85' lang='lat' dir='ltr'>pag.</span> <span class='ocrx_word' id='word_1_575' title='bbox 989 4747 1064 4785; x_wconf 90' lang='lat' dir='ltr'>m.</span> <span class='ocrx_word' id='word_1_576' title='bbox 1098 4732 1223 4798; x_wconf 72' lang='grc'>246,</span> <span class='ocrx_word' id='word_1_577' title='bbox 1258 4748 1290 4785; x_wconf 91' lang='lat' dir='ltr'>a</span> <span class='ocrx_word' id='word_1_578' title='bbox 1321 4749 1435 4802; x_wconf 90' lang='lat' dir='ltr'>quo</span> <span class='ocrx_word' id='word_1_579' title='bbox 1467 4732 1684 4786; x_wconf 90' lang='lat' dir='ltr'>abeunt</span> <span class='ocrx_word' id='word_1_580' title='bbox 1714 4733 1849 4787; x_wconf 82' lang='lat' dir='ltr'>Hie-</span> 
     </span>
    </p>
   </div>
   <div class='ocr_carea' id='block_1_48' title="bbox 197 4801 1844 4874">
    <p class='ocr_par' dir='ltr' id='par_1_48' title="bbox 197 4801 1844 4874">
     <span class='ocr_line' id='line_1_48' title="bbox 197 4801 1844 4874; baseline 0 -16"><span class='ocrx_word' id='word_1_581' title='bbox 197 4820 480 4874; x_wconf 85' lang='lat' dir='ltr'>ronymus</span> <span class='ocrx_word' id='word_1_582' title='bbox 515 4819 569 4856; x_wconf 82' lang='lat' dir='ltr'>in</span> <span class='ocrx_word' id='word_1_583' title='bbox 607 4801 781 4856; x_wconf 80' lang='lat' dir='ltr'>Catal.</span> <span class='ocrx_word' id='word_1_584' title='bbox 806 4805 994 4872; x_wconf 82' lang='lat' dir='ltr'>script.</span> <span class='ocrx_word' id='word_1_585' title='bbox 1019 4803 1207 4856; x_wconf 81' lang='lat' dir='ltr'>eccles.</span> <span class='ocrx_word' id='word_1_586' title='bbox 1242 4801 1369 4874; x_wconf 17' lang='lat' dir='ltr'>capi.</span> <span class='ocrx_word' id='word_1_587' title='bbox 1399 4804 1497 4869; x_wconf 82' lang='lat'>17;</span> <span class='ocrx_word' id='word_1_588' title='bbox 1534 4805 1844 4873; x_wconf 86' lang='lat' dir='ltr'>Augustin.</span> 
     </span>
    </p>
   </div>
   <div class='ocr_carea' id='block_1_49' title="bbox 197 4874 1843 4942">
    <p class='ocr_par' dir='ltr' id='par_1_49' title="bbox 197 4874 1843 4942">
     <span class='ocr_line' id='line_1_49' title="bbox 197 4874 1843 4942; baseline 0.001 -13"><span class='ocrx_word' id='word_1_589' title='bbox 197 4876 276 4929; x_wconf 86' lang='lat' dir='ltr'>De</span> <span class='ocrx_word' id='word_1_590' title='bbox 336 4878 558 4930; x_wconf 80' lang='lat' dir='ltr'>civitate</span> <span class='ocrx_word' id='word_1_591' title='bbox 605 4874 702 4928; x_wconf 86' lang='lat' dir='ltr'>Dei</span> <span class='ocrx_word' id='word_1_592' title='bbox 761 4888 889 4942; x_wconf 92' lang='lat' dir='ltr'>cap.</span> <span class='ocrx_word' id='word_1_593' title='bbox 942 4877 1042 4939; x_wconf 80' lang='lat'>52;</span> <span class='ocrx_word' id='word_1_594' title='bbox 1077 4875 1312 4928; x_wconf 88' lang='lat' dir='ltr'>Orosius</span> <span class='ocrx_word' id='word_1_595' title='bbox 1346 4875 1402 4928; x_wconf 93' lang='lat' dir='ltr'>in</span> <span class='ocrx_word' id='word_1_596' title='bbox 1437 4875 1679 4930; x_wconf 71' lang='lat' dir='ltr'>Historia</span> <span class='ocrx_word' id='word_1_597' title='bbox 1719 4876 1843 4930; x_wconf 83' lang='lat' dir='ltr'>adv.</span> 
     </span>
    </p>
   </div>
   <div class='ocr_carea' id='block_1_50' title="bbox 195 4945 1845 5068">
    <p class='ocr_par' dir='ltr' id='par_1_50' title="bbox 195 4945 1845 5068">
     <span class='ocr_line' id='line_1_50' title="bbox 195 4945 1845 5068; baseline 0 -67"><span class='ocrx_word' id='word_1_598' title='bbox 195 4962 445 5018; x_wconf 83' lang='lat' dir='ltr'>paganos</span> <span class='ocrx_word' id='word_1_599' title='bbox 485 4945 585 4999; x_wconf 90' lang='lat' dir='ltr'>lib.</span> <span class='ocrx_word' id='word_1_600' title='bbox 617 4959 739 5011; x_wconf 85' lang='lat' dir='ltr'>vm,</span> <span class='ocrx_word' id='word_1_601' title='bbox 774 4960 901 5068; x_wconf 75' lang='lat' dir='ltr'>cap.</span> <span class='ocrx_word' id='word_1_602' title='bbox 945 4945 1031 5010; x_wconf 74' lang='grc'>15,</span> <span class='ocrx_word' id='word_1_603' title='bbox 1073 4961 1200 4999; x_wconf 84' lang='lat' dir='ltr'>eam</span> <span class='ocrx_word' id='word_1_604' title='bbox 1235 4951 1505 5016; x_wconf 89' lang='lat' dir='ltr'>quartam</span> <span class='ocrx_word' id='word_1_605' title='bbox 1549 4946 1845 5014; x_wconf 85' lang='lat' dir='ltr'>facientes,</span> 
     </span>
     <span class='ocr_line' id='line_1_51' title="bbox 199 5016 1845 5068; baseline 0 0"><span class='ocrx_word' id='word_1_606' title='bbox 199 5018 425 5068; x_wconf 83' lang='lat' dir='ltr'>omissa</span> <span class='ocrx_word' id='word_1_607' title='bbox 455 5017 587 5068; x_wconf 76' lang='lat' dir='ltr'>ista.</span> <span class='ocrx_word' id='word_1_608' title='bbox 616 5032 741 5068; x_wconf 73' lang='lat' dir='ltr'>nua:</span> <span class='ocrx_word' id='word_1_609' title='bbox 773 5033 881 5068; x_wconf 75' lang='lat' dir='ltr'>sui</span> <span class='ocrx_word' id='word_1_610' title='bbox 917 5016 1175 5068; x_wconf 81' lang='lat' dir='ltr'>Adriano</span> <span class='ocrx_word' id='word_1_611' title='bbox 1207 5023 1395 5068; x_wconf 78' lang='lat' dir='ltr'>cmnta</span> <span class='ocrx_word' id='word_1_612' title='bbox 1425 5022 1480 5068; x_wconf 89' lang='lat' dir='ltr'>et</span> <span class='ocrx_word' id='word_1_613' title='bbox 1511 5018 1620 5068; x_wconf 86' lang='lat' dir='ltr'>sub</span> <span class='ocrx_word' id='word_1_614' title='bbox 1667 5020 1845 5068; x_wconf 86' lang='lat' dir='ltr'>Anto-</span> 
     </span>
    </p>
   </div>
   <div class='ocr_carea' id='block_1_51' title="bbox 199 5016 1849 5086">
    <p class='ocr_par' dir='ltr' id='par_1_51' title="bbox 199 5016 1849 5086">
     <span class='ocr_line' id='line_1_52' title="bbox 199 5016 1849 5086; baseline -0.001 -12"><span class='ocrx_word' id='word_1_615' title='bbox 199 5016 425 5074; x_wconf 73' lang='lat' dir='ltr'>Omissa</span> <span class='ocrx_word' id='word_1_616' title='bbox 455 5017 587 5080; x_wconf 80' lang='lat' dir='ltr'>ista,</span> <span class='ocrx_word' id='word_1_617' title='bbox 616 5032 741 5081; x_wconf 73' lang='lat' dir='ltr'>qua:</span> <span class='ocrx_word' id='word_1_618' title='bbox 773 5016 881 5069; x_wconf 88' lang='lat' dir='ltr'>sub</span> <span class='ocrx_word' id='word_1_619' title='bbox 917 5016 1175 5071; x_wconf 80' lang='lat' dir='ltr'>Adriano</span> <span class='ocrx_word' id='word_1_620' title='bbox 1207 5023 1395 5086; x_wconf 74' lang='lat' dir='ltr'>empta</span> <span class='ocrx_word' id='word_1_621' title='bbox 1425 5022 1480 5072; x_wconf 90' lang='lat' dir='ltr'>et</span> <span class='ocrx_word' id='word_1_622' title='bbox 1511 5018 1620 5072; x_wconf 86' lang='lat' dir='ltr'>sub</span> <span class='ocrx_word' id='word_1_623' title='bbox 1667 5020 1849 5072; x_wconf 90' lang='lat' dir='ltr'>Anto-</span> 
     </span>
    </p>
   </div>
   <div class='ocr_carea' id='block_1_52' title="bbox 199 5087 1844 5159">
    <p class='ocr_par' dir='ltr' id='par_1_52' title="bbox 199 5087 1844 5159">
     <span class='ocr_line' id='line_1_53' title="bbox 199 5087 1844 5159; baseline 0 -15"><span class='ocrx_word' id='word_1_624' title='bbox 199 5089 340 5144; x_wconf 89' lang='lat' dir='ltr'>nino</span> <span class='ocrx_word' id='word_1_625' title='bbox 377 5090 470 5143; x_wconf 86' lang='lat' dir='ltr'>l’io</span> <span class='ocrx_word' id='word_1_626' title='bbox 502 5089 842 5142; x_wconf 88' lang='lat' dir='ltr'>continuata</span> <span class='ocrx_word' id='word_1_627' title='bbox 866 5087 994 5141; x_wconf 86' lang='lat' dir='ltr'>fuit.</span> <span class='ocrx_word' id='word_1_628' title='bbox 1031 5087 1425 5144; x_wconf 65' lang='lat' dir='ltr'>Sustulithaso</span> <span class='ocrx_word' id='word_1_629' title='bbox 1445 5090 1844 5159; x_wconf 84' lang='lat' dir='ltr'>persecutioin</span> 
     </span>
    </p>
   </div>
   <div class='ocr_carea' id='block_1_53' title="bbox 197 5159 1848 5231">
    <p class='ocr_par' dir='ltr' id='par_1_53' title="bbox 197 5159 1848 5231">
     <span class='ocr_line' id='line_1_54' title="bbox 197 5159 1848 5231; baseline -0.002 -16"><span class='ocrx_word' id='word_1_630' title='bbox 197 5160 358 5225; x_wconf 89' lang='lat' dir='ltr'>Asia,</span> <span class='ocrx_word' id='word_1_631' title='bbox 395 5164 599 5230; x_wconf 65' lang='lat' dir='ltr'>printer</span> <span class='ocrx_word' id='word_1_632' title='bbox 628 5159 890 5231; x_wconf 76' lang='lat' dir='ltr'>Sagarim</span> <span class='ocrx_word' id='word_1_633' title='bbox 935 5159 1223 5213; x_wconf 63' lang='lat' dir='ltr'>Laodiceae</span> <span class='ocrx_word' id='word_1_634' title='bbox 1255 5160 1618 5231; x_wconf 87' lang='lat' dir='ltr'>episcopum,</span> <span class='ocrx_word' id='word_1_635' title='bbox 1672 5161 1848 5231; x_wconf 87' lang='lat' dir='ltr'>Poly-</span> 
     </span>
    </p>
   </div>
   <div class='ocr_carea' id='block_1_54' title="bbox 199 5229 1840 5302">
    <p class='ocr_par' dir='ltr' id='par_1_54' title="bbox 199 5229 1840 5302">
     <span class='ocr_line' id='line_1_55' title="bbox 199 5229 1840 5302; baseline -0.001 -16"><span class='ocrx_word' id='word_1_636' title='bbox 199 5229 442 5301; x_wconf 80' lang='lat' dir='ltr'>carpum</span> <span class='ocrx_word' id='word_1_637' title='bbox 463 5236 716 5301; x_wconf 69' lang='lat' dir='ltr'>Smyrna:</span> <span class='ocrx_word' id='word_1_638' title='bbox 739 5229 1096 5300; x_wconf 83' lang='lat' dir='ltr'>episcopum,</span> <span class='ocrx_word' id='word_1_639' title='bbox 1117 5229 1330 5298; x_wconf 73' lang='lat' dir='ltr'>(Euseb.</span> <span class='ocrx_word' id='word_1_640' title='bbox 1353 5229 1556 5296; x_wconf 56' lang='lat' dir='ltr'>libfiv,</span> <span class='ocrx_word' id='word_1_641' title='bbox 1575 5249 1691 5302; x_wconf 81' lang='lat' dir='ltr'>cap.</span> <span class='ocrx_word' id='word_1_642' title='bbox 1718 5229 1840 5299; x_wconf 75' lang='lat'>15);</span> 
     </span>
    </p>
   </div>
   <div class='ocr_carea' id='block_1_55' title="bbox 197 5302 1846 5374">
    <p class='ocr_par' dir='ltr' id='par_1_55' title="bbox 197 5302 1846 5374">
     <span class='ocr_line' id='line_1_56' title="bbox 197 5302 1846 5374; baseline -0.001 -16"><span class='ocrx_word' id='word_1_643' title='bbox 197 5304 498 5374; x_wconf 86' lang='lat' dir='ltr'>Justinum</span> <span class='ocrx_word' id='word_1_644' title='bbox 522 5309 861 5374; x_wconf 82' lang='lat' dir='ltr'>martyrem,</span> <span class='ocrx_word' id='word_1_645' title='bbox 883 5302 1267 5374; x_wconf 73' lang='lat' dir='ltr'>quadriennio</span> <span class='ocrx_word' id='word_1_646' title='bbox 1287 5309 1419 5357; x_wconf 87' lang='lat' dir='ltr'>ante</span> <span class='ocrx_word' id='word_1_647' title='bbox 1443 5303 1846 5374; x_wconf 88' lang='lat' dir='ltr'>Polyearpum,</span> 
     </span>
    </p>
   </div>
   <div class='ocr_carea' id='block_1_56' title="bbox 197 5372 1846 5446">
    <p class='ocr_par' dir='ltr' id='par_1_56' title="bbox 197 5372 1846 5446">
     <span class='ocr_line' id='line_1_57' title="bbox 197 5372 1846 5446; baseline 0.001 -17"><span class='ocrx_word' id='word_1_648' title='bbox 197 5376 418 5446; x_wconf 84' lang='lat' dir='ltr'>(Euseb.</span> <span class='ocrx_word' id='word_1_649' title='bbox 457 5372 558 5428; x_wconf 80' lang='lat' dir='ltr'>lib.</span> <span class='ocrx_word' id='word_1_650' title='bbox 594 5390 670 5446; x_wconf 72' lang='lat' dir='ltr'>xv,</span> <span class='ocrx_word' id='word_1_651' title='bbox 699 5389 818 5446; x_wconf 68' lang='lat' dir='ltr'>cap.</span> <span class='ocrx_word' id='word_1_652' title='bbox 846 5373 931 5446; x_wconf 84' lang='grc'>16)</span> <span class='ocrx_word' id='word_1_653' title='bbox 954 5373 1370 5446; x_wconf 70' lang='grc' dir='ltr'>;Ριριοωωυω</span> <span class='ocrx_word' id='word_1_654' title='bbox 1401 5381 1455 5428; x_wconf 89' lang='lat' dir='ltr'>et</span> <span class='ocrx_word' id='word_1_655' title='bbox 1491 5372 1752 5438; x_wconf 85' lang='lat' dir='ltr'>Lucium,</span> <span class='ocrx_word' id='word_1_656' title='bbox 1777 5376 1846 5431; x_wconf 90' lang='lat' dir='ltr'>de</span> 
     </span>
    </p>
   </div>
   <div class='ocr_carea' id='block_1_57' title="bbox 197 5444 1848 5518">
    <p class='ocr_par' dir='ltr' id='par_1_57' title="bbox 197 5444 1848 5518">
     <span class='ocr_line' id='line_1_58' title="bbox 197 5444 1848 5518; baseline 0.001 -18"><span class='ocrx_word' id='word_1_657' title='bbox 197 5444 319 5518; x_wconf 85' lang='lat' dir='ltr'>quo</span> <span class='ocrx_word' id='word_1_658' title='bbox 364 5446 578 5518; x_wconf 82' lang='lat' dir='ltr'>Justin.</span> <span class='ocrx_word' id='word_1_659' title='bbox 617 5444 692 5500; x_wconf 91' lang='lat' dir='ltr'>M.</span> <span class='ocrx_word' id='word_1_660' title='bbox 745 5444 801 5497; x_wconf 91' lang='lat' dir='ltr'>in</span> <span class='ocrx_word' id='word_1_661' title='bbox 855 5445 1119 5518; x_wconf 72' lang='lat' dir='ltr'>Apoloyic</span> <span class='ocrx_word' id='word_1_662' title='bbox 1156 5463 1211 5518; x_wconf 64' lang='grc' dir='ltr'>Δι,</span> <span class='ocrx_word' id='word_1_663' title='bbox 1246 5461 1372 5514; x_wconf 82' lang='lat' dir='ltr'>pag.</span> <span class='ocrx_word' id='word_1_664' title='bbox 1406 5446 1494 5511; x_wconf 84' lang='grc'>42,</span> <span class='ocrx_word' id='word_1_665' title='bbox 1529 5446 1762 5500; x_wconf 75' lang='lat' dir='ltr'>disserit</span> <span class='ocrx_word' id='word_1_666' title='bbox 1794 5456 1848 5501; x_wconf 89' lang='lat' dir='ltr'>et</span> 
     </span>
    </p>
   </div>
   <div class='ocr_carea' id='block_1_58' title="bbox 196 5515 1843 5586">
    <p class='ocr_par' dir='ltr' id='par_1_58' title="bbox 196 5515 1843 5586">
     <span class='ocr_line' id='line_1_59' title="bbox 196 5515 1843 5586; baseline 0 -15"><span class='ocrx_word' id='word_1_667' title='bbox 196 5515 412 5572; x_wconf 79' lang='lat' dir='ltr'>Euseb.</span> <span class='ocrx_word' id='word_1_668' title='bbox 446 5516 547 5572; x_wconf 92' lang='lat' dir='ltr'>lib.</span> <span class='ocrx_word' id='word_1_669' title='bbox 593 5531 667 5581; x_wconf 85' lang='grc' dir='ltr'>ιν,</span> <span class='ocrx_word' id='word_1_670' title='bbox 701 5531 825 5583; x_wconf 80' lang='lat' dir='ltr'>cap.</span> <span class='ocrx_word' id='word_1_671' title='bbox 864 5516 962 5582; x_wconf 83' lang='lat'>17;</span> <span class='ocrx_word' id='word_1_672' title='bbox 1000 5515 1375 5580; x_wconf 79' lang='lat' dir='ltr'>Felicitatem,</span> <span class='ocrx_word' id='word_1_673' title='bbox 1418 5522 1724 5586; x_wconf 85' lang='lat' dir='ltr'>postquam</span> <span class='ocrx_word' id='word_1_674' title='bbox 1756 5533 1843 5571; x_wconf 88' lang='lat' dir='ltr'>se-</span> 
     </span>
    </p>
   </div>
   <div class='ocr_carea' id='block_1_59' title="bbox 243 5586 1843 5659">
    <p class='ocr_par' dir='ltr' id='par_1_59' title="bbox 243 5586 1843 5659">
     <span class='ocr_line' id='line_1_60' title="bbox 243 5586 1843 5659; baseline -0.001 -16"><span class='ocrx_word' id='word_1_675' title='bbox 243 5595 358 5643; x_wconf 89' lang='lat' dir='ltr'>tem</span> <span class='ocrx_word' id='word_1_676' title='bbox 395 5589 542 5643; x_wconf 87' lang='lat' dir='ltr'>filios</span> <span class='ocrx_word' id='word_1_677' title='bbox 569 5591 853 5659; x_wconf 80' lang='lat' dir='ltr'>martyres</span> <span class='ocrx_word' id='word_1_678' title='bbox 885 5586 940 5640; x_wconf 92' lang='lat' dir='ltr'>in</span> <span class='ocrx_word' id='word_1_679' title='bbox 968 5588 1173 5641; x_wconf 82' lang='lat' dir='ltr'>ccelum</span> <span class='ocrx_word' id='word_1_680' title='bbox 1214 5587 1592 5659; x_wconf 78' lang='lat' dir='ltr'>praemiserat,</span> <span class='ocrx_word' id='word_1_681' title='bbox 1627 5589 1696 5642; x_wconf 89' lang='lat' dir='ltr'>de</span> <span class='ocrx_word' id='word_1_682' title='bbox 1718 5589 1843 5659; x_wconf 85' lang='lat' dir='ltr'>qui-</span> 
     </span>
    </p>
   </div>
   <div class='ocr_carea' id='block_1_60' title="bbox 241 5657 1847 5729">
    <p class='ocr_par' dir='ltr' id='par_1_60' title="bbox 241 5657 1847 5729">
     <span class='ocr_line' id='line_1_61' title="bbox 241 5657 1847 5729; baseline 0.001 -15"><span class='ocrx_word' id='word_1_683' title='bbox 241 5677 313 5715; x_wconf 90' lang='lat' dir='ltr'>us</span> <span class='ocrx_word' id='word_1_684' title='bbox 343 5659 459 5713; x_wconf 88' lang='lat' dir='ltr'>vid.</span> <span class='ocrx_word' id='word_1_685' title='bbox 493 5657 970 5729; x_wconf 28' lang='lat' dir='ltr'>Martyrolrllom.</span> <span class='ocrx_word' id='word_1_686' title='bbox 1018 5660 1112 5714; x_wconf 89' lang='lat' dir='ltr'>die</span> <span class='ocrx_word' id='word_1_687' title='bbox 1150 5660 1216 5712; x_wconf 91' lang='grc'>10</span> <span class='ocrx_word' id='word_1_688' title='bbox 1260 5657 1403 5724; x_wconf 84' lang='lat' dir='ltr'>.lul.,</span> <span class='ocrx_word' id='word_1_689' title='bbox 1451 5657 1847 5728; x_wconf 53' lang='lat' dir='ltr'>aliosqueIDe</span> 
     </span>
    </p>
   </div>
   <div class='ocr_carea' id='block_1_61' title="bbox 192 5728 1844 5802">
    <p class='ocr_par' dir='ltr' id='par_1_61' title="bbox 192 5728 1844 5802">
     <span class='ocr_line' id='line_1_62' title="bbox 192 5728 1844 5802; baseline -0.002 -12"><span class='ocrx_word' id='word_1_690' title='bbox 192 5730 506 5790; x_wconf 78' lang='lat' dir='ltr'>horrendis</span> <span class='ocrx_word' id='word_1_691' title='bbox 541 5728 849 5802; x_wconf 86' lang='lat' dir='ltr'>suppliciis</span> <span class='ocrx_word' id='word_1_692' title='bbox 888 5729 949 5784; x_wconf 91' lang='lat' dir='ltr'>in</span> <span class='ocrx_word' id='word_1_693' title='bbox 999 5729 1201 5796; x_wconf 83' lang='lat' dir='ltr'>Gallia,</span> <span class='ocrx_word' id='word_1_694' title='bbox 1240 5730 1497 5802; x_wconf 89' lang='lat' dir='ltr'>Lugduni</span> <span class='ocrx_word' id='word_1_695' title='bbox 1528 5735 1584 5786; x_wconf 92' lang='lat' dir='ltr'>et</span> <span class='ocrx_word' id='word_1_696' title='bbox 1610 5729 1844 5787; x_wconf 74' lang='lat' dir='ltr'>Viennae</span> 
     </span>
    </p>
   </div>
   <div class='ocr_carea' id='block_1_62' title="bbox 1957 4227 3590 4297">
    <p class='ocr_par' dir='ltr' id='par_1_62' title="bbox 1957 4227 3590 4297">
     <span class='ocr_line' id='line_1_63' title="bbox 1957 4227 3590 4297; baseline -0.002 -7"><span class='ocrx_word' id='word_1_697' title='bbox 1957 4232 2300 4290; x_wconf 89' lang='lat' dir='ltr'>Christianis</span> <span class='ocrx_word' id='word_1_698' title='bbox 2332 4231 2509 4286; x_wconf 84' lang='lat' dir='ltr'>illatis</span> <span class='ocrx_word' id='word_1_699' title='bbox 2555 4232 2729 4288; x_wconf 84' lang='lat' dir='ltr'>refert</span> <span class='ocrx_word' id='word_1_700' title='bbox 2759 4231 2998 4287; x_wconf 90' lang='lat' dir='ltr'>Orosius</span> <span class='ocrx_word' id='word_1_701' title='bbox 3028 4230 3067 4288; x_wconf 92' lang='lat' dir='ltr'>l.</span> <span class='ocrx_word' id='word_1_702' title='bbox 3115 4247 3191 4297; x_wconf 93' lang='lat' dir='ltr'>c.,</span> <span class='ocrx_word' id='word_1_703' title='bbox 3239 4229 3452 4286; x_wconf 72' lang='lat' dir='ltr'>Euseb.</span> <span class='ocrx_word' id='word_1_704' title='bbox 3489 4227 3590 4286; x_wconf 90' lang='lat' dir='ltr'>lib.</span> 
     </span>
    </p>
   </div>
   <div class='ocr_carea' id='block_1_63' title="bbox 1957 4302 3591 4374">
    <p class='ocr_par' dir='ltr' id='par_1_63' title="bbox 1957 4302 3591 4374">
     <span class='ocr_line' id='line_1_64' title="bbox 1957 4302 3591 4374; baseline -0.003 -14"><span class='ocrx_word' id='word_1_705' title='bbox 1957 4321 2010 4373; x_wconf 71' lang='grc' dir='ltr'>ν,</span> <span class='ocrx_word' id='word_1_706' title='bbox 2043 4322 2167 4374; x_wconf 91' lang='lat' dir='ltr'>cap.</span> <span class='ocrx_word' id='word_1_707' title='bbox 2205 4305 2254 4358; x_wconf 92' lang='grc'><strong>1.</strong></span> <span class='ocrx_word' id='word_1_708' title='bbox 2304 4304 2586 4374; x_wconf 82' lang='lat' dir='ltr'>Repressa</span> <span class='ocrx_word' id='word_1_709' title='bbox 2619 4304 2978 4372; x_wconf 88' lang='lat' dir='ltr'>aliquantum</span> <span class='ocrx_word' id='word_1_710' title='bbox 3013 4303 3268 4358; x_wconf 89' lang='lat' dir='ltr'>creditur</span> <span class='ocrx_word' id='word_1_711' title='bbox 3296 4302 3418 4357; x_wconf 77' lang='lat' dir='ltr'>haec</span> <span class='ocrx_word' id='word_1_712' title='bbox 3465 4318 3591 4371; x_wconf 81' lang='lat' dir='ltr'>per-</span> 
     </span>
    </p>
   </div>
   <div class='ocr_carea' id='block_1_64' title="bbox 1957 4375 3592 4447">
    <p class='ocr_par' dir='ltr' id='par_1_64' title="bbox 1957 4375 3592 4447">
     <span class='ocr_line' id='line_1_65' title="bbox 1957 4375 3592 4447; baseline -0.003 -15"><span class='ocrx_word' id='word_1_713' title='bbox 1957 4379 2178 4432; x_wconf 87' lang='lat' dir='ltr'>secutio</span> <span class='ocrx_word' id='word_1_714' title='bbox 2211 4376 2282 4430; x_wconf 94' lang='lat' dir='ltr'>ob</span> <span class='ocrx_word' id='word_1_715' title='bbox 2312 4376 2544 4447; x_wconf 88' lang='lat' dir='ltr'>insigne</span> <span class='ocrx_word' id='word_1_716' title='bbox 2591 4377 2936 4432; x_wconf 83' lang='lat' dir='ltr'>beneficium</span> <span class='ocrx_word' id='word_1_717' title='bbox 2975 4393 3008 4430; x_wconf 91' lang='lat' dir='ltr'>a</span> <span class='ocrx_word' id='word_1_718' title='bbox 3049 4375 3292 4444; x_wconf 69' lang='lat' dir='ltr'>Legione</span> <span class='ocrx_word' id='word_1_719' title='bbox 3321 4375 3592 4447; x_wconf 82' lang='lat' dir='ltr'>fulmina-</span> 
     </span>
    </p>
   </div>
   <div class='ocr_carea' id='block_1_65' title="bbox 1956 4445 3595 4518">
    <p class='ocr_par' dir='ltr' id='par_1_65' title="bbox 1956 4445 3595 4518">
     <span class='ocr_line' id='line_1_66' title="bbox 1956 4445 3595 4518; baseline -0.002 -16"><span class='ocrx_word' id='word_1_720' title='bbox 1956 4450 2099 4503; x_wconf 88' lang='lat' dir='ltr'>trice</span> <span class='ocrx_word' id='word_1_721' title='bbox 2157 4445 2501 4518; x_wconf 72' lang='lat' dir='ltr'>praestitum,</span> <span class='ocrx_word' id='word_1_722' title='bbox 2561 4447 2713 4518; x_wconf 88' lang='lat' dir='ltr'>quod</span> <span class='ocrx_word' id='word_1_723' title='bbox 2766 4447 3110 4502; x_wconf 87' lang='lat' dir='ltr'>miraculum</span> <span class='ocrx_word' id='word_1_724' title='bbox 3164 4453 3219 4502; x_wconf 90' lang='lat' dir='ltr'>et</span> <span class='ocrx_word' id='word_1_725' title='bbox 3278 4445 3495 4500; x_wconf 87' lang='lat' dir='ltr'>ethnici</span> <span class='ocrx_word' id='word_1_726' title='bbox 3539 4449 3595 4499; x_wconf 86' lang='lat' dir='ltr'>et</span> 
     </span>
    </p>
   </div>
   <div class='ocr_carea' id='block_1_66' title="bbox 1953 4518 3592 4587">
    <p class='ocr_par' dir='ltr' id='par_1_66' title="bbox 1953 4518 3592 4587">
     <span class='ocr_line' id='line_1_67' title="bbox 1953 4518 3592 4587; baseline -0.002 -13"><span class='ocrx_word' id='word_1_727' title='bbox 1953 4519 2270 4574; x_wconf 84' lang='lat' dir='ltr'>Christiani</span> <span class='ocrx_word' id='word_1_728' title='bbox 2322 4520 2632 4587; x_wconf 88' lang='lat' dir='ltr'>scriptores</span> <span class='ocrx_word' id='word_1_729' title='bbox 2685 4529 2940 4573; x_wconf 84' lang='lat' dir='ltr'>narrant.</span> <span class='ocrx_word' id='word_1_730' title='bbox 2985 4519 3052 4574; x_wconf 85' lang='lat' dir='ltr'>Et</span> <span class='ocrx_word' id='word_1_731' title='bbox 3082 4518 3166 4572; x_wconf 90' lang='lat' dir='ltr'>illi</span> <span class='ocrx_word' id='word_1_732' title='bbox 3211 4518 3444 4586; x_wconf 85' lang='lat' dir='ltr'>quidem</span> <span class='ocrx_word' id='word_1_733' title='bbox 3493 4521 3592 4570; x_wconf 86' lang='lat' dir='ltr'>aut</span> 
     </span>
    </p>
   </div>
   <div class='ocr_carea' id='block_1_67' title="bbox 1953 4588 3589 4663">
    <p class='ocr_par' dir='ltr' id='par_1_67' title="bbox 1953 4588 3589 4663">
     <span class='ocr_line' id='line_1_68' title="bbox 1953 4588 3589 4663; baseline -0.002 -17"><span class='ocrx_word' id='word_1_734' title='bbox 1953 4607 2123 4662; x_wconf 89' lang='lat' dir='ltr'>mago</span> <span class='ocrx_word' id='word_1_735' title='bbox 2155 4592 2385 4646; x_wconf 82' lang='lat' dir='ltr'>cuidam</span> <span class='ocrx_word' id='word_1_736' title='bbox 2423 4591 2689 4663; x_wconf 66' lang='lat' dir='ltr'>Egyptio</span> <span class='ocrx_word' id='word_1_737' title='bbox 2748 4591 3036 4660; x_wconf 89' lang='lat' dir='ltr'>tribuunt,</span> <span class='ocrx_word' id='word_1_738' title='bbox 3070 4597 3132 4644; x_wconf 92' lang='lat' dir='ltr'>ut</span> <span class='ocrx_word' id='word_1_739' title='bbox 3167 4590 3272 4663; x_wconf 80' lang='lat' dir='ltr'>Dio</span> <span class='ocrx_word' id='word_1_740' title='bbox 3300 4588 3589 4663; x_wconf 21' lang='lat' dir='ltr'>Cassglib.</span> 
     </span>
    </p>
   </div>
   <div class='ocr_carea' id='block_1_68' title="bbox 1954 4657 3588 4733">
    <p class='ocr_par' dir='ltr' id='par_1_68' title="bbox 1954 4657 3588 4733">
     <span class='ocr_line' id='line_1_69' title="bbox 1954 4657 3588 4733; baseline -0.002 -17"><span class='ocrx_word' id='word_1_741' title='bbox 1954 4657 2102 4730; x_wconf 63' lang='lat' dir='ltr'>Lxxi,</span> <span class='ocrx_word' id='word_1_742' title='bbox 2149 4668 2248 4717; x_wconf 85' lang='lat' dir='ltr'>aut</span> <span class='ocrx_word' id='word_1_743' title='bbox 2299 4657 3122 4733; x_wconf 36' lang='lat' dir='ltr'>precibus-imperatorisfut</span> <span class='ocrx_word' id='word_1_744' title='bbox 3189 4660 3299 4715; x_wconf 87' lang='lat' dir='ltr'>Jul.</span> <span class='ocrx_word' id='word_1_745' title='bbox 3345 4657 3588 4733; x_wconf 85' lang='lat' dir='ltr'>Capitol.</span> 
     </span>
    </p>
   </div>
   <div class='ocr_carea' id='block_1_69' title="bbox 1952 4731 3590 4804">
    <p class='ocr_par' dir='ltr' id='par_1_69' title="bbox 1952 4731 3590 4804">
     <span class='ocr_line' id='line_1_70' title="bbox 1952 4731 3590 4804; baseline -0.003 -15"><span class='ocrx_word' id='word_1_746' title='bbox 1952 4735 2011 4789; x_wconf 90' lang='lat' dir='ltr'>in</span> <span class='ocrx_word' id='word_1_747' title='bbox 2049 4737 2180 4788; x_wconf 74' lang='lat' dir='ltr'>Vita</span> <span class='ocrx_word' id='word_1_748' title='bbox 2220 4731 2416 4789; x_wconf 69' lang='lat' dir='ltr'>Anton.</span> <span class='ocrx_word' id='word_1_749' title='bbox 2467 4734 2612 4789; x_wconf 84' lang='lat' dir='ltr'>Phil.</span> <span class='ocrx_word' id='word_1_750' title='bbox 2662 4731 2786 4804; x_wconf 80' lang='lat' dir='ltr'>cap.</span> <span class='ocrx_word' id='word_1_751' title='bbox 2820 4735 2911 4798; x_wconf 89' lang='grc'>24,</span> <span class='ocrx_word' id='word_1_752' title='bbox 2942 4737 3051 4804; x_wconf 87' lang='lat' dir='ltr'>aut</span> <span class='ocrx_word' id='word_1_753' title='bbox 3096 4734 3264 4787; x_wconf 91' lang='lat' dir='ltr'>bonis</span> <span class='ocrx_word' id='word_1_754' title='bbox 3311 4731 3438 4801; x_wconf 86' lang='lat' dir='ltr'>ejus</span> <span class='ocrx_word' id='word_1_755' title='bbox 3473 4747 3590 4784; x_wconf 86' lang='lat' dir='ltr'>mo-</span> 
     </span>
    </p>
   </div>
   <div class='ocr_carea' id='block_1_70' title="bbox 1952 4803 3591 4876">
    <p class='ocr_par' dir='ltr' id='par_1_70' title="bbox 1952 4803 3591 4876">
     <span class='ocr_line' id='line_1_71' title="bbox 1952 4803 3591 4876; baseline -0.004 -15"><span class='ocrx_word' id='word_1_756' title='bbox 1952 4806 2139 4866; x_wconf 83' lang='lat' dir='ltr'>ribus.</span> <span class='ocrx_word' id='word_1_757' title='bbox 2171 4811 2272 4860; x_wconf 90' lang='lat' dir='ltr'>aut</span> <span class='ocrx_word' id='word_1_758' title='bbox 2301 4805 2654 4861; x_wconf 78' lang='lat' dir='ltr'>Claudianus</span> <span class='ocrx_word' id='word_1_759' title='bbox 2696 4803 2753 4859; x_wconf 85' lang='lat' dir='ltr'>in</span> <span class='ocrx_word' id='word_1_760' title='bbox 2782 4803 3057 4876; x_wconf 81' lang='lat' dir='ltr'>panegyri</span> <span class='ocrx_word' id='word_1_761' title='bbox 3113 4806 3184 4859; x_wconf 83' lang='lat' dir='ltr'>De</span> <span class='ocrx_word' id='word_1_762' title='bbox 3213 4808 3362 4876; x_wconf 78' lang='lat' dir='ltr'>sexto</span> <span class='ocrx_word' id='word_1_763' title='bbox 3391 4818 3591 4876; x_wconf 53' lang='lat' dir='ltr'>consu-</span> 
     </span>
    </p>
   </div>
   <div class='ocr_carea' id='block_1_71' title="bbox 1954 4873 3588 4947">
    <p class='ocr_par' dir='ltr' id='par_1_71' title="bbox 1954 4873 3588 4947">
     <span class='ocr_line' id='line_1_72' title="bbox 1954 4873 3588 4947; baseline -0.004 -16"><span class='ocrx_word' id='word_1_764' title='bbox 1954 4877 2070 4931; x_wconf 81' lang='lat' dir='ltr'>latu</span> <span class='ocrx_word' id='word_1_765' title='bbox 2111 4876 2358 4946; x_wconf 85' lang='lat' dir='ltr'>Honorii,</span> <span class='ocrx_word' id='word_1_766' title='bbox 2395 4894 2558 4933; x_wconf 86' lang='lat' dir='ltr'>versu</span> <span class='ocrx_word' id='word_1_767' title='bbox 2609 4877 2735 4945; x_wconf 86' lang='lat'>339,</span> <span class='ocrx_word' id='word_1_768' title='bbox 2782 4873 2875 4947; x_wconf 71' lang='lat' dir='ltr'>sq.</span> <span class='ocrx_word' id='word_1_769' title='bbox 2930 4873 2997 4930; x_wconf 80' lang='lat' dir='ltr'>Hi</span> <span class='ocrx_word' id='word_1_770' title='bbox 3027 4881 3218 4930; x_wconf 87' lang='lat' dir='ltr'>autem</span> <span class='ocrx_word' id='word_1_771' title='bbox 3268 4873 3588 4947; x_wconf 87' lang='lat' dir='ltr'>veluti_Eu-</span> 
     </span>
    </p>
   </div>
   <div class='ocr_carea' id='block_1_72' title="bbox 1951 4944 3590 5019">
    <p class='ocr_par' dir='ltr' id='par_1_72' title="bbox 1951 4944 3590 5019">
     <span class='ocr_line' id='line_1_73' title="bbox 1951 4944 3590 5019; baseline -0.004 -16"><span class='ocrx_word' id='word_1_772' title='bbox 1951 4949 2072 5003; x_wconf 85' lang='lat' dir='ltr'>seb.</span> <span class='ocrx_word' id='word_1_773' title='bbox 2119 4949 2217 5004; x_wconf 89' lang='lat' dir='ltr'>lib.</span> <span class='ocrx_word' id='word_1_774' title='bbox 2256 4965 2310 5013; x_wconf 90' lang='lat' dir='ltr'>v,</span> <span class='ocrx_word' id='word_1_775' title='bbox 2343 4944 2466 5018; x_wconf 83' lang='lat' dir='ltr'>cap.</span> <span class='ocrx_word' id='word_1_776' title='bbox 2518 4951 2572 5013; x_wconf 82' lang='lat'>5,</span> <span class='ocrx_word' id='word_1_777' title='bbox 2603 4954 2660 5003; x_wconf 90' lang='lat' dir='ltr'>et</span> <span class='ocrx_word' id='word_1_778' title='bbox 2689 4944 2760 5004; x_wconf 86' lang='lat' dir='ltr'>ab</span> <span class='ocrx_word' id='word_1_779' title='bbox 2795 4944 2862 5004; x_wconf 83' lang='lat' dir='ltr'>eo</span> <span class='ocrx_word' id='word_1_780' title='bbox 2893 4947 3074 5014; x_wconf 91' lang='lat' dir='ltr'>citati,</span> <span class='ocrx_word' id='word_1_781' title='bbox 3108 4947 3404 5019; x_wconf 71' lang='lat' dir='ltr'>precibus</span> <span class='ocrx_word' id='word_1_782' title='bbox 3427 4944 3590 5019; x_wconf 69' lang='lat' dir='ltr'>dictae</span> 
     </span>
    </p>
   </div>
   <div class='ocr_carea' id='block_1_73' title="bbox 1951 5015 3590 5092">
    <p class='ocr_par' dir='ltr' id='par_1_73' title="bbox 1951 5015 3590 5092">
     <span class='ocr_line' id='line_1_74' title="bbox 1951 5015 3590 5092; baseline -0.003 -17"><span class='ocrx_word' id='word_1_783' title='bbox 1951 5015 2430 5092; x_wconf 75' lang='lat' dir='ltr'>Christianorum</span> <span class='ocrx_word' id='word_1_784' title='bbox 2471 5019 2713 5092; x_wconf 86' lang='lat' dir='ltr'>legionis</span> <span class='ocrx_word' id='word_1_785' title='bbox 2777 5021 3067 5092; x_wconf 79' lang='lat' dir='ltr'>tribuunt,</span> <span class='ocrx_word' id='word_1_786' title='bbox 3109 5015 3296 5090; x_wconf 74' lang='lat' dir='ltr'>quam</span> <span class='ocrx_word' id='word_1_787' title='bbox 3356 5016 3427 5092; x_wconf 76' lang='lat' dir='ltr'>ab</span> <span class='ocrx_word' id='word_1_788' title='bbox 3480 5015 3590 5070; x_wconf 88' lang='lat' dir='ltr'>im-</span> 
     </span>
    </p>
   </div>
   <div class='ocr_carea' id='block_1_74' title="bbox 1952 5089 3591 5161">
    <p class='ocr_par' dir='ltr' id='par_1_74' title="bbox 1952 5089 3591 5161">
     <span class='ocr_line' id='line_1_75' title="bbox 1952 5089 3591 5161; baseline -0.002 -16"><span class='ocrx_word' id='word_1_789' title='bbox 1952 5096 2214 5161; x_wconf 89' lang='lat' dir='ltr'>peratore</span> <span class='ocrx_word' id='word_1_790' title='bbox 2247 5091 2396 5146; x_wconf 87' lang='lat' dir='ltr'>hanc</span> <span class='ocrx_word' id='word_1_791' title='bbox 2455 5089 2554 5146; x_wconf 58' lang='lat' dir='ltr'>ob&#39;</span> <span class='ocrx_word' id='word_1_792' title='bbox 2586 5108 2823 5146; x_wconf 88' lang='lat' dir='ltr'>causam</span> <span class='ocrx_word' id='word_1_793' title='bbox 2878 5089 3326 5145; x_wconf 74' lang='lat' dir='ltr'>Fulminairicem</span> <span class='ocrx_word' id='word_1_794' title='bbox 3375 5089 3591 5161; x_wconf 74' lang='lat' dir='ltr'>dictam</span> 
     </span>
    </p>
   </div>
   <div class='ocr_carea' id='block_1_75' title="bbox 1954 5159 3588 5233">
    <p class='ocr_par' dir='ltr' id='par_1_75' title="bbox 1954 5159 3588 5233">
     <span class='ocr_line' id='line_1_76' title="bbox 1954 5159 3588 5233; baseline -0.002 -18"><span class='ocrx_word' id='word_1_795' title='bbox 1954 5159 2132 5217; x_wconf 77' lang='lat' dir='ltr'>fuisse</span> <span class='ocrx_word' id='word_1_796' title='bbox 2193 5163 2374 5217; x_wconf 89' lang='lat' dir='ltr'>aiunt.</span> <span class='ocrx_word' id='word_1_797' title='bbox 2412 5163 2608 5233; x_wconf 72' lang='lat' dir='ltr'>Addit</span> <span class='ocrx_word' id='word_1_798' title='bbox 2665 5163 3005 5217; x_wconf 75' lang='lat' dir='ltr'>Tertullian.</span> <span class='ocrx_word' id='word_1_799' title='bbox 3067 5179 3193 5233; x_wconf 84' lang='lat' dir='ltr'>cap.</span> <span class='ocrx_word' id='word_1_800' title='bbox 3255 5163 3290 5233; x_wconf 82' lang='lat'>5</span> <span class='ocrx_word' id='word_1_801' title='bbox 3338 5159 3588 5231; x_wconf 77' lang='lat' dir='ltr'>Apolog.,</span> 
     </span>
    </p>
   </div>
   <div class='ocr_carea' id='block_1_76' title="bbox 1951 5232 3587 5305">
    <p class='ocr_par' dir='ltr' id='par_1_76' title="bbox 1951 5232 3587 5305">
     <span class='ocr_line' id='line_1_77' title="bbox 1951 5232 3587 5305; baseline -0.003 -16"><span class='ocrx_word' id='word_1_802' title='bbox 1951 5233 2355 5301; x_wconf 73' lang='lat' dir='ltr'>imperatorem</span> <span class='ocrx_word' id='word_1_803' title='bbox 2410 5232 2631 5288; x_wconf 90' lang='lat' dir='ltr'>litteras</span> <span class='ocrx_word' id='word_1_804' title='bbox 2691 5233 2946 5299; x_wconf 90' lang='lat' dir='ltr'>dedisse,</span> <span class='ocrx_word' id='word_1_805' title='bbox 2979 5232 3193 5305; x_wconf 87' lang='lat' dir='ltr'>quibus</span> <span class='ocrx_word' id='word_1_806' title='bbox 3252 5232 3361 5286; x_wconf 92' lang='lat' dir='ltr'>hoc</span> <span class='ocrx_word' id='word_1_807' title='bbox 3412 5249 3587 5286; x_wconf 82' lang='lat' dir='ltr'>mira-</span> 
     </span>
    </p>
   </div>
   <div class='ocr_carea' id='block_1_77' title="bbox 1952 5305 3589 5375">
    <p class='ocr_par' dir='ltr' id='par_1_77' title="bbox 1952 5305 3589 5375">
     <span class='ocr_line' id='line_1_78' title="bbox 1952 5305 3589 5375; baseline -0.003 -15"><span class='ocrx_word' id='word_1_808' title='bbox 1952 5305 2150 5360; x_wconf 91' lang='lat' dir='ltr'>culum</span> <span class='ocrx_word' id='word_1_809' title='bbox 2202 5305 2663 5361; x_wconf 79' lang='lat' dir='ltr'>Christianorum</span> <span class='ocrx_word' id='word_1_810' title='bbox 2726 5305 2997 5375; x_wconf 89' lang='lat' dir='ltr'>precibus</span> <span class='ocrx_word' id='word_1_811' title='bbox 3056 5306 3430 5374; x_wconf 86' lang='lat' dir='ltr'>ascripserit;</span> <span class='ocrx_word' id='word_1_812' title='bbox 3463 5319 3589 5375; x_wconf 72' lang='lat' dir='ltr'>quze</span> 
     </span>
    </p>
   </div>
   <div class='ocr_carea' id='block_1_78' title="bbox 1952 5374 3588 5446">
    <p class='ocr_par' dir='ltr' id='par_1_78' title="bbox 1952 5374 3588 5446">
     <span class='ocr_line' id='line_1_79' title="bbox 1952 5374 3588 5446; baseline -0.002 -16"><span class='ocrx_word' id='word_1_813' title='bbox 1952 5381 2144 5431; x_wconf 91' lang='lat' dir='ltr'>tamen</span> <span class='ocrx_word' id='word_1_814' title='bbox 2181 5394 2293 5432; x_wconf 90' lang='lat' dir='ltr'>non</span> <span class='ocrx_word' id='word_1_815' title='bbox 2347 5377 2597 5446; x_wconf 89' lang='lat' dir='ltr'>amplius</span> <span class='ocrx_word' id='word_1_816' title='bbox 2639 5374 2904 5431; x_wconf 87' lang='lat' dir='ltr'>exstant:</span> <span class='ocrx_word' id='word_1_817' title='bbox 2938 5376 3082 5431; x_wconf 90' lang='lat' dir='ltr'>istas</span> <span class='ocrx_word' id='word_1_818' title='bbox 3130 5377 3306 5442; x_wconf 90' lang='lat' dir='ltr'>enim,</span> <span class='ocrx_word' id='word_1_819' title='bbox 3357 5392 3483 5445; x_wconf 71' lang='lat' dir='ltr'>qua:</span> <span class='ocrx_word' id='word_1_820' title='bbox 3517 5374 3588 5428; x_wconf 87' lang='lat' dir='ltr'>ad</span> 
     </span>
    </p>
   </div>
   <div class='ocr_carea' id='block_1_79' title="bbox 1951 5447 3590 5519">
    <p class='ocr_par' dir='ltr' id='par_1_79' title="bbox 1951 5447 3590 5519">
     <span class='ocr_line' id='line_1_80' title="bbox 1951 5447 3590 5519; baseline -0.003 -16"><span class='ocrx_word' id='word_1_821' title='bbox 1951 5448 2165 5503; x_wconf 89' lang='lat' dir='ltr'>calcem</span> <span class='ocrx_word' id='word_1_822' title='bbox 2202 5447 2486 5519; x_wconf 63' lang='lat' dir='ltr'>Apologiw</span> <span class='ocrx_word' id='word_1_823' title='bbox 2511 5465 2547 5503; x_wconf 83' lang='lat' dir='ltr'>Il</span> <span class='ocrx_word' id='word_1_824' title='bbox 2578 5448 2731 5504; x_wconf 87' lang='lat' dir='ltr'>Just.</span> <span class='ocrx_word' id='word_1_825' title='bbox 2789 5449 3055 5519; x_wconf 84' lang='lat' dir='ltr'>Martyris</span> <span class='ocrx_word' id='word_1_826' title='bbox 3113 5447 3411 5519; x_wconf 67' lang='lat' dir='ltr'>leguntur,</span> <span class='ocrx_word' id='word_1_827' title='bbox 3461 5461 3590 5519; x_wconf 79' lang='lat' dir='ltr'>esse</span> 
     </span>
    </p>
   </div>
   <div class='ocr_carea' id='block_1_80' title="bbox 1951 5504 3586 5645">
    <p class='ocr_par' dir='ltr' id='par_1_80' title="bbox 1951 5504 3586 5645">
     <span class='ocr_line' id='line_1_81' title="bbox 1951 5504 3586 5645; baseline -0.003 -71"><span class='ocrx_word' id='word_1_828' title='bbox 1951 5504 2587 5645; x_wconf 47' lang='lat' dir='ltr'>sugiiggtitias&#39;multis</span> <span class='ocrx_word' id='word_1_829' title='bbox 2613 5520 2876 5591; x_wconf 86' lang='lat' dir='ltr'>probavit</span> <span class='ocrx_word' id='word_1_830' title='bbox 2931 5504 3199 5589; x_wconf 65' lang='grc' dir='ltr'>ἐείλιὶευῖ</span> <span class='ocrx_word' id='word_1_831' title='bbox 3245 5519 3316 5574; x_wconf 87' lang='lat' dir='ltr'>ad</span> <span class='ocrx_word' id='word_1_832' title='bbox 3378 5504 3586 5571; x_wconf 87' lang='lat' dir='ltr'>Euseb.</span> 
     </span>
     <span class='ocr_line' id='line_1_82' title="bbox 1952 5609 2203 5645; baseline 0 0"><span class='ocrx_word' id='word_1_833' title='bbox 1952 5609 2010 5645; x_wconf 91' lang='lat' dir='ltr'>n.</span> <span class='ocrx_word' id='word_1_834' title='bbox 2190 5632 2203 5645; x_wconf 94' lang='lat'>.</span> 
     </span>
    </p>
   </div>
   <div class='ocr_carea' id='block_1_81' title="bbox 1952 5609 2203 5647">
    <p class='ocr_par' dir='ltr' id='par_1_81' title="bbox 1952 5609 2203 5647">
     <span class='ocr_line' id='line_1_83' title="bbox 1952 5609 2203 5647; baseline -0.004 0"><span class='ocrx_word' id='word_1_835' title='bbox 1952 5609 2010 5647; x_wconf 86' lang='lat' dir='ltr'>n.</span> <span class='ocrx_word' id='word_1_836' title='bbox 2044 5609 2203 5646; x_wconf 68' lang='grc' dir='ltr'>κιδυ.</span> 
     </span>
    </p>
   </div>
   <div class='ocr_carea' id='block_1_82' title="bbox 2022 5733 3586 5812">
    <p class='ocr_par' dir='ltr' id='par_1_82' title="bbox 2022 5733 3586 5812">
     <span class='ocr_line' id='line_1_84' title="bbox 2022 5733 3586 5812; baseline 0.006 -24"><span class='ocrx_word' id='word_1_837' title='bbox 2022 5734 2225 5807; x_wconf 86' lang='grc'>(53-54)</span> <span class='ocrx_word' id='word_1_838' title='bbox 2249 5735 2458 5795; x_wconf 87' lang='lat' dir='ltr'>Euseb.</span> <span class='ocrx_word' id='word_1_839' title='bbox 2481 5734 2540 5792; x_wconf 90' lang='lat' dir='ltr'>in</span> <span class='ocrx_word' id='word_1_840' title='bbox 2563 5733 2850 5808; x_wconf 77' lang='lat' dir='ltr'>Chronico,</span> <span class='ocrx_word' id='word_1_841' title='bbox 2863 5736 2965 5795; x_wconf 90' lang='lat' dir='ltr'>lib.</span> <span class='ocrx_word' id='word_1_842' title='bbox 2981 5739 3133 5810; x_wconf 87' lang='lat' dir='ltr'>post.</span> <span class='ocrx_word' id='word_1_843' title='bbox 3150 5753 3282 5812; x_wconf 86' lang='lat' dir='ltr'>pag.</span> <span class='ocrx_word' id='word_1_844' title='bbox 3299 5735 3426 5794; x_wconf 79' lang='grc'><strong>214.</strong></span> <span class='ocrx_word' id='word_1_845' title='bbox 3447 5737 3586 5797; x_wconf 89' lang='lat' dir='ltr'>edit.</span> 
     </span>
    </p>
   </div>
  </div>
