3922 6304
172 379 342 443 1185
1016 374 1367 439 ΝΟΤΙΤΙΑ.
1413 408 1492 422 -—
1533 374 1587 438 ll
1631 373 1721 436 DE

2044 373 2129 436 ‘IS
2169 372 2231 434 S.
2279 374 2730 438 MELITONIS.
3441 379 3593 448 U80

169 513 437 570 ctissimi
463 511 805 584 fragmentis
838 509 1079 568 sedulus
1107 509 1351 584 insuper
1382 511 1562 581 fuero,
1589 508 1755 582 sique
1786 506 2066 564 nonnulla
2087 524 2285 565 eorum
2317 509 2471 584 typis
2501 509 2691 567 adhuc
2721 509 2981 568 nondum
3007 511 3298 588 exscripta
3318 512 3378 572 in
3398 514 3591 574 lucem

161 605 474 679 publicam
510 608 869 677 protraxero.

882 722 910 790 §
936 720 976 776 Ι.
1004 720 1191 778 Melita
1221 720 1399 776 multa
1434 719 1651 792 scripsit
1682 719 1918 776 erudite.
1958 721 2028 775 De
2055 719 2175 792 ejus
2195 719 2505 776 eruditione
2535 721 2878 779 testimonia.

164 851 330 908 Bene
356 853 413 907 et
441 849 734 921 sapienter
765 847 932 916 dixit,
955 847 1053 918 qui
1075 846 1238 917 dixit,
1272 847 1664 904 eruditionem
1705 863 1810 903 nec
1833 847 2046 918 jactari
2077 848 2308 918 debere,
2336 865 2439 905 nec
2470 849 2750 906 abscondi
2791 850 2904 925 (65)
2931 871 2944 921 ;
2987 853 3394 928 poeticumque
3423 853 3589 924 illud,

1231 977 1248 994 .
1291 978 1307 994 .
1349 980 1365 996 .
1409 976 1424 992 .
1467 937 1601 994 bene
1629 937 1728 1009 qui
1756 937 1942 1007 latuit,
1977 936 2106 994 bene
2135 939 2303 1009 vircit,
2348 980 2362 996 .
2408 979 2422 994 .
2468 981 2482 996 .
2527 982 2542 995 .

2317 1032 2481 1084 Ovm.
2507 1030 2666 1086 Trist.
2701 1045 2790 1098 IlI,
2814 1031 2904 1086 25.

161 1123 305 1180 illos
325 1121 732 1178 tantummodo
767 1119 1204 1191 potestjuvare,
1238 1117 1453 1190 quibus
1475 1116 1773 1175 tenuitatis
1804 1133 1922 1176 suis
1946 1118 2305 1175 conscientia
2336 1120 2518 1175 altum
2548 1136 2778 1190 semper
2809 1122 2865 1176 in
2891 1121 3275 1179 litteratorum
3309 1125 3585 1183 societate

159 1213 421 1286 imponit
451 1210 769 1268 silentium.
801 1209 916 1266 Nec
947 1225 1111 1266 suam
1148 1208 1539 1265 eruditionem
1569 1209 1777 1265 beatus
1805 1209 1998 1265 Melito
2031 1209 2422 1279 abscondidit,
2451 1227 2651 1266 verum
2676 1210 2926 1282 egregiis
2955 1210 3174 1281 ingenii
3195 1211 3408 1267 fetibus
3429 1229 3586 1268 eam-

161 1304 303 1359 dem
337 1307 582 1358 testatus
599 1305 710 1368 est,
743 1304 799 1356 et
816 1301 885 1355 ad
919 1299 1316 1371 posteritatem
1350 1298 1691 1370 propagavit
1713 1299 1815 1366 ita,
1841 1299 1979 1354 utin
2014 1315 2079 1354 eo
2109 1315 2339 1371 quoque
2364 1300 2616 1356 nominis
2646 1299 3577 1372 suinunquamintermorituram

158 1394 282 1450 sibi
312 1392 510 1449 fecerit
541 1391 962 1460 celebritatem,
996 1390 1150 1462 quod
1185 1407 1218 1444 a
1249 1389 1576 1444 scribendis
1607 1387 1776 1444 libris
1804 1406 1919 1444 non
1951 1389 2317 1445 abstinuerit.
2356 1391 2491 1447 Utut
2521 1390 2677 1445 enim
2711 1406 2888 1462 quam
2927 1388 3219 1460 plurimis,
3265 1406 3395 1460 quas
3436 1409 3580 1463 prie-

161 1483 358 1540 sulem
398 1481 669 1537 Ecclesiae
704 1480 1076 1536 decentbene
1100 1483 1440 1545 merentem,
1467 1494 1784 1550 oppressus
1805 1482 1930 1534 erat
1950 1479 2463 1550 occupationibus,
2503 1497 2537 1536 a
2569 1479 2989 1551 componendis
3021 1483 3213 1535 tamen
3245 1483 3418 1551 atque
3450 1498 3584 1552 per-

165 1575 468 1648 poliendis
495 1573 673 1629 variis
707 1573 891 1644 frugis
922 1571 1152 1642 optimae
1176 1570 1340 1626 libris
1371 1569 1635 1626 animum
1669 1587 1997 1642 manusque
2042 1588 2344 1643 nunquam
2403 1571 2690 1642 cohibuit,
2732 1573 2872 1644 quin
2933 1571 3152 1644 potius,
3211 1571 3580 1644 amplissimo

163 1682 371 1722 eorum
405 1679 673 1733 numero,
715 1662 908 1718 locum
942 1662 1053 1718 sibi
1088 1661 1221 1716 fecit
1251 1661 1404 1716 inter
1431 1660 1822 1733 polygraphos
1858 1677 2044 1733 usque
2073 1663 2216 1717 adeo
2261 1663 2598 1733 scriptores.
2659 1661 3091 1734 Polygraphum
3150 1660 3385 1733 quidem
3441 1662 3578 1730 dici,

161 1756 325 1812 haud
359 1770 572 1826 magna
603 1767 833 1824 semper
857 1750 988 1808 laus
1017 1754 1126 1818 est,
1151 1767 1256 1805 nec
1287 1767 1402 1822 quo
1424 1750 1556 1822 quis
1588 1751 1786 1821 plures
1807 1751 2264 1824 grandioresque
2287 1751 2467 1806 libros
2499 1751 2781 1818 condidit,
2806 1767 2871 1806 eo
2889 1750 3191 1818 eruditior,
3215 1750 3576 1822 reliquisque

161 1845 536 1920 praestantior
567 1859 794 1916 semper
816 1847 905 1897 est
927 1842 1296 1904 censendus:
1326 1841 1479 1896 haud
1507 1842 1677 1912 pauci
1711 1842 1888 1910 enim,
1920 1858 2034 1913 quo
2071 1842 2572 1898 tenetinsanabile
2602 1841 2890 1897 scribendi
2926 1839 3253 1906 cacoethes,
3287 1839 3417 1912 ipsa
3437 1856 3578 1911 ope-

159 1954 300 1994 rum
333 1951 573 1992 suorum
608 1933 1010 2006 magnitudine
1045 1931 1194 1987 ﬁunt
1225 1930 1502 1987 minores.
1549 1929 1744 1986 Prima
1775 1931 1956 2003 igitur
1985 1931 2274 2003 unicaque
2302 1932 2593 1987 Melitonis
2625 1931 2751 1986 laus
2779 1929 2898 1985 haec
2946 1929 3190 1985 minime
3220 1933 3366 1997 esto,
3418 1930 3574 2000 quod

159 2027 486 2084 multorum
520 2025 934 2082 tantummodo
966 2022 1248 2078 librorum
1272 2025 1474 2077 auctor
1495 2020 1816 2089 exstiterit;
1847 2021 1947 2076 sed
1980 2021 2088 2076 hoc
2121 2022 2316 2093 potius
2343 2022 2401 2076 in
2433 2021 2710 2077 honorem
2742 2021 2870 2092 ejus
2891 2023 3111 2092 vergat,
3144 2021 3295 2091 quod
3319 2019 3582 2076 elabora-

151 2118 530 2174 tissimorum
562 2115 906 2188 scriptorum
935 2127 1179 2170 suorum
1211 2111 1379 2184 c0pia
1413 2111 1788 2184 polygraphis
1811 2111 2199 2166 eruditissimi
2220 2111 2444 2184 ingenii
2473 2111 2683 2167 debeat
2697 2110 3092 2177 adnumerari,
3125 2109 3226 2181 qui
3251 2109 3571 2166 multorum

152 2208 528 2266 voluminum
554 2205 951 2280 publicatione
984 2203 1224 2259 nomina
1254 2218 1361 2258 sua
1391 2201 1772 2258 reddiderunt
1803 2199 2074 2257 illustria.
2109 2201 2171 2257 In
2204 2217 2270 2257 eo
2318 2201 2476 2259 enim
2518 2202 2666 2257 mire
2718 2201 3097 2258 consentiunt
3142 2217 3368 2268 omnes,
3429 2217 3575 2273 quos

156 2301 380 2373 prisca,
407 2313 555 2370 quos
589 2295 782 2352 media
813 2295 946 2350 tulit
977 2298 1138 2363 setas,
1173 2293 1508 2366 scriptores,
1541 2296 1598 2349 et
1626 2309 1744 2348 uno
1777 2292 1946 2366 quasi
1970 2309 2068 2350 ore
2098 2293 2471 2365 conﬁtentur,
2504 2293 2860 2361 Melitonem,
2914 2293 2988 2348 ob
3038 2292 3324 2362 insignem
3375 2293 3572 2348 erudi-

151 2391 378 2446 tionem
427 2393 483 2444 et
511 2387 877 2459 egregiorum
909 2383 1260 2456 scriptorum
1293 2381 1540 2454 copiam,
1577 2382 1699 2438 suis
1729 2383 2090 2453 temporibus
2123 2400 2306 2438 unum
2337 2383 2601 2440 omnium
2638 2384 2890 2440 maxime
2919 2383 3212 2439 exstitisse
3263 2381 3569 2452 celebrem,

152 2488 487 2561 Polycrates
515 2487 656 2558 (66),
686 2484 900 2557 Ephesi
927 2484 1260 2556 episcopus,
1297 2483 1356 2536 in
1389 2499 1497 2538 sua
1527 2482 1595 2537 ad
1627 2480 1916 2538 Victorem
1942 2481 2188 2552 epistola
2219 2482 2495 2554 synodica
2525 2481 3176 2539 honoriﬁcentissimam
3203 2483 3332 2553 ejus
3366 2482 3571 2554 injecit

153 2578 540 2643 mentionem,
573 2576 963 2646 eumdemque
991 2575 1141 2628 inter
1171 2571 1462 2644 principes
1491 2571 1674 2627 totius
1706 2570 1854 2626 Asiae
1886 2571 2119 2643 ingenio
2152 2572 2536 2644 doctrinaque
2565 2573 2719 2629 viros
2751 2573 3100 2628 numeravit.
3135 2573 3405 2628 Bullinus
3427 2574 3567 2647 (67).

155 2669 558 2740 fragmentum
590 2681 658 2720 ex
695 2665 822 2734 ejus
852 2663 1114 2735 Apologia
1145 2661 1413 2729 atterens,
1447 2682 1475 2711 «
1499 2660 1620 2715 haec
1643 2665 1700 2716 et
1741 2659 1922 2716 multa
1964 2661 2078 2716 alia
2109 2661 2381 2716 nobiliter
2436 2664 2509 2716 ab
2563 2679 2628 2717 eo
2677 2662 2891 2734 scripta
2942 2663 3146 2728 fuisse,
3172 2683 3200 2712 »
3240 2664 3569 2735 subjungit.

159 2756 452 2814 Eusebius
480 2754 615 2827 (68),
649 2763 850 2809 contra
872 2757 1242 2809 Artemonem
1271 2757 1324 2807 et
1356 2750 1600 2808 Paulum
1624 2756 2097 2807 Samosatensem
2126 2751 2280 2806 edita
2311 2753 2527 2823 scripta
2551 2768 2879 2818 recensens,
2904 2752 2984 2806 ita
3005 2755 3241 2807 tandem
3261 2753 3568 2823 exclamat,

162 2847 249 2902 Τὰ
283 2841 340 2899 δὲ
380 2843 680 2918 Εῗρηναίου
716 2861 775 2896 τε
813 2841 902 2895 καὶ
939 2839 1278 2912 Μελίτωνος,
1316 2842 1404 2896 καὶ
1447 2845 1554 2895 τῶν
1579 2839 1711 2896 λοιπ

2022 2843 2138 2894 ’νοεῖ
2178 2836 2371 2916 βιϐλία
2411 2859 2424 2910 ;
2465 2866 2484 2892 α
2521 2842 2716 2898 Ιτεηωὶ
2750 2859 2882 2898 vero
2913 2846 2971 2898 et
2999 2841 3307 2907 Melitonis,
3338 2849 3571 2900 caetero-

157 2952 411 3006 rumque
441 2933 741 2989 volumina
771 2933 906 3004 quis
945 2933 1176 3005 ignorat
1203 2933 1230 2988 ?
1261 2954 1290 2984 ››
1325 2933 1483 2988 Idem
1515 2932 1804 2987 Eusebius
1836 2932 1972 3004 (69),
1997 2935 2332 3004 pracipuos
2367 2933 2534 2988 istius
2567 2934 2756 2989 astatis
2787 2933 3095 3005 scriptores
3141 2933 3568 2992 ecclesiasticos

147 3043 508 3083 enumerans
545 3023 915 3092 ;Melitonem
949 3039 1182 3094 quoque
1216 3023 1370 3078 inter
1397 3039 1496 3078 eos
1528 3038 1640 3076 non
1675 3021 1926 3087 reticuit,
1960 3022 2060 3076 sed
2086 3022 2164 3075 ita
2195 3025 2306 3078 sub
2335 3024 2509 3077 linem
2543 3022 2746 3095 capitis
2779 3023 3002 3079 addidit
3036 3023 3162 3080 ςὨν
3187 3031 3276 3078 καὶ
3319 3021 3393 3084 εἰς
3414 3025 3564 3095 ἡμᾶς

145 3122 251 3185 τῆς
292 3111 666 3181 ἀποστολικῆς
707 3108 1055 3186 παράδὸσεως
1095 3113 1130 3180 ἡ
1171 3116 1269 3179 τῆς
1311 3109 1495 3186 ὑγιοῦς
1535 3108 1694 3164 πίστεη

2021 3129 2077 3171 ος
2117 3108 2382 3178 κατῆλθεν
2423 3108 2724 3185 ὀρθοδοξία,
2768 3134 2796 3163 ι(
2828 3130 3078 3185 quorum
3113 3115 3374 3169 omnium
3407 3114 3562 3186 libri,

141 3208 440 3263 sinceram
473 3203 805 3276 apostolicae
835 3200 1168 3257 traditionis
1200 3216 1264 3256 ac
1291 3216 1437 3256 verae
1489 3199 1628 3254 fidei
1681 3201 2006 3256 doctrinam
2039 3201 2424 3264 continentes,
2457 3203 2526 3256 ad
2587 3218 2694 3257 nos
2733 3189 2936 3274 usque
2997 3209 3405 3274 pervenerunt.
3438 3227 3466 3254 »
3499 3210 3565 3261 Et

145 3296 291 3353 alibi
323 3297 430 3365 (70)
464 3309 478 3349 :
509 3293 634 3349 Ἐπὶ
673 3288 845 3345 τῶνδε
881 3290 972 3344 καὶ
1008 3287 1261 3347 Maltith
1300 3295 1400 3358 τῆς
1442 3287 1493 3342 ἐν
1534 3285 1756 3363 Σάρδεσι
1796 3289 2084 3363 παροικίας
2119 3288 2442 3357 Eximio-.104,
2487 3289 2908 3364 ’Δπολλινάριός
2938 3313 2996 3346 τε
3032 3294 3131 3360 τῆς
3174 3291 3226 3348 ἐν
3261 3291 3562 3368 Ἱεραπόλει

137 3383 458 3456 διαπρεπῶς
482 3381 750 3455 ἤκμαζον.
785 3405 812 3432 ‹‹
848 3382 1059 3436 Iisdem
1099 3380 1460 3450 temporibus
1481 3378 1672 3434 ΜειΙίἰο

2012 3384 2101 3436 iet
2130 3380 2486 3451 Apollinaris
2518 3381 2987 3454 Hierapolitanus
3019 3383 3298 3454 episcopi,
3326 3401 3561 3441 summa

131 3476 316 3532 laude
357 3475 690 3546 viguerunt.
725 3492 754 3522 ››
786 3469 1144 3526 Tertulliano
1175 3477 1444 3525 ornatum
1473 3470 1598 3540 ejus
1628 3469 1859 3524 dicendi
1887 3471 2294 3540 scribendique
2313 3487 2498 3542 genus
2527 3472 2743 3527 mirum
2775 3473 2834 3528 in
2872 3473 3110 3528 modum
3161 3473 3382 3543 arrisit,
3414 3479 3558 3530 teste

133 3567 494 3636 Hieronymo
528 3563 661 3633 (71),
686 3561 785 3632 qui
809 3560 1045 3632 elegans
1077 3559 1204 3629 ejus
1227 3565 1283 3614 et
1306 3559 1786 3614 declamatorium
1812 3558 2114 3630 ingenium
2147 3558 2422 3615 laudasse
2438 3560 2869 3616 Tertullianum
2893 3562 3184 3617 memoriae
3205 3562 3478 3633 prodidit,
3501 3567 3557 3619 et

133 3657 271 3729 ipse
294 3655 362 3710 de
393 3654 664 3711 Melitone
699 3663 899 3708 nostro
932 3652 1012 3706 ita
1043 3667 1275 3722 quoque
1307 3649 1446 3706 alibi
1480 3649 1630 3720 (72):
1665 3672 1693 3700 ‹‹
1719 3650 1865 3715 Quid
1905 3649 2112 3722 loquar
2142 3650 2211 3706 de
2271 3649 2564 3720 Melitone,
2618 3651 2894 3707 Sardensi
2951 3652 3249 3723 episcopo,
3309 3651 3448 3722 quid
3484 3652 3555 3708 de

131 3744 522 3817 Apollinario,
545 3746 680 3809 etc.,
714 3741 812 3814 qui
846 3740 1102 3812 origines
1130 3740 1439 3795 haeresium
1473 3739 1864 3811 singularum,
1897 3744 1953 3794 et
1982 3756 2050 3795 ex
2081 3740 2296 3812 quibus
2322 3742 2802 3813 philosophorum
2837 3742 3096 3796 fontibus
3129 3743 3557 3813 emanaverint,

128 3833 344 3892 multis
374 3831 772 3888 voluminibus
796 3829 1248 3902 explicarunt?»
1283 3835 1416 3884 Haec
1441 3828 1722 3900 satisjam
1743 3829 1868 3898 jam
1895 3845 2182 3900 superque
2213 3831 2503 3898 evincunt,
2528 3830 2818 3886 Melitonis
2846 3830 3060 3901 scripta
3080 3847 3193 3884 non
3223 3831 3554 3902 proletaria,

129 3925 238 3982 sed
274 3922 489 3979 eximia
519 3937 759 3994 prorsus
787 3921 984 3986 fuisse,
1014 3920 1402 3991 eumdemque
1436 3920 1584 3975 inter
1615 3923 1850 3974 caeteros
1881 3935 2000 3974 sum
2041 3919 2224 3975 relatis
2256 3919 2430 3986 viros,
2473 3921 2545 3976 de
2577 3919 2829 3975 Ecclesia
2853 3921 2951 3975 Dei
2983 3925 3040 3974 et
3064 3920 3214 3974 fama
3239 3925 3296 3974 et
3317 3919 3554 3992 scriptis

124 4016 312 4085 longe
342 4011 775 4079 meritissimos,
810 4010 1059 4065 maxime
1082 4011 1376 4065 exstitisse
1398 4007 1706 4066 celebrem.
1742 4009 1978 4064 Possem
2014 4013 2284 4080 praeterea
2310 4010 2366 4064 in
2399 4011 2968 4066 commendationem
3004 4010 3356 4079 scriptorum
3383 4028 3415 4065 a
3439 4012 3552 4066 Me-

129 4107 320 4161 litone
343 4108 706 4158 exaratorum
729 4101 869 4156 illud
899 4117 1132 4172 quoque
1163 4099 1530 4172 Eusebii(73)
1553 4100 1812 4156 curatius
1839 4105 2126 4164 excutere,
2151 4100 2247 4154 ubi
2277 4103 2601 4172 generatim
2626 4102 2919 4156 memoriae
2945 4101 3012 4154 de
3035 4100 3243 4155 iisdem
3271 4101 3547 4170 prodidit,

134 4215 168 4244 ‹‹
203 4191 421 4248 Christi
451 4191 811 4245 divinitatem
845 4190 904 4244 in
937 4189 1146 4245 iisdem
1180 4189 1383 4254 astrui,
1415 4189 1809 4258 eumdemque
1840 4187 2022 4243 Deum
2055 4188 2232 4243 simul
2264 4195 2434 4258 atque
2467 4189 2762 4244 hominem
2791 4191 3087 4258 praedicari
3119 4190 3179 4245 in
3213 4189 3307 4255 iis,
3333 4212 3359 4240 »
3383 4187 3434 4244 ἐν
3462 4192 3548 4252 οἷς

131 4282 306 4337 Eiram
351 4278 692 4353 θεολογεῖται
735 4279 762 4332 ὁ
803 4277 1104 4349 Χριστός...
1151 4271 1339 4350 βιϐλία
1371 4277 1499 4331 Θεὸν
1541 4276 1628 4329 καὶ
1669 4275 1953 4351 ἄνθρωπον
1993 4275 2438 4354 καταγγέλλοντα
2478 4278 2569 4332 τὸν
2614 4279 2867 4349 Χριστόν.
2905 4282 3136 4335 Possem
3196 4295 3442 4352 Insuper
3475 4281 3546 4336 ad

132 4371 519 4426 Anastasium
555 4369 839 4426 Sinaitam
865 4369 976 4440 (74)
1011 4384 1341 4439 provocare,
1375 4369 1475 4439 qui
1506 4369 1677 4423 eumd

1996 4367 2069 4420 ιαὶ
2109 4369 2384 4445 πάνσοφον
2412 4366 2464 4422 ἐν
2489 4364 2862 4436 διδασκάλοις,
2905 4369 3170 4423 divinum
3228 4374 3284 4423 et
3314 4370 3545 4442 sapien-

127 4459 435 4517 tissimum
466 4461 620 4515 inter
650 4461 936 4523 doctores,
969 4456 1248 4534 Θεὸσοφον,
1270 4456 1489 4513 caelesti
1523 4457 1854 4529 cognitione
1885 4457 2284 4525 excellentem,
2310 4463 2556 4514 vocavit.
2580 4462 2818 4516 Possem
2851 4459 3159 4530 Nicephori
3184 4459 3546 4532 aliorumque

127 4549 526 4610 recentiorum
559 4547 620 4604 in
652 4548 907 4603 melium
936 4545 1190 4617 proferre
1221 4547 1575 4617 testimonia,
1614 4545 1825 4618 quibus
1855 4547 2088 4616 scriptis
2122 4546 2513 4604 Melitonianis
2546 4548 2795 4619 pretium
2823 4553 3114 4605 statuatur
3144 4549 3299 4604 haud
3336 4549 3470 4608 vile.

352 4673 383 4747 §
414 4674 482 4730 ll.
512 4674 804 4731 Librorum
835 4689 875 4728 α
905 4671 1160 4728 Mclitone
1194 4673 1521 4744 scriptorum
1552 4672 1869 4743 catalogum
1916 4670 2091 4728 multi
2117 4671 2404 4730 dederunt.
2439 4673 2659 4729 Eusebii
2684 4673 2994 4730 earumdem
3023 4673 3324 4745 catalogus.

200 4800 312 4855 Sed
348 4800 518 4855 mitto
545 4798 689 4866 haec,
715 4797 964 4870 noloque
994 4796 1217 4852 diutius
1238 4795 1298 4851 in
1329 4796 1456 4870 ipso
1483 4796 1901 4853 statimlimine
1933 4796 2172 4866 haerere,
2197 4798 2342 4870 quin
2377 4799 2571 4869 potius
2595 4799 2665 4855 ad
2695 4797 2987 4854 Melitonis
3016 4798 3375 4855 recensenda
3399 4798 3538 4854 scri-

135 4901 240 4963 pta
271 4906 533 4961 propero,
568 4905 813 4958 quorum
847 4905 962 4944 non
987 4905 1139 4944 unus
1171 4887 1387 4944 alterve
1413 4894 1666 4955 tantum,
1701 4889 1802 4944 sed
1841 4889 2262 4961 quamplurimi
2300 4894 2560 4946 veterum
2619 4895 2885 4946 exactum
2939 4890 3078 4946 dare
3135 4888 3536 4946 allaborarunt

122 4979 487 5052 catalogum.
521 4978 832 5035 Contexuit
870 4994 1070 5034 eorum
1105 4977 1430 5035 indiculum
1465 4995 1581 5034 non
1614 4980 1785 5035 modo
1804 4979 2085 5036 Eusebius
2111 4980 2244 5053 (75),
2280 4979 2472 5036 omnis
2505 4981 2757 5036 historiae
2789 4996 2962 5036 sacra:
2997 4981 3125 5036 lons
3150 4986 3323 5052 atque
3344 4985 3534 5036 scatu-

195 5161 311 5236 (65)
340 5163 559 5236 Seneca
583 5159 954 5236 epistol._19.
1047 5230 1058 5236 _
1579 5232 1601 5236 Α
1624 5231 1636 5236 _
1890 5160 2069 5236 w(72)
2102 5161 2274 5236 idem
2293 5159 2464 5236 epist.
2495 5160 2588 5229 83,
2618 5163 2744 5216 tom.
2780 5159 2853 5215 IV
2889 5161 3050 5233 0pp.,
3099 5164 3252 5236 part.
3312 5179 3374 5233 tr,
3431 5161 3533 5222 fol.

195 5233 307 5303 (66)
336 5233 503 5303 Apud
541 5228 747 5287 Euseb.
783 5229 920 5303 Hist.
949 5230 1136 5303 eccles.
1169 5228 1272 5284 lib.
1305 5245 1358 5298 v,
1391 5245 1520 5303 cap.
1574 5231 1665 5285 24.
1879 5228 2006 5300 656,
2050 5228 2187 5287 edit.
2225 5228 2492 5288 Martian.

220 5305 312 5379 67)
347 5300 565 5360 Ριιιιῐῑη.
601 5303 737 5379 Hist.
771 5300 1101 5379 ecc_les._l_i_b.
1137 5317 1216 5366 iv,
1255 5301 1506 5379 cap.u25.
1880 5373 1894 5379 _
1953 5305 2301 5379 (73)_Eu_s_eb.
2331 5303 2468 5379 Hist.
2503 5305 2688 5360 eccles.
2723 5303 2825 5359 lib.
2875 5321 2928 5373 ν,
2961 5320 3085 5376 cap.
3143 5305 3236 5372 28,
3289 5304 3360 5361 de
3411 5322 3526 5379 quo

218 5372 309 5445 68)
337 5379 550 5430 Euseb.
579 5376 724 5429 Hist.
755 5374 950 5428 eccles.
977 5372 1084 5445 lib.
1120 5389 1172 5437 ν,
1206 5388 1334 5443 cap.
1366 5372 1457 5445 28.
1880 5373 2004 5431 loco
2032 5372 2302 5444 pluribus
2333 5376 2505 5432 infra.

200 5443 312 5521 (69)
341 5448 497 5521 idem
533 5449 678 5521 Hist.
704 5447 892 5521 eccles.
928 5444 1029 5521 lib.
1054 5460 1131 5510 ιν,
1165 5461 1291 5514 cap.
1323 5444 1485 5521 21..Δ
1571 5515 1601 5521 _
1693 5515 1714 5521 _

1978 5443 2062 5517 74)
2094 5449 2435 5521 Anastasius
2466 5448 2530 5521 in
2559 5443 2801 5521 Ὀδηγῷ,
2837 5464 2942 5502 seu
3003 5449 3146 5521 Duce
3175 5447 3285 5506 via:
3331 5448 3527 5504 adver-

123 5531 146 5594 ‘W
199 5514 310 5594 (79)
341 5517 498 5594 Idem
535 5517 670 5594 Hist.
703 5519 889 5594 eitctes.
941 5515 1042 5571 lib.
1107 5531 1359 5594 Ινζῌοειρ.
1420 5514 1509 5571 26.
1563 5515 1770 5571 Confer
1878 5514 1970 5573 sus
2001 5514 2314 5594 acephalos,
2350 5536 2477 5592 cap.
2513 5520 2604 5591 i3,
2635 5514 2769 5594 pag.
2804 5521 2932 5588 258,
2965 5520 3108 5576 edit.
3137 5521 3339 5579 Jacob.
3383 5521 3526 5578 Gre-

117 5587 341 5646 Rutﬁn.
379 5592 515 5645 Hist.
548 5591 738 5645 eccles.
777 5590 878 5644 lib.
924 5603 1002 5657 ιν,
1026 5603 1152 5656 cap.
1179 5587 1269 5641 25.
1878 5590 2037 5645 tseri.

185 5661 300 5733 (71)
332 5665 672 5735 Hieronym.
701 5661 958 5732 Catatog.
992 5659 1250 5730 scriptor.
1298 5659 1483 5714 eccles.
1519 5673 1644 5729 cap.
1675 5659 1767 5719 24,
1949 5661 2076 5731 (75)
2100 5661 2306 5718 Euseb.
2342 5663 2479 5721 Hist.
2513 5664 2698 5721 eccles.
2733 5663 2835 5720 lib.
2869 5681 2944 5733 xv,
2970 5681 3094 5736 cap.
3127 5665 3219 5722 26.
