3922 6304
391 397 550 463 1187
1471 394 1534 456 S.
1579 397 1884 460 MELITO
1926 399 1975 460 S.

2154 400 2278 462 [ΗΜ
2321 399 2776 467 EPISGOPUS.
3657 411 3815 473 1188

391 537 518 609 rigo
560 555 576 606 ;
609 535 707 592 sed
741 538 799 590 et
828 533 984 590 idem
1018 530 1419 604 prastiterunt
1450 529 1838 604 Hieronymus
1877 533 2013 604 (76),
2045 533 2313 590 Rufﬁnus
2333 535 2473 608 (77),
2507 537 2795 596 Honorius
2837 540 3390 614 Augustodunensis
3419 542 3559 615 (78),
3635 543 3802 600 Nice-

395 629 617 701 phorus
649 626 786 700 (79),
808 622 1169 680 'l‘ritbemius
1202 621 1336 692 (80),
1369 621 1570 677 Sixtus
1598 622 1874 677 Senensis
1907 622 2041 695 (8t),
2077 622 2292 696 aliique
2315 628 2660 684 recentiores
2691 645 2840 702 quos
2871 633 3053 686 taceo.
3109 631 3252 687 Cum
3296 635 3498 688 autem
3561 633 3663 688 isti
3691 634 3800 690 fere

392 745 594 787 omnes
623 744 692 782 ex
722 726 1090 796 Hieronymo,
1113 721 1498 792 Hieronymus
1531 737 1664 776 vero
1691 737 1760 776 ex
1785 721 2024 778 Eusebio
2057 740 2164 779 sua
2195 724 2466 793 habeant,
2495 728 2566 783 ad
2600 729 2880 798 majorem
2911 731 2993 785 rei
3025 732 3498 802 perspicuitatem
3529 733 3668 804 ipsa
3689 735 3799 789 Eu-

393 819 540 876 sebii
571 817 746 872 verba
777 828 1064 886 apponam
1102 828 1116 874 ;
1150 817 1275 865 tum
1309 811 1462 882 quod
1498 812 1577 865 sit
1606 811 2058 884 antiquissimus
2090 815 2354 870 omnium
2386 817 2656 889 scriptor,
2691 820 3041 892 dulciusque
3065 823 3279 892 exipso
3341 823 3499 878 fonte
3525 825 3804 881 bibantur

390 925 588 984 aquas;
620 913 742 962 tum
760 904 914 976 quod
942 903 1020 957 sit
1050 899 2086 975 locupletissimusexactissimusque
2109 922 2124 972 ;
2146 909 2266 960 tum
2288 906 2687 977 demumideo,
2712 911 2867 982 quod
2893 909 3221 981 catalogum
3237 927 3414 966 suum
3433 927 3503 968 ex
3527 913 3806 982 ipsismet

392 999 682 1060 Melitonis
711 995 900 1065 libris,
931 1009 1078 1065 quos
1113 989 1571 1046 instructissima
1602 991 1974 1048 Caesariensis
1999 995 2265 1050 servabat
2296 997 2677 1069 bibliotheca,
2705 1001 3023 1056 confecisse
3078 1001 3363 1056 videatur.
3429 1002 3800 1060 Brevissimis

390 1093 634 1163 insuper
662 1086 958 1150 indicabo,
999 1081 1219 1154 quibus
1250 1080 1307 1134 in
1342 1081 1518 1135 rebus
1549 1079 1822 1136 differant
1861 1081 2092 1154 reliqui,
2124 1086 2339 1157 etquid
2374 1087 2448 1142 ab
2477 1087 2686 1146 iisdem
2719 1090 2894 1146 fuerit
2921 1096 3246 1162 peccatum.

457 1183 550 1238 Sic
571 1180 754 1253 igitur
783 1175 1068 1233 Eusebius
1100 1188 1114 1226 :
1148 1193 1178 1222 ‹‹
1211 1171 1294 1226 Ex
1323 1169 1490 1226 libris
1518 1174 1712 1226 autem
1739 1171 2046 1244 utriusque
2075 1172 2309 1232 illorum
2361 1177 2676 1250 (Melitonis
2705 1180 2929 1238 scilicet
2983 1181 3274 1248 Sardiani,
3323 1189 3381 1239 et
3438 1181 3804 1256 Apollinaris

389 1267 806 1344 Hierapolitani
835 1263 1138 1338 episcopi),
1173 1259 1256 1330 bi,
1285 1275 1432 1331 quos
1461 1259 1612 1318 infra
1638 1260 2024 1332 subjecimus,
2053 1264 2125 1319 ad
2159 1269 2418 1323 nostram
2452 1268 2716 1326 notitiam
2758 1273 3166 1344 pervenerunt.
3225 1269 3528 1328 Melitonis
3559 1271 3801 1344 quidem

383 1361 566 1414 sunt:

419 1485 470 1539 1.
505 1482 664 1540 Libri
691 1479 801 1536 duo
836 1478 902 1534 de
932 1476 1212 1533 Paschale.

414 1577 470 1630 2.
505 1574 578 1629 De
589 1578 738 1628 recta
758 1568 973 1626 vivendi
993 1567 1204 1622 ratione
1223 1563 1350 1621 etde
1357 1563 1638 1637 prophetis
1661 1565 1803 1622 liber
1820 1583 1984 1624 unus.

417 1664 470 1718 3.
503 1660 657 1716 Alius
689 1658 822 1715 item
847 1657 913 1713 de
934 1655 1194 1712 Ecclesia.

2174 1484 2223 1536 1.
2257 1479 2340 1538 Τὰ
2371 1483 2502 1557 Περὶ
2535 1486 2633 1538 τοῦ
2665 1484 2883 1563 Πάσχα,
2917 1481 3036 1554 δύο,

2168 1575 2222 1628 2.
2257 1571 2354 1626 Καὶ
2381 1571 2445 1627 τὸ
2469 1571 2592 1648 περῖ
2622 1571 2930 1644 πολιτείας,
2962 1573 3052 1628 καὶ
3083 1577 3397 1654 προφητῶν.

2168 1664 2221 1717 3.
2256 1661 2354 1716 Καὶ
2383 1661 2412 1716 6
2442 1661 2565 1738 περὶ
2599 1663 2951 1734 Ἑκκλησίας,

2167 1755 2220 1807 4.
2253 1751 2352 1805 Καὶ
2383 1753 2412 1806 6
2442 1751 2565 1827 περὶ
2596 1755 2874 1828 Κυριακῆς
2908 1751 3094 1829 λόγος.

2168 1845 2220 1896 5.
2253 1845 2371 1896 Ἔτι
2407 1837 2463 1895 δὲ
2501 1841 2532 1895 6
2561 1842 2686 1916 περί
2726 1841 2938 1914 φύσεως
2968 1841 3278 1919 ἀνθρώπου,

2166 1932 2219 1985 6.
2254 1928 2358 1984 Καὶ
2388 1929 2417 1984 6
2443 1929 2568 2004 περὶ
2598 1927 2872 2000 πλάσεως,

2165 2022 2219 2075 ’7.
2248 2017 2344 2072 Καὶ
2377 2018 2406 2072 6
2445 2018 2568 2093 περὶ
2601 2017 2846 2088 ὑπακοῆς
2875 2017 3109 2084 πίστεως
3139 2019 3462 2096 αἰσθηρίων,

2164 2110 2216 2163 8.
2253 2107 2352 2164 Καὶ
2382 2108 2520 2182 πρὸς
2547 2107 2762 2172 τούτοις
2791 2109 2820 2162 ὁ
2855 2109 2980 2182 περὶ
3011 2111 3202 2184 ψυχῆς
3228 2109 3323 2165 καὶ
3349 2111 3650 2186 σώματος.

2165 2199 2218 2252 9.
2251 2196 2351 2251 'Hv
2383 2193 2435 2249 ἐν
2467 2197 2550 2258 οἷς
2580 2195 2672 2251 καὶ
2711 2196 2740 2250 6
2770 2197 2894 2272 περὶ
2950 2195 3206 2272 λουτροῦ,

2130 2286 2214 2340 10.
2248 2285 2345 2339 Καὶ
2380 2285 2408 2338 6
2441 2285 2564 2358 περὶ
2595 2283 2878 2356 ἀληθείας,

2130 2377 2215 2431 11.
2249 2373 2348 2429 Καὶ
2379 2376 2503 2448 περί
2533 2373 2760 2438 κτίσεως
2785 2374 2876 2430 καὶ
2905 2377 3166 2450 γενέσεως
3195 2379 3470 2450 Χριστοῦ.

2129 2467 2216 2518 12.
2249 2461 2348 2516 Καὶ
2379 2461 2550 2538 λόγος
2579 2463 2745 2518 αὐτοῦ
2773 2464 2900 2538 περὶ
2929 2464 3290 2542 προφητείας,

2129 2555 2215 2608 13.
2251 2551 2352 2607 Καὶ
2385 2552 2413 2606 6
2445 2552 2568 2626 περὶ
2595 2550 2922 2628 φιλοξενίας,

2129 2644 2215 2696 14.
2249 2639 2351 2696 Καὶ
2381 2642 2417 2709 ἡ
2451 2638 2640 2702 Κλείς.

2126 2733 2214 2787 15.
2247 2730 2351 2786 Καὶ
2387 2730 2456 2785 τὰ
2483 2731 2609 2804 περὶ
2639 2733 2736 2786 τοῦ
2767 2727 3055 2800 διαϐόλου,

2127 2820 2212 2871 16.
2241 2815 2348 2872 Καὶ
2378 2817 2502 2891 περὶ
2531 2823 2631 2886 τῆς
2657 2816 3090 2894 Ἀποκαλύψεως
3117 2819 3402 2890 Ἰωάννου,

2127 2909 2214 2962 17.
2242 2905 2341 2959 Καὶ
2373 2905 2402 2960 6
2433 2904 2558 2979 περὶ
2583 2904 2901 2980 ἐνσωμάτου
2931 2911 3094 2966 Θεοῦ.

2129 2997 2213 3052 18.
2248 2995 2372 3052 Ἐπὶ
2403 2999 2534 3050 πᾶσι
2563 2996 2654 3050 καὶ
2684 2999 2747 3051 τὸ
2775 2999 2912 3072 πρὸς
2945 2998 3263 3056 Ἀντωνῖνον
3300 2995 3618 3076 βιϐλίδιον.

416 1753 469 1809 4.
502 1751 658 1806 Atius
695 1749 760 1804 de
789 1747 879 1802 die
907 1745 1213 1800 Dominica.

410 1845 466 1900 5.
499 1845 590 1898 Est
617 1847 668 1896 et
697 1838 762 1894 de
789 1841 994 1892 natura
1022 1832 1263 1891 hominis
1292 1833 1436 1889 liber
1465 1848 1627 1888 unus.

411 1937 466 1990 6.
503 1934 564 1989 Et
593 1931 666 1986 de
692 1927 977 1987 creatione
1005 1941 1174 1996 unus,

413 2024 468 2079 7.
504 2022 655 2079 Alius
677 2019 740 2076 de
772 2014 1084 2075 obedientia
1111 2030 1371 2072 sensuum
1397 2013 1560 2084 ﬁdei,

413 2115 469 2169 8.
501 2113 778 2168 Przlerea
807 2111 856 2164 et
880 2107 1019 2162 liber
1046 2104 1114 2160 de
1135 2107 1324 2161 anima
1351 2115 1404 2161 et
1432 2123 1674 2180 corpore.

412 2203 466 2260 9.
499 2204 648 2259 Inter
676 2199 802 2254 illos
828 2201 997 2252 etiam
1025 2197 1144 2251 erat
1173 2193 1238 2252 de
1267 2197 1511 2255 lavacro.

379 2293 467 2350 10.
495 2293 563 2347 Et
591 2289 657 2344 de
683 2288 915 2343 veritate
944 2285 1111 2352 liber,

378 2383 466 2437 11.
501 2384 564 2436 Et
583 2378 730 2434 alius
761 2377 828 2431 de
851 2373 1068 2430 conditu
1099 2379 1155 2427 et
1184 2373 1541 2442 generatione
1571 2374 1797 2430 Christi.

380 2473 468 2526 12.
497 2471 572 2524 Et
603 2467 742 2522 liber
769 2465 890 2536 ejus
919 2462 984 2518 de
1005 2461 1308 2533 prophetia.

379 2559 468 2614 13.
492 2558 555 2612 Et
583 2571 728 2611 unus
756 2552 822 2608 de
852 2551 1268 2625 hospitalitate.

379 2650 466 2704 14.
491 2648 554 2702 Et
581 2644 730 2700 alius
758 2643 858 2715 qui
887 2639 1070 2696 Clavis
1097 2639 1444 2697 inscribitur.

377 2739 464 2794 15.
498 2733 628 2792 Alia
659 2733 788 2789 item
807 2731 1010 2802 scripta
1039 2729 1104 2786 de
1131 2729 1370 2796 diabolo,

371 2827 396 2884 4
407 2829 462 2884 6.
495 2826 557 2882 Et
578 2825 644 2880 de
667 2819 1004 2894 Apocalypsi
1028 2821 1292 2888 Joannis,

376 2918 464 2972 17.
499 2917 561 2972 Et
589 2915 658 2969 de
687 2913 794 2968 Deo
825 2917 1130 2980 corporale.

373 3007 464 3064 18.
494 3006 806 3062 Postremus
834 3000 1082 3056 omnium
1121 3005 1197 3054 est
1225 2997 1449 3054 libellus
1479 2998 1549 3054 ad
1577 2999 1936 3054 Antoninum.

447 3121 687 3190 Quibus,
710 3116 1069 3188 interpositis
1099 3114 1442 3189 fragmentis
1480 3113 1800 3186 nonnullis,
1834 3115 2070 3170 tandem
2094 3113 2206 3169 sub
2236 3113 2412 3170 finem
2441 3113 2652 3185 capitis
2681 3114 3000 3173 adduntur.

375 3239 462 3294 19.
491 3237 882 3308 Excerplorum
918 3233 1053 3289 libri
1078 3247 1195 3288 sex.

2154 3232 2217 3284 ,9.
2251 3226 2531 3303 Ἐκλογῶν
2563 3226 2618 3300 ἓξ
2643 3223 2856 3305 βιϐλία,

442 3365 560 3421 Ηοο
591 3363 794 3420 ordine
825 3361 1052 3432 hacque
1083 3358 1232 3414 serie
1263 3357 1633 3414 Caesariensis
1653 3355 1946 3413 Melitonis
1966 3357 2331 3412 enumeravit
2361 3357 2600 3430 scripta,
2627 3373 2896 3429 quorum,
2944 3375 3010 3416 ex
3040 3361 3243 3418 eodem
3274 3377 3520 3434 quoque
3550 3370 3786 3422 auctore

367 3453 690 3524 calalogum
711 3451 871 3506 dedit
902 3447 1222 3504 Halloixius
1249 3447 1384 3518 (82),
1413 3454 1501 3502 ast
1533 3446 2049 3502 valdediversuma
2075 3454 2306 3515 nostro;
2334 3463 2516 3502 unum
2547 3447 2700 3503 enim
2719 3449 2988 3520 etviginti
3023 3453 3312 3522 numerat,
3345 3450 3451 3522 ita,
3479 3457 3548 3508 ut
3570 3471 3781 3526 prorsu

365 3544 645 3609 nescium,
680 3553 998 3612 quamnam
1030 3536 1362 3592 adhibuerit
1390 3535 1622 3591 Eusebii
1653 3536 1992 3592 editionem.
2027 3535 2235 3592 Valesii
2265 3541 2324 3592 et
2345 3536 2644 3609 Readingii
2686 3536 2830 3592 mihi
2870 3539 2945 3594 ad
2977 3555 3190 3596 manus
3221 3540 3351 3608 fuit,
3413 3557 3446 3596 a
3509 3557 3640 3612 qua
3671 3561 3782 3600 non

369 3632 482 3689 nisi
514 3627 692 3687 semel
729 3627 963 3683 recessi.

1213 3719 1242 3786 §
1275 3716 1376 3773 IIl.
1411 3717 1632 3772 Eusebii
1657 3717 1952 3786 Catalogus
1991 3732 2116 3772 cum
2143 3718 2583 3791 Hieronymiano
2611 3720 2917 3789 confertur.

431 3843 516 3899 Ab
545 3839 794 3898 Eusebio
823 3839 882 3894 in
916 3835 1116 3910 paucis
1146 3837 1408 3892 diversus
1439 3839 1531 3892 est
1569 3835 1977 3908 Hieronymus.
2010 3835 2325 3908 Apologiam
2347 3834 2509 3892 enim
2541 3835 2728 3908 primo
2759 3835 2885 3894 loco
2917 3837 3230 3908 recensuit,
3263 3854 3442 3911 quam
3479 3839 3775 3900 Eusebius

356 3934 588 4000 ultimo,
621 3929 900 4002 temporis
934 3944 1048 3984 non
1079 3926 1282 3983 habita
1311 3926 1554 3983 ratione.
1577 3925 1795 3982 Deinde
1833 3923 1975 3980 librc

2154 3924 2216 3998 :pl
2257 3924 2468 4002 φύσεώς
2511 3925 2796 4002 ἀνθρώπου
2835 3927 3052 3984 omisit.
3105 3932 3282 3985 Porro
3338 3929 3568 3988 librum
3645 3934 3770 4006 Περὶ

357 4023 604 4091 ὑπακοῆς
641 4018 872 4080 πίστεως
911 4015 1304 4090 αἰσθητηρίων,
1345 4031 1509 4088 quem
1537 4015 1785 4088 septimo
1817 4014 1944 4072 loco

2154 4016 2342 4072 isebio
2387 4017 2843 4086 nominavimus,
2877 4017 3071 4075 divisit
3139 4018 3200 4075 in
3261 4019 3434 4090 duos,
3489 4027 3561 4079 ut
3622 4041 3774 4080 unus

357 4115 435 4172 sit
465 4116 536 4170 De
561 4114 689 4184 ﬁde,
722 4111 869 4168 alter
901 4110 971 4166 De
999 4107 1272 4166 sensibus.
1305 4107 1373 4162 Et
1399 4106 1638 4162 tandem
1669 4105 1824 4162 circa
1853 4104 2072 4162 librum
2093 4103 2224 4180 Περὶ
2279 4103 2614 4183 προφητείας
2683 4106 3116 4180 aliquantulum
3169 4108 3442 4166 desciscit
3503 4129 3534 4166 a
3583 4114 3776 4170 verbis

353 4203 610 4261 Eusebii.
635 4201 915 4272 Reliquas
946 4199 1228 4255 minutias
1260 4213 1376 4254 non
1409 4212 1572 4266 curo,
1600 4211 1706 4252 nec
1731 4195 1946 4252 curabo
1969 4195 2122 4268 apud
2151 4194 2432 4267 reliquos.

1475 4345 1502 4411 §
1533 4339 1626 4395 ιν.
1659 4339 1920 4396 Eusebius
1959 4355 2088 4397 cum
2123 4341 2352 4411 Ita/Iino
2379 4341 2632 4399 collatus.

424 4501 697 4559 Rufﬁnus
731 4499 787 4554 in
821 4515 886 4554 eo
919 4498 1214 4568 discrepat
1242 4495 1313 4551 ab
1344 4493 1592 4550 Eusebio
1622 4495 1773 4564 quod
1801 4493 2039 4562 librum,
2081 4509 2256 4566 quem
2287 4493 2654 4551 Cmsariensis
2673 4493 3001 4550 secundum
3036 4495 3252 4567 posuit,
3284 4493 3416 4570 Περὶ
3475 4496 3772 4559 πολιτείας

349 4591 440 4648 καὶ
482 4591 799 4668 προφητῶν,
841 4587 898 4642 in
931 4587 1080 4642 duos
1109 4581 1344 4640 divellat
1381 4583 1492 4638 hoc.
1521 4583 1694 4639 modo
1728 4599 1742 4641 :
1775 4583 1847 4638 De
1875 4581 2083 4655 optima
2111 4585 2524 4641 conversatione
2551 4583 2694 4640 liber
2716 4600 2882 4640 unus.
2905 4583 3010 4640 Sed
3036 4587 3090 4640 et
3115 4585 3184 4640 De
3207 4585 3512 4658 prophetis.
3547 4587 3778 4644 Deinde

351 4696 594 4737 numero
622 4677 849 4750 quinto,
883 4673 1008 4731 loco
1039 4671 1248 4752 φύσεως
1285 4671 1426 4741 legit
1453 4669 1706 4738 πίστεως,
1747 4675 1805 4727 et
1835 4672 1910 4727 De
1937 4669 2044 4742 ﬁde
2071 4671 2311 4730 hominis
2337 4672 2673 4730 Melitenam
2691 4672 2906 4729 librum
2943 4673 3254 4745 scripsisse
3282 4673 3532 4731 indicat.
3593 4677 3770 4734 Porro

345 4787 414 4826 ex
443 4768 693 4841 septimo
726 4765 893 4834 libro,
925 4779 1058 4820 cum
1093 4761 1464 4831 Hieronymo,
1505 4761 1654 4814 duos
1681 4758 1832 4817 facit.
1865 4763 1922 4814 et
1951 4760 2328 4817 undecimum
2357 4761 2559 4817 itidem
2593 4761 2802 4817 dividit
2853 4761 2916 4818 in
2968 4761 3162 4830 binos,
3203 4761 3460 4819 alterum
3502 4764 3586 4821 De
3644 4765 3771 4838 ﬁde,

346 4859 620 4928 alterum,
655 4859 727 4912 De
754 4855 1116 4925 generatione
1144 4851 1352 4910 Christi
1381 4853 1432 4906 et
1463 4849 1529 4906 :’e
1554 4849 1838 4922 prophetia
1865 4853 2009 4921 ejus,
2035 4866 2171 4906 cum
2202 4854 2402 4907 tamen
2434 4851 2722 4908 Eusebia
2755 4852 2972 4924 pariter
2990 4867 3055 4908 ac
3085 4851 3478 4925 Hieronymus
3513 4853 3598 4910 De
3646 4870 3771 4928 pro-

343 4949 524 5021 phetia
553 4947 770 5002 librum
797 4942 1152 5015 singularem
1185 4939 1400 4994 faciant
1429 4940 1602 5009 atque
1625 4937 2006 5010 distinguant.
2029 4938 2369 4996 Duodecimi
2391 4939 2538 5010 loco,
2569 4937 2701 5014 Περὶ
2721 4938 3077 5019 προφητείας,
3103 4940 3267 5012 ponit
3297 4940 3513 4997 iterum
3533 4940 3769 5000 librum

341 5039 416 5095 De
443 5038 638 5094 animo
665 5041 718 5092 et
745 5048 986 5105 corpore,
1017 5045 1192 5104 quem
1223 5033 1417 5085 tamen
1442 5026 1614 5101 paulo
1637 5028 2036 5100 antejamjam
2060 5032 2478 5104 nominaverat,
2503 5032 2736 5090 tertiam
2768 5031 3024 5090 hominis
3049 5037 3302 5106 partem,
3336 5038 3617 5102 mentem,
3663 5036 3769 5092 ad-

349 5127 515 5185 dens.
549 5130 680 5182 Hec
701 5125 772 5180 de
803 5122 1056 5179 Rufﬁno.

421 5279 532 5353 (76)
564 5277 958 5353 Hieronymus
976 5273 1037 5353 in
1080 5270 1338 5353 Catalogo
1371 5269 1705 5353 scriptorum
1731 5268 1992 5326 ecclesia-

351 5341 641 5414 sticorum,
665 5365 767 5406 seu
781 5341 877 5402 'De
903 5347 1038 5402 viris
1066 5343 1397 5408 illustribus,
1419 5359 1547 5412 cap.
1579 5341 1668 5414 24.

418 5424 533 5497 (77}
564 5422 783 5497 Bullin.
820 5420 956 5497 Hist.
989 5417 1180 5497 eccles.
1205 5415 1304 5497 Iib_.
1341 5430 1420 5480 ιν,
1450 5429 1578 5497 cap.
1611 5413 1702 5497 24.

425 5483 538 5567 (78)
564 5493 874 5567 Honorius
907 5495 986 5567 [ge
1013 5486 1374 5567 scriptoribus
1395 5557 1407 5567 .
1435 5483 1988 5567 ecclesiasticishlib.

353 5583 396 5632 ι,
429 5555 553 5635 cap.
587 5561 878 5635 25.74pud
918 5561 1010 5616 ,10.
1061 5555 1188 5614 Alb.
1243 5556 1594 5626 Fabricium,
1641 5555 1993 5614 Bibliotheca

352 5632 644 5690 ecclesiast.
679 5632 776 5688 fol.
806 5632 902 5686 75-

427 5705 538 5772 (79)
575 5702 885 5774 Nicephor.
918 5701 1131 5758 Hister.
1162 5697 1363 5757 eccles.
1391 5699 1495 5755 lib.
1519 5713 1596 5768 ιν,
1623 5713 1750 5771 cap.
1787 5700 1870 5754 10.

2170 5271 2670 5351 (89}_'1_‘rit_hemius
2697 5275 2797 5351 _De_
2853 5273 3213 5351 scriptoribus
3267 5275 3580 5351 scelestust.
3645 5293 3770 5351 cap.

2103 5344 2190 5412 14,
2225 5344 2578 5402 Bibliotheca:
2598 5346 2894 5402 ecclesiast.
2923 5345 3294 5409 Fabricianae,
3331 5345 3432 5402 fol.
3466 5347 3528 5402 7.

2176 5415 2282 5500 (81)
2315 5417 2512 5499 Sixtus
2533 5417 2775 5474 Senens.
2803 5417 3149 5474 Bibliotheca:
3181 5431 3362 5474 sacrae
3387 5417 3495 5474 lib.
3531 5436 3578 5489 ι,
3635 5433 3765 5494 pag.

2100 5485 2158 5542 5.
2190 5487 2328 5542 edit.
2364 5487 2544 5542 Paris.

2142 5525 2652 5630 ’(‘SEY'H‘a‘lloiasius
2683 5558 2743 5614 in
2769 5559 3087 5616 Illustrium
3149 5559 3415 5618 Ecclesiae
3482 5561 3772 5620 Orientol.

2105 5701 2438 5772 ﬂoruerunt,
2477 5701 2625 5759 Vitis
2655 5705 2708 5758 et
2726 5702 3081 5770 documentis,
3115 5701 3220 5760 lol.
3273 5701 3401 5758 828.

2103 5629 2462 5702 scriptorum,
2487 5632 2585 5702 qui
2611 5629 2908 5688 sanctitate
2925 5637 2978 5688 et
3007 5630 3320 5702 eruditione
3352 5634 3523 5702 juxta
3572 5651 3708 5692 save.
3735 5647 3770 5686 ιι
3884 5681 3885 5702 ξ
