3922 6304
110 428 273 490 1189
943 417 1289 480 NOTI'I‘IA.
1335 448 1414 464 --
1454 417 1534 478 II.
1579 415 1659 478 ΠΙ

1979 416 2066 478 .‘lS
2112 416 2174 478 S.
2221 416 2673 479 MELITONIS.
3372 425 3528 486 1190

1207 583 1235 648 §
1263 579 1331 637 V.
1365 580 1638 636 Honorius
1665 596 1789 636 cum
1819 580 2045 637 Eusebio
2075 580 2440 637 contenditur.

187 678 480 736 Honorius
512 683 725 743 autem,
760 673 860 747 qui
891 688 1022 728 saec.
1054 688 1132 726 χιι
1165 671 1718 741 Augustodunensis
1742 669 1953 726 claruit
1982 672 2302 744 presbyter,
2332 688 2460 726 eum
2495 686 2610 727 non
2643 670 2831 727 solum
2856 672 3077 742 omisit,
3111 689 3284 746 quem
3309 681 3366 732 et
3391 677 3523 734 Hie-

112 785 425 842 ronymus,
477 765 604 840 Περὶ
657 762 866 839 φύσεως
905 762 1211 836 ἀνθρώπου,
1269 762 1524 830 librum;
1575 763 1661 817 set

1978 779 2071 817 rea
2120 764 2229 834 Ipsi
2263 765 2451 819 adhuc
2502 763 2702 834 plures
2733 765 2986 830 reticuit,
3019 763 3148 836 Περί
3196 766 3527 836 Ἐκκλησίας

113 860 427 923 nimirum,
478 854 608 928 Περὶ
647 855 944 927 Κυριακῆς,
989 850 1116 924 Περὶ
1171 848 1444 918 πλάσεως,
1487 856 1543 906 et
1603 855 1662 903 Πε

1974 849 2086 903 ἱτου
2127 855 2280 905 Θεοῦ.
2326 858 2633 924 Perperam
2695 855 2870 924 igitur
2930 855 3247 912 Halloncius
3296 862 3523 930 asserit,

113 967 278 1017 eum,
316 953 520 1019 prater
549 944 714 998 illum
749 943 819 997 ab
852 942 1194 1016 Hieronymo
1231 959 1343 998 non
1394 947 1919 997 commemoratum
1953 941 2190 1010 librum,
2225 942 2477 996 Melitoni
2530 948 2756 998 tantum
2795 961 2972 1000 unum
3010 947 3341 1016 sustulisse,
3398 949 3526 1026 Περὶ

113 1035 437 1111 ὲνσωμάτου
477 1036 610 1089 Θεοῦ
650 1032 911 1102 scilicet;
947 1033 1100 1104 quod
1140 1034 1284 1087 forte
1313 1032 1443 1088 ideo
1473 1031 1690 1086 factum
1739 1031 1918 1087 fuisse
1950 1032 2220 1101 conjicio,
2255 1033 2408 1103 quod
2443 1033 2660 1089 dubius
2697 1035 2946 1105 hmserit,
2982 1041 3274 1107 quomodo
3321 1044 3524 1098 Latine

115 1129 331 1185 reddat
383 1126 516 1182 libri
549 1123 728 1194 hujus
781 1120 1038 1177 titulum.
1073 1121 1320 1194 Insuper
1351 1119 1598 1178 Eusebio
1653 1138 1664 1174 ι

1972 1119 2086 1176 loco
2145 1125 2538 1189 numeratum,
2599 1121 2729 1194 Περὶ
2770 1122 3014 1195 ὑπακοῆς
3054 1125 3290 1190 πίστεως
3328 1128 3521 1200 αἰσθη-

115 1217 354 1295 τηρίων,
398 1217 470 1271 De
497 1212 741 1271 sensibus
767 1215 996 1267 tantum
1038 1211 1360 1286 inscripsit.

931 1363 960 1429 §
990 1361 1081 1416 VI.
1111 1361 1337 1418 Eusebii
1359 1369 1410 1418 et
1438 1359 1735 1432 Nicephori
1762 1359 2001 1430 catalogi
2026 1360 2262 1416 invicem
2293 1364 2718 1428 comparantur.

198 1482 563 1554 Nicephorus
585 1482 642 1536 in
677 1480 951 1537 omnibus
982 1479 1101 1536 fere
1140 1495 1275 1536 cum
1308 1479 1556 1534 Eusebio
1587 1477 1909 1548 conspirat,
1935 1476 2048 1532 nisi
2079 1478 2235 1548 quod
2264 1494 2333 1532 ex
2361 1478 2562 1549 quinto
2593 1482 2650 1534 et
2693 1483 2852 1536 sexto
2888 1498 3068 1538 unum
3101 1484 3365 1542 videatur
3393 1505 3532 1544 con-

125 1577 272 1632 ﬂare
302 1573 540 1640 librum,
593 1568 670 1625 ἔτι
705 1567 786 1636 δὲ,
829 1572 1125 1644 inquiens,
1158 1571 1185 1624 ὁ
1226 1569 1355 1644 Περὶ
1397 1568 1634 1629 πίστεως

2019 1567 2109 1620 καὶ
2149 1566 2402 1629 πλάσεως
2439 1568 2538 1635 τήν
2580 1565 2886 1648 ἕπιγραφὴν
2919 1570 3185 1649 εἰληφώς,
3229 1593 3334 1633 nec
3382 1579 3531 1636 male

127 1668 358 1730 forsan;
384 1665 538 1736 quod
572 1663 819 1734 septimo
849 1662 975 1718 loco
1006 1661 1228 1718 dictum
1260 1661 1507 1716 Eusebio
1538 1660 1925 1728 1ibrum,cum
1948 1659 2294 1732 Hieronymo
2325 1664 2380 1714 et
2406 1661 2736 1727 Rufﬁno,in
2761 1662 2908 1717 duos
2940 1663 3144 1719 itidem
3170 1665 3527 1740 distinguat;

128 1755 401 1826 quodque
435 1761 711 1822 praeterea
737 1751 916 1808 libros
949 1751 1079 1825 Ηερὶ
1119 1749 1474 1829 προφητείας,
1519 1748 1648 1824 Περὶ

1978 1767 2019 1815 ς,
2061 1753 2118 1804 et
2168 1748 2378 1804 librum
2413 1749 2628 1805 Clavem
2658 1751 2880 1807 dictum
2930 1753 3182 1826 omittat,
3234 1755 3409 1828 idque
3457 1760 3527 1814 de

129 1842 424 1899 industria
455 1843 624 1911 forte,
657 1858 793 1898 nam
824 1858 1026 1898 omnes
1057 1857 1191 1898 eum
1223 1857 1523 1897 recensere
1552 1838 1804 1896 voluisse
1835 1838 2120 1894 Melitonis
2152 1837 2353 1907 libros,
2386 1839 2529 1894 mihi
2563 1856 2677 1895 non
2709 1839 2960 1897 videtur.

1291 1985 1318 2051 §
1341 1983 1460 2039 VII.
1499 1983 1788 2039 Trithemii
1815 1991 1868 2038 et
1893 1983 2118 2039 Eusebii
2143 1982 2384 2038 collatio.

209 2105 295 2159 Ad
326 2103 737 2173 Trithemium,
789 2101 1298 2159 Melitonianorum
1348 2100 1697 2171 scriptorum
1743 2099 2070 2171 catalogum
2119 2099 2588 2164 concinnantem,
2621 2101 2774 2172 quod
2824 2101 3054 2170 attinet,
3088 2103 3357 2164 instituta
3401 2127 3535 2167 cum

130 2194 383 2250 Eusebio
434 2192 763 2261 collatione,
814 2191 1192 2264 deprehendi,
1243 2207 1380 2246 eum
1427 2190 1679 2245 librorun

1985 2187 2151 2249 ύσεως
2191 2187 2500 2262 ἀνθρώπου,
2543 2187 2676 2262 Περὶ
2715 2192 2848 2243 Θεοῦ
2888 2189 3221 2264 ἐνσωμάτου,
3255 2205 3309 2252 et
3355 2197 3534 2253 Ἀπο-

133 2280 328 2356 λογίας
388 2281 523 2354 πρὸς
573 2281 900 2335 Ἀντωνῖνον
967 2280 1192 2335 nullam
1252 2279 1490 2334 omnino
1550 2281 1682 2350 injet

1982 2281 2273 2346 ntionem;
2333 2295 2464 2334 eum
2522 2278 2737 2333 librum
2800 2277 2926 2352 Περὶ
2989 2280 3232 2352 ὑπακοῆς
3299 2285 3531 2351 πίστεως

132 2372 510 2443 άίσθητηρὶων
550 2371 820 2427 divellere
877 2372 938 2427 in
996 2371 1186 2436 binos,
1219 2373 1292 2426 De
1345 2370 1620 2435 sensibus,

1982 2371 2032 2424 8.
2068 2369 2474 2435 Undecimum,
2535 2367 2668 2441 Ηερὶ
2702 2365 2926 2430 κτίσεως
2964 2371 3054 2423 καὶ
3093 2371 3344 2445 γενέσεως
3403 2378 3531 2450 Χρι-

132 2465 288 2531 στοῦ,
335 2463 480 2516 dixit
518 2461 726 2518 saltem
763 2462 836 2516 De
862 2463 1214 2531 generatione
1247 2460 1494 2523 Christi;
1525 2465 1700 2532 atque
1728 2461 1788 2514 in
1815 2460 1924 2516 hoc
1965 2460 2206 2531 insuper
2237 2459 2368 2530 plus
2399 2460 2678 2531 peccavit,
2711 2460 2944 2530 partim,
2979 2465 3128 2534 quod
3164 2482 3265 2536 pro
3313 2469 3388 2522 De
3415 2470 3537 2536 pla-

129 2555 311 2606 smate
340 2566 517 2605 unum
550 2550 849 2622 scripserit
881 2551 950 2605 De
983 2553 1150 2622 lapsis
1186 2549 1286 2606 lib.
1322 2567 1361 2617 1,
1385 2550 1615 2622 partim.
1638 2550 1792 2620 quod
1823 2549 1976 2604 inter
2004 2549 2226 2619 scripta
2257 2548 2548 2604 Melitonis
2571 2549 2781 2604 referat
2809 2552 3076 2621 spurium
3101 2570 3246 2623 opus
3270 2556 3341 2611 De
3360 2563 3542 2614 trans-

132 2645 222 2697 itu
251 2641 466 2698 Mariae.
497 2642 542 2694 A
572 2655 706 2694 vero
737 2638 918 2710 igitur
947 2639 1202 2695 alienum
1235 2640 1450 2694 iterum
1481 2645 1568 2694 est
1597 2637 1864 2692 Halloixii
1889 2638 2203 2703 judicium,
2229 2638 2453 2703 eadem,
2490 2655 2617 2708 quae
2649 2637 2937 2694 Honorius
2974 2642 3538 2715 Augustodunensis,

131 2729 581 2803 praetermisisse
626 2728 1052 2797 Trithemium;
1086 2729 1263 2784 habet
1290 2728 1445 2784 enim
1494 2727 1626 2801 Περὶ
1669 2726 1680 2746 ³

1989 2747 2014 2796 ς,
2064 2724 2152 2779 καὶ
2192 2724 2316 2800 περὶ
2359 2728 2636 2799 Κυριακῆς
2675 2726 2878 2797 libros,
2911 2746 3056 2801 quos
3100 2731 3390 2790 Honorius
3425 2753 3538 2792 non

133 2821 337 2878 habet.

943 2937 970 3003 §
1001 2934 1150 2991 VIII.
1184 2935 1333 2990 Sixti
1355 2935 1581 2990 Senens.
1616 2933 1859 3002 θηταιοαί
1883 2949 2008 2988 cum
2038 2934 2346 2989 Eusebiano
2377 2933 2730 2990 assimilativ.

207 3053 448 3109 Minime
479 3053 744 3109 omnium
789 3055 1061 3110 accurata
1085 3055 1176 3106 est
1202 3051 1346 3107 Sixti
1379 3051 1644 3107 senensis
1675 3049 1958 3106 librorum
1992 3067 2025 3105 a
2053 3050 2324 3107 Mclitone
2373 3051 2831 3122 conscriptorum
2880 3054 3265 3127 consignatio,
3318 3058 3534 3130 quippe

134 3162 263 3219 quae
281 3161 352 3200 ne
382 3149 650 3217 quartam
671 3145 907 3216 quidem
924 3158 1126 3199 eorum
1161 3145 1382 3212 partem
1407 3141 1656 3213 attingit,
1702 3141 1840 3196 licet
1861 3139 2006 3194 nihil
2023 3141 2292 3196 omisisse
2311 3140 2447 3195 velit
2464 3142 2660 3197 videri.
2678 3143 2940 3198 Meminit
2956 3145 3110 3201 enim
3131 3151 3540 3206 tantummodo

130 3243 541 3306 cxcerptorum,
587 3233 720 3289 libri
749 3240 821 3290 De
861 3234 975 3289 vita
1002 3232 1420 3305 prophetarum,
1475 3234 1545 3288 De
1581 3231 1933 3303 Apocalypsi,
1967 3237 2023 3286 et
2069 3241 2343 3300 prasterea
2371 3233 2622 3288 duorum
2671 3234 2945 3302 aliorum,
2978 3236 3035 3290 in
3080 3238 3296 3308 quibus
3341 3247 3538 3295 tamen

131 3324 509 3380 recensendis
539 3323 793 3395 graviter
823 3321 1220 3378 hallucinatus
1250 3331 1354 3377 est.
1387 3321 1536 3377 Nam
1570 3339 1672 3393 pro

1997 3319 2013 3372 ὶ
2057 3317 2372 3392 ἐνσωμάτου
2418 3325 2575 3390 Θεοῦ,
2608 3323 2750 3378 dicit
2785 3340 2917 3379 eum
2951 3325 3280 3397 scripsisse,
3310 3329 3367 3384 in
3401 3329 3539 3386 illud

126 3418 502 3469 Geneseosn
568 3412 861 3468 Faciamus
912 3412 1211 3478 hominem,
1260 3413 1333 3468 De
1383 3413 1489 3466 Deo
1547 3413 1866 3483 incorporeo
1926 3411 2142 3466 librum
2196 3428 2403 3478 unum,
2463 3414 2618 3484 quod
2677 3413 2847 3485 plane
2906 3417 3198 3472 diversum
3247 3423 3416 3473 sonat
3467 3421 3538 3475 ab

135 3512 409 3568 Eusebio.
442 3510 663 3567 Deinde
696 3512 753 3566 in
787 3528 854 3567 eo
886 3526 1115 3582 quoque
1146 3516 1322 3578 errat,
1357 3511 1509 3582 quod
1563 3519 1804 3576 asserat,
1839 3510 2110 3564 Sardium
2142 3509 2482 3581 episcopum
2513 3511 2817 3582 scripsisse
2847 3515 2928 3569 De
2953 3515 3196 3586 catalogo
3225 3515 3541 3573 divinorum

127 3603 425 3673 utriusque
447 3602 770 3657 Testamenti
789 3601 1131 3656 voluminum
1148 3598 1220 3654 ad
1246 3599 1585 3654 Onesimum
1617 3598 1927 3670 epistolam
1952 3615 2152 3653 unam.
2170 3603 2274 3653 Ast
2298 3599 2398 3654 illa
2416 3599 2722 3670 epistolam
2749 3601 2827 3656 nil
2847 3602 3002 3658 aliud
3035 3613 3139 3669 est,
3157 3621 3329 3676 quam
3353 3623 3539 3676 prom-

131 3693 326 3750 mium
347 3709 446 3748 sex
464 3689 708 3765 ἐκλογῶν
729 3692 1033 3759 librorum,
1049 3706 1196 3760 quos
1224 3706 1404 3760 supra
1420 3690 2094 3760 jamjam,e.ccerptorum
2117 3690 2376 3755 nomine,
2392 3698 2974 3762 commemoraverat;
3004 3693 3138 3747 hinc
3159 3709 3272 3748 non
3296 3695 3544 3750 debebat

134 3786 403 3841 eamdem
441 3788 718 3854 tanquam
754 3799 964 3838 novum
999 3781 1232 3852 aliquod
1267 3782 1550 3852 scriptum
1576 3781 1823 3836 seorsim
1856 3796 2157 3835 recensere
2180 3797 2193 3847 ;
2216 3796 2319 3834 nec
2351 3781 2596 3835 debebat
2626 3798 2796 3852 porro
2825 3784 3337 3858 dicere,ulriusqur
3371 3789 3545 3843 Testa-

130 3875 336 3938 menti,
372 3874 472 3929 sed
511 3874 710 3930 Veteris
741 3876 971 3927 tantum
1006 3873 1332 3927 Testamenti
1360 3887 1428 3926 ex
1457 3887 1523 3926 co
1553 3871 1710 3925 enim
1741 3871 1864 3925 solo
1887 3871 2048 3925 dedit
2077 3870 2353 3926 librorum
2387 3871 2803 3928 canonicorum
2837 3872 3192 3944 catalogum,
3219 3881 3281 3928 ut
3314 3892 3444 3930 mox
3475 3893 3544 3932 ex

129 3966 288 4037 ipsa,
322 3979 499 4035 quam
525 3963 797 4019 dedimus
830 3962 1002 4032 intra,
1034 3960 1289 4033 cpistola:
1325 3959 1685 4031 inspectione
1715 3957 2012 4030 apparebit
2041 3959 2170 4014 luce
2203 3960 2527 4015 meridiana
2557 3961 2793 4014 clarius.

1493 4081 1520 4147 §
1545 4077 1644 4133 1X.
1677 4075 1917 4132 Sandius
1946 4080 2187 4132 notatur.

205 4200 419 4255 Tribus
449 4199 640 4254 adhuc
669 4197 861 4253 verbis
893 4194 1408 4262 moneo,notitiam
1428 4210 1603 4266 quam
1637 4194 1709 4248 de
1739 4192 2015 4264 operibus
2048 4191 2333 4248 Melitonis
2356 4193 2516 4249 dedit
2537 4193 2879 4250 notissimus
2909 4195 3005 4251 ille
3036 4195 3542 4267 Christoph.Chri-

129 4290 401 4363 stophori
432 4290 680 4346 Sandius
714 4289 825 4362 (83)
856 4287 1160 4345 confusam
1194 4303 1455 4356 prorsus,
1487 4302 1520 4340 a
1549 4301 1682 4341 vero
1709 4283 1983 4351 alienam,
2016 4288 2070 4339 et
2104 4284 2386 4339 absonam
2419 4299 2546 4340 esse
2579 4285 2740 4352 adeo,
2773 4290 2837 4340 ut
2865 4285 3158 4359 integrum
3191 4287 3300 4343 hoc
3334 4287 3403 4342 de
3425 4291 3542 4342 Me-

126 4378 316 4432 litone
364 4379 540 4447 caput
569 4391 731 4431 error
785 4380 1077 4432 mereatur
1107 4375 1242 4442 dici,
1276 4377 1335 4430 in
1367 4391 1480 4447 quo
1536 4390 1771 4430 summa
1800 4373 1936 4427 imis
1985 4378 2124 4428 sunt
2172 4373 2470 4445 permista.
2507 4375 2584 4429 Ex
2617 4391 2812 4446 ungue
2845 4375 3069 4432 leonem
3105 4381 3168 4432 ut
3213 4395 3443 4445 noscas,
3478 4377 3536 4432 id

126 4465 345 4521 saltem
378 4480 444 4519 ex
475 4481 540 4519 eo
573 4465 842 4526 referam,
877 4465 1075 4520 omnia
1104 4466 1390 4521 Melitonis
1421 4481 1596 4537 opera
1627 4463 1856 4520 Gelasio
1889 4480 2050 4535 papae
2081 4479 2209 4519 esse
2241 4464 2591 4536 apocrypha.

420 4581 449 4653 §
479 4583 553 4636 X.
589 4582 671 4636 An
700 4581 889 4637 Melita
912 4590 1110 4653 praeter
1140 4583 1307 4638 libros
1339 4583 1578 4638 Eusebio
1609 4589 1659 4637 et
1691 4583 2022 4652 Hieronymo
2047 4585 2519 4644 commemoratos,
2549 4581 2692 4635 alios
2723 4580 2902 4636 adhuc
2929 4584 3258 4653 scripserit?

205 4700 555 4771 Priusquam
589 4699 742 4755 circa
771 4700 1037 4774 singulos
1067 4701 1354 4756 editorum
1388 4716 1422 4754 a
1465 4699 1732 4755 Melitone
1759 4697 2042 4753 librorum
2078 4695 2280 4752 titulos
2313 4713 2442 4751 mea
2483 4697 2960 4768 eruditorumque
2992 4699 3291 4756 observata
3321 4701 3376 4757 in
3415 4719 3538 4760 me-

125 4791 298 4848 dium
333 4792 640 4861 proferam,
673 4806 858 4861 opera:
893 4792 1140 4861 pretium
1167 4807 1257 4844 me
1290 4791 1580 4844 {acturum
1616 4788 1806 4856 credo,
1836 4788 2219 4860 qutsstionom
2251 4789 2686 4858 expendere,an
2717 4789 3020 4856 Eusebius,
3041 4807 3112 4844 an
3147 4791 3532 4864 Hieronymus

125 4880 398 4937 omnium
433 4879 936 4936 Melitonianorum
964 4882 1314 4951 scriptorum
1351 4884 1616 4935 exactum
1642 4877 1865 4934 dederit
1896 4877 2226 4950 catalogum
2260 4879 2340 4933 ita
2373 4882 2434 4931 ut
2458 4883 2738 4950 praeterea
2769 4877 2912 4932 nihil
2939 4878 3095 4934 aliud
3127 4879 3337 4936 litteris
3361 4883 3539 4938 fuerit

125 4969 543 5041 consignatum
579 4986 612 5024 a
640 4971 920 5026 Sardiano
942 4972 970 5026 ?
1016 4987 1206 5042 anque
1238 4974 1674 5040 argumentum,
1705 4969 1843 5039 quia
1891 4969 2198 5034 Eusebius,
2231 4968 2367 5040 quia
2399 4967 2784 5040 Hieronymus
2817 4985 2930 5024 non
2980 4967 3223 5036 habent,
3253 4971 3534 5041 sufﬁciat,

125 5075 336 5116 omnes
380 5060 635 5129 reliquos
667 5061 738 5114 ab
773 5059 902 5115 aliis
949 5061 1093 5115 forte
1125 5060 1384 5114 Melitoni
1416 5058 1666 5114 tributos
1699 5058 1880 5112 libros
1911 5061 2188 5129 tanquam
2223 5058 2452 5126 spurius
2485 5059 2770 5128 rejicere?
2801 5057 3084 5113 Videntur
3113 5058 3170 5114 in
3223 5059 3372 5116 hanc
3403 5077 3536 5118 seu-

125 5147 378 5206 tentiam
402 5149 760 5220 propendere
794 5149 1113 5206 llalloixius
1135 5150 1628 5222 (84),Whistonus
1657 5147 2144 5221 (85),Baraterius
2167 5147 2306 5220 t86),
2337 5147 2656 5204 Ceillierius
2679 5148 2814 5218 (87),
2832 5147 3069 5220 aliique.
3089 5150 3366 5207 Veritatis
3380 5168 3539 5224 quaa-

206 5318 318 5387 (83)
348 5317 600 5374 Sandius
631 5318 688 5372 in
721 5323 974 5376 tractatu
1009 5319 1080 5373 De
1122 5319 1392 5374 veteribus
1421 5317 1782 5387 scriptoribus
1888 5320 2030 5388 nity,
2086 5316 2196 5371 and
2253 5316 2342 5371 the
2388 5319 2740 5373 Incarnation
2778 5321 2847 5388 of
2884 5335 2985 5374 our
3030 5320 3191 5386 Lord,
3251 5324 3408 5377 tomo
3461 5321 3534 5377 IV

125 5389 554 5458 ecclesiasticis,
621 5392 827 5446 nucleo
887 5407 990 5446 suo
1048 5392 1308 5446 Historiae
1363 5390 1778 5460 ecclesiastica,
1889 5387 2156 5444 Primreci
2186 5387 2626 5456 Christianismi,
2663 5407 2789 5458 pag.
2816 5387 2948 5445 126.

126 5478 250 5533 prie
263 5463 394 5525 fixo,
430 5479 558 5532 pag.
590 5463 676 5516 47,
1963 5460 2074 5531 (86)
2095 5461 2234 5513 Bara
2245 5461 2347 5514 teri
2360 5478 2426 5514 us
2449 5461 2507 5515 in
2524 5461 2916 5533 Disqaisitione
2935 5463 3318 5533 chronologica
3334 5464 3398 5518 de
3415 5480 3536 5518 suc-

206 5532 320 5607 (gfi)
343 5533 697 5607 _I_l_alloixius,
730 5533 854 5607 c.7l.
888 5534 983 5607 fol.
1020 5534 1144 5588 834.
1205 5605 1215 5607 _
1283 5604 1297 5607 _
1495 5605 1501 5607 ἓ
1536 5603 1547 5607 _
1643 5605 1655 5607 _
1725 5604 1738 5607 _
1890 5535 2136 5607 cessione
2159 5535 2558 5607 antiquissima,
2581 5550 2952 5607 episcoporum
2985 5532 3207 5589 Roman;
3247 5553 3377 5607 pag.
3409 5536 3534 5590 220.

203 5603 316 5673 (85)
343 5603 613 5659 Whiston
660 5606 720 5660 in
755 5606 844 5660 the
889 5605 1123 5660 Account
1149 5605 1217 5672 of
1257 5604 1343 5658 the
1389 5603 1563 5658 Faith
1594 5605 1657 5672 of
1696 5604 1783 5659 the
1963 5602 2074 5674 (87)
2105 5603 2350 5674 Ceillicr,
2387 5602 2620 5659 Histoire
2648 5605 2911 5672 generale
2956 5607 3045 5660 des
3092 5602 3542 5662 autcurs'sacrés

126 5671 238 5729 ιιυο
277 5673 397 5742 ﬁrst
422 5677 717 5744 centuries,
750 5675 1081 5746 concerning
1108 5671 1200 5730 the
1247 5671 1629 5732 ever-btessed'
1661 5676 1783 5731 Tri-
1892 5683 1944 5730 et
1971 5671 2428 5742 ecclesiastiqnes,
2455 5679 2599 5731 tom.
2633 5677 2709 5744 ll,
2739 5693 2866 5748 cap.
2907 5679 2960 5741 3,
2995 5693 3128 5749 pag.
3159 5679 3250 5736 78.
