3922 6304
398 348 551 414 H91
1269 398 1274 402 ,
1470 335 1534 396 S.
1582 332 1874 396 MELITO
1919 331 2281 397 SABDlUM
2325 331 2773 396 EPISCOPUS.
3668 329 3834 391 H92

403 491 540 546 dam
587 481 810 556 species
843 477 981 535 huic
1031 471 1292 546 opinioni
1322 470 1530 528 exinde
1562 469 1820 541 effulget,
1854 469 2007 540 quod
2030 469 2349 556 Eusebius,
2382 470 2685 528 resensitis
2733 468 3028 537 omnibus,
3085 484 3232 541 quos
3280 465 3456 524 modo
3509 465 3832 522 numeravi

403 578 597 645 libris,
642 575 832 628 dicat:
865 566 986 624 Ἐπὶ
1023 569 1150 619 πᾶπι
1191 561 1280 617 καὶ
1323 561 1382 615 τὸ
1422 561 1558 635 πρὸς
1597 561 1914 616 Ἀντωνῖνον

2295 585 2322 611 ‹‹
2357 569 2689 635 postremus
2739 561 3002 620 omnium
3035 567 3118 616 est
3166 558 3402 616 libellus
3435 558 3508 613 ad
3560 559 3830 629 impera-

408 675 589 726 torem
623 661 1056 725 Antoninum;»
1077 655 1348 727 quodque
1381 651 1573 707 allatis
1595 649 1950 720 quibusdam
1974 649 2324 722 scriptorum
2349 652 2856 708 Melitonianorum
2889 649 3379 724 fragmentis,sub
3404 648 3590 702 ﬁnem
3616 648 3832 718 capitis

404 760 486 814 ita
515 754 878 814 continenter
907 747 1154 803 subdal:
1186 742 1279 798 Καὶ
1310 741 1377 794 τὰ
1402 741 1495 813 μὶν
1521 737 1836 800 Μελίτωνος
1860 758 1953 792 τοσ

2303 740 2436 797 libri
2468 744 2708 814 quidem
2739 741 3034 798 Melitonis
3065 745 3150 795 tot
3177 744 3335 805 sunt,
3367 757 3394 788 I
3426 737 3831 803 indicaturus,

404 867 468 906 se
506 862 706 904 omnes
739 851 1132 897 enumerasse.
1171 835 1352 889 Secus
1382 838 1577 888 tamen
1615 831 1757 884 mihi
1793 831 2042 900 videtur,
2077 831 2249 888 rebus
2282 833 2459 904 probe
2489 831 2815 905 perpensis.
2853 831 3069 890 Nullibi
3101 830 3258 886 enim
3305 827 3607 900 expressis
3640 826 3837 882 verbis

404 937 647 997 asseruit
683 931 990 997 Eusebius,
1020 943 1080 981 se
1113 924 1402 989 omnium,
1449 925 1739 994 quotquot
1772 919 1964 974 Melito
1998 937 2258 992 unquam
2290 922 2622 995 scripserat,
2657 924 2938 978 librorum
2973 923 3247 977 daturum
3280 937 3410 977 esse
3441 918 3836 991 catalogum;

403 1029 546 1101 quin
597 1024 791 1098 potius
823 1019 968 1075 alios
1002 1017 1145 1071 forte
1177 1014 1364 1068 adhuc
1396 1011 1467 1066 ab
1500 1012 1703 1066 eodem
1737 1020 2003 1064 exaratos
2039 1010 2222 1066 fuisse
2265 1011 2415 1066 haud
2451 1013 2696 1068 obscure
2728 1013 3100 1084 signiﬁcavit,
3133 1011 3216 1066 sic
3259 1011 3496 1066 ordiens
3535 1009 3834 1063 librorum

406 1097 695 1175 hlelilonis
745 1109 1072 1179 catalogum
1100 1121 1114 1159 :
1147 1100 1367 1158 Τούτων
1408 1099 1482 1159 εἰς
1522 1097 1792 1172 ἡμετέραν
1833 1101 1947 1170 γνῶ

2290 1145 2291 1148 η
2335 1100 2399 1153 τὰ
2440 1100 2860 1174 ὑποτεταγμένα,
2901 1126 2928 1152 ‹‹
2964 1119 3032 1157 ex
3065 1101 3229 1156 libris
3281 1106 3478 1156 autem
3515 1099 3839 1167 utriusque

408 1207 641 1263 illorum
675 1199 986 1273 (Melitonis
1019 1193 1241 1250 scilicet
1272 1197 1326 1246 et
1359 1189 1735 1262 Apollinaris)
1774 1188 1855 1258 hi,
1889 1205 2038 1259 quos
2073 1189 2221 1244 infra
2246 1191 2630 1259 subjecimus,
2663 1193 2731 1247 ad
2767 1201 3024 1248 nostram
3059 1191 3322 1247 notitiam
3353 1194 3777 1263 pervenerunt.
3815 1209 3839 1234 η

411 1297 565 1352 Idem
601 1297 845 1349 testatur
896 1287 1086 1342 adhuc
1136 1282 1350 1344 clarius
1377 1283 1430 1336 S.
1467 1281 1850 1351 Hieronymus
1886 1279 1974 1334 his
2006 1279 2236 1335 verbis:
2272 1303 2300 1331 ι(
2335 1281 2578 1353 Scripsit
2606 1299 2840 1354 quoque
2887 1288 2944 1339 et
2973 1283 3107 1345 alia,
3142 1283 3212 1338 de
3258 1282 3481 1353 quibus
3512 1281 3635 1336 ista
3678 1288 3837 1343 sunt,

410 1403 534 1458 quae
576 1380 958 1454 subjecimus,
993 1399 1021 1425 ν
1053 1374 1312 1444 Cumque
1362 1376 1638 1442 prieterea
1683 1369 2030 1424 Anastasius
2059 1369 2280 1424 Sinaita
2331 1370 2581 1426 duorum
2616 1372 2888 1442 aliorum,
2920 1373 3164 1428 Eusebio
3213 1377 3271 1426 et
3302 1374 3665 1444 Hieronymo
3728 1387 3841 1424 non

411 1457 885 1534 memoratorum,
942 1465 1224 1520 librorum
1287 1464 1642 1516 mentionem
1694 1457 1936 1528 injiciat,
1995 1457 2120 1531 Περὶ
2173 1459 2496 1533 σκρκώσεως
2538 1462 2773 1535 Χριστοῦ
2836 1463 3056 1519 scilicet
3109 1462 3245 1535 (88),
3306 1467 3384 1517 De
3429 1460 3844 1516 incarnatione

411 1565 636 1628 Christi,
685 1566 740 1616 et
771 1557 951 1632 Λόγου
992 1555 1066 1614 εἲς
1106 1552 1167 1606 τὺ
1211 1552 1385 1614 11ἀοος
1425 1551 1660 1623 Χριστοῦ
1694 1549 1824 1621 (89),
1868 1548 1960 1603 01⁸6

2301 1551 2628 1608 Passionem
2683 1554 2922 1616 Domini,
2959 1569 3204 1626 prorsus
3236 1568 3354 1607 non
3399 1551 3599 1619 video,
3658 1565 3842 1622 quare

411 1659 564 1713 inter
588 1652 843 1725 genuina
874 1644 1163 1702 Melitonis
1194 1658 1369 1714 opera
1400 1640 1581 1694 ethos
1613 1654 1845 1709 quoque
1877 1638 2130 1710 recipere
2154 1639 2229 1693 sit
2268 1641 2698 1709 dubitandum;
2734 1643 2841 1697 nisi
2878 1644 3020 1698 forte
3049 1636 3205 1713 quis,
3236 1658 3302 1696 ex
3337 1641 3494 1696 malo
3527 1640 3590 1696 in
3628 1640 3839 1696 ortho-

411 1749 617 1803 doxam
664 1745 922 1797 nostram
957 1738 1130 1792 ﬁdem
1181 1733 1397 1798 animo,
1433 1731 1783 1801 fragmenta,
1816 1745 1942 1799 quae
1984 1745 2052 1783 ex
2099 1728 2172 1783 iis
2206 1731 2401 1787 attulit
2450 1733 2817 1800 Anastasius,
2853 1733 3032 1790 dubia
3062 1733 3198 1816 velit
3255 1733 3522 1802 reddere,
3578 1748 3842 1804 quorum

413 1837 658 1892 alterum
694 1829 984 1903 quantivis
1019 1824 1183 1897 pretii
1218 1823 1286 1877 de
1308 1822 1505 1876 divina
1530 1821 1742 1892 pariter
1772 1835 1835 1873 ac
1859 1823 2123 1874 humana
2151 1821 2360 1876 Christi
2397 1828 2603 1878 natura
2635 1824 2892 1879 continet
2921 1824 3342 1880 testimonium.
3365 1821 3610 1878 Eusebii
3633 1822 3840 1884 verba,

417 1928 634 2001 quibus
665 1922 892 1990 asserit,
941 1924 1027 1974 tot
1055 1933 1183 1973 esse
1221 1914 1507 1970 Melitonis
1539 1911 1776 1982 scripta,
1809 1909 2136 1980 horumque
2167 1914 2527 1980 postremum
2560 1913 2826 1967 omnium
2862 1928 2987 1968 esse
3041 1911 3380 1984 Apoloyiam,
3418 1910 3745 1966 commode
3777 1909 3840 1963 de

416 2018 583 2076 libris
615 2013 842 2080 saltem,
875 2009 975 2084 qui
1008 2009 1078 2066 ad
1113 2008 1240 2078 ejus
1273 2004 1540 2059 notitiam
1573 2003 1986 2074 pervenerunt,
2018 2015 2333 2070 possumus
2363 2005 2421 2056 et
2449 2001 2733 2058 debemus
2764 2002 3156 2074 interpretari.

1533 2153 1561 2220 §
1589 2150 1681 2206 XI.
1717 2153 1799 2206 De
1827 2149 2098 2205 Melitonis
2130 2150 2290 2206 libris
2315 2150 2379 2206 de
2407 2151 2689 2208 Paschale.

479 2314 588 2370 Sed
622 2325 745 2381 age,
777 2308 849 2363 de
895 2320 1012 2360 uno
1043 2301 1290 2358 alterove
1328 2297 1476 2354 libro
1531 2296 1834 2368 sigillatim
1867 2313 2023 2353 nunc
2069 2297 2398 2354 videamus.
2431 2299 2512 2354 Ad
2545 2299 2727 2356 libros
2757 2300 2832 2356 De
2880 2298 3143 2356 Paschate
3178 2298 3334 2370 quod
3368 2297 3610 2365 attinet,
3671 2300 3838 2352 nota-

415 2422 570 2475 mus,
613 2394 1155 2458 decantatissimam
1196 2390 1379 2456 illam,
1413 2388 1707 2462 prioribus
1738 2391 1871 2458 post
1901 2404 1950 2444 c.
1991 2405 2048 2442 n.
2081 2388 2312 2444 aesculis
2343 2388 2495 2445 inter
2538 2389 2850 2446 Ecclesiam
2883 2389 3238 2446 Orientalem
3283 2393 3341 2445 et
3387 2386 3836 2444 Occidentalem

415 2510 629 2568 magno
661 2493 988 2548 animorum
1022 2485 1242 2540 fervore
1296 2481 1594 2552 agitatam,
1642 2479 2092 2534 controversiam
2135 2479 2206 2536 de
2235 2479 2325 2534 die
2373 2480 2702 2538 festivitatis
2750 2481 3068 2547 Paschalis,
3109 2481 3319 2536 horum
3369 2479 3830 2536 scribendorum

415 2567 778 2644 occasionem
837 2574 1340 2633 subministrasse.
1391 2569 1768 2634 Quzerebatur
1814 2567 2057 2637 scilicet,
2113 2584 2188 2624 an
2239 2569 2476 2640 praecise
2521 2587 2653 2626 cum
2700 2570 2940 2638 Judaeis,
2974 2570 3068 2625 die
3118 2571 3182 2625 14
3235 2569 3458 2625 mensis
3510 2569 3726 2636 Nisan,
3781 2569 3831 2622 in

414 2684 823 2748 quemcunque
856 2660 1237 2720 hebdomadis
1259 2661 1410 2714 diem
1442 2658 1536 2712 ille
1561 2657 1876 2724 incideret;
1911 2674 1982 2711 an
2014 2673 2148 2712 vero
2181 2657 2340 2714 nullo
2374 2657 2508 2726 alio,
2533 2675 2704 2729 quam
2729 2659 2868 2715 solis
2895 2658 3090 2726 die,in
3125 2657 3470 2714 memoriam
3505 2657 3829 2713 Dominice

411 2745 878 2823 resurrectionis,
928 2770 1093 2810 sacra
1127 2749 1421 2823 paschalia
1462 2747 1581 2802 sint
1611 2745 1975 2802 celebranda.
2030 2746 2283 2804 Priorem
2336 2749 2576 2804 modum
2628 2749 3027 2819 sequebantur
3077 2747 3341 2804 Asiatica:
3390 2751 3447 2803 et
3496 2745 3828 2802 Orientales

411 2851 678 2912 Ecclesiae
707 2868 721 2918 ;
763 2852 822 2903 at
853 2844 950 2918 qui
982 2849 1176 2899 Romae
1210 2843 1266 2894 et
1314 2839 1371 2893 in
1406 2837 1536 2892 aliis
1581 2836 1916 2906 regionibus
1944 2836 2017 2890 ad
2067 2836 2208 2892 solis
2239 2854 2510 2894 occasum
2560 2837 2690 2893 sitis
2721 2837 3018 2893 Christum
3067 2837 3354 2903 colebant,
3411 2837 3828 2906 posteriorem.

412 2946 653 3015 Utrique
686 2936 1033 3011 apostolicae
1067 2931 1353 3001 urgebant
1384 2927 1766 2995 traditiones;
1807 2925 1890 2980 illi
1926 2943 1986 2981 se
2018 2930 2503 2984 consuetudinem
2535 2947 2701 2985 suam
2736 2929 3028 3000 accepisse
3060 2946 3092 2984 a
3120 2932 3176 2983 Β.
3209 2929 3430 2984 Joanne
3460 2936 3516 2984 el
3551 2928 3830 3000 Philippo

415 3036 723 3096 dicebant;
752 3029 809 3083 hi
843 3042 974 3080 vero
1007 3023 1074 3078 ad
1113 3021 1343 3076 Petrum
1375 3023 1432 3073 et
1461 3016 1706 3072 Paulum
1732 3016 2139 3085 provocabant.
2174 3015 2372 3086 Neque
2396 3017 2466 3070 ab
2501 3017 2664 3072 initio
2697 3017 2816 3072 hinc
2849 3018 3153 3074 diversitas
3177 3019 3538 3074 discordiam
3577 3019 3832 3089 peperit,

413 3127 514 3183 sed
549 3119 822 3195 quaalibet
855 3113 1102 3172 Ecclesia
1142 3112 1198 3165 in
1226 3110 1336 3164 ritu
1371 3108 1477 3162 hoc
1510 3105 1827 3177 adiaphoro
1869 3122 1977 3160 sua
2025 3105 2297 3160 utebatur
2327 3105 2612 3160 libertate.
2648 3107 2896 3162 [renisus
2944 3107 3055 3179 (00)
3098 3109 3290 3175 refert,
3319 3108 3373 3162 S.
3408 3105 3829 3179 Polycarpum,

411 3193 656 3271 Romam
702 3209 1049 3281 profectum,
1104 3202 1255 3255 inter
1284 3199 1398 3254 alia
1428 3213 1562 3251 cum
1611 3195 1870 3260 Aniceto,
1903 3201 2042 3249 tunc
2074 3195 2335 3249 Romano
2383 3193 2649 3266 praesule,
2688 3197 2756 3250 de
2789 3201 3049 3266 tempore
3102 3195 3399 3252 Paschalis
3453 3195 3827 3266 colloquium

407 3303 759 3366 instituisse,
795 3296 894 3351 sed
951 3295 1221 3348 neutrum
1269 3285 1526 3359 potuisse
1575 3283 1738 3339 alteri
1773 3285 2140 3355 persuadere,
2176 3287 2298 3337 uta
2337 3283 2583 3354 pristino
2617 3300 2774 3339 more
2825 3285 3153 3354 recederet;
3187 3285 3580 3340 nihilominus
3629 3291 3826 3339 tamen

408 3395 562 3450 inter
592 3397 907 3458 utrumque
933 3397 1128 3455 pacem
1165 3381 1561 3434 conservatam
1599 3375 2108 3430 fuisse.Melitonis
2140 3378 2304 3428 aetate
2327 3375 2386 3428 in
2421 3374 2746 3430 Laodicena
2774 3374 3048 3440 Ecclesia,
3070 3373 3299 3430 sublato
3332 3391 3432 3444 per
3461 3376 3826 3448 martyrium

411 3482 614 3554 Sagari
646 3479 803 3534 sedis
832 3475 1003 3544 hujus
1035 3471 1328 3542 episcopo,
1363 3471 1419 3521 et
1449 3465 1898 3520 succedentibus
1929 3464 2080 3527 aliis,
2116 3465 2214 3534 qui
2254 3464 2669 3519 occidentalem
2703 3465 3186 3520 consuetudinem
3222 3465 3598 3520 introducere
3661 3482 3828 3520 cona-

418 3552 650 3635 banlur,
692 3567 798 3621 hac
832 3565 901 3618 de
931 3577 1110 3618 causa
1141 3559 1310 3614 etiam
1340 3555 1750 3610 exoriebantur
1779 3553 2195 3609 dissensiones.
2230 3552 2643 3624 lntcrponebat
2676 3553 2856 3624 igitur
2885 3570 2986 3608 sua
3017 3553 3210 3608 ofﬁcia
3241 3558 3460 3622 noster,
3497 3558 3692 3624 atque
3735 3555 3827 3608 hac

418 3659 722 3719 occasione
753 3649 1269 3721 binos,festinante
1301 3644 1631 3710 calamo,ut
1661 3643 1740 3699 ait
1762 3643 2046 3699 Eusebius
2073 3641 2475 3715 (91),exaravit
2505 3641 2785 3710 libros,in
2820 3643 3034 3714 quibus
3062 3643 3278 3713 docuit,
3298 3659 3462 3699 suam
3499 3644 3823 3715 unicuique

415 3749 679 3808 Ecclesia:
712 3741 1196 3802 consuetudinem
1228 3755 1354 3795 esse
1385 3735 1773 3803 retinendam,
1824 3734 2159 3806 Paschaque
2203 3734 2295 3789 die
2328 3735 2393 3788 14
2424 3749 2491 3788 ex
2520 3732 2785 3804 antiquo,
2817 3749 2944 3789 esse
2988 3733 3420 3788 celebrandum.
3456 3732 3558 3788 Sic
3592 3734 3825 3790 diremit

406 3856 643 3898 omnem
675 3832 1154 3893 controversiam,
1189 3845 1219 3883 ο
1244 3825 1424 3882 felicia
1453 3825 1566 3880 ista
1599 3823 1897 3895 tempora!
1935 3825 2135 3896 sicque
2168 3821 2436 3878 Ecclesiae
2478 3838 2680 3894 pacem
2715 3822 2986 3878 reddidit.
3021 3824 3106 3878 Ita
3136 3825 3308 3879 refert
3337 3821 3686 3894 Polycrates
3719 3825 3820 3892 (93)

400 3931 465 3986 in
502 3928 742 4000 Epistota
770 3923 1032 3997 synodica
1062 3919 1130 3975 ad
1167 3917 1458 3983 Victorem,
1510 3915 1678 3983 cujus
1708 3919 1875 3968 aztate
1926 3929 2190 3985 ausuque
2231 3911 2480 3968 nefando
2531 3912 2652 3966 haec
2701 3913 2892 3968 denuo
2925 3913 3224 3968 recruduit
3267 3913 3702 3979 controversia,
3741 3913 3826 3965 diu

410 4024 608 4092 postea
640 4032 846 4082 magna
879 4011 1210 4067 animorum
1244 4003 1612 4061 contentione
1642 4003 1880 4072 agitata,
1917 4016 2024 4057 nec
2055 4007 2190 4057 ante
2215 4001 2504 4074 synodum
2537 4000 2832 4057 Nictenam
2864 4003 3070 4070 sopita.
3104 4001 3391 4058 Melitonis
3439 4002 3515 4056 De
3557 4002 3822 4057 Paschal:

408 4090 556 4181 opus
611 4101 893 4161 Clementi
932 4096 1318 4156 Alexandrino
1365 4093 1740 4165 postmodum
1775 4090 2140 4146 occasionem
2193 4091 2464 4162 prabuit,
2499 4095 2558 4146 ul
2608 4091 2732 4162 ipse
2783 4108 3016 4164 quoque
3048 4091 3440 4148 conscriberet
3470 4090 3707 4146 librum
3767 4092 3823 4144 Dc

404 4177 690 4264 Prisc/tate,
724 4195 783 4248 in
832 4208 946 4264 quo
979 4186 1358 4244 honorificam
1393 4181 1752 4238 Melitoniani
1784 4181 1976 4252 operis
2008 4180 2213 4250 injecit
2261 4182 2640 4248 mentionem,
2683 4184 2747 4235 ut
2777 4182 2955 4236 tradit
2984 4181 3268 4236 Eusebius
3301 4180 3409 4252 (93)
3437 4197 3450 4239 :
3506 4179 3726 4233 "ro-3:99
3767 4177 3814 4232 δὲ

403 4292 502 4342 τοῦ
545 4285 736 4358 λόγου,
778 4281 1070 4353 inquiens,
1107 4276 1376 4348 μέμνηται
1420 4269 1654 4342 Κλήμης
1696 4270 1723 4323 ὁ
1758 4265 2138 4343 Ἀλεξανδρεὺς
2178 4267 2228 4322 ἐν
2270 4265 2393 4340 ἰδίῳ
2437 4268 2564 4342 Περὶ
2605 4273 2701 4324 τοῦ
2736 4270 2927 4344 Πάσχα
2966 4267 3140 4342 λόγῳ,
3185 4270 3242 4323 ὐι
3285 4267 3333 4336 ἐξ
3367 4266 3548 4331 αἰτίοις
3582 4276 3690 4338 τῆς
3724 4273 3814 4322 τοῦ

409 4374 729 4433 Μελίτωνος
770 4375 983 4447 γραφῆς
1023 4365 1184 4444 φησὶν
1227 4362 1415 4418 ἑαυτὸν
1451 4361 1719 4429 συντάξαι.
1754 4385 1781 4410 (ι
1819 4363 1958 4430 Hqu

2277 4359 2408 4414 libri
2442 4361 2796 4416 mentionem
2834 4360 2964 4416 facit
2997 4360 3259 4416 Clemens
3292 4358 3740 4415 Alexandrinus
3770 4361 3819 4414 in

409 4483 583 4536 opere
612 4480 714 4520 suo
749 4463 817 4516 de
848 4458 1146 4514 Paschate.
1183 4455 1340 4522 Quod
1377 4452 1609 4523 quidem
1647 4456 1709 4505 ut
1739 4449 2129 4505 conscriberet
2150 4447 2442 4504 Melitonis
2473 4448 2689 4503 librum
2719 4465 2958 4504 causam
2990 4448 3103 4504 sibi
3136 4447 3455 4520 praebuisse
3491 4453 3771 4505 testatur.
3801 4472 3820 4492 ιι

411 4555 740 4624 Utrumque
773 4556 968 4605 tamen
1000 4563 1147 4618 opus
1179 4543 1370 4616 periit,
1403 4548 1458 4596 et
1487 4541 1557 4595 de
1590 4538 1961 4596 Melitoniano
1995 4542 2263 4610 superest
2293 4539 2698 4595 tantummodo
2731 4555 2974 4610 parvum
3009 4539 3411 4611 fragmentum,
3436 4539 3601 4610 quod
3637 4543 3821 4611 poste-

409 4643 569 4700 ritati
601 4640 853 4698 servavit
881 4636 1190 4702 Eusebius,
1225 4631 1377 4688 intra
1406 4629 1828 4686 exhibendum.

1393 4777 1421 4844 §
1451 4774 1571 4830 XII.
1605 4772 1696 4829 De
1725 4772 1865 4829 libro
1899 4770 2029 4846 Περὶ
2070 4767 2350 4834 πολιτείας
2388 4771 2480 4826 καὶ
2521 4775 2836 4850 προφητῶν.

483 4937 649 4993 Circa
699 4933 942 4988 alterum
987 4923 1280 4984 Melitonis
1311 4919 1595 4986 libellum,
1630 4919 1784 4991 quod
1816 4916 1877 4972 τὸ
1917 4919 2032 4992 Περ

2272 4917 2371 4979 alar;
2419 4917 2510 4972 καὶ
2549 4922 2846 4998 προφητῶν
2889 4919 3247 4988 inscribitur,
3279 4919 3637 4988 tenendum,
3679 4937 3821 4976 non-

417 5026 610 5087 nullos
651 5024 880 5081 codices
928 5034 1106 5076 manu
1139 5017 1422 5084 exaratos,
1456 5027 1603 5084 quos
1656 5008 1950 5076 Valesius,
2004 5009 2064 5064 in
2098 5009 2251 5066 notis
2285 5012 2354 5066 ad
2413 5010 2627 5066 Euseb.
2661 5011 2929 5067 nominat
2957 5009 3148 5082 legere
3185 5008 3252 5063 τὰ
3290 5006 3421 5082 Περὶ
3462 5027 3524 5064 π.
3568 5028 3626 5064 κ.
3672 5029 3730 5064 π.
3771 5025 3820 5064 ac

483 5207 599 5280 (88)
633 5205 898 5260 Anastas.
931 5198 1178 5264 Sinaita,
1213 5193 1274 5248 in
1315 5186 1556 5266 Ὀδηγῷ,
1609 5204 1735 5260 cap.
1790 5188 1878 5257 13,
1934 5204 2064 5259 pag.
2175 5188 2830 5280 “AttigiinpludpEuseb.
2871 5189 3006 5280 Πεξςέ.
3053 5189 3270 5280 ροεέςεί,
3302 5186 3409 5243 lib.
3459 5203 3519 5280 ξ,
3569 5205 3705 5280 cap:
3759 5189 3818 5242 26

412 5259 596 5335 2587.7
636 5259 664 5260 ⁷⁷
1165 5259 1174 5264 ⁷
1441 5259 1480 5266 7⁷
1513 5259 1530 5335 ί
1562 5334 1570 5335 ί
1683 5259 1692 5260 ί
2173 5259 2419 5327 Ceillier,
2452 5259 2549 5335 sit.
2583 5261 2731 5317 libro
2765 5262 3032 5335 pag._75:
3075 5283 3101 5310 «
3137 5259 3282 5314 Mais
3309 5275 3404 5314 ces
3453 5261 3614 5335 deux
3663 5261 3820 5335 livres

485 5331 592 5419 ('89)
625 5349 808 5412 idem,
842 5344 1000 5419 ibid.,
1035 5357 1160 5419 cap.
1196 5339 1283 5419 t2,
1313 5334 1603 5419 pag:__2t6.
1887 5403 1904 5419 .
1941 5404 1981 5419 ﬁ
2174 5337 2308 5388 sont
2334 5333 2574 5419 perd‘usf1
2603 5339 2662 5416 et
2687 5331 2999 5419 noue—nfen
3033 5348 3279 5419 scavons
3310 5335 3481 5419 autre
3503 5331 3716 5419 chose,
3747 5333 3816 5419 si:

486 5403 596 5491 ξς)ὸῇ
630 5403 880 5475 tremens
906 5403 996 5491 in'
1022 5403 1274 5491 pri’stola
1303 5403 1717 5491 (ἰάτιςκὶςιονεγη,
1753 5403 1906 5476 apud
1941 5404 2062 5459 Eu-
2173 5421 2288 5491 non
2318 5403 2510 5491 dolente
2740 5404 2950 5491 mito“.
2977 5403 3334 5491 la‘pr‘ati‘que
3380 5403 3455 5460 de
3503 5403 3707 5477 ΙιΑείθ,
3754 5406 3814 5461 Οὐ

416 5475 777 5550 εεὺίῖὶόειον.
808 5489 1019 5553 eccles.,
1056 5475 1158 5539 lib.
1191 5499 1249 5547 v,
1283 5496 1411 5548 cap.
1443 5479 1539 5553 24_
1639 5548 1664 5553 Α
1767 5475 1804 5553 _'

2172 5475 2596 5553 l’on_cé_lébr_oit
2623 5475 2817 5553 Paquc
2848 5476 2900 5531 le
2934 5478 2997 5531 14
3029 5475 3100 5532 de
3128 5475 3186 5531 la
3214 5475 3374 5530 lune.
3414 5494 3440 5526 ι

486 5547 600 5634 (9t)
628 5564 837 5618 Euseb.
872 5576 920 5618 c.
949 5559 988 5616 l.
1009 5547 1078 5613 'et
1108 5547 1495 5623 Hieronymus
1527 5548 1584 5603 in
1627 5547 1901 5618 Calalogo,
1935 5564 2062 5620 cap.
2243 5549 2331 5622 (93
2362 5548 2562 5605 Euseb.
2595 5549 2693 5604 cit.
2728 5547 2836 5604 loc.

421 5634 509 5687 45.
