3922 6304
380 379 536 446 nos
1439 377 1502 439 s.
1550 377 1841 441 mauro
1887 373 2249 437 SARDIUM
2292 369 2755 434 EPISGOPUS.
3651 386 3833 445 ηπ-

380 524 985 604 ταξιοοηεοτίρίιιε,ιιι
1015 530 1199 602 pravis
1238 531 1630 588 hereticorum
1678 528 1842 584 istius
1887 524 2080 582 saeculi
2131 523 2353 580 obviam
2403 523 2506 578 iret
2561 523 2882 593 sententiis,
2943 525 3152 597 duplex
3200 530 3370 587 modo
3420 532 3800 608 principium,

379 621 622 679 alterum
654 621 892 690 bonum,
921 621 1162 676 alterum
1195 620 1406 676 malum
1437 619 1805 676 statuentium
1836 615 2040 686 ;modo
2071 613 2351 669 mundum
2386 613 2662 669 malorum
2710 615 3006 684 geniorum
3059 635 3201 688 opus
3245 636 3390 689 esse,
3437 624 3796 694 dicentium;

379 712 552 769 modo
580 712 650 767 de
681 719 886 766 natura
914 717 968 765 et
993 713 1279 766 creatione
1311 708 1558 765 hominis
1588 707 2024 773 somniantium,
2059 703 2372 769 hominem,
2406 718 2504 772 per
2537 703 2990 762 imbecillitatem
3022 708 3319 778 geniorum
3381 711 3640 784 illorum,
3692 733 3803 772 non

381 801 675 857 meliorem
701 800 822 856 ﬁeri
856 800 1120 870 potuisse,
1152 815 1219 856 ac
1252 801 1416 870 longe
1448 799 1703 854 futurum
1739 797 1911 851 fuisse
1941 794 2299 861 deteriorem,
2337 791 2447 846 nisi
2481 808 2744 862 suprema
2773 795 2952 851 virtus
2994 798 3305 855 scintillam
3355 816 3512 859 aurae
3558 804 3805 878 vitaeque

377 891 588 946 divinae
620 890 970 959 immisisset,
1002 891 1398 959 eumdemque,
1431 887 1840 944 vermisinstar
1871 883 2029 940 humi
2080 883 2235 953 prius
2295 889 2607 951 repentem,
2658 883 2964 953 erexisset;
3015 889 3184 944 modo
3236 890 3448 960 duplex
3501 892 3802 950 hominum

379 993 583 1046 genus,
617 977 833 1034 bonum
863 985 915 1034 et
946 994 1202 1048 pravum,
1238 977 1352 1033 imo
1407 976 1629 1048 triplex,
1660 972 2112 1046 pneumaticum,
2149 969 2482 1041 psychicum
2504 977 2556 1025 et
2590 969 2842 1039 hylicum
2876 988 2974 1030 seu
3008 975 3201 1048 χοϊκόν
3235 977 3600 1050 tiu-gentium.

1295 1147 1325 1220 §
1355 1147 1460 1204 XV.
1497 1147 1568 1202 De
1598 1146 1736 1202 libro
1767 1144 1898 1218 Περὶ
1934 1145 2178 1212 ὑπακοῆς
2207 1140 2441 1203 πίστεως
2473 1141 2867 1218 αἰσθητηρίων.

457 1297 566 1353 Sed
601 1300 887 1352 transeant
920 1293 1061 1358 haec,
1116 1292 1522 1362 videamusque
1578 1291 1765 1360 potius
1803 1289 1873 1344 de
1911 1288 2006 1344 libi

2260 1304 2285 1343 [ι
2336 1286 2464 1360 Περί
2517 1286 2760 1350 ὑπακοῆς
2806 1285 3038 1349 πίστεως
3090 1287 3484 1366 αἰσθητηρίων,
3540 1293 3638 1350 De
3677 1296 3809 1350 obe-

381 1386 593 1444 dienlia
621 1400 881 1441 sensuum
911 1382 1044 1454 ﬁdei
1073 1381 1382 1451 inscripsit.
1417 1380 1582 1437 Hunc
1612 1380 2014 1449 Hieronymus,
2047 1378 2328 1442 Ruflinus,
2363 1375 2736 1447 Nicephorus,
2768 1378 3116 1435 Trithcmius
3167 1389 3498 1439 constanter
3548 1383 3616 1439 in
3669 1385 3814 1440 duos

381 1475 747 1542 diversosque
769 1471 1048 1536 dividunt,
1082 1472 1179 1538 ita,
1210 1476 1271 1525 ut
1300 1468 1643 1540 peculiarem
1690 1468 1919 1538 faciant,
1970 1467 2045 1522 De
2094 1465 2403 1523 obedientia
2439 1466 2595 1536 ﬁdei,
2651 1465 3111 1539 peculiaremque
3167 1469 3396 1540 iterum,
3440 1473 3516 1528 De
3563 1473 3817 1529 sensibui

381 1565 617 1622 librum.
653 1561 866 1618 Dubius
896 1561 990 1616 diu
1024 1560 1182 1628 haesi,
1211 1575 1282 1614 an
1315 1574 1442 1615 cum
1479 1558 1740 1627 Eusebio,
1772 1575 1846 1614 an
1879 1573 2007 1614 cum
2044 1556 2273 1628 reliquis
2303 1556 2568 1612 iacerem.
2603 1559 2697 1611 Ast
2727 1571 2880 1622 cum,
2922 1556 3148 1616 Valesio
3207 1565 3369 1629 teste,
3425 1561 3486 1618 in
3536 1562 3818 1619 omnibus

380 1653 676 1714 codicibus
734 1650 1138 1722 manuscrlptis
1195 1649 1434 1719 legatur,
1482 1647 1572 1700 καὶ
1630 1647 1657 1700 ὁ
1709 1645 1836 1719 Περὶ
1890 1646 1929 1699 ὑη

2269 1664 2418 1705 ντεως
2483 1643 2880 1719 αἰσθητηρίων,
2943 1647 3158 1719 absque
3215 1650 3592 1708 distinctione
3641 1668 3818 1723 quam

380 1745 525 1802 Rob.
563 1742 906 1814 Stephanus,
944 1748 1067 1810 post
1095 1754 1288 1797 vocem
1321 1736 1576 1804 πίστεως,
1612 1737 1828 1808 primus
1859 1736 2042 1808 posuit
2075 1755 2090 1804 ;
2126 1735 2297 1793 verba
2330 1735 2559 1790 Eusebii
2590 1736 2782 1806 utique
2813 1753 2912 1806 pro
2947 1738 3111 1794 titulo
3162 1740 3334 1795 unius
3382 1744 3614 1796 tantum
3677 1741 3815 1797 libri

384 1833 588 1899 habeo,
621 1831 716 1904 qui
746 1832 822 1886 De
849 1829 1157 1887 obedientia
1188 1843 1450 1884 sensuum
1480 1826 1632 1896 ﬁdei,
1667 1827 1802 1893 sive,
1836 1826 1986 1896 quod
2012 1825 2163 1880 idem
2207 1827 2314 1891 est,
2369 1824 2438 1880 de
2486 1823 2812 1880 obedieulia
2865 1826 2997 1882 tidei
3047 1843 3169 1898 quae
3211 1829 3282 1883 sit
3313 1846 3344 1883 a
3373 1830 3664 1898 sensibus,
3705 1831 3812 1887 fuit

379 1925 714 1994 inscriptus,
741 1919 1091 1978 Tillemontii
1125 1919 1200 1992 (lt)
1231 1926 1398 1989 atque
1448 1915 1680 1988 Dupinii
1727 1917 1805 1986 (5)
1851 1915 2116 1971 suil‘ultus
2161 1914 2268 1969 hac
2313 1914 2371 1968 in
2418 1929 2476 1969 re
2526 1930 2785 1984 assensu,
2833 1916 2960 1973 licet
3010 1916 3334 1994 Halloixius
3379 1918 3596 1991 aliique
3644 1920 3818 1977 alteri

380 2015 570 2090 potius
601 2009 957 2068 subscribant
992 2007 1311 2064 sententiae.
1356 2005 1560 2063 Valesii
1609 2012 1662 2061 et
1714 2003 1948 2076 Dupinii
1992 2002 2304 2074 probabilis
2355 2003 2665 2059 admodum
2715 2005 3044 2076 conjectura
3093 2011 3203 2076 est,
3247 2016 3448 2064 contra
3509 2009 3819 2067 haereticos

383 2103 659 2178 quosdam
691 2097 1050 2155 istiusaetatis
1081 2105 1133 2153 et
1164 2095 1318 2152 hunc
1377 2110 1599 2167 quoque
1657 2094 1865 2150 librum
1917 2093 2192 2163 scriptum
2245 2093 2423 2148 fuisse
2469 2111 2502 2147 a
2556 2093 2848 2160 Melitone,
2907 2095 3003 2166 qui
3051 2098 3419 2164 asseruerint,
3464 2099 3589 2155 dari
3641 2099 3819 2156 ﬁdem

381 2191 682 2265 quamdam
715 2187 1034 2244 naturalem
1065 2185 1436 2255 eamdemque
1466 2199 1737 2240 sensuum
1772 2199 1940 2254 opera
1970 2197 2139 2254 posse
2169 2182 2344 2253 gigni.
2379 2182 2619 2247 Quidam
2651 2183 2804 2239 enim
2839 2183 3111 2253 haeretici,
3165 2186 3330 2242 verba
3385 2193 3523 2243 sunt
3571 2188 3797 2246 Valesii

379 2261 626 2344 aiebant,
659 2276 935 2334 animales
967 2275 1217 2346 quidem,
1252 2289 1348 2329 seu
1385 2273 1652 2344 physicos
1684 2273 1948 2329 homines
1981 2287 2253 2328 sensuum
2286 2287 2459 2342 Opera
2491 2274 2763 2328 credere:
2813 2273 3135 2344 spirituales
3185 2292 3313 2332 vero
3357 2293 3456 2347 per
3506 2261 3820 2346 rationem:

384 2372 468 2427 Ita
497 2366 767 2424 Heracleo
793 2363 1107 2434 explicabat
1141 2363 1332 2418 lucum
1365 2363 1526 2417 illum
1561 2377 1628 2416 ex
1657 2361 1892 2416 Joannis
1925 2361 2240 2432 Evangelio
2276 2361 2320 2396 ¹⁰
2347 2377 2360 2415 :
2392 2360 2518 2417 Nisi
2547 2363 2710 2432 signa
2763 2365 2810 2416 et
2856 2364 3116 2436 prodigia
3163 2365 3440 2432 videritis,
3473 2383 3590 2421 non
3637 2368 3824 2424 crede-

385 2460 476 2514 tis.
509 2456 643 2522 Quae
675 2453 880 2509 Christi
915 2450 1104 2521 verba,
1135 2450 1317 2506 aiebat
1361 2447 1648 2517 Heracleo,
1682 2449 1792 2504 dici
1827 2448 2053 2519 preprie
2101 2449 2168 2503 ad
2221 2464 2316 2505 eos
2365 2448 2463 2520 qni
2517 2466 2613 2518 per
2662 2466 2830 2520 opera
2881 2459 2937 2506 et
2985 2468 3183 2509 sensus
3243 2458 3507 2509 naturam
3565 2454 3822 2512 habeant

383 2545 708 2615 obediendi,
743 2559 859 2602 non
891 2551 1078 2599 autem
1109 2542 1378 2598 credendi
1413 2557 1514 2612 per
1543 2541 1841 2596 rationem.
1878 2540 2069 2595 Refert
2106 2539 2225 2595 haec
2257 2539 2530 2609 Origenes
2580 2543 3032 2599 Enarralionum
3070 2546 3130 2600 in
3176 2546 3411 2602 Joannis
3443 2545 3820 2614 Euangelium

386 2646 539 2694 tumo
567 2651 692 2706 XIII,
725 2633 820 2689 ubi
853 2639 905 2690 et
937 2631 1162 2701 refutat,
1194 2631 1468 2702 docetque
1527 2636 1639 2686 tam
1687 2629 2008 2700 spirituales
2048 2643 2216 2700 quam
2254 2627 2532 2685 animales
2562 2645 2675 2686 non
2724 2648 2889 2702 posse
2955 2633 3071 2690 nisi
3122 2649 3220 2705 per
3271 2650 3503 2691 sensum
3560 2637 3817 2693 credere.

385 2727 519 2785 Haec
547 2721 820 2783 Valesius.

1434 2863 1464 2935 §
1493 2862 1628 2921 XVI.
1665 2862 1739 2918 De
1769 2861 1909 2918 libro
1940 2859 2068 2934 Περὶ
2101 2863 2288 2933 ψυχῆς
2316 2861 2406 2914 καὶ
2439 2861 2716 2934 σώματος.

459 3011 706 3071 Proximi
740 3009 925 3067 libelli
959 3023 1125 3079 quem
1187 3004 1578 3073 lustrabimus,
1631 3004 1826 3061 titulus
1873 3011 1954 3061 est
1987 3021 2000 3059 :

2274 3009 2418 3078 υχῆς
2467 3002 2556 3059 καί
2617 3006 2893 3079 σώματος,
2927 3011 3004 3065 De
3050 3010 3244 3064 anima-
3286 3011 3336 3066 εἰ
3373 3023 3602 3080 corpore
3658 3011 3821 3068 liber.

393 3105 500 3163 Bie
529 3109 660 3159 ante
691 3101 888 3158 omnia
919 3098 1058 3153 ratio
1089 3095 1231 3152 mihi
1262 3094 1550 3151 reddenda
1576 3099 1680 3159 est,
1713 3109 1884 3165 quare
1916 3095 1973 3149 in
2007 3093 2322 3150 exhibendo
2349 3094 2514 3164 hujus
2545 3095 2677 3152 libri
2710 3097 2872 3153 titulo
2899 3116 2932 3153 a
2961 3098 3204 3154 lectione
3260 3098 3584 3168 communi,
3647 3116 3823 3172 quam

385 3192 644 3249 Valesius
674 3197 726 3246 et
772 3187 1098 3256 Readiugus
1145 3185 1408 3256 probant,
1460 3183 1788 3238 reccsscrim
1838 3199 1934 3253 par

2274 3201 2294 3237 1
2346 3193 2536 3240 autem
2594 3185 2686 3240 isti
2743 3185 2984 3256 legunt:
3038 3187 3142 3242 Καὶ
3197 3186 3337 3260 πρὸς
3374 3186 3600 3249 τούτοις
3634 3188 3666 3241 ὁ
3701 3187 3823 3261 περὶ

389 3269 577 3360 ψυχῆς
623 3279 713 3334 καὶ
762 3278 1014 3350 σώματος
1043 3270 1078 3342 ἤ
1119 3272 1262 3335 νοός.
1323 3275 1611 3329 Praeterea
1671 3272 1812 3327 liber
1869 3271 1934 3327 de

2270 3289 2488 3342 corpore
2528 3283 2581 3330 et
2625 3279 2820 3341 mente,
2876 3292 2942 3331 ac
3002 3276 3052 3330 si
3099 3275 3294 3332 Melite
3352 3277 3412 3332 in
3474 3277 3588 3334 hoc
3651 3294 3819 3351 Opere

388 3377 460 3430 de
490 3372 668 3429 tribus
703 3367 954 3425 hominis
984 3363 1236 3435 partibus
1293 3360 1634 3431 exposuerit,
1688 3360 1998 3431 animaque
2049 3362 2291 3431 cogitata
2347 3379 2447 3417 sua
2497 3363 2813 3432 protulerit.
2866 3364 3026 3420 Hanc
3083 3380 3449 3421 communem
3507 3365 3821 3423 lectionem

392 3465 640 3537 probant
669 3459 894 3518 codices
923 3453 1262 3519 Mazarinus,
1294 3451 1596 3507 Medicaeus
1624 3467 1690 3507 ac
1723 3451 2095 3506 Fuketianus.
2129 3451 2400 3510 Eamdem
2433 3468 2654 3524 quoque
2695 3454 3035 3510 conﬁrmare
3080 3455 3300 3511 videtur
3351 3454 3574 3511 Bullini
3634 3459 3819 3514 inter-

392 3549 654 3623 pretatio,
689 3563 810 3618 quas
842 3545 918 3600 ita
949 3543 1146 3623 habet:
1184 3546 1260 3597 De
1297 3540 1571 3596 sensibus.
1602 3541 1675 3596 De
1721 3542 1934 3608 anima,
1979 3546 2033 3595 et
2069 3555 2297 3611 corpore
2339 3551 2390 3597 et
2439 3545 2632 3597 mente.
2683 3543 2757 3599 De
2805 3544 3044 3610 lavacro,
3090 3549 3198 3601 etc.
3250 3545 3315 3599 In
3367 3545 3569 3600 eodem
3630 3554 3819 3603 tamen

394 3637 606 3696 Ruilini
640 3637 910 3692 librorum
943 3631 1438 3688 Melitonianorum
1472 3628 1748 3695 iudiculo,
1785 3629 1980 3700 paucis
2014 3629 2322 3700 interjectis
2352 3631 2499 3700 aliis,
2531 3633 2768 3688 recurrit
2797 3635 2988 3691 denuo
3034 3635 3291 3705 ejusdem
3341 3635 3533 3705 operis
3591 3636 3820 3702 titulus,

396 3730 502 3786 hac
528 3727 740 3784 forma:
780 3729 856 3780 De
886 3723 1079 3778 anima
1101 3724 1150 3776 et
1179 3734 1426 3791 corpore,
1460 3719 1534 3772 ita
1568 3721 1630 3774 ut
1659 3734 1859 3788 parum
1890 3719 2127 3774 omnino
2167 3719 2413 3789 praesidii
2455 3736 2518 3775 ex
2564 3720 2770 3777 Ruﬂini
2827 3722 3292 3794 interpretatione
3341 3723 3605 3778 inveniat
3666 3742 3817 3783 com-

399 3817 588 3876 munis
607 3815 798 3872 lectio.
833 3811 1080 3868 Probant
1113 3816 1299 3864 tamen
1332 3807 1588 3862 eamdem
1621 3807 1962 3863 recentiores
1995 3808 2106 3863 fere
2144 3822 2363 3872 omnes,
2405 3808 2824 3877 Tillemoutius,
2870 3815 2998 3867 Nat.
3042 3812 3358 3868 Alexander
3392 3813 3497 3883 (6),
3531 3813 3817 3884 Dupinius

395 3913 604 3964 Caveus
636 3905 735 3976 (7),
768 3899 1158 3968 Benthemius,
1191 3898 1508 3953 Lardnerus
1538 3897 1641 3967 (8),
1665 3896 1975 3951 Bollandus
2005 3896 2103 3967 (9),
2137 3896 2396 3968 aliisque,
2452 3907 2647 3968 praeter
2688 3900 2924 3956 unicum
2977 3901 3120 3956 forte
3169 3901 3542 3968 Halloixium,
3591 3904 3701 3972 qui
3751 3905 3819 3958 ila

396 3997 529 4070 legit
558 4003 612 4051 et
668 3991 965 4049 distinxit:
1026 3987 1130 4042 Καὶ
1188 3987 1327 4058 πρὸς
1384 3983 1657 4045 τούτοιςὸ
1707 3982 1831 4057 περὶ
1891 3987 1945 4056 ψι

2295 3985 2549 4058 σώματος
2588 3986 2673 4054 ἦν.
2732 3987 2824 4044 Ἐν
2876 3991 2959 4050 οἷς
3017 3988 3166 4042 καὶὸ
3198 3987 3321 4063 περὶ
3381 3987 3655 4061 λουτροῦ.
3718 3993 3816 4048 Sed

394 4085 658 4155 displicet
685 4081 872 4137 adhuc
902 4076 1312 4148 iuterpunctio.
1349 4074 1596 4129 Omnino
1628 4074 1799 4143 igitur
1833 4073 1977 4130 facio
2008 4074 2238 4144 quidem
2271 4091 2400 4130 cum
2434 4078 2631 4132 codice
2658 4078 2847 4147 Regio,
2901 4080 2999 4150 qui
3045 4079 3269 4134 Valesio
3321 4086 3478 4148 teste,
3534 4080 3621 4135 ita
3675 4080 3821 4150 legit,

395 4179 460 4230 ut
489 4170 799 4228 Halloixius
830 4166 1090 4223 exhibuit
1119 4185 1133 4233 ;
1175 4172 1259 4219 ast
1290 4163 1517 4218 mallem
1551 4161 1936 4218 distinctionis
1961 4165 2189 4233 signum
2219 4180 2428 4232 ponere
2461 4175 2580 4234 post
2610 4167 2843 4222 verbum
2889 4167 3166 4238 σώματος,
3219 4169 3372 4224 hunc
3425 4170 3482 4223 in
3539 4171 3821 4225 modum:

395 4261 496 4316 Καὶ
543 4259 678 4332 πρὸς
725 4256 941 4316 τούτοις
996 4255 1023 4306 ὁ
1072 4252 1196 4326 περὶ
1246 4255 1432 4325 ψυχῆς
1477 4250 1569 4304 καὶ
1616 4250 1892 4322 σώματος.
1945 4252 2046 4305 Ἢν
2094 4249 2144 4304 ἐν
2193 4250 2276 4312 οἷς
2335 4251 2424 4306 καὶ
2457 4253 2484 4307 ὁ
2516 4255 2637 4325 περὶ
2698 4252 2955 4328 λουτροῦ,
3016 4257 3092 4311 ita
3153 4265 3212 4312 ut
3268 4273 3301 4311 α
3355 4255 3547 4311 verbis
3614 4257 3720 4311 Ἦν
3779 4254 3822 4308 ἐι

400 4351 484 4410 οἷς
517 4352 604 4420 (ex
635 4347 862 4418 quibus,
894 4361 992 4417 per
1041 4343 1401 4398 librariorum
1451 4341 1836 4406 oscitantiam,
1884 4340 2050 4397 facile
2099 4342 2296 4398 enasci
2341 4344 2520 4413 potuit
2575 4346 2771 4415 altera,
2827 4362 2996 4416 quam
3049 4345 3359 4416 rejicimus,
3409 4342 3648 4414 lectioii
3681 4346 3828 4413 νοός]

397 4437 646 4496 ordiatur
677 4450 818 4490 nova
850 4432 1132 4502 periodus,
1165 4431 1226 4486 in
1259 4446 1368 4500 qua
1397 4429 1605 4498 reliqui
1641 4428 1930 4484 Melitonis
1977 4437 2342 4485 recensentur
2389 4431 2539 4486 libri.
2601 4433 2760 4489 Hanc
2809 4449 2990 4488 meam
3042 4434 3504 4489 emendationem
3557 4435 3828 4490 suffulcit

399 4524 622 4598 egregie
679 4521 1052 4591 Nicephorus,
1111 4517 1206 4588 qui
1262 4518 1338 4573 ita
1395 4515 1602 4571 habet:
1661 4513 1785 4570 Ἐπὶ
1845 4511 1911 4583 δὴ

2278 4519 2289 4572 ὦ
2348 4519 2472 4591 περί
2526 4521 2712 4594 ψυχῆς
2769 4519 2915 4591 αὐτῷ
2969 4521 3056 4575 καὶ
3117 4521 3371 4593 σώματος
3426 4522 3827 4594 πεπονημένος

402 4613 568 4671 ἐστίν,
601 4614 688 4667 Ἐν
725 4610 806 4671 οἷς
834 4608 921 4663 καὶ
955 4608 982 4661 ὁ
1015 4605 1138 4683 περὶ
1170 4603 1430 4679 λουτροῦ,
1471 4624 1522 4659 κ.
1555 4624 1606 4659 τ.
1658 4601 1712 4658 λ.
1764 4607 1951 4676 Cunth

2279 4625 2331 4664 3a
2390 4609 2788 4680 Hieronymus,
2855 4612 3136 4667 Honorius
3189 4611 3728 4683 Augustodunensis
3781 4621 3828 4668 et

403 4703 757 4764 Trithcmius
786 4698 1047 4758 unanimi
1077 4713 1362 4754 consensu
1395 4697 1640 4764 tradant,
1675 4694 2000 4751 Melitonem
2035 4701 2113 4753 De
2163 4697 2354 4754 anima
2398 4708 2449 4754 ei
2487 4715 2710 4772 corpore
2759 4701 2965 4757 librum
3013 4717 3188 4756 unum
3225 4700 3540 4771 scripsisse,
3589 4717 3825 4773 prorsus

475 4822 518 4858 ³ο
547 4837 671 4894 cap.
707 4836 780 4887 ιγ,
817 4817 904 4872 48.

470 4947 904 5019 (11)Tillemont_.
938 4941 1007 5019 in
1046 4955 1250 5011 opere:
1300 4938 1581 5019 bie'moires
1621 4955 1764 5019 peu‘r
1800 4942 1975 5019 ser-vir
2003 4945 2038 4993 ci
2147 4942 2380 5019 inlitulé
2444 4945 2530 5019 De)
2583 4943 2931 5019 i'obdissunce
2985 4944 3106 5019 fies
3134 4959 3256 4998 sens
3286 4943 3406 5019 (ila
3463 4944 3570 5012 (oi,
3634 4955 3830 5001 contis

401 5011 662 5092 l‘hisloire
699 5015 1298 5092 ςεςιέςίαξιῄῖμεροξῃ.
1337 5011 1406 5075 Ii,
1433 5026 1584 5092 _pag_:
1625 5011 1761 5092 filii,
1813 5011 2038 5066 titulum
2152 5015 2424 5092 quelques
2461 5017 2806 5088 hérétiques,
2841 5017 2935 5088 qui
2967 5017 3230 5083 disaient,
3266 5013 3434 5086 qu’on
3467 5011 3707 5088 ’croyait
3742 5033 3831 5089 par

401 5093 571 5163 hujus
603 5088 836 5163 lib_ri_ita
864 5080 1346 5163 redtlidit_Gallice
1377 5098 1389 5136 :
1419 5080 1899 5163 ρειιξοὶζέὶδείιηεθ-
1938 5099 2042 5163 ᾳμσ
2153 5080 2240 5163 les]
2257 5080 2417 5163 satis.
2460 5108 2512 5141 ».

404 5151 628 5221 les'sens
657 5157 1017 5230 doiventaia
1045 5155 1149 5226 [οἱ.
1184 5153 1356 5230 Henr;
1417 5151 1694 5230 Ludolpb.
1746 5151 2042 5230 Bentheim
2227 5157 2303 5229 (6)
2340 5158 2465 5215 Nat.
2513 5158 2666 5214 Alex.
2727 5160 2783 5214 in
2848 5160 2987 5214 Hist.
3047 5157 3236 5215 eccles.
3301 5158 3518 5213 Veteris
3585 5158 3831 5230 Noviqae

398 5252 552 5300 vero,
611 5234 690 5304 in,
735 5223 1237 5304 Yorstellung_unti
1320 5223 1687 5304 Betrjaelitung
1743 5223 1841 5278 der
1897 5225 2048 5278 alien
2160 5223 2392 5304 regem.
2427 5236 2563 5304 tom.
2600 5230 2704 5295 lli,
2738 5246 2864 5304 pag.
2899 5230 3028 5283 297.

399 5295 888 5376 Kirchen-Lehrer,
922 5295 1052 5376 pag;
1079 5297 1169 5363 71,
1195 5295 1600 5376 commode-id
1639 5295 1891 5376 linguam
1944 5312 2046 5376 ξιον
2229 5300 2304 5370 (7)
2335 5301 2478 5376 Cave
2508 5302 2566 5356 in
2599 5295 2754 5357 Hist:
2789 5296 3034 5358 liuerar.
3093 5299 3423 5372 scriptorum
3468 5301 3830 5358 ecciesiastir.

399 5389 570 5434 stram
603 5365 966 5429 vernaculam
1000 5365 1077 5424 ita
1105 5367 1393 5441 transtulit
1429 5383 1442 5419 :
1481 5367 1600 5422 Und
1629 5365 1749 5420 eius
1782 5382 1896 5421 vom
1927 5367 2050 5422 dem
2163 5365 2294 5441 pag;
2321 5373 2407 5426 42,

402 5445 1005 5519 Gianbens-Gehprsam
1035 5440 1565 5519 der___S‘inne_rrz.M.__
1846 5509 1860 5519 _
2165 5440 2176 5441 ί
2238 5442 2312 5511 (8)
2351 5443 2591 5497 Lardner
2631 5446 2688 5500 in
2713 5446 2807 5519 the
2845 5443 3167 5519 Credibiiily
3215 5449 3271 5516 ο]
3304 5442 3413 5519 Δἐξιεῖ
3466 5445 3686 5516 Gospel
3745 5444 3834 5498 Hi-

472 5520 549 5591 (5)
581 5519 788 5591 Dupiu.
812 5515 1093 5591 in_opere:
1129 5511 1386 5591 Nou_velle
1418 5508 1797 5591 Bibliotheque
1826 5509 2051 5591 des-au-
2162 5508 2510 5591 διοζφρίῃι.
2543 5531 2605 5591 1r,
2639 5517 2748 5591 vol.
2784 5518 2841 5591 I,_
2863 5531 2986 5586 cap.
3022 5517 3108 5582 15,
3135 5508 3268 5586 pag.
3300 5515 3427 5571 3'29.

397 5581 543 5662 terirs'
571 5581 1032 5662 εᾳοιέδὶαςζίᾳᾴβδν
1067 5591 1180 5638 ιοῐῐι
1236 5586 1290 5662 ξι
1313 5597 1436 5662 ρξιε·
1464 5581 1555 5645 6³,
1591 5590 1706 5662 ηῼί·
1738 5582 1810 5634 6:
1847 5602 1874 5630 ‹<
1904 5581 2052 5637 Mais
2237 5581 2650 5662 (9)_Bo_ll_an_dits
2696 5588 2753 5644 in
2806 5581 2952 5643 Actis
3005 5581 3341 5655 sani-ieram,
3399 5603 3597 5644 mens.
3650 5587 3833 5661 April.

396 5661 439 5715 ll
468 5667 551 5717 est
581 5658 708 5728 plus
742 5653 1007 5724 probable
1052 5669 1160 5724 que
1208 5653 1390 5708 e'était
1441 5666 1520 5707 un
1567 5653 1752 5707 meme
1795 5668 2042 5724 ouvragc
2173 5653 2366 5724 Vol.1,
2401 5657 2496 5713 fol.
2532 5659 2617 5712 11.
