3922 6304
111 392 268 455 1197
945 389 1289 453 ΝΟΤΙΤΙΑ.
1337 422 1408 436 —-
1455 387 1533 452 II.
1580 391 1660 452 DE

2040 393 2070 454 Ξ
2118 393 2179 456 S.
2229 392 2681 457 MELlTONIS.
3370 401 3528 465 1198
3573 425 3589 481 χ

104 525 351 582 omnino
382 539 500 581 non
532 524 712 591 video,
745 539 918 596 quare
943 523 1183 580 alteram
1215 524 1481 595 prwferre
1512 523 1753 580 velimus
1811 523 2136 592 lectionem,
2170 542 2294 598 quas
2323 527 2556 598 insuper
2589 529 2649 584 in
2672 529 2878 586 mendo
2909 529 3354 605 adhucjaceret,
3389 552 3523 592 nam

127 632 248 672 non
271 615 498 671 deberet
530 629 658 671 esse
686 618 746 684 ἦ,
776 615 868 670 sed
901 613 989 667 καὶ
1024 613 1148 667 νοός⁹
1237 621 1298 663 ιιι
1352 622 1500 672 recte
1557 614 1676 670 obsr

1988 614 2259 671 ’histonus
2315 617 2449 689 (10).
2509 618 2863 688 Caeteroquin
2911 620 3094 676 eidem
3153 623 3537 682 eruditissimo

113 706 308 776 Anglo
335 706 520 760 dicam
566 721 579 759 ε
613 718 744 760 cum
777 704 834 759 S.
875 703 939 758 it.
967 703 1177 760 Wollio
1208 703 1622 775 (inuoluerim
1646 703 1909 766 scribere,
1946 705 2069 760 ideo
2101 706 2251 775 quod
2306 707 2584 777 triplicem
2637 709 2801 764 istam
2862 709 3111 766 hominis
3166 712 3542 788 divisionem,
3569 691 3582 754 ί

119 811 296 866 quam
325 801 511 850 tamen
545 810 652 850 nec
683 795 806 865 ipse
836 794 1054 864 probat,
1081 795 1226 850 inter
1255 793 1631 861 Christianos,
1667 793 1764 864 qui
1796 793 2002 848 sarculo
2035 794 2216 863 primo
2247 805 2300 850 et
2331 799 2582 853 secundo
2615 798 2872 866 vixerint,
2914 798 3229 857 obtinuisse
3276 813 3485 860 asserat
3517 825 3532 873 ;

119 883 256 955 licet
286 885 542 939 eamdem
579 899 642 938 ex
673 881 1134 940 Melitonislibro
1168 882 1396 954 probari
1455 897 1639 952 posse,
1696 887 2020 937 constanter
2079 899 2297 952 negem.
2361 885 2651 942 Platonica
2708 903 2843 942 sane
2895 888 3252 959 philosophia
3311 872 3560 948 mature

126 973 266 1028 satis
297 991 325 1027 a
358 971 623 1027 Patribus
657 971 763 1028 fuit
792 972 1054 1043 adoptata
1082 972 1573 1041 ;Platonicamque
1606 972 1750 1026 hanc
1785 971 2035 1025 hominis
2066 972 2400 1028 divisionem
2433 974 2655 1030 admisit
2687 977 2918 1044 jamjam
2947 977 3117 1034 Philo
3149 979 3284 1050 (12),
3323 996 3390 1037 ex
3421 998 3534 1054 quo

120 1062 322 1117 Patres
353 1062 608 1133 primani
639 1060 758 1118 fere
787 1077 986 1117 omnes
1012 1061 1258 1132 sapiunt.
1282 1061 1531 1116 Irenaeus
1561 1060 1672 1133 (13)
1703 1064 1856 1116 certe
1878 1060 2266 1116 disertissimis
2298 1062 2483 1118 verbis
2513 1064 2653 1119 dixit
2679 1081 2690 1119 :
2747 1087 2773 1114 «
2825 1066 2952 1120 Tria
3010 1074 3143 1123 sunt
3200 1084 3267 1124 ex
3329 1071 3533 1140 quibus

122 1151 414 1221 perfectus
446 1151 616 1216 homo
649 1158 888 1217 constat,
923 1167 1113 1220 carne,
1148 1151 1364 1220 anima,
1393 1151 1613 1220 Spiritu.
1649 1172 1676 1198 ››
1711 1151 2026 1219 ltationem,
2060 1166 2229 1220 quare
2261 1152 2448 1207 forsan
2483 1153 2573 1209 hic
2615 1154 2926 1210 MelitoniS‘
2952 1156 3094 1212 liber
3140 1159 3228 1213 vel
3282 1160 3531 1229 perierit,

121 1238 213 1295 vel
247 1254 582 1312 suppressus
611 1240 801 1307 fuerit,
835 1257 948 1295 non
983 1241 1146 1308 meis,
1173 1241 1269 1296 sed
1290 1239 1589 1295 clarissimi
1621 1239 1857 1294 editoris
1887 1238 2160 1309 Nemesii,
2190 1240 2378 1296 verbis
2405 1242 2589 1298 discas
2619 1244 2790 1300 velim
2825 1263 2840 1314 ;
2886 1260 3006 1315 quae
3061 1263 3137 1303 an
3193 1248 3393 1315 valeat,
3452 1252 3534 1307 uti

121 1329 320 1386 valere
352 1329 568 1385 videtur
597 1329 922 1396 Whistono,
955 1331 1075 1401 ipse
1100 1329 1408 1400 judicabis,
1437 1329 1710 1385 benevole
1743 1327 1936 1384 lector.
1971 1334 2054 1384 Ita
2083 1335 2268 1385 autem
2299 1330 2397 1385 ille
2426 1331 2536 1400 (Μ)
2569 1349 2582 1387 :
2643 1333 2946 1404 Postquam
2996 1336 3152 1391 enim
3196 1337 3534 1406 Apollinarii

126 1425 182 1473 et
213 1418 392 1488 ipsius
423 1420 750 1488 sequacium
783 1419 1182 1475 Dimeritarum
1213 1417 1496 1474 increbuit
1518 1418 1747 1487 dogma,
1788 1418 1884 1488 qui
1913 1419 2218 1474 Dominum
2252 1426 2507 1475 nostrum
2539 1437 2608 1476 ex
2640 1421 2817 1476 tribus
2870 1423 3127 1492 partibus
3165 1427 3532 1484 constitutum

55 1497 72 1512 ’
125 1505 478 1575 asserebant,
515 1504 567 1560 ἐν
602 1506 817 1579 σαρκὸς,
847 1507 937 1561 καὶ
969 1509 1178 1581 ψυχῆς,
1211 1505 1300 1560 καὶ
1331 1506 1586 1575 θεότητος

1999 1547 2012 1564 .
2049 1508 2375 1578 (Epiphanii
2405 1517 2532 1564 sunt
2575 1509 2764 1579 verba,
2811 1528 2936 1582 pag.
2972 1513 3152 1583 1016),
3186 1529 3296 1584 quo
3327 1516 3533 1572 certius

116 1611 220 1653 eos
254 1595 618 1666 proﬂigarent
646 1595 968 1664 orthodoxi,
1002 1596 1272 1666 deinceps
1303 1604 1538 1665 receptae
1571 1595 1731 1665 prius
1759 1595 2051 1650 sententia:
2079 1596 2148 1649 de
2183 1596 2358 1652 tribus
2407 1597 2611 1653 animae
2651 1598 2909 1668 partibus
2963 1599 3370 1672 valedixerunt,
3402 1603 3533 1659 licet

120 1685 195 1740 ab
221 1684 477 1759 Apostoli
509 1683 722 1753 verbis,
755 1685 776 1740 Ι
806 1685 1002 1741 Thess.
1036 1701 1089 1749 ν,
1120 1684 1212 1750 23,
1237 1684 1661 1740 firmamentum
1697 1683 1802 1739 sibi
1835 1700 2094 1753 arrogare
2157 1685 2409 1740 videatur
2443 1706 2457 1754 ;
2513 1695 2564 1742 et
2611 1687 2840 1742 demum
2903 1687 3178 1745 hazreseos
3233 1691 3530 1760 cujusdam
3564 1705 3574 1710 ‘

118 1775 270 1844 apud
302 1779 552 1843 posteros
582 1774 992 1841 arcessebatur,
1029 1773 1282 1829 animam
1314 1791 1346 1828 a
1379 1773 1579 1844 spiritu
1610 1788 1906 1829 secernere
1945 1789 1957 1826 :
1989 1772 2166 1828 simili
2217 1774 2383 1844 plane
2431 1776 2572 1846 lege,
2631 1793 2742 1847 qua
2800 1776 3002 1832 mersio
3058 1778 3120 1833 in
3174 1779 3529 1850 baptismate,

122 1877 284 1919 nunc
316 1863 488 1930 trina,
518 1865 650 1922 dein
685 1880 818 1933 una,
852 1865 1041 1920 denuo
1071 1871 1123 1919 et
1155 1864 1300 1919 trina
1333 1862 1567 1934 placuit,
1599 1878 1701 1933 pro
1745 1861 2071 1933 dogmatum
2127 1863 2408 1934 varietate,
2465 1881 2589 1935 quae
2643 1865 2954 1922 Ecclesiam
3007 1865 3248 1925 subin'ie
3294 1868 3530 1927 lacesse-
3563 1884 3568 1889 '

120 1951 283 2010 bant.
313 1955 606 2012 Hactenus
633 1955 977 2015 Cistriensis.
1169 2007 1172 2010 .

1002 2046 1029 2112 §
1057 2042 1234 2099 XVII.
1267 2043 1340 2097 De
1369 2042 1508 2098 libro
1542 2039 1671 2115 Περὶ
1712 2039 1936 2104 κτίσεως
1960 2040 2048 2094 καὶ
2081 2040 2340 2118 γενέσεως
2370 2046 2636 2118 Χριστοῦ,

196 2150 390 2215 Quoad
429 2148 637 2204 librum
675 2145 981 2202 undecimo
1012 2143 1116 2199 sub
1148 2142 1310 2198 titulo
1342 2140 1469 2214 Περὶ
1518 2139 1745 2200 κτίσεως

1974 2137 2209 2210 γενέσεως
2240 2141 2497 2216 Χριστοῦ,
2531 2145 2602 2200 De
2658 2145 2876 2202 conditu
2906 2152 2958 2203 et
2985 2148 3334 2220 generatione
3363 2148 3523 2205 Chri-

111 2245 194 2304 sti
225 2243 758 2306 commemoratum,
792 2237 1087 2292 observare
1118 2234 1306 2304 liceat,
1331 2232 1619 2303 vulgarem
1653 2232 1957 2288 lectionem
1998 2233 2056 2289 in
2115 2234 2461 2291 editionibus
2517 2236 2848 2293 Euscbianis
2904 2256 3045 2309 esse,
3105 2238 3231 2313 Περὶ
3288 2237 3522 2303 πίστεως

110 2333 209 2389 καὶ
242 2327 522 2408 γενέσεως,
554 2341 724 2397 Quam
757 2333 810 2380 et
844 2323 1106 2380 Ruiﬁnus
1136 2323 1403 2392 sequitur,
1437 2322 1530 2392 qui
1560 2322 1814 2392 insuper,
1845 2329 2042 2376 contra
2073 2323 2251 2378 Graeci
2308 2323 2586 2380 sermonis
2643 2326 2902 2394 formam,
2961 2328 3100 2383 duos
3149 2329 3420 2398 diversos,
3454 2346 3523 2386 ex

112 2425 290 2482 unico
321 2423 448 2486 hoc,
480 2419 610 2474 fecit
641 2418 838 2472 libros.
864 2415 930 2471 1n
961 2415 1179 2471 codice.
1214 2421 1403 2470 tamen
1437 2413 1668 2475 Mazar.,
1701 2411 1927 2476 Medic.,
1957 2411 2290 2480 Fuketiano,
2325 2420 2374 2468 et
2400 2414 2548 2482 apud
2582 2413 2968 2484 Nicephorum
3002 2416 3202 2486 tegitur
3235 2416 3363 2490 Περὶ
3410 2416 3524 2472 κτί-

123 2533 264 2574 σεως
295 2509 384 2565 καὶ
415 2507 676 2585 γενέσεως
715 2507 978 2578 Χριστοῦ,
1012 2520 1180 2575 quam
1214 2503 1385 2559 etiam
1422 2501 1672 2572 scriptur.

2015 2515 2140 2556 esse
2198 2517 2312 2556 non
2371 2501 2715 2572 dubitamus,
2777 2503 2985 2560 Valesii
3046 2504 3150 2561 hac
3205 2506 3265 2562 in
3312 2521 3370 2562 re
3425 2507 3530 2563 ad-

106 2603 234 2676 juti
265 2599 692 2672 approbatione.
728 2596 1122 2666 Hieronymus,
1152 2600 1225 2659 et,
1259 2592 1353 2662 qui
1384 2591 1631 2662 pressius
1656 2604 1786 2644 cum
1819 2597 1876 2644 ut
1907 2591 2216 2660 plurimum
2246 2601 2580 2663 sequuntur,
2636 2595 2913 2652 Honorius
2969 2604 3137 2668 atque
3187 2599 3561 2656 Tritbcmius'

109 2708 234 2749 uno
272 2711 294 2740 ι
325 2687 708 2761 generationis
740 2708 770 2736 »
801 2683 1076 2740 vocabulo
1097 2681 1376 2746 contenti,
1408 2680 1468 2736 in
1500 2679 1694 2734 Latina
1723 2678 2185 2748 interpretatione
2216 2695 2406 2735 vocem
2437 2679 2664 2742 κτίσεως
2717 2686 3224 2755 praetermiserunt,
3268 2692 3536 2757 tanquam

108 2781 424 2844 duriorem,
455 2777 614 2835 veriti
647 2777 771 2831 sine
801 2773 996 2840 dubio,
1033 2789 1104 2828 nc
1143 2772 1430 2826 Christum
1459 2769 1522 2824 in
1551 2768 1811 2824 ordinem
1864 2775 2250 2823 creaturarum
2309 2769 2607 2825 detrudere
2665 2771 3006 2844 viderentur.
3070 2774 3328 2830 Attamen
3378 2775 3562 2832 hunc'

107 2886 364 2928 errorem
388 2885 504 2925 non
528 2868 740 2923 erravit
768 2863 982 2931 Melite,
1015 2861 1306 2919 incautius
1345 2859 1614 2915 nonnihil
1645 2861 1778 2912 ante
1817 2864 2008 2912 notam
2067 2858 2511 2914 controversiam
2563 2859 2788 2916 locutus
2822 2879 2834 2915 :
2869 2862 3060 2918 Patres
3116 2863 3269 2919 enim
3316 2866 3533 2936 synodo

115 2963 356 3020 Nicena
383 2959 694 3016 anteriores
723 2971 915 3012 vocem
945 2953 1175 3013 κτίσεως
1205 2951 1588 3007 adhibuerunt
1639 2965 1756 3005 non
1779 2948 1947 3003 modo
1978 2948 2047 3002 de
2078 2947 2366 3002 creatione
2390 2963 2456 3002 ex
2499 2948 2705 3019 nihilo,
2730 2965 2920 3005 verum
2944 2951 3112 3006 etiam
3143 2953 3213 3007 de
3242 2953 3401 3008 omni
3432 2969 3532 3026 ge-

113 3066 260 3107 nere
280 3047 692 3120 productionis,
723 3045 956 3116 ipsaque
983 3043 1126 3098 adeo
1175 3040 1543 3112 generatione
1597 3039 1695 3090 τοῦ
1753 3035 1928 3110 Λόγου
1986 3044 2195 3092 aeterna
2226 3045 2279 3092 et
2309 3038 2677 3094 oeconomica.
2739 3045 2857 3095 Hoc
2880 3041 3054 3110 igitur
3083 3049 3136 3097 et
3168 3042 3423 3098 Melitoni
3471 3043 3534 3099 in

115 3155 292 3198 causa
317 3137 441 3204 fuit,
471 3151 644 3206 quare
675 3134 733 3189 in
765 3133 928 3188 titulo
960 3131 1113 3196 libri,
1146 3131 1204 3184 in
1238 3145 1348 3200 quo
1380 3129 1450 3183 de
1489 3135 1696 3182 aeterna
1728 3126 1959 3192 Christi,
1991 3127 2224 3196 ejusque
2253 3126 2312 3181 in
2345 3134 2592 3197 tempore
2634 3143 2702 3183 ex
2759 3128 2953 3197 Maria,
2986 3131 3348 3198 generatione
3378 3132 3530 3188 edis-

115 3227 324 3294 seruit,
353 3225 556 3281 durius
593 3222 931 3279 vocabulum
982 3218 1326 3284 adhibuerit,
1385 3223 1640 3286 respectu
1693 3215 1886 3283 procul
1935 3214 2107 3271 dubio
2167 3214 2358 3270 habito
2417 3216 2485 3270 ad
2535 3215 2696 3283 illud,
2731 3217 2992 3274 Proverb.
3044 3235 3142 3289 vn,
3174 3220 3287 3274 22:
3325 3218 3526 3294 Κύριος

108 3311 293 3371 ἔκτισέ
328 3334 394 3386 με
423 3311 602 3386 ἀρχὴν
625 3307 764 3364 ὁδῶν
795 3307 981 3377 αὐτού,
1046 3316 1103 3363 ut
1161 3307 1374 3363 Caveus
1427 3305 1657 3375 conjicit

2031 3304 2195 3359 Hunc
2248 3303 2401 3360 enim
2436 3304 2646 3372 locum,
2681 3321 2810 3361 cum
2842 3307 2970 3362 aliis
2999 3309 3298 3378 ejusmodi,
3330 3309 3398 3364 de
3427 3325 3526 3379 ge-

109 3405 413 3464 neratione
439 3403 548 3459 ista
578 3405 788 3456 aeterna
819 3405 1200 3468 exposuerunt
1227 3397 1415 3453 Patres
1449 3393 1826 3450 Antenicieni.
1861 3393 2015 3449 Nihil
2049 3395 2217 3466 igitur
2265 3393 2513 3450 lucralur
2544 3395 2878 3453 Whistonus
2908 3397 3038 3470 (l5),
3068 3399 3290 3470 quando
3321 3414 3385 3453 cx
3419 3398 3527 3454 hoc

100 3499 402 3567 Melitonis
435 3497 579 3553 libro
610 3497 816 3551 Ariano
849 3509 950 3550 suo
980 3492 1254 3564 dogmati,
1286 3490 1570 3547 Christum
1602 3496 1735 3546 ante
1797 3485 1976 3558 posita
2009 3484 2208 3541 mundi
2265 3485 2633 3542 fundamenta
2663 3495 2915 3544 creatum
2943 3488 3115 3546 fuisse
3147 3506 3178 3546 a
3199 3488 3314 3548 Deo
3339 3495 3522 3561 Patre,

102 3588 442 3663 ρι’ωεὶόὶοω
472 3586 696 3659 quaerit.
3545 3599 3551 3602 -

1259 3681 1504 3755 ἕΧνΙΙΙ.
1547 3682 1621 3736 De
1672 3681 1811 3735 libro
1858 3677 1988 3750 Περὶ
2026 3673 2384 3752 πρὸφητείας.

184 3789 290 3855 Qui
321 3787 577 3860 sequitur
609 3785 865 3857 proximo
893 3784 1016 3840 loco
1050 3783 1212 3849 liber,
1255 3779 1427 3854 Λόγος
1457 3779 1624 3833 αὐτοῦ
1659 3780 1729 3834 Hs

1975 3773 2181 3844 ητεὶας,
2228 3782 2312 3831 est
2350 3790 2517 3844 quem
2575 3777 2838 3833 Rufﬁnus
2897 3795 3029 3836 cum
3086 3781 3270 3837 verbis
3328 3790 3524 3853 poste-

106 3877 364 3936 rioribus
393 3876 650 3947 proxime
680 3872 1075 3931 antecedentis
1107 3871 1238 3927 libri
1269 3870 1565 3942 conjunxit
1589 3868 1694 3925 hoc
1727 3867 1892 3922 modo
1927 3881 1940 3920 :
1968 3865 2040 3919 De
2067 3863 2420 3935 generatione
2451 3865 2658 3922 Christi
2680 3873 2733 3922 et
2777 3868 3066 3939 prophetia
3095 3871 3234 3939 eius,
3267 3885 3334 3927 ac
3381 3873 3428 3926 si
3459 3872 3528 3928 de

108 3967 319 4040 Optimi
351 3965 662 4022 Servatoris
691 3979 927 4020 munere
962 3963 1289 4034 prophetico
1316 3959 1670 4030 exposuisset
1697 3957 1755 4012 in
1787 3955 2010 4013 eodem.
2071 3955 2234 4009 Juxta
2293 3953 2697 4040 Hieronymum
2726 3972 2892 4026 quem
2927 3966 2979 4014 et
3004 3960 3529 4029 Augustodunensis

111 4039 399 4128 sequitur,
425 4055 592 4111 verba
621 4054 797 4124 hujus
827 4053 976 4108 tituli
1017 4052 1092 4106 ita
1122 4051 1439 4106 ordinanda
1490 4050 1660 4104 forent

2015 4043 2140 4117 περὶ
2197 4048 2300 4110 τῆς
2360 4039 2524 4096 αὐτοῦ
2577 4045 2936 4118 προφητείας,
2996 4048 3071 4103 ita
3129 4047 3282 4103 enim
3313 4049 3520 4114 vertit;

83 4151 234 4204 Item
270 4144 334 4201 de
352 4143 649 4216 prophetia
676 4159 777 4198 sua
809 4142 1020 4198 librum
1063 4157 1255 4195 unum.
1291 4139 1553 4193 Valesius
1584 4137 1691 4193 hoc
1721 4137 1934 4206 probat,
1972 4135 2064 4189 cui
2096 4141 2283 4187 tamen
2315 4149 2430 4188 non
2481 4134 2794 4202 assentior;
2831 4135 2960 4191 licet
3010 4136 3170 4192 nullo
3224 4138 3390 4192 modo
3426 4153 3522 4192 ve-

91 4238 210 4294 lim
244 4251 469 4306 negare,
503 4233 831 4290 Melitonem
872 4231 1177 4301 prephetiae
1202 4229 1565 4293 charismate,
1623 4227 1770 4297 quod
1823 4223 2103 4296 prioribus
2163 4221 2344 4277 tribus
2366 4229 2676 4292 quatuorve
2707 4224 2931 4280 saeculis
2962 4225 3058 4279 uni
3091 4225 3321 4281 alterive
3351 4225 3516 4281 Chri«

96 4327 425 4383 stianorum
461 4322 945 4379 communicatum
1003 4320 1189 4375 adhuc
1236 4336 1268 4374 a
1327 4318 1442 4374 Deo
1498 4317 1778 4385 novimus,
1839 4313 2012 4370 fuisse
2043 4317 2401 4367 exornatum.
2435 4312 2594 4365 Certe
2624 4327 2753 4367 cum
2805 4313 3135 4384 prophetam
3175 4331 3208 4369 a
3238 4315 3521 4387 plerisque

101 4413 294 4470 fuisse
326 4410 603 4478 habitum,
636 4413 795 4465 docet
829 4406 1165 4463 Tertulliani
1193 4407 1343 4477 apud
1376 4406 1784 4474 Hieronymum
1818 4403 1932 4474 (16)
1967 4399 2356 4456 testimonium
2391 4417 2404 4454 :
2443 4421 2470 4448 ‹‹
2525 4401 2698 4470 Hujus
2729 4401 2955 4472 elegans
2985 4409 3038 4459 ct
3067 4404 3521 4462 declamatorium

102 4500 416 4573 ingenium
448 4499 686 4555 laudans
711 4497 1093 4553 Tertullianus
1123 4497 1182 4552 in
1214 4502 1428 4567 septem
1464 4494 1640 4562 libris,
1676 4509 1818 4565 quos
1849 4492 2076 4563 scripsit
2109 4492 2378 4546 adversus
2409 4490 2717 4546 Ecclesiam
2763 4509 2862 4561 pro
2897 4494 3193 4564 Montano,
3221 4496 3362 4552 dicit
3391 4512 3524 4553 eum

90 4575 142 4649 α’
173 4591 458 4662 plerisque
493 4595 811 4645 nostrorum
843 4588 1174 4657 prephetam
1204 4585 1403 4656 putari.
1443 4607 1463 4636 ι
1516 4583 1616 4640 Ubi
1660 4591 1847 4638 tamen
1879 4581 2140 4638 observes
2173 4580 2428 4647 velim,in
2461 4581 2758 4635 nonnullis
2781 4583 3204 4653 exemplaribus
3235 4602 3333 4655 pro
3367 4608 3395 4635 ‹‹
3428 4587 3524 4641 di-

82 4682 202 4752 cit,
241 4702 270 4730 »
305 4679 497 4736 haberi
529 4701 556 4729 «
589 4678 901 4735 cavillator.
940 4700 959 4726 ι
987 4677 1068 4732 De
1101 4676 1386 4732 Melitonis
1407 4676 1558 4731 dono
1588 4673 1922 4744 prophetico
1951 4671 2168 4736 confer,
2201 4670 2251 4724 si
2286 4669 2549 4736 lubucrit,
2585 4669 3000 4727 dissertationis
3031 4675 3237 4744 prioris
3266 4677 3292 4743 §
3324 4675 3410 4734 12.

1318 4775 1347 4847 ξ
1400 4773 1550 4828 ΧΙΧ.
1605 4777 1681 4826 De
1714 4770 1857 4826 libro
1913 4771 2085 4825 clavis
2133 4767 2300 4823 dicto.

171 4877 355 4946 Liber,
381 4876 477 4948 qui
509 4875 572 4931 'H
593 4873 770 4943 κλεὶς,
805 4873 993 4929 Clanis
1023 4873 1158 4945 (17),
1182 4871 1532 4937 inscribitur,
1552 4870 1882 4927 continebat
1913 4866 2349 4938 explicationem
2403 4865 2681 4921 variarum
2745 4867 3052 4939 Scriptum
3082 4885 3252 4925 sacrae
3313 4885 3512 4928 vocum

170 5001 282 5128 SIO)
316 4999 684 5056 Whiston.in
717 4999 802 5056 his
826 5001 1106 5072 primitiae
1131 4994 1496 5067 Christianity
1519 4994 1751 5062 reviv’d,
1937 4991 2168 5074 (ωηο.
2236 4989 2440 5058 Fellus,
2493 4989 2828 5073 Cestriensis
2873 4992 2930 5046 in
2965 4993 3164 5076 Anglia
3193 4995 3510 5079 episcopus,

203 5115 214 5126 .
245 5073 339 5128 lV.
377 5089 496 5128 pan.
532 5073 665 5128 266.
1863 5066 2183 5119 eruditione
2213 5069 2266 5117 et
2299 5063 2445 5116 fama
2478 5077 2724 5117 maxime
2763 5064 2966 5128 clarus,
3000 5080 3059 5120 in
3112 5067 3508 5122 Adnotatzom-

75 5062 214 5131 νυ),
245 5062 339 5137 1V,
377 5089 496 5140 pag.
532 5073 665 5128 266,
826 5062 837 5072 ’
1463 5062 1481 5067 ⁷
1598 5135 1619 5140 _
1647 5137 1657 5140 _
1863 5062 2183 5140 creditique
2213 5069 2266 5117 et
2299 5063 2445 5140 fama
2478 5062 2724 5140 maxime
2763 5064 2966 5140 clarus,
2991 5062 3071 5140 _in'
3112 5062 3508 5140 Adnotatiom';

194 5145 281 5214 11)
323 5133 404 5197 Ἰίι
449 5133 746 5198 ἶῘὶεδθΗιιῑ.
806 5144 998 5212 Σῶμα,
1062 5140 1241 5215 ψυχή,
1301 5141 1531 5210 ﬁve-13px,
1597 5135 1743 5206 Lips.

1952 5151 1960 5188 ς
2095 5133 2424 5215 Nemesium,
2451 5135 2521 5188 de
2550 5139 2756 5188 natura
2787 5135 3047 5204 hominis,
3083 5154 3206 5208 pag.
3240 5139 3274 5193 3
3302 5139 3501 5195 editio-

168 5146 281 5270 g1)
342 5146 404 5197 in
465 5146 746 5198 dissertet.
806 5146 998 5212 Σῶμα,
1062 5146 1241 5215 ψυχή,
1301 5146 1531 5210 πνεόμπ,
1597 5146 1749 5206 Lips.
1865 5146 2049 5190 basin
2095 5146 2521 5212 Nemeszuni,de

81 5222 167 5276 ba
219 5219 292 5269 ita
327 5215 486 5279 1732,
523 5231 649 5285 pag.
681 5215 737 5267 7.
1127 5284 1134 5285 ί
1172 5283 1180 5285 Α
1544 5280 1593 5285 __
1663 5277 1686 5285 _
1863 5205 2345 5285 nis‘Q‘xo‘niensm.
2394 5275 2405 5285 Ι
2480 5275 2491 5285 _
2523 5275 2533 5285 ¹

166 5287 285 5358 (12)
318 5275 502 5351 philo’,
524 5275 1086 5358 'De”m,,ndi_opz°ﬁcgo,
1125 5283 1223 5338 ιη),
1271 5299 1472 5358 Ῑζρξξς,
1534 5277 1754 5358 14,Αᾶ9-
1933 5277 2358 5358 (ι15)ι]ἱςίοη.
2390 5275 2450 5330 in
2473 5275 2560 5330 his
2578 5277 2858 5347 primitive
2880 5277 3265 5350 Christianity,
3295 5281 3507 5348 voLIV,

68 5349 277 5429 seph.'
301 5349 751 5429 Antiqnil._1ud._
788 5349 889 5429 lib.-
923 5349 1114 5429 I,_c:ip.
1150 5358 1182 5409 5
1219 5371 1232 5409 :
1285 5349 1530 5429 "Bal—aes
1561 5351 1588 5402 ὁ

607 5356 751 5429 Jud._
788 5349 889 5429 limbi
923 5349 1114 5429 I,_c:ip.
1150 5358 1182 5409 5
1219 5371 1232 5409 :
1285 5349 1530 5429 "Balnea
1561 5351 1588 5402 ὁ
1621 5349 1754 5429 εξεὸς

71 5417 186 5486 τὸτί
222 5417 534 5501 ἄνθρῳπὸν,
568 5427 701 5501 ᾈοῦν
737 5420 924 5479 λαϐὼν
951 5417 1074 5480 ⁷ἐιπὸ
1101 5431 1198 5494 τῆς
1231 5430 1358 5500 γῆς,
1389 5423 1480 5477 καὶ
1541 5443 1620 5476 πνε

1865 5417 1878 5419 “
2080 5418 2459 5501 Hieronymus
2491 5421 2562 5501 De
2580 5419 2716 5501 viris
2750 5417 3090 5501 ittustribus,
3126 5438 3251 5501 cap.
3284 5425 3371 5501 24.

76 5505 288 5568 ἐνῆκεν
324 5490 498 5568 aera),
523 5490 617 5551 ᾅαὶ
652 5499 859 5570 ψυχήν.
1158 5490 1201 5570 '_
1237 5490 1255 5570 ί
1291 5490 1300 5494 ⁷
1346 5490 1352 5493 ⁷
1570 5567 1592 5570 ﬁ

2079 5491 2142 5542 In
2174 5490 2344 5570 A'ctis
2383 5490 2479 5545 SS.
2534 5492 3079 5562 Antwerpicnsibus.
3114 5490 3250 5562 Apr.
3287 5495 3360 5570 1,_
3387 5503 3511 5570 pag.

315 5559 561 5650 Irenaa'us
582 5559 851 5654 Adita-“siis
881 5571 1136 5654 Ιιιῃςοεδεε,
1192 5567 1289 5622 lib.
1325 5584 1376 5654 ξ,
1409 5567 1619 5654 cap:
1655 5565 1753 5617 His
1862 5562 1948 5654 11,
1989 5561 2187 5654 Ctavus
2220 5559 2442 5654 legitur,
2485 5575 2658 5654 gruem
2699 5559 2996 5654 onerarum
3051 5559 3298 5621 erro-rem
3330 5559 3516 5654 tid'eli-

79 5631 320 5703 similia
351 5644 596 5711 reperire
626 5643 794 5697 etiam
819 5650 903 5700 est
929 5641 1027 5696 lib.
1069 5631 1275 5710 v,'cep.
1329 5639 1384 5694 6.
1417 5637 1753 5692 Whistonus
1862 5637 1949 5688 ter
2002 5632 2169 5687 etiam
2230 5631 2431 5699 repetit
2486 5631 2700 5688 Veneta
2761 5634 2961 5690 horum
3031 5641 3298 5693 Actorum
3345 5637 3516 5694 editio

86 5719 228 5773 haec
263 5714 385 5769 loca
405 5728 522 5769 non
556 5713 810 5769 adduxit.
953 5771 960 5780 ,
1862 5719 2030 5760 nova.
