3922 6304
383 355 541 418 1190
1442 354 1505 416 S.
1556 351 1853 415 MELITO
1895 353 2251 415 SARDIUM
2294 351 2744 415 EPISCOPUS.
3638 355 3781 417 1200

384 505 559 547 sensu
592 487 902 560 improprio
931 487 1334 557 adhibitarum,
1359 487 1428 544 ad
1461 502 1589 544 eum
1621 487 1739 544 fere
1760 486 2014 553 modum,
2037 485 2262 558 qualern
2283 486 2343 542 in
2375 486 2636 543 Formula
2657 484 2978 560 spiritualis
3007 485 3405 560 intelligentia!
3434 489 3500 545 S.
3533 475 3791 546 Eucherii

391 580 814 652 Lugdunensis,
845 594 970 650 quas
1001 579 1147 635 inter
1177 579 1358 650 Opera
1388 577 1529 648 ejus,
1553 585 1607 634 et
1637 577 1696 633 in
1728 575 2066 632 Bibliotheca
2097 577 2324 632 Patrum
2353 577 2625 648 maxima,
2657 585 2808 634 tomo
2843 576 2935 645 VI,
2979 583 3178 645 exstat,
3203 577 3389 649 legere
3418 577 3575 635 licet.
3616 577 3789 634 Clavi:

384 669 669 738 vocabuli,
701 669 848 740 quod
879 670 939 725 in
969 669 1340 739 inscriptione
1369 667 1554 738 operis
1617 667 1784 737 hujus
1838 665 2166 734 adhibetur,
2215 667 2597 738 signiﬁcatum
2655 668 2844 725 discas
2899 667 3071 724 velim
3097 684 3166 726 ex
3203 667 3325 740 ipso
3355 669 3649 742 Melitene,
3681 671 3788 741 qui,

387 759 571 816 Ctavis
600 775 717 816 suae
747 774 871 830 cap.
899 759 954 824 9,
989 758 1065 815 ita
1092 757 1248 815 vocis
1281 757 1452 827 hujus
1480 757 1881 828 metaphoricte
1914 755 2238 826 explanavit
2271 771 2503 812 sensum
2539 773 2552 813 :

470 907 493 938 ι
530 886 738 954 Clavis,
759 883 1042 957 adapertio
1071 883 1401 957 spiritualis.
1437 886 1500 939 In
1533 883 1836 954 Evangelio
1868 882 1910 919 “
1946 899 1960 937 :
1989 882 2283 954 Accepistis
2313 881 2528 939 clavem
2559 883 2830 953 scientiae,
2863 883 2974 956 ipsi
3009 901 3126 939 non
3157 884 3434 942 introisti:
3464 903 3486 949 ;
3510 889 3563 940 et
3589 901 3680 942 eos
3710 889 3796 958 qui

388 974 698 1034 introibant
723 977 1104 1050 prohibuistis.
1139 975 1280 1031 Item
1303 975 1511 1044 Claves,
1536 974 1790 1045 iustitiae,
1834 976 2258 1047 misericordia,
2300 974 2628 1048 pietatisque
2651 977 2903 1034 virtutes.
2938 976 2999 1032 ln
3029 976 3338 1046 Evangelio
3377 977 3422 1012 ³³
3455 993 3468 1032 :
3506 977 3628 1033 Tibi
3668 978 3798 1034 dabo

383 1069 561 1126 claves
589 1071 747 1140 regni
776 1069 1055 1125 calorum.

463 1218 492 1246 «
529 1195 730 1266 Clavis,
761 1198 980 1268 apertio
1007 1211 1291 1250 sacrarum
1323 1194 1759 1266 Scripturarum,
1790 1193 1902 1262 vel,
1932 1196 2166 1265 potestas
2214 1193 2436 1263 ligandi
2464 1196 2627 1266 atque
2681 1193 2936 1251 solvendi
2984 1209 3104 1262 seu,
3154 1195 3249 1266 jus
3305 1193 3711 1250 introduceudi
3737 1195 3799 1250 ad

384 1287 576 1354 vitam,
599 1288 711 1342 sive
740 1284 1073 1342 excludendi
1101 1285 1171 1340 ad
1195 1292 1451 1340 mortem.
1476 1283 1632 1338 Sicut
1671 1297 1766 1354 per
1796 1281 2001 1338 Isaiam
2035 1281 2078 1317 ¹³
2108 1283 2179 1339 de
2210 1283 2496 1340 Salvatore
2526 1282 2734 1339 dicitur
2759 1300 2772 1339 :
2807 1285 2952 1340 Dabo
2973 1285 3181 1340 clavem
3201 1283 3395 1340 domus
3426 1283 3612 1340 David
3643 1301 3798 1356 super

385 1372 639 1431 humeros
670 1375 815 1445 ejus,
838 1381 891 1431 et
915 1373 1146 1446 aperiet,
1178 1379 1233 1428 et
1264 1388 1374 1430 non
1405 1378 1486 1430 est
1515 1373 1610 1444 qui
1641 1370 1883 1428 claudat.
1919 1373 1983 1427 Et
2013 1371 2073 1427 in
2103 1371 2442 1443 Apocalypsi
2477 1373 2521 1409 ¹⁴
2555 1389 2566 1426 :
2599 1374 2775 1429 Habeo
2803 1375 2984 1430 claves
3015 1375 3208 1430 mortis
3233 1378 3286 1430 et
3334 1375 3678 1444 inferorum.
3705 1395 3733 1423 ιι

458 1502 690 1557 Exstare
724 1500 879 1556 enim
908 1499 1174 1566 adhuc,et
1203 1499 1262 1555 in
1293 1497 1657 1555 bibliothecis
1687 1498 1962 1553 ineditcm
2002 1497 2334 1554 delitescere
2381 1497 2492 1553 hoc
2543 1497 2830 1554 Melitonis
2878 1500 3168 1571 egregium
3222 1515 3384 1571 opus,
3444 1499 3807 1558 Bibliotheca:

386 1594 622 1648 Patrum
651 1591 912 1647 maxima
970 1590 1082 1662 (l8)
1136 1589 1537 1660 Lugdunensis
1587 1588 1832 1644 editores
1894 1588 2117 1658 pariter,
2179 1604 2245 1644 ac
2301 1586 2556 1643 Labbeus
2585 1587 2694 1656 (19)
2755 1592 3030 1645 testantur
3059 1604 3175 1645 non
3206 1590 3412 1656 modo;
3446 1590 3549 1645 sed
3603 1599 3656 1645 et
3691 1596 3806 1648 tuto

384 1698 636 1739 asserere
659 1697 887 1752 possum
947 1680 1091 1750 ipse,
1139 1686 1330 1749 utpote
1387 1679 1480 1749 qui
1540 1678 1772 1750 pretiosi
1832 1677 1996 1748 hujus
2041 1677 2394 1750 antiquitatis
2449 1679 2828 1746 monumenti,
2862 1679 2920 1734 in
2950 1679 3249 1734 itineribus
3280 1679 3420 1734 meis
3455 1679 3640 1736 factas
3681 1697 3803 1737 sum

389 1790 645 1846 compos,
671 1774 882 1844 quiquo
912 1771 1050 1827 illud
1083 1771 1390 1842 aliquando
1415 1785 1544 1825 cum
1578 1769 1714 1824 orbe
1745 1769 1986 1825 litterato
2019 1769 2444 1826 communicare
2475 1770 2843 1825 constitutum
2893 1770 3071 1826 habeo
3087 1772 3129 1836 ',
3185 1770 3316 1826 licet
3372 1771 3545 1827 facile
3597 1773 3808 1843 prteri-

387 1863 578 1929 deam,
612 1861 958 1919 malevolum
983 1867 1150 1931 atque
1181 1859 1582 1914 immodestum
1616 1873 1909 1914 censorem
1937 1859 2268 1929 quemdam,
2293 1859 2388 1930 qui
2419 1858 2702 1930 symbolas
2734 1875 2862 1914 suas
2891 1860 2960 1915 ad
3015 1858 3427 1916 Bibliothecam
3484 1862 3805 1918 Hallensem

386 1951 631 2019 confert,
673 1949 727 2005 id
755 1949 900 2005 mihi
923 1964 1143 2020 quoque
1171 1948 1565 2019 Oppositurum
1596 1949 1892 2018 esse,quod
1923 1947 2070 2004 inter
2098 1947 2209 2002 alia
2239 1947 2453 2018 injuste
2493 1947 2794 2019 minusque
2848 1948 3081 2003 fundata
3137 1948 3344 2019 objecil
3401 1965 3614 2021 nuper,
3681 1968 3811 2008 cum

390 2041 849 2114 presbyterorum
882 2047 935 2096 ct
967 2039 1339 2096 diaconorum
1367 2038 1596 2095 Achaiae
1627 2038 1921 2109 epistolam
1954 2038 2302 2111 encyclicam
2325 2040 2392 2095 de
2425 2039 2692 2109 martyrio
2722 2039 2780 2094 S.
2813 2039 3050 2109 apostoli
3079 2041 3318 2097 Andreae
3367 2056 3437 2097 ex
3497 2058 3646 2098 mss.
3683 2044 3814 2100 edc-

390 2147 511 2188 rem
539 2148 552 2199 ;
586 2129 728 2186 tanti
763 2128 980 2186 scilicet
1012 2128 1100 2186 vel
1121 2129 1249 2186 ideo
1281 2143 1395 2184 non
1429 2144 1550 2184 esse
1578 2127 1938 2199 opusculum,
1970 2128 2236 2198 quoniam
2269 2127 2510 2183 Grabius
2555 2128 2613 2183 in
2643 2128 2938 2201 Spicilegio
2998 2146 3101 2185 suo
3151 2129 3213 2185 in
3271 2129 3456 2186 lucem
3517 2132 3816 2201 publicam

386 2219 528 2277 illud
553 2235 669 2275 non
701 2217 1036 2290 protraxerit
1057 2218 1190 2289 (20).
1216 2217 1368 2274 Bella
1395 2233 1529 2272 sane
1559 2218 1721 2282 ratio,
1754 2217 1911 2288 quasi
1940 2233 2070 2273 vero
2120 2218 2323 2273 unicus
2377 2218 2617 2274 Grabius
2664 2233 2860 2274 omnes
2920 2218 2977 2274 in
3041 2217 3412 2283 bibliothecis
3467 2221 3819 2292 Anglicanis

386 2309 626 2366 latentes
657 2308 952 2363 thesauros
981 2323 1177 2362 eruere
1208 2305 1289 2361 vel
1345 2307 1606 2372 voluerit,
1658 2306 1743 2362 vel
1792 2307 2056 2376 potuerit.
2081 2307 2423 2362 Claudantur
2453 2307 2622 2378 igitur
2652 2308 2920 2364 immensi
2954 2308 3052 2363 isti
3085 2310 3622 2380 manuscriptorum
3659 2313 3820 2368 codi-

386 2414 540 2467 cum,
574 2397 785 2469 quibus
813 2396 1155 2452 bibliotheca
1193 2395 1500 2452 Bodleiana
1523 2395 1803 2466 snperbit,
1834 2395 2084 2452 thesauri
2115 2414 2146 2452 a
2169 2396 2372 2452 Grabio
2411 2413 2565 2454 nunc
2618 2399 2843 2468 penitus
2899 2399 3159 2454 exhausti
3189 2415 3202 2467 ;
3257 2399 3662 2471 omnibusque
3720 2403 3820 2458 ha-

385 2503 515 2545 rum
547 2486 879 2543 deliciarum
913 2485 1324 2542 scrutatoribus
1363 2492 1487 2556 post
1523 2494 1761 2541 mortem
1795 2485 1999 2541 eruditi
2031 2486 2199 2557 hujus
2255 2487 2362 2541 viri
2419 2486 2634 2543 dictum
2692 2502 2848 2544 nunc
2896 2497 3018 2544 esto
3066 2488 3258 2544 illud:
3321 2489 3442 2544 Non
3493 2491 3660 2562 plus,
3713 2510 3822 2550 non

386 2577 667 2634 ultra.Sed
697 2581 991 2631 transeant
1024 2575 1143 2632 haec
1172 2590 1300 2631 cum
1329 2575 1545 2631 caeteris
1576 2575 2077 2632 erroribusRe-Jeo
2110 2576 2297 2646 potius
2327 2577 2395 2631 ad
2429 2575 2714 2632 Melitonis
2739 2576 2979 2646 Clavem,
3019 2579 3303 2648 addoque,
3361 2594 3452 2635 me
3483 2578 3678 2652 illius,
3740 2589 3823 2638 ast

386 2667 651 2724 Latinum
709 2665 936 2734 saltem,
997 2681 1216 2721 scrvare
1245 2663 1595 2736 exemplum,
1629 2665 1777 2736 quod
1808 2681 1876 2722 ex
1916 2664 2129 2736 duplici
2180 2666 2394 2735 codice,
2455 2666 2630 2722 altero
2670 2667 3129 2737 Claromontano,
3163 2669 3337 2724 altero
3365 2668 3724 2739 Mesmiano,
3758 2675 3821 2728 ad

385 2757 598 2813 calcem
634 2754 945 2811 Bibliorum
979 2753 1342 2826 Thcodulpbi
1372 2753 1802 2811 Aurelianensis
1831 2755 2105 2826 episcopi,
2138 2755 2333 2810 codice
2359 2755 2513 2812 mille
2543 2755 2766 2813 circiter
2795 2772 3075 2813 annorum
3122 2757 3498 2830 descripserat
3541 2763 3818 2817 eruditis-

384 2845 561 2901 simus
590 2843 762 2900 Mich.
821 2842 1441 2915 Lequien,Grabioque
1495 2842 1902 2898 transmiserat.
1965 2843 2256 2898 Editurum
2316 2859 2375 2899 se
2435 2843 2542 2900 boc
2599 2843 2882 2912 quantivis
2937 2845 3102 2915 pretii
3149 2854 3626 2918 monumentum,
3693 2865 3818 2906 cum

384 2932 878 2991 emendationibus
902 2936 1026 2990 Jac.
1059 2932 1370 3000 Sirmondi,
1403 2933 1757 3003 promiserat,
1790 2949 1822 2987 a
1853 2946 1961 3002 quo
1983 2935 2098 2987 tam
2152 2931 2331 2986 multa
2361 2932 2470 2987 alia
2526 2933 2885 3003 exspectabat
2935 2934 3088 2990 orbis
3131 2935 3436 3001 litteratus,
3470 2937 3727 2996 nomine
3771 2951 3819 2995 et

385 3023 579 3080 omine
608 3028 850 3094 Magnus
882 3023 1112 3079 Crusius
1141 3022 1273 3095 (21),
1307 3026 1489 3078 morte
1521 3038 1636 3078 non
1668 3022 1746 3077 ita
1775 3021 1990 3092 pridem
2025 3022 2354 3089 exstinctus,
2399 3022 2655 3094 mihique
2713 3032 2836 3094 post
2891 3025 3009 3080 fata
3039 3040 3267 3096 quoque
3323 3025 3638 3098 colendus,
3685 3046 3820 3099 pra-

385 3120 598 3183 ceptor,
632 3113 732 3184 qui
760 3119 946 3168 tamen
973 3113 1102 3182 jura
1132 3128 1253 3180 sua,
1287 3112 1424 3167 dum
1455 3112 1686 3178 viveret,
1718 3111 1887 3167 facile
1917 3111 2054 3166 mihi
2079 3111 2268 3167 cessit.
2299 3112 2555 3167 Divisvm
2587 3120 2772 3169 autem
2799 3121 2883 3168 est
2927 3113 3208 3169 Mclitonis
3247 3113 3352 3169 hoc
3402 3123 3488 3169 sat
3541 3131 3821 3188 magnum

384 3217 527 3272 opus
554 3200 614 3257 in
649 3202 800 3257 varia
829 3203 1032 3272 capita,
1063 3215 1306 3272 quorum
1343 3217 1413 3256 en
1444 3200 1548 3255 tibi
1601 3199 1880 3269 syllabam
1917 3216 1930 3254 :
1990 3216 2113 3270 cap.
2178 3203 2228 3265 1,
2288 3201 2411 3254 sine
2456 3201 2617 3256 titulo
2675 3202 2734 3256 in
2769 3207 3005 3272 utroque
3036 3203 3234 3258 codice
3261 3210 3520 3273 apparet,
3555 3213 3614 3260 et
3650 3222 3825 3262 mem-

386 3292 486 3348 bra
508 3290 622 3346 Doo
665 3291 813 3346 Patri
845 3291 902 3346 in
935 3290 1234 3360 Scriptura
1291 3294 1345 3343 S.
1407 3305 1506 3358 per
1561 3287 2036 3362 ἀνθρωποπάοειαν
2091 3288 2297 3344 tributa
2344 3291 2474 3360 quid
2531 3290 2874 3362 signiﬁcent,
2937 3294 3190 3362 exponit,
3257 3295 3404 3362 quod
3463 3294 3626 3350 intra
3682 3297 3825 3352 inter

385 3380 720 3451 fragmenta,
762 3381 1097 3451 speciminis
1124 3381 1267 3448 loco,
1301 3378 1465 3435 dabo.
1499 3379 1634 3449 Cap.
1659 3380 1710 3447 2,
1745 3379 1809 3435 dc
1840 3379 1978 3434 Filio
2010 3381 2114 3434 Dei
2140 3380 2436 3436 secundum
2466 3397 2687 3437 carnem
2719 3382 3072 3450 inscribitur,
3106 3391 3156 3438 et
3190 3383 3322 3453 quid
3359 3383 3591 3440 Christo
3651 3389 3824 3443 ascri-

386 3480 479 3542 pta
503 3472 758 3526 membra
795 3478 1012 3541 notent,
1042 3472 1224 3527 docet.
1263 3470 1396 3540 Cap.
1430 3471 1484 3540 3,
1513 3471 1622 3541 agit
1647 3470 1713 3526 de
1740 3472 1994 3542 supernis
2023 3471 2314 3526 creaturis.
2340 3471 2476 3542 Cap.
2508 3473 2561 3541 4,
2595 3473 2659 3527 de
2680 3474 2891 3542 diebus,
2909 3475 3098 3542 annis,
3129 3483 3181 3529 et
3209 3475 3575 3546 temporibus.
3607 3480 3754 3550 Cap.
3774 3481 3825 3548 5,

386 3559 451 3615 de
496 3561 766 3615 numeris.
828 3559 961 3630 Cap.
1003 3562 1058 3628 6,
1088 3558 1156 3615 de
1201 3561 1403 3616 mundo
1429 3568 1480 3616 et
1537 3559 1791 3631 partibus
1848 3561 1982 3626 eius.
2019 3559 2151 3630 Cap.
2182 3560 2237 3628 7,
2271 3561 2335 3617 de
2388 3560 2561 3632 lignis
2591 3562 2973 3634 iit/ructuosis.
3002 3563 3137 3635 Cap.
3186 3565 3241 3635 8,
3275 3562 3341 3619 de
3368 3563 3618 3622 diversis
3649 3568 3823 3624 homi-

461 3701 505 3738 “
544 3701 681 3759 Luc.
715 3719 795 3772 xx,
825 3703 914 3770 52,
996 3702 1040 3739 ¹²
1072 3701 1270 3758 Matth.
1305 3719 1422 3770 xvt,
1452 3703 1542 3760 19.
1622 3702 1667 3739 ¹³
1698 3719 1820 3776 cap.
1852 3721 1986 3772 xm,

2285 3703 2329 3741 ¹⁴
2358 3720 2483 3777 cap.
2519 3721 2561 3771 ι,
2589 3722 2642 3764 v.
2675 3704 2762 3762 18.

466 3858 574 3931 (18)
604 3858 923 3931 Bibliolhcc.
984 3858 1096 3912 PP.
1135 3857 1415 3931 _ma.vim.,
1476 3859 1614 3931 tom.
1675 3855 1744 3931 Ii,
1783 3862 1925 3926 part.
1977 3871 2039 3931 ιι,

395 3927 492 3986 fol.
525 3927 652 3997 212,
686 3931 744 3985 in
775 3930 962 3985 addita
994 3928 1186 3983 notula
1220 3945 1232 3984 :
1269 3928 1428 3984 Liber
1459 3927 1629 3983 etiam
1655 3927 2042 3998 cjusdem,qui

395 4003 580 4059 Clavis
611 4020 642 4056 a
678 4002 736 4057 Β.
793 4001 1139 4071 Hieronymo
1199 4000 1553 4065 inscribitur,
1603 4000 2043 4071 manuscriplus

396 4074 671 4144 reperitur
700 4073 755 4128 in
781 4070 1134 4144 Bibliotheca
1163 4071 1266 4126 PP.
1311 4072 1365 4144 ὃ.
1397 4071 1452 4125 J.
1486 4070 1739 4144 Parisiis,
1773 4071 1819 4126 si
1852 4075 2040 4144 tamen

395 4142 700 4216 germanus
731 4145 1038 4216 siti'mtus.
1084 4143 1280 4216 Ericus
1336 4143 1649 4216 Benzetius
1685 4143 1745 4216 in
1805 4142 2045 4216 cpistola

397 4212 638 4287 quadam
674 4215 884 4287 inedita
911 4216 977 4268 ad
1013 4214 1254 4287 Gabinm
1289 4229 1364 4287 :_7«
1397 4212 1682 4287 Melitonis
1713 4214 1929 4279 Asrani,
1953 4230 2042 4267 se-

395 4283 568 4343 cundi
600 4287 793 4341 saeculi
823 4286 1027 4350 Patris,
1079 4285 1240 4353 liber,
1277 4283 1457 4338 Clavis
1489 4285 1694 4350 dictus,
1729 4301 1834 4338 ms.
1867 4293 2044 4339 exstat

395 4359 453 4412 in
488 4357 864 4412 vetustissimo
893 4357 1086 4412 codice
1118 4355 1550 4411 membranaceo
1597 4355 1819 4425 collegii
1866 4357 2044 4410 Ludo-

396 4429 506 4485 vici
535 4429 744 4497 Magni,
779 4429 864 4484 vel
889 4429 933 4481 si
969 4429 1144 4482 mavis
1183 4427 1625 4495 Claromontani,
1658 4427 1762 4483 PP.
1795 4427 2042 4483 Jcsuita-

395 4515 568 4566 rum;
600 4501 746 4556 illud
796 4501 950 4556 enim
1000 4515 1209 4555 nomen
1265 4501 1483 4569 accepit
1540 4498 1844 4569 collegium
1871 4498 2041 4571 istud,

435 4580 696 4628 ostauam

395 4587 738 4699 Ροδξςᾳιιιῗςῖιῗῖίτ
767 4643 896 4697 hinc
923 4645 1130 4710 Jesum,
1165 4640 1450 4712 posuitque
1487 4641 1742 4710 insignia
1790 4643 1934 4712 regis

535 4715 714 4786 Impia
741 4730 893 4786 gens,
927 4711 1300 4786 aliumncscit
1330 4711 1534 4786 habere
1559 4719 1754 4786 Deum.

393 4783 786 4843 Describerem
819 4783 1268 4853 lubentissimus,
1318 4785 1430 4840 nisi
1487 4784 1755 4854 temporis
1784 4785 2042 4854 angustia

435 4865 692 4913 remeret.
727 4879 754 4907 »

392 4875 692 4928 premeret.
727 4879 754 4907 »

465 4930 575 5001 (19)
603 4929 848 4997 Philipp.
885 4926 1075 5001 Labb.,
1110 4933 1244 4981 tom.
1301 4927 1359 5001 _I_I»
1415 4927 1782 4996 Bibliotheca,
1841 4945 1896 5001 p.
1947 4929 2039 5001 87,

395 4997 536 5055 etin
568 5002 716 5056 Nova
745 5000 1082 5054 Bibliotheca
1105 5014 1234 5052 mss.
1294 4997 1587 5066 librorum,
1639 5015 1684 5052 s.
1743 4999 2042 5070 speci-mine

395 5073 764 5143 antiquarum
787 5072 1082 5125 lectionum
1137 5070 1464 5143 Latinarum
1515 5075 1565 5124 et
1611 5069 1923 5124 Grazcarttm
1979 5073 2039 5124 in

390 5142 424 5196 4
451 5141 636 5212 partes
667 5143 1021 5210 tributurum,
1048 5141 1224 5197 Paris.
1257 5142 1415 5207 1653,
1450 5143 1503 5208 4,
1534 5150 1674 5211 part.
1711 5157 1774 5206 ιι,
1810 5160 1864 5211 p.
1921 5143 1984 5195 21
2023 5158 2036 5196 :

399 5233 422 5263 ι
457 5214 638 5269 Clavis
669 5229 837 5270 sacrm
863 5212 1188 5283 Scriptura,
1220 5212 1409 5268 Mileto
1441 5228 1537 5268 seu
1571 5213 1853 5281 Melitene,
1876 5214 2036 5267 Asia-

391 5301 486 5351 no,
519 5292 577 5341 ut
607 5287 826 5352 volunt,
884 5286 1147 5355 episcopo
1198 5291 1445 5339 auctore.
1479 5306 1506 5334 »
1542 5284 1622 5338 Ex
1651 5285 1846 5340 codice
1900 5301 2035 5338 mss.

389 5356 595 5413 collato
627 5373 757 5412 cum
789 5356 1104 5427 appendicc
1120 5356 1186 5410 ad
1212 5355 1387 5411 biblia
1411 5355 1524 5412 fere
1544 5372 1712 5412 aurea
1745 5355 2036 5410 Theodul-

388 5428 488 5498 pbi
543 5428 970 5485 Aurelianensis
1026 5427 1299 5498 episcOpi,
1357 5442 1478 5496 quae
1530 5427 1812 5496 quantivis
1872 5427 2038 5496 pretii

389 5507 608 5556 exstant
639 5501 699 5555 in
731 5499 1071 5556 bibliotheca
1103 5499 1443 5554 Memmiana
1491 5506 1622 5555 aute
1652 5499 2032 5569 octingentos,

2152 3856 2381 3934 etquod
2423 3857 2690 3934 excurrit,
2748 3875 2936 3934 annos
3021 3860 3320 3934 descripta,
3350 3861 3820 3934 _elegantissimo

2152 3928 2500 4002 charactere.
2558 3932 2621 3984 In
2679 3930 2937 4002 Catalogo
2991 3928 3625 3990 tamcn'Bibliolb'ecze
3689 3937 3821 3992 illu-

2153 4001 2575 4078 strisstdornini
2605 4001 2970 4078 deAltlcs‘m’es,
2996 4005 3054 4078 in
3088 4013 3288 4078 senatu
3320 4004 3638 4062 Parisiensi
3675 4026 3815 4078 pra-

2154 4071 2292 4126 sidis
2324 4071 2569 4138 intulati,
2605 4073 2697 4142 qui
2732 4075 2789 4128 in
2821 4075 2986 4131 Bern.
3009 4077 3077 4130 de
3105 4075 3472 4131 Montiaucon
3500 4071 3820 4134 Biblibthe-

2152 4143 2717 4216 caABibliot/tecarum
2767 4150 3268 4216 manuscrz’ptorum
3297 4164 3468 4211 nova,
3526 4158 3677 4204 tom.
3752 4153 3816 4213 il,

2153 4213 2618 4290 fol,_13_26-i330_,
2647 4213 3059 4290 exstat,ialturn
3093 4220 3162 4273 de
3197 4218 3394 4273 Bibliis
3445 4220 3818 4290 'l‘beodulphi

2153 4293 2205 4339 et
2236 4286 2502 4340 Melitone
2535 4288 2973 4345 silentium.Ncc
3004 4293 3210 4345 mirum
3238 4304 3253 4345 :
3284 4290 3354 4344 ab
3377 4286 3818 4356 imperitissimo

2151 4357 2302 4412 enim
2333 4359 2627 4431 nomenut};
2681 4358 2798 4431 haec
2854 4364 3372 4431 manuscriptorum
3421 4362 3822 4419 Memmiana-

2151 4443 2274 4504 rurn
2308 4429 2661 4504 consignatio
2699 4430 2798 4484 iuit
2833 4435 3112 4500 confecta,
3143 4429 3309 4504 quem
3337 4449 3452 4488 non
3483 4435 3661 4491 aliter
3695 4453 3821 4491 ver-

2151 4499 2262 4554 sari
2294 4501 2704 4570 deprehendes,
2740 4518 2904 4571 quam
2940 4511 2996 4558 ut
3028 4499 3339 4559 talia‘dicat
3368 4506 3438 4559 de
3468 4507 3820 4562 codicibus:

2152 4593 2179 4620 ((
2217 4572 2298 4648 ila
2322 4572 2458 4626 livre
2481 4587 2585 4648 sur
2608 4573 2753 4648 velin
2775 4593 2790 4640 ;
2813 4577 2964 4648 deuxi
2992 4576 3246 4648 volumcs
3270 4575 3571 4632 d’anciens
3595 4580 3819 4648 poetas.

2149 4643 2338 4716 velin;
2373 4657 2448 4716 un
2479 4643 2587 4716 viel
2619 4646 2804 4713 pecte,
2846 4647 2995 4714 in-Ir,
3031 4647 3180 4702 veliti
3213 4665 3226 4714 ;
3261 4649 3388 4716 ciuq
3451 4643 3654 4704 autres
3690 4667 3822 4705 ma-

2149 4714 2585 4790 nuscritsin-ti,
2617 4717 2810 4790 papier
2843 4735 2857 4786 ;
2919 4724 3111 4789 quatre
3170 4714 3509 4774 manuscrits
3544 4721 3815 4790 in-fulio,

2147 4786 2283 4840 dont
2315 4786 2448 4840 trois
2477 4801 2572 4839 sur
2594 4787 2741 4859 veltn
2775 4798 2824 4842 et
2855 4786 3032 4844 un'en
3062 4790 3270 4859 papier,
3306 4797 3412 4844 etc.
3449 4811 3476 4839 ››
3516 4791 3606 4848 Ne
3638 4786 3820 4849 (Eii;

2147 4873 2252 4926 pus
2281 4865 2464 4925 posset
2494 4857 2771 4914 divinare.
2806 4857 3099 4916 Debuisset
3134 4857 3209 4915 ἐι
3258 4859 3397 4915 illud
3456 4862 3662 4919 adhuc
3716 4867 3819 4919 ad-

2146 4929 2549 5010 dere'scilicet,
2573 4945 2655 5010 an_
2676 4946 2914 5010 asseres,
2947 4932 3039 5002 qui
3072 4932 3295 4988 codices
3326 4931 3626 5010 cohibent,
3709 4937 3815 4991 ab-

2145 5001 2295 5076 iegni
2327 5015 2399 5055 an
2435 5001 2680 5076 quercei,
2741 5006 2914 5076 crassi
2943 5001 3020 5076 an
3061 5011 3257 5059 tenues
3309 5003 3468 5076 sint:
3507 5013 3566 5060 et
3596 5001 3673 5061 ex
3707 5024 3820 5076 quo

2146 5071 2320 5147 corio,
2343 5088 2415 5126 an
2449 5071 2672 5140 bovino,
2732 5090 2806 5147 an
2864 5073 3124 5147 vitulino,
3185 5073 3508 5147 ansuitlo,
3558 5071 3816 5147 ligatura

2146 5143 2390 5198 exterior
2413 5150 2656 5217 constet,
2685 5149 2742 5199 et
2763 5145 2846 5201 sic
2878 5143 3116 5201 dixisset
3137 5145 3350 5215 omnia,
3376 5161 3505 5217 quae
3539 5143 3814 5205 de'codd.

2147 5229 2312 5269 nosse
2339 5229 2538 5282 parum
2571 5215 2757 5269 refert.

2216 5285 2330 5356 (20)
2360 5284 2498 5356 Vide
2547 5285 2912 5344 Nachrichlen
2964 5304 3070 5345 von
3128 5289 3285 5344 einer
3340 5287 3679 5349 Hallischeu
3735 5292 3818 5346 Bi-

2147 5355 2398 5431 bliothek,
2425 5356 2698 5431 22_stuclr,
2735 5376 2858 5429 pag.
2886 5361 3012 5431 360,
3046 5367 3164 5417 not.
3204 5361 3256 5415 1.

2214 5429 2323 5503 _(21)
2354 5428 2595 5503 Crusiu_s_
2616 5428 2675 5484 in
2725 5428 2950 5488 Dis'sert.
2997 5428 3292 5503 ἐρίδωιίοα
3335 5431 3408 5487 ad
3464 5433 3602 5490 Chr.
3668 5437 3818 5491 Wer-

2141 5498 2338 5565 mium,
2374 5516 2500 5570 pag.
2538 5500 2623 5554 13.

437 5614 479 5694 h'
511 5618 647 5694 Hoc,
669 5618 1386 5694 rmortcpl-tnvcntusunon
1417 5615 1694 5694 praestitit.
1731 5617 2181 5694 ClavisAt_e_xtt_1m_
2204 5615 2487 5694 integrum
2522 5631 2592 5694 ex
2623 5618 3262 5694 codice_Argeutinensi
3290 5637 3480 5694 nuper
3502 5625 3698 5682 edidit
3756 5627 3815 5678 D.

387 5684 541 5739 Pitra
571 5685 630 5739 in
665 5693 814 5742 tomo
846 5686 895 5740 ll
920 5685 1216 5757 Spicilegii
1243 5684 1615 5743 Solesmeusis.
1640 5689 1843 5759 Paris,
1882 5689 2038 5756 1852,
2063 5687 2212 5754 ἱππ-4,
2245 5684 2345 5758 εῳξ
2370 5688 2586 5744 Firmin
2621 5689 2784 5746 Didot
2815 5684 2972 5747 Eutr.
