3922 6304
403 427 558 489 1203
1469 419 1532 480 S.
1581 418 1872 479 MELlTO
1916 411 2267 477 SARDIUM
2313 408 2766 473 EPISCOPUS.
3691 404 3832 464 1204

401 551 708 620 'rstinuisse
767 557 963 612 Greca
1021 553 1246 610 Eusebii
1305 553 1491 622 verba,
1554 554 1832 610 incertum
1893 549 2017 605 sine
2075 548 2273 615 dubio,
2333 545 2616 618 quomodo
2674 540 2960 598 Melitonis
2993 545 3244 594 mentem
3289 537 3517 608 absque
3549 535 3836 592 hazreseos

405 650 731 721 suspicione
787 648 1066 718 exprimat
1145 645 1362 700 Latine.
1437 645 1564 699 llaec
1626 643 1820 699 omnia
1879 640 2115 709 probare
2175 642 2458 708 poterunt,
2519 643 2777 690 nostrum
2837 631 2910 686 ob
2964 629 3071 721 hoc
3128 629 3405 721 scriptu-tn
3474 627 3843 721 non-fuisse

405 715 594 798 stat-im
622 759 652 794 a
701 715 986 794 veteribus
1038 737 1361 792 haeretieum
1415 740 1754 805 repulatum.
1818 732 1960 796 Quid
2015 729 2059 784 si
2109 743 2264 799 Spem
2312 727 2517 791 fecere,
2553 740 2642 779 me
2675 722 2762 777 his
2806 721 2943 790 ipsis
2974 718 3215 790 plagulis
3247 717 3553 774 Melitonis
3592 715 3848 770 libellum

405 834 484 888 De
516 832 614 885 Deo
642 838 926 900 corporale
961 829 1100 883 forte
1148 826 1558 895 exhibiturum,
1592 833 1644 881 et
1696 843 1759 881 ex
1814 825 2054 894 ipsamet
2109 820 2286 878 libelli
2337 818 2692 891 inspectione
2742 816 3073 873 benevolum
3109 815 3401 871 Lectorem
3439 813 3848 870 convicturus:

405 937 550 990 esse,
591 919 918 976 Melitenam
959 935 988 972 a
1019 917 1170 988 gravi
1205 918 1310 973 hoc
1339 933 1528 973 errore
1557 915 1811 970 abfuisse
1844 930 2015 986 quam
2049 913 2402 983 longissime.

1585 1035 1614 1106 Ξ
1644 1034 1811 1090 XXII.
1852 1037 1930 1089 De
1959 1030 2228 1106 Apologia
2257 1032 2316 1086 S.
2352 1029 2653 1088 Melitom's.

481 1155 566 1210 Ad
625 1155 749 1224 ejus
807 1152 1150 1221 Apologiam,
1207 1167 1305 1206 seu
1358 1150 1420 1203 τὸ
1482 1150 1621 1222 Πρὸς
1684 1149 2006 1203 Ἀντωνῖνον
2067 1149 2093 1220 β

2228 1143 2342 1200 διον
2377 1162 2531 1203 nunc
2580 1144 2781 1202 venio:
2835 1144 2917 1200 sic
2947 1143 3170 1201 videtur
3197 1143 3481 1213 inscripta
3519 1143 3715 1198 fuisse
3747 1142 3856 1197 hac

411 1243 680 1315 Apologia
712 1259 811 1313 pro
851 1241 1189 1296 Christianis
1219 1242 1288 1295 ad
1350 1241 1746 1311 imperatorem
1797 1239 2046 1295 Marcum
2100 1237 2394 1295 Aurelium
2454 1237 2830 1302 Antoninum,
2863 1235 3206 1306 cognomine
3263 1235 3736 1304 PhiIOSOphum,
3770 1233 3852 1302 qui

408 1333 480 1387 ab
537 1333 705 1388 annis
736 1332 940 1387 Christi
988 1331 1085 1386 161
1138 1344 1313 1400 usque
1360 1331 1426 1384 ad
1466 1331 1566 1383 180
1630 1330 1866 1398 imperio
1919 1330 2170 1385 Romano
2223 1327 2470 1397 praefuit,
2521 1334 2575 1382 ct
2604 1341 2700 1396 per
2730 1325 2764 1377 9
2820 1324 3032 1395 priores
3079 1340 3262 1380 annos
3291 1339 3429 1380 eum
3470 1324 3663 1380 Lucio
3696 1326 3854 1380 Vero.

409 1421 600 1487 fratre,
660 1420 964 1490 imperium
1027 1434 1330 1475 commune
1400 1417 1615 1473 habuit.
1676 1411 1961 1472 B:6).l8tov
2027 1418 2237 1473 dicitur
2289 1417 2438 1486 ideo,
2498 1417 2647 1486 quod
2710 1415 2933 1485 preprie
2986 1421 3132 1470 esset
3190 1413 3423 1469 libellus
3497 1429 3754 1484 precum
3810 1423 3852 1465 et

419 1509 658 1580 supplex
718 1508 1048 1578 imperatori
1105 1508 1348 1572 oblatus,
1412 1523 1526 1562 non
1585 1523 1716 1562 vero
1780 1507 2003 1576 longior
2042 1507 2370 1576 integraque
2428 1507 2753 1574 degmatum
2805 1504 3249 1559 Christianorum
3291 1503 3365 1558 ab
3415 1503 3854 1574 objectionituxs

413 1608 469 1656 et
501 1598 804 1654 calumniis
834 1598 1135 1669 gentilium
1169 1595 1496 1662 vindieatio,
1533 1604 1589 1650 ut
1631 1603 1777 1666 patet
1833 1597 1913 1651 vel
1943 1613 2008 1652 ex
2059 1598 2182 1668 ipso
2225 1596 2386 1650 illius
2436 1595 2770 1665 fragmento,
2805 1595 2951 1664 quod
3008 1593 3215 1664 profert
3252 1593 3540 1648 Eusebius
3572 1610 3588 1648 :
3640 1592 3850 1657 Ταύτῃ

416 1686 473 1742 δέ
508 1695 591 1740 σόι
627 1685 796 1759 μόνην
829 1685 1198 1759 προσῡέρομεν
1235 1682 1441 1754 δέησιν,
1478 1685 1629 1740 Idem
1677 1686 1845 1740 etiam
1877 1686 1980 1742 fuit
2037 1688 2093 1741 til

2223 1707 2238 1743 ἰ
2292 1687 2568 1757 Apologia:
2615 1685 2822 1741 Justini
2857 1685 3136 1757 Martyris,
3173 1689 3232 1739 ut
3262 1701 3327 1739 ex
3366 1684 3487 1740 line
3521 1685 3855 1754 posterioris

426 1777 764 1851 Apologclici
794 1779 915 1846 ejus
962 1784 1202 1841 constat,
1269 1776 1361 1829 ubi
1395 1776 1476 1830 sic
1523 1774 1779 1847 loquitur
1828 1776 1981 1845 (31;):
2038 1780 2093 1829 Κ‹

2223 1781 2338 1846 ημᾶς
2391 1774 2487 1826 οὗν
2555 1772 2812 1846 ἄξποῦμεν
2861 1773 3281 1848 ὕπογράψαντας
3334 1773 3396 1827 τὸ
3451 1773 3592 1844 ὑμῖν
3656 1769 3857 1838 δοκοῖη,

423 1869 703 1938 προθεῖνκι
735 1863 884 1918 τουτὶ
914 1865 976 1917 τὸ
1013 1858 1308 1938 βιϐλίδιον,
1363 1885 1391 1913 ‹‹
1425 1867 1771 1933 Quapropter
1823 1880 1916 1918 vos
1979 1881 2093 1935 roga

2223 1883 2262 1935 s,
2301 1873 2354 1920 ut
2390 1865 2880 1936 superscribentes
2913 1865 3064 1936 quod
3117 1865 3274 1919 vobis
3334 1864 3562 1935 placet,
3602 1864 3852 1919 libellam

429 1957 582 2012 hunc
614 1956 962 2026 proponatis.
996 1977 1024 2004 »
1073 1955 1440 2011 Occasionem
1493 1953 1660 2024 hujus
1691 1953 1999 2009 scribendae
2059 1951 2396 2028 Ἀπολογίας
2449 1954 2556 2025 ipsi
2610 1954 3080 2010 subministrabat
3112 1955 3306 2024 quinta
3338 1953 3453 2008 sub
3492 1953 3856 2024 imperatori-

429 2045 534 2100 bus
565 2044 687 2099 istis
720 2046 777 2099 in
835 2043 1184 2099 Christianos
1233 2043 1439 2113 agitata
1489 2044 1824 2114 persecutio.
1860 2042 1999 2097 Cum
2047 2044 2202 2100 enim
2247 2043 2318 2100 ab
2370 2043 2602 2100 Hellade
2632 2044 2701 2099 ab
2752 2044 2942 2100 Asiam
2978 2044 3255 2099 minorem
3290 2043 3639 2099 transiisset
3670 2051 3856 2113 tragoe-

427 2135 648 2191 diarum
681 2133 1027 2190 Gallicarum
1067 2134 1240 2204 fama,
1273 2140 1325 2188 et
1384 2149 1516 2190 cum
1577 2134 1725 2188 fama
1794 2134 1974 2189 rabies
2031 2135 2090 2190 in
2148 2133 2540 2202 Christianos;
2585 2150 2730 2189 nova
2762 2133 3086 2203 regionibus
3117 2132 3262 2200 istis,
3293 2132 3655 2204 iniquorum
3689 2133 3850 2203 magi-

428 2231 664 2280 stratum
696 2231 749 2280 et
779 2223 1185 2295 proconsulum
1219 2224 1426 2290 furere,
1462 2230 1581 2278 orta
1625 2231 1925 2295 tempestas
1972 2225 2327 2280 occasionem
2386 2223 2606 2279 dedisse
2663 2223 2879 2278 videtur
2909 2223 3208 2294 (Apologiis
3239 2221 3542 2279 Melitonis
3579 2230 3642 2278 et
3671 2221 3856 2294 Apelli-

428 2315 604 2381 naris,
657 2328 768 2368 uno
811 2313 1136 2391 eodemque
1183 2312 1430 2382 scriptis.
1476 2318 1558 2366 An
1617 2313 1756 2382 ipse,
1816 2313 2017 2369 itinere
2060 2314 2294 2368 Romam
2345 2313 2623 2382 instituto,
2657 2312 2982 2382 imperatori
3026 2311 3290 2368 obtulerit
3321 2311 3681 2384 Apologiam
3715 2327 3854 2367 sua

425 2401 640 2466 Melite,
699 2401 846 2471 quod
908 2417 973 2456 ex
1027 2401 1216 2469 phrasi
1267 2396 1525 2468 ἐπέδωκε,
1579 2417 1687 2470 qua
1730 2416 1863 2455 usus
1916 2409 1998 2456 est
2047 2401 2326 2456 Eusebius
2379 2401 2438 2454 in
2495 2401 2792 2464 Chronico,
2826 2409 2878 2455 et
2922 2416 3086 2471 quam
3123 2402 3182 2456 in
3215 2402 3486 2458 versione
3519 2416 3635 2456 sua
3672 2401 3858 2471 parite.-

426 2507 492 2546 ac
525 2491 583 2546 in
617 2491 879 2560 Catalogo
914 2493 1154 2545 virorum
1190 2490 1496 2546 illustrium
1530 2491 1761 2547 retinuit
1795 2507 2019 2561 quoque
2067 2492 2468 2561 Hieronymus,
2500 2488 2718 2557 colligit
2763 2489 3178 2560 Tillemontius,
3213 2497 3368 2546 certe
3422 2505 3550 2545 non
3615 2496 3855 2547 constat:

434 2580 488 2634 id
515 2586 704 2634 tamen
735 2587 888 2634 extra
919 2579 1330 2634 dubitationem
1368 2581 1609 2650 positum
1644 2581 1882 2644 videtur,
1919 2580 2088 2635 fuisse
2123 2581 2234 2634 hoc
2271 2579 2533 2634 ultimum
2577 2578 2860 2635 Melitonis
2892 2580 3191 2652 scripturn,
3225 2596 3334 2651 quo
3377 2580 3534 2636 bene
3573 2585 3651 2635 de
3683 2582 3857 2636 Eccle-

432 2670 512 2724 sia
577 2670 819 2736 meruit;
879 2685 1032 2735 nam,
1089 2670 1307 2725 caeteris
1360 2671 1655 2725 recensitis
1702 2671 1861 2724 libris
1918 2667 2006 2722 ἐπὶ
2068 2691 2093 2722 τ

2275 2669 2458 2739 inquit
2521 2668 2816 2735 Eusebius,
2847 2666 2936 2720 καὶ
2986 2667 3046 2721 τὸ
3078 2667 3222 2738 Πρὸς
3257 2668 3352 2721 τὸν
3409 2669 3756 2722 Ἀντωνῖνον
3789 2670 3853 2739 :3:-

428 2751 687 2825 suam;
737 2759 906 2830 quod,
963 2774 1074 2829 quo
1125 2759 1356 2813 domum
1415 2759 1770 2828 imperatoris
1825 2775 1977 2814 anno
2025 2760 2278 2815 oblatum
2330 2760 2421 2827 sit,
2484 2760 2681 2828 paucis
2725 2774 2879 2814 nunc
2931 2760 3037 2815 erit
3077 2760 3414 2814 videndum.
3447 2759 3513 2814 Si
3549 2759 3844 2817 Chr-oniten

427 2846 657 2903 Eusebii
687 2846 1032 2914 evolvamus,
1070 2848 1364 2917 scquentia
1421 2848 1503 2902 ibi
1555 2848 1846 2903 memoriae
1894 2848 2102 2903 tradita
2149 2847 2629 2918 deprehendimus
2679 2846 2828 2918 (35);
2880 2846 2994 2915 ΟΛ,
3052 2846 3210 2901 ΣΛΖ’.
3246 2849 3288 2902 Ι.
3342 2846 3525 2902 POA‘.
3588 2847 3849 2902 ΚΛΛΡΟΣ

425 2939 512 2991 ΤΟ
560 2941 615 2989 B'
669 2937 787 2990 ΚΑΙ
840 2937 1188 3006 ΚΕΘΠΓΟΣ,
1252 2933 1506 2991 Μελίτων
1558 2933 1869 3007 Σαρδιανῶν
1925 2934 2220 2997 ἐπίσκοπος
2262 2942 2360 3004 τῆς
2417 2932 2617 2995 Λυδίας
2665 2931 2879 3009 βιϐλίον
2943 2935 3282 3011 Ἀπολογίας
3327 2936 3663 3008 Ἀντωνίνῳ

430 3027 770 3099 Χριστιανῶν
803 3021 1064 3091 ὲπὲδωκε,
1100 3041 1224 3082 eam
1277 3025 1492 3081 scilicet
1525 3027 1783 3082 traditam
1835 3043 1978 3096 esse,
2008 3027 2093 3083 Cl:

2223 3037 2274 3082 et
2320 3026 2562 3097 Cethego
2591 3041 2736 3082 coss.
2780 3027 3111 3099 Olympiade
3142 3041 3417 3092 ccxxxvu,
3451 3045 3618 3098 quas,
3680 3029 3844 3083 debita

430 3115 910 3186 cbronologorum
972 3116 1233 3171 instituta
1289 3116 1736 3185 computatione,
1769 3117 1935 3172 annis
1993 3126 2117 3186 post
2169 3117 2457 3172 Christum
2518 3118 2664 3172 natis
2724 3117 2958 3172 169-172
3011 3117 3334 3187 respondet,
3366 3118 3523 3174 etin
3571 3119 3843 3174 decimum

430 3203 653 3260 Aurelii
708 3203 985 3259 Antonini
1042 3220 1256 3259 annum
1319 3203 1541 3259 incidit.
1577 3205 1784 3260 Eadem
1817 3205 1982 3260 habet
2041 3204 2311 3262 Cbronici
2361 3205 2729 3261 Alexandrini
2783 3213 2979 3262 auctor
3035 3205 3175 3276 (36).
3231 3206 3381 3272 Quin
3415 3223 3485 3262 ex
3543 3207 3715 3278 ipsis,
3745 3222 3844 3276 qua

430 3303 731 3364 supersunt
790 3295 970 3350 hodie-
1015 3295 1298 3366 Apologia:
1349 3294 1522 3365 hujus
1582 3297 1936 3372 fragmentis,
1993 3312 2121 3353 cum
2181 3295 2429 3350 veritatis
2473 3296 2716 3366 quadam
2765 3296 2956 3367 specie
2987 3295 3376 3366 colligendum
3420 3303 3534 3365 est,
3571 3313 3704 3352 eam
3744 3307 3848 3350 ants

399 3397 648 3456 ‘annum
682 3383 807 3452 170,
842 3383 938 3452 qui
979 3389 1059 3438 est
1091 3382 1299 3437 Aurelii
1328 3383 1602 3438 Antonini
1638 3385 1723 3450 10,
1758 3400 1867 3454 quo
1917 3394 2170 3441 mortuus
2217 3386 2334 3454 jam
2392 3394 2509 3440 erat
2564 3385 2790 3453 Lucius,
2822 3400 2937 3441 non
2970 3384 3143 3442 fuisse
3189 3384 3462 3442 oblatam.
3493 3386 3692 3443 Aliter
3720 3386 3844 3441 sai

398 3475 581 3542 certe
613 3469 770 3524 illam
819 3469 990 3525 Lucio
1041 3469 1251 3540 pariter
1303 3486 1369 3525 ac
1420 3469 1608 3528 Marco
1659 3473 1889 3528 Aurelio
1919 3475 2207 3530 Antonino
2254 3474 2660 3547 inscripsisset,
2694 3475 3008 3546 prmsertim
3044 3491 3175 3532 cum
3208 3475 3264 3530 in
3300 3491 3362 3531 ea
3404 3480 3613 3546 ageret
3643 3472 3844 3547 imperii

431 3564 607 3627 parte,
652 3573 772 3628 quae
796 3559 862 3612 ad
898 3559 1058 3614 Lucii
1091 3559 1366 3615 ditionem
1399 3559 1712 3629 pertinebat
1743 3563 1949 3632 potius,
1999 3580 2168 3636 quam
2199 3565 2267 3620 ad
2315 3566 2623 3635 Antonini;
2679 3581 2785 3622 nec
2835 3566 3088 3635 dixisset,
3123 3567 3372 3622 faustum
3422 3567 3733 3623 Antonino
3771 3567 3845 3619 ir:-

433 3647 650 3716 perium
711 3647 1016 3715 ominatus,
1051 3646 1186 3720 μετᾶ
1216 3652 1312 3700 τοῦ
1348 3644 1566 3717 παιδός,
1600 3652 1694 3706 sed
1733 3651 1974 3708 omnino
2022 3673 2093 3725 με

2223 3657 2282 3707 οὗ
2316 3649 2574 3732 ἀδελφοῦ.
2622 3659 2819 3722 Porro,
2877 3656 3049 3712 unius
3099 3656 3300 3712 saltem
3345 3655 3451 3711 ﬁlii
3505 3655 3841 3725 imperatoris

443 3736 662 3792 mentio
695 3735 758 3790 iit
790 3753 803 3803 ;
839 3736 1034 3792 habuit
1083 3746 1270 3793 autem
1307 3741 1627 3794 Antoninus
1677 3740 1840 3806 duos,
1889 3744 2140 3798 Annium
2168 3743 2400 3812 Verum,
2434 3754 2487 3799 et
2516 3746 2912 3812 Commodum,
2944 3761 3184 3816 quorum
3216 3745 3370 3816 prior
3391 3761 3553 3801 anno
3587 3746 3699 3800 170
3745 3746 3840 3799 ista

436 3834 704 3882 cesserat.
740 3827 971 3893 Rursus,
1017 3826 1382 3896 Cemmodus,
1415 3830 1508 3884 cui
1568 3829 1701 3884 felix
1759 3839 2017 3900 precatur
2064 3833 2394 3904 imperium,
2432 3833 2746 3889 tribunitiae
2779 3835 3073 3905 potestatis
3098 3835 3218 3905 jam
3250 3839 3371 3890 tum
3398 3834 3588 3891 fuisse
3619 3836 3838 3894 videtur,

438 3931 566 3971 cum
603 3915 722 3971 haec
753 3916 1020 3972 scriberet
1052 3916 1270 3984 Melite,
1302 3933 1470 3988 quam
1502 3919 1729 3974 demum
1755 3919 1997 3976 obtinuit
2021 3938 2173 3978 anno
2204 3923 2324 3976 170.
2358 3921 2510 3989 Haec,
2543 3924 2801 3995 inquam,
2824 3923 3016 3980 omnia
3047 3923 3324 3995 probabili
3355 3925 3495 3980 satis
3527 3927 3836 3995 conjectura

439 4005 733 4076 evincunt,
769 4006 916 4062 hanc
972 4006 1290 4078 Apologiam
1325 4023 1438 4063 non
1472 4007 1646 4064 fuisse
1693 4016 1823 4064 ante
1873 4026 2095 4066 annum
2143 4012 2500 4082 imperatoris
2533 4012 2821 4069 decimum
2869 4014 3280 4085 consignatam.
3334 4021 3425 4070 An
3470 4023 3676 4070 autem
3733 4028 3834 4069 eum

436 4094 799 4162 Tillemontio
831 4096 943 4167 (37)
976 4095 1210 4151 ulterius
1251 4098 1694 4166 procedendum,
1731 4105 2071 4171 tetnpusquc
2121 4105 2307 4158 traditi
2365 4102 2545 4160 libelli
2587 4106 2864 4176 supplicis
2926 4121 3078 4161 anno
3124 4107 3355 4162 demum
3411 4107 3516 4162 175
3570 4107 3834 4179 ﬁgendum

435 4182 524 4249 sit,
559 4184 618 4238 in
650 4183 837 4238 medio
889 4183 1248 4254 relinquam;
1298 4193 1545 4242 attamen
1579 4203 1694 4242 non
1749 4187 1967 4243 videtur
2014 4191 2171 4246 omni
2217 4194 2551 4264 exceptione
2603 4195 2786 4263 major
2842 4195 3125 4251 sententia
3164 4195 3336 4266 probe
3369 4197 3690 4266 pcnsitata.
3724 4197 3838 4251 Sam

437 4274 781 4354 Commodus
813 4288 1045 4329 consors
1106 4274 1328 4345 imperii
1397 4277 1653 4330 nondum
1698 4279 1882 4332 lactus
1932 4278 2154 4335 videtur
2183 4297 2311 4337 eum
2366 4282 2486 4338 haec
2536 4283 2812 4339 scriberet
2859 4283 3074 4354 Melite,
3109 4283 3249 4340 alias
3298 4299 3517 4340 nomen
3580 4287 3708 4355 ejus
3753 4298 3837 4339 non

439 4360 892 4430 praetermisisset
928 4363 986 4416 in
1021 4363 1224 4430 titulo;
1282 4379 1388 4418 nec
1429 4364 1534 4434 ipsi
1597 4365 1836 4420 ominari
1889 4369 2166 4437 potuisset
2217 4371 2558 4442 imperium,
2592 4373 2740 4442 quod
2798 4373 3030 4443 iamjam
3089 4374 3386 4442 tenuisset,
3442 4373 3492 4428 si
3554 4380 3679 4430 tuta
3730 4375 3838 4429 {erat

441 4450 791 4506 Tillemontii
824 4453 1186 4522 conjectura;
1223 4453 1328 4509 hoc
1377 4462 1568 4510 autem
1618 4471 1748 4511 cum
1797 4457 1965 4514 faciat
1997 4460 2055 4515 in
2101 4461 2365 4531 Apologia
2414 4478 2518 4517 sua
2568 4471 2782 4530 noster,
2811 4462 3002 4520 innuit
3033 4464 3230 4534 simul,
3261 4481 3392 4520 eum
3428 4473 3568 4521 tunc
3602 4467 3832 4522 nondum

435 4539 610 4595 fuisse
656 4541 1075 4611 imperatorem.
1131 4542 1362 4612 Dupinii
1425 4544 1534 4614 (38)
1595 4543 1684 4599 hic
1740 4545 1920 4602 obiter
1979 4551 2263 4604 notandus
2323 4566 2496 4618 error,
2531 4567 2701 4621 quem
2733 4556 2925 4608 tamen
2986 4554 3407 4623 typotbetarum
3441 4554 3635 4624 potius
3665 4556 3833 4609 vitia

441 4631 632 4697 credo,
688 4631 782 4701 qui
843 4632 1099 4686 traditam
1157 4631 1334 4687 nostri
1390 4634 1710 4704 Apologiam
1765 4635 1941 4693 fuisse
1990 4638 2192 4694 scribit
2249 4654 2400 4695 anno
2462 4641 2589 4708 182,
2645 4656 2753 4711 quo
2797 4643 3013 4698 dudum
3060 4651 3313 4699 mortuus
3367 4650 3488 4698 erat
3539 4644 3830 4716 imperator.

435 4719 706 4776 Beierunt
766 4736 931 4790 porro
981 4719 1242 4776 Historiae
1299 4737 1468 4776 sacrae
1529 4723 1849 4794 scriptores,
1910 4726 2162 4784 Marcum
2214 4729 2586 4796 Antoninum,
2638 4731 2923 4788 Melitonis
2971 4733 3328 4804 aliorumque
3395 4732 3823 4791 Christianorum

436 4811 950 4881 snpplicatienibus
982 4819 1324 4880 permotum,
1381 4813 1675 4882 scripsisse
1727 4815 2025 4884 epistolam
2071 4837 2093 4874 a

2226 4835 2480 4875 ommune
2536 4821 2699 4879 Αδίὤι
2758 4821 2898 4894 Πρὸς
2950 4822 3012 4875 τὸ
3069 4821 3251 4876 κοινὸν
3305 4823 3404 4886 τῆς
3458 4821 3680 4889 Ἀσίας,
3744 4839 3825 4894 qua

509 4944 623 5020 (53)
651 4945 863 5020 _Justin.
891 4944 1148 5020 irMartryr.
1181 4945 1436 5020 “Apolog.
1497 4965 1532 5002 ιι
1577 4966 1674 5020 ρνο
1735 4951 2090 5020 Christianis,

440 5031 564 5084 cap.
597 5017 692 5092 14,
726 5033 851 5092 pag.
884 5017 978 5092 35,
1008 5017 1141 5072 edit.
1181 5017 1452 5075 llutchin.
1487 5017 1585 5076 seu
1615 5022 1805 5092 potius
1851 5017 2093 5080 Grabia-l

398 5094 553 5151 (ηδε,
587 5087 770 5143 Oxon.
805 5089 962 5143 1703.

514 5159 624 5239 ($5)
658 5159 859 5239 Euseb.
894 5159 1285 5239 ing/crambe,
1321 5161 1418 5220 lib.
1455 5172 1594 5233 post.
1631 5183 1753 5236 pag.
1787 5167 1912 5235 214,
1949 5167 2095 5239 (edit.

440 5231 646 5298 Scalig.
679 5235 857 5286 Amst.
895 5231 1053 5285 1658.

513 5303 625 5378 (‘36)
654 5308 720 5378 in
753 5305 997 5378 Corpore
1026 5304 1336 5378 Byzantina
1380 5305 1603 5378 obvius,
1657 5316 1791 5378 tom.
1845 5311 1941 5378 Ill,
1997 5309 2094 5364 fol.

429 5374 568 5454 296,
594 5373 960 5454 'edit.'Vent_t_t.
988 5373 1124 5454 ἕλιξ
1176 5373 1515 5454 Ὀλξξμπιὰῆ
1685 5377 1827 5454 Ἰνδε
1862 5373 1937 5454 γ“.’
1981 5380 2095 5434 Ὑπ.

446 5443 703 5520 ᾮρφίῗτου
744 5445 853 5520 xui;
892 5442 1208 5520 Πούὸεντος.
1271 5442 1433 5514 Nota,
1483 5442 1738 5506 nendum
1783 5442 2097 5508 absolutam

397 5555 408 5563 .
450 5518 754 5592 Eusebius,
805 5518 1123 5573 absolutam
1161 5535 1315 5592 vero
1353 5521 1764 5592 Olympiadem
1841 5532 2102 5585 numerat

404 5588 892 5662 ,Alexandrinus,
933 5598 1100 5659 atque
1157 5590 1233 5644 ita
1281 5588 1490 5662 subdit,
1542 5588 1836 5662 postquam
1891 5598 1962 5651 de
1999 5597 2099 5650 Ju-

454 5659 587 5732 stini
621 5659 878 5732 Martyris
903 5669 956 5732 et
986 5663 1300 5732 Crescentis
1329 5659 1604 5732 Apologiis
1633 5659 1848 5726 dixerat
1877 5685 1891 5723 :
1929 5663 2103 5722 Ἀλλὰ

452 5725 542 5779 καὶ
600 5724 876 5796 Μελίέων,
933 5730 1210 5797 Ἀσιαιὺς,
1272 5724 1581 5806 Σαρὂιακῖῶν
1635 5724 1949 5809 ἐέτίσκοπος,
2011 5740 2102 5814 βι-

2203 4948 2913 5032 61_loy’A1toztoyl1§_é'6mxs
2967 4957 3087 5018 τοῖς
3138 4953 3489 5032 λελεγμένοις
3545 4957 3824 5029 βασιλεῖς..

2205 5025 2292 5078 καὶ
2324 5023 2498 5099 ἕτεροι
2534 5024 2589 5081 δέ
2618 5023 2847 5084 ῖπολλοί.

2277 5098 2769 5173 (37)"1‘illc_rnorrt,
2830 5100 3112 5157 Mémoires
3156 5117 3316 5173 poor
3349 5103 3538 5157 servir
3599 5107 3640 5157 ὰ
3697 5105 3830 5158 ι’θιπ.

2206 5171 2395 5224 εοεΙέδ.
2428 5171 2523 5226 cit.
2584 5171 2697 5228 loc.
2760 5177 2896 5227 nota
2939 5173 3021 5226 2:
3080 5171 3426 5228 SJMéliton
3490 5193 3526 5228 a
3575 5176 3720 5231 écrit
3761 5190 3831 5228 ses

2205 5243 2462 5315 Apologia
2491 5245 2655 5310 apres
2685 5244 2807 5307 169,
2843 5251 2895 5298 et
2926 5244 3209 5312 peut-étre
3233 5244 3418 5300 meme
3445 5245 3625 5315 aprés
3654 5249 3761 5302 175..

2279 5315 2389 5384 (38)
2420 5315 2627 5383 Dupin,
2669 5315 3044 5385 Bz‘bliolhéquc
3101 5317 3200 5371 des
3255 5321 3487 5370 auleurs
3556 5320 3827 5374 ecclesias;

2209 5392 2346 5457 tem.
2403 5385 2629 5457 l,ﬂpag.
2690 5387 2807 5442 63:
2870 5409 2898 5436 ‹‹
2950 5387 3182 5442 Méliton
3238 5387 3432 5442 ﬂeurit
3484 5404 3626 5446 sous
3711 5392 3828 5445 l'em-

2211 5456 2329 5531 pirc
2359 5457 2428 5531 de
2458 5456 2924 5531 Marc-Antoniu,
2957 5457 2995 5512 il
3024 5459 3354 5531 representa
3386 5477 3451 5514 sa
3501 5463 3773 5531 Requeste
3815 5475 3830 5509 ι

2211 5529 2511 5583 deuxieme
2539 5531 2724 5584 année
2753 5530 2822 5584 de
2843 5537 2931 5585 cet
2953 5545 3268 5598 empereur,
3302 5529 3688 5592 c’est-a-dire
3709 5536 3750 5590 la
3773 5531 3830 5584 té‘l

2212 5599 2280 5654 de
2313 5600 2362 5654 la
2391 5599 2700 5657 Naissance
2730 5601 2799 5655 de
2827 5601 3225 5657 Jésus-Christ.
3259 5626 3280 5652 ι
3319 5603 3489 5660 Geni.
3549 5605 3699 5664 Dan.
3745 5606 3832 5661 Lar-

2213 5672 2449 5742 requani
2474 5671 2802 5728 Adversaria
2828 5688 3012 5743 sacra,
3045 5689 3170 5744 pag.
3202 5673 3331 5729 646.
