3922 6304
149 378 324 439 1205
995 382 1343 448 ΝΟἸῚΤΙΑ.
1392 419 1468 430 -
1513 387 1587 448 ll.
1635 389 1698 448 Dl

2038 397 2128 456 .‘IS
2176 398 2240 458 S.
2289 399 2745 464 MELITONIS.
3429 408 3587 470 1206

149 511 408 610 gela-bat,
442 527 516 568 ne
544 511 692 610 ouis
740 512 1111 610 imposlerum
1170 516 1521 610 Christianos
1569 520 1866 592 religionis
1923 540 2040 582 suae
2095 543 2264 586 causa
2321 532 2788 591 calumniaretur.
2851 534 3038 590 Exstat
3095 535 3270 607 hujus
3322 537 3586 610 epistola

152 600 376 699 duplex
412 601 594 699 versio
627 601 839 699 Cresc—rt,
881 604 1227 699 alteraapud
1261 607 1548 699 Justinum
1621 611 1920 685 Martyrem
1976 620 2110 689 (39),
2171 622 2345 680 altera
2392 627 2538 696 apud
2600 625 2901 682 Eusebium
2935 626 3072 699 (40),
3133 600 3376 698 uterque.
3397 635 3586 686 tamen

155 693 425 784 eamdem
450 692 744 748 Antonino
775 694 876 749 Pio
909 694 1124 765 tribuit,
1160 699 1305 767 quod
1344 698 1596 756 Valesius
1627 701 1736 772 (41)
1769 713 1823 759 et
1872 707 2198 766 Korlholtus
2229 712 2339 784 (42)
2399 692 2689 779 notarunt,
2741 692 3005 770 Cbronici
3031 692 3432 773 'Alexandrini
3485 733 3592 773 au-

159 783 732 876 ctoremlaudautes,
766 785 978 855 quippe
1008 787 1101 876 qui
1139 796 1288 876 recte
1319 787 1800 863 animadverterit,
1834 796 2128 865 epistolam
2160 783 2327 856 illam
2350 817 2464 857 non
2507 802 2798 858 Antonino
2831 803 2948 868 Pio,
3011 805 3106 860 sed
3163 805 3352 862 Marco
3406 807 3592 876 potius

156 871 703 964 essetribuendam.
738 876 1014 930 Caeterum
1057 875 1114 931 in
1149 875 1272 947 ipso
1306 876 1477 947 hujus
1524 881 1776 951 epistolas
1833 891 1985 941 textu
2046 895 2203 944 tanta
2259 890 2406 946 inter
2464 891 2694 946 Eusebii
2751 892 3040 964 exemplar
3079 901 3133 949 et
3179 894 3322 949 illud
3379 871 3594 951 J-ustini

158 961 452 1054 Apologia?
481 961 804 1054 subnexuim
836 965 1083 1054 occurrit
1113 965 1516 1038 discrepantia,
1551 971 1746 1028 ut'Jo.
1803 972 2052 1030 Clericus
2086 977 2219 1049 (43),
2289 995 2392 1051 pro
2449 995 2604 1036 more
2661 995 2784 1046 suo,
2842 961 3014 1037 totam
3072 997 3193 1037 rem
3247 983 3340 1054 pia
3397 982 3592 1040 fraude

155 1051 468 1144 confictam
491 1053 700 1144 credat.
735 1053 954 1144 Duplex
989 1053 1160 1144 hujus
1191 1056 1488 1129 Apologia,
1518 1076 1641 1130 qua:
1674 1066 1896 1118 aetatem
1929 1071 2180 1122 nostram
2213 1083 2330 1124 non
2361 1067 2512 1138 tulit,
2542 1073 2725 1125 exstat
2781 1071 3160 1141 fragmentum
3188 1086 3203 1126 :
3229 1051 3407 1128 unum
3438 1072 3590 1144 apud

151 1141 498 1287 Etisebium,
537 1143 781 1199 alterum
805 1143 952 1214 apud
985 1142 1256 1202 Chronici
1285 1145 1658 1204 Alexandrini
1689 1151 1892 1222 saepius
1917 1151 2033 1222 jam
2092 1154 2326 1212 citatum
2383 1163 2694 1226 auctorem,
2753 1159 2900 1230 quod
2950 1162 3252 1232 utrumque
3300 1141 3591 1232 apponam

153 1247 219 1287 in
252 1248 332 1287 ra.

153 1247 332 1288 lﬂll‘a.

1369 1357 1622 1431 gxxm.
1661 1356 2044 1436 υενεκλογῶν
2082 1362 2244 1418 libris
2281 1378 2398 1419 sex.

235 1469 504 1540 Superest
544 1476 601 1525 ut
626 1471 694 1526 de
725 1475 1120 1544 Excerptorum
1153 1472 1268 1528 sive
1298 1471 1586 1550 Ἐκλογῶν
1618 1475 1778 1532 libris
1809 1477 2071 1547 quaedam
2103 1479 2288 1534 adhuc
2318 1479 2526 1536 dicam.
2556 1481 2825 1536 Erasmus
2857 1480 2973 1553 (44)
3018 1481 3085 1536 ad
3145 1481 3373 1538 titulum
3414 1481 3584 1553 hujus

158 1561 358 1629 operis
387 1563 668 1628 observat,
699 1576 828 1616 eum
865 1569 1015 1618 recte
1046 1562 1282 1617 omnino
1313 1563 1484 1618 scribi
1519 1581 1618 1634 per
1647 1584 1700 1636 κ,
1734 1581 1846 1621 non
1903 1583 2004 1638 per
2061 1587 2118 1642 γ,
2176 1569 2522 1638 Eclogarum,
2581 1571 2942 1642 Eglogarum,
2998 1586 3322 1642 quanquam
3376 1573 3436 1627 in
3501 1571 3591 1628 his

169 1665 372 1720 parum
402 1651 700 1705 conveniat
731 1651 878 1706 inter
910 1651 1251 1722 exemplaria
1280 1653 1494 1708 Latina.
1531 1654 1800 1710 Precibus
1831 1657 2399 1729 Onesimicujusdam
2453 1660 2773 1732 composuit
2831 1660 2934 1717 hos
2991 1660 3166 1717 libros
3220 1659 3435 1729 Melito,
3492 1650 3591 1732 qui

164 1754 269 1807 pro
300 1754 492 1794 amore
524 1755 591 1794 ne
621 1740 808 1795 studio
840 1755 944 1795 suo
972 1756 1103 1810 erga
1135 1741 1367 1796 verbum
1392 1741 1513 1812 Dei,
1548 1750 1678 1798 sunt
1706 1743 1873 1800 verba
1902 1746 2130 1802 Eusebii
2182 1748 2318 1818 (45),
2378 1748 2582 1818 saapius
2619 1767 2651 1804 a
2720 1754 2918 1806 nostro
2977 1749 3356 1821 postulaverat
3409 1749 3580 1807 libros

159 1823 392 1882 'Veteris
422 1828 768 1884 Testamenti
797 1837 1055 1886 accurate
1081 1847 1424 1901 cognoscere
1467 1841 1494 1900 ;’
1537 1839 1671 1902 quot
1730 1849 1982 1905 numero,
2017 1844 2069 1892 et
2118 1852 2227 1908 quo
2281 1837 2394 1893 sint
2441 1838 2641 1894 ordine
2697 1839 3028 1911 conscripti,
3086 1855 3253 1911 quem
3319 1847 3588 1910 praeterea

169 1933 384 1988 magno
413 1918 546 1973 ﬁdei
577 1920 774 1976 ardore
804 1927 856 1975 et
887 1936 1092 1991 magna
1132 1921 1393 1978 discendi
1426 1923 1732 1992 cupiditate
1757 1924 2025 1995 ﬂagrasse
2063 1925 2279 1994 scribit,
2311 1934 2365 1982 et
2416 1927 2486 1982 de
2535 1943 2644 1998 quo
2706 1934 3057 1999 compertum
3118 1927 3378 1998 habebat,
3436 1931 3585 2001 quod

159 2007 236 2064 ob
274 2023 526 2064 amorem
581 2008 676 2063 Dei
728 2009 832 2064 ista
892 2009 1058 2065 rebus
1101 2012 1407 2068 mundanis
1463 2013 1732 2070 omnibus
1787 2015 2079 2083 anteferat,
2140 2016 2449 2087 salutisque
2504 2026 2725 2073 aeternas
2783 2018 3102 2075 obtinendae
3158 2033 3328 2075 causa
3370 2017 3586 2076 fortiter

164 2099 422 2155 decertet
448 2099 636 2154 unice.
675 2099 1007 2156 Praeclarum
1040 2117 1174 2157 sane
1205 2102 1527 2158 cncomium
1554 2120 1566 2158 :
1596 2111 1670 2169 et,
1703 2103 1748 2158 si
1779 2121 1810 2158 a
1842 2104 2084 2160 laudatis
2116 2104 2330 2160 laudari
2359 2106 2587 2162 demum
2620 2107 2741 2162 laus
2771 2113 2874 2176 est,
2906 2123 3022 2163 non
3058 2122 3361 2178 possumus
3390 2107 3586 2178 utique

160 2189 350 2260 aliter,
385 2190 519 2262 quin
552 2191 622 2246 de
651 2191 922 2262 singulari
956 2191 1160 2262 pietate
1187 2199 1242 2248 et
1287 2195 1506 2264 egregia
1555 2195 1809 2250 Onesimi
1858 2194 2050 2251 indole
2097 2196 2410 2252 sentiamus
2459 2197 2671 2267 optima
2703 2198 2934 2268 quasvis,
2968 2197 3199 2268 ejusque
3251 2197 3584 2254 memoriam

158 2279 552 2335 venerabundi
585 2296 806 2350 semper
836 2281 1172 2338 recolamus.
1210 2283 1418 2339 Itinere
1443 2285 1631 2354 itaque
1662 2284 1721 2339 iu
1755 2284 2040 2341 Orientem
2067 2287 2346 2354 instituto,
2377 2287 2599 2344 Veteris
2652 2289 3008 2344 Tcstamenti
3059 2289 3233 2345 libros
3285 2287 3586 2357 diligenter

161 2385 284 2425 non
313 2371 480 2425 modo
511 2370 707 2426 didicit
741 2371 957 2436 Melite,
992 2386 1299 2443 eorumque
1325 2373 1573 2429 indicem
1606 2374 1874 2430 Onesimo
1920 2388 2020 2428 suo
2079 2375 2269 2444 misit;
2331 2391 2527 2431 verum
2588 2377 2757 2432 etiam
2819 2392 2887 2432 ex
2925 2377 3132 2432 divinis
3178 2376 3304 2432 istis
3358 2376 3587 2448 scriptis

162 2466 431 2530 excerpta
462 2459 694 2530 insuper
715 2459 962 2529 collegit,
999 2461 1056 2515 in
1089 2475 1184 2517 sex
1215 2460 1387 2517 libros
1437 2461 1756 2526 distributa,
1805 2469 1867 2519 ut
1909 2464 2000 2534 ipe
2051 2471 2281 2520 testatur
2327 2465 2478 2537 apud
2529 2465 2858 2533 Eusebium,
2905 2461 2956 2534 ἐξ
3005 2465 3106 2533 ὧν,
3149 2465 3436 2536 inquiens,
3493 2471 3584 2525 καὶ

157 2547 258 2607 τὰς
295 2546 556 2624 Ἑκλογᾶς
616 2547 983 2623 ἐποιησάμην,
1039 2549 1113 2612 εἰς
1167 2546 1221 2621 ἓξ
1285 2545 1436 2625 βιϐία
1483 2548 1698 2607 διελών.

2036 2568 2112 2608 »υς
2170 2552 2282 2608 mel
2327 2560 2534 2624 sugunt
2590 2570 2743 2624 apes,
2807 2569 3089 2610 venenum
3145 2554 3398 2625 vipera;
3450 2554 3585 2626 quid

162 2638 341 2706 igitur
371 2655 438 2694 ex
471 2639 592 2710 lege
622 2646 676 2696 et
708 2640 997 2710 prephetis
1027 2641 1368 2711 excerpserit
1403 2649 1611 2708 noster,
1646 2642 1693 2698 si
1749 2651 2048 2713 quaeratur,
2108 2643 2230 2713 ipsa
2282 2643 2489 2698 iterum
2549 2644 2808 2699 Sardiani
2863 2643 3037 2701 verba
3092 2644 3450 2716 responsioni
3491 2645 3592 2702 in“

162 2727 376 2784 servire
405 2733 694 2797 poterunt,
741 2728 946 2799 quibus
1002 2728 1191 2799 palam
1250 2729 1330 2796 fit,
1389 2745 1518 2785 eum
1573 2729 1642 2783 τὰ
1697 2750 1711 2782 1

2042 2749 2257 2804 ωτηρος
2290 2729 2378 2784 καὶ
2409 2731 2590 2800 πάσης
2633 2737 2732 2799 τῆς
2756 2731 2989 2792 πίστεως
3039 2732 3225 2804 ἡμῶν,
3257 2748 3342 2798 ea,
3366 2748 3489 2804 quas
3514 2733 3585 2790 ad

157 2823 510 2876 Servatorem
555 2825 604 2873 et
637 2817 704 2872 ad
736 2817 1058 2875 universam
1096 2817 1265 2874 fidem
1293 2826 1541 2875 nostram
1571 2819 1943 2890 pertinent,in
1974 2820 2209 2891 gratiam
2241 2820 2497 2876 Onesimi
2531 2821 2618 2876 sui
2665 2821 2982 2892 collegisse,
3035 2837 3201 2894 quem
3259 2822 3584 2893 simplicem

160 2923 580 2981 pauperemque
603 2906 834 2976 laicum,
863 2923 978 2964 non
1009 2906 1294 2979 κράτιστον
1325 2905 1588 2984 Θεόφιλον
1623 2924 1709 2980 (ιω

2033 2908 2181 2975 tisse,
2215 2908 2480 2966 nonnulli
2513 2909 2630 2982 (46)
2655 2910 2894 2966 credunt
2941 2911 3087 2981 ideo,
3148 2917 3207 2967 ut
3256 2917 3582 2984 promptum

158 2997 449 3056 Melitonis
480 2999 692 3054 intimas
724 2999 894 3054 etiam
929 2999 1095 3054 sortis
1128 2999 1457 3055 hominibus
1487 2999 1830 3056 inserviendi
1861 2998 2121 3056 animum
2151 3015 2217 3057 eo
2251 2999 2564 3070 majoribus
2612 3000 2887 3056 extollant
2941 2999 3229 3058 laudibus.
3289 3003 3354 3057 In
3396 3000 3583 3058 medio

163 3095 359 3146 tamen
390 3089 770 3160 relinquimus
803 3089 1007 3145 horum
1037 3090 1442 3160 conjecturam,
1474 3089 1527 3146 id
1559 3090 1758 3146 saltem
1785 3089 1974 3146 adhuc
2004 3089 2273 3159 addituri,
2307 3090 2410 3146 hos
2440 3088 2778 3159 Eclogarum
2826 3089 3002 3148 libros
3032 3091 3174 3147 mihi
3223 3107 3340 3148 non
3392 3089 3570 3148 videri

157 3178 425 3234 ultimum
457 3195 490 3233 a
517 3176 785 3234 Melitone
818 3177 1204 3250 conscriptum
1236 3194 1399 3248 Opus,
1425 3178 1554 3234 licet
1587 3177 1791 3249 potiori
1821 3179 1946 3236 loco
1974 3180 2032 3235 in
2065 3178 2340 3237 librorum
2373 3181 2518 3238 serie
2564 3179 2635 3237 ab
2691 3180 2932 3238 Eusebio
2979 3197 3096 3239 non
3155 3181 3367 3238 fuerint
3419 3195 3579 3238 com-

160 3269 452 3340 prehensi,
488 3269 583 3324 sed
617 3275 738 3339 post
769 3284 988 3335 omnes,
1019 3268 1331 3339 interjectis
1356 3267 1697 3341 quibusdam
1728 3269 1877 3337 aliis,
1908 3276 2328 3338 recenseantur,
2370 3269 2700 3341 appendieis
2738 3269 2894 3340 quasi
2926 3269 3070 3341 loco,
3098 3271 3259 3340 cujus
3288 3270 3370 3328 rei
3431 3269 3582 3329 hanc

163 3359 344 3415 fuisse
366 3373 591 3415 causam
623 3357 988 3430 conjieimus,
1019 3359 1165 3429 quod
1198 3365 1460 3414 nontam
1491 3357 1708 3429 ingenii
1737 3373 1879 3430 opus
1905 3359 2211 3427 censuerit,
2253 3374 2426 3430 quam
2487 3357 2716 3414 laboris.
2793 3359 3192 3430 Fragmentum
3250 3358 3480 3431 insigne
3525 3375 3582 3430 θι

163 3449 231 3505 in
267 3449 508 3506 Historia
539 3465 702 3505 sacra
732 3449 979 3505 maxime
1009 3448 1230 3505 celebre
1256 3456 1507 3520 superest
1543 3449 1707 3505 hodie
1736 3465 1802 3504 ex
1833 3448 1993 3504 libris
2024 3449 2180 3504 hisce
2207 3447 2550 3518 casteroquin
2581 3448 2904 3518 deperditis.

509 3541 536 3607 §
560 3539 768 3596 XXIV.
800 3539 1114 3596 Observatio
1143 3537 1208 3594 de
1233 3539 1394 3594 libris
1426 3539 1696 3595 Melitonis
1724 3546 1914 3594 contra
1931 3537 2058 3595 hazr

1691 3556 1696 3587 ε
1724 3546 1914 3594 contra
1931 3537 2269 3595 Iwresesﬂe
2298 3537 2442 3592 libro
2473 3535 2604 3610 Περὶ
2636 3536 2956 3610 σαρκώσεως
2975 3539 3240 3611 Χριστοῦ.

255 3630 487 3696 Quando
519 3636 722 3699 praeter
753 3629 855 3684 hos
887 3627 1126 3684 Eusebio
1165 3634 1640 3685 commemoratos
1666 3627 1841 3684 libros
1869 3627 2250 3695 Hieronymus
2281 3625 2391 3698 (47)
2423 3632 2687 3696 praeterea
2717 3625 3066 3682 mentionem
3098 3625 3230 3683 facit
3273 3626 3583 3684 multorum

175 3717 556 3782 voluminum,
589 3717 792 3788 quibus
822 3716 1072 3787 origines
1111 3717 1411 3772 haeresium
1440 3715 1793 3785 singularum
1825 3715 2206 3786 explieaverit,
2238 3720 2291 3770 et
2320 3730 2388 3771 ex
2419 3714 2626 3785 quibus
2655 3714 3119 3786 philosophorum
3139 3714 3417 3772 frontibus
3437 3731 3585 3772 ema-

173 3806 438 3863 naverint
470 3805 704 3877 singulis
733 3825 746 3874 ;
782 3804 888 3861 hoe
919 3821 1036 3861 non
1066 3806 1136 3861 de
1167 3804 1438 3875 peculiari
1469 3805 1711 3875 quodam
1742 3812 1908 3875 atque
1948 3803 2305 3859 voluminoso
2326 3818 2496 3873 Opere
2544 3803 2826 3874 intelligas
2882 3803 3074 3872 velim,
3129 3803 3223 3859 sed
3271 3803 3582 3874 generatim

171 3897 250 3952 de
277 3895 545 3953 omnibus
575 3894 862 3951 Melitonis
894 3895 1120 3965 scriptis
1149 3895 1361 3951 dictum
1396 3901 1547 3965 puta,
1582 3900 1774 3964 utpote
1805 3909 1925 3964 quas
1957 3892 2074 3949 fere
2101 3893 2316 3963 omnia,
2350 3899 2407 3947 ut
2437 3892 2687 3948 vidimus
2739 3892 3032 3962 hactenus,
3095 3891 3295 3948 haeresi
3352 3892 3581 3949 cuidam

174 3987 412 4043 fuerunt
441 3985 725 4056 opposita.
759 3985 996 4056 Scripsit
1020 3989 1207 4040 tamen
1241 3992 1508 4056 praeterea
1535 3992 1741 4051 noster,
1767 3990 1826 4040 ut
1856 3982 2284 4040 observavimus
2312 3997 2504 4052 supra,
2565 3981 2708 4037 alios
2762 3981 2952 4038 adhuc
3010 3980 3182 4036 libros
3237 3981 3386 4036 inter
3441 3995 3582 4053 quos

172 4075 453 4131 referendi
487 4081 617 4131 sunt
665 4074 960 4131 Anastasio
1017 4073 1249 4130 Sinaitae
1305 4073 1732 4130 commemorati
1789 4075 1921 4143 duo,
1977 4073 2118 4129 alter
2178 4073 2248 4127 De
2290 4073 2546 4142 passione
2596 4071 2834 4139 Domini,
2893 4069 3034 4128 alter
3085 4072 3155 4128 Ds
3198 4070 3582 4127 Incarnations

172 4164 388 4223 Christi
421 4162 548 4237 Περὶ
581 4162 902 4239 σαρκώσεως
932 4165 1192 4236 Χριστοῦ,
1222 4178 1387 4234 quem
1422 4162 1721 4234 posteriore

2029 4162 2218 4219 sinter
2248 4160 2455 4230 scripta
2504 4160 2872 4217 Melitoniana
2935 4162 3144 4233 recepit
3201 4162 3412 4218 Caveus
3441 4160 3578 4233 (48),

172 4271 418 4312 n-onens
443 4256 693 4326 insuper,
752 4269 894 4325 Opus
943 4253 1091 4309 istud
1143 4271 1175 4308 a
1226 4253 1371 4309 libro
1429 4252 1713 4310 Melilonis

2032 4254 2118 4305 εοῦ
2166 4247 2477 4324 ἐνσωμάτου
2535 4250 2820 4308 diversum
2843 4267 2965 4309 esse
2989 4253 3359 4324 censendum,
3389 4257 3581 4324 utpote

173 4347 328 4418 quod
362 4361 474 4402 non
510 4344 569 4400 in
596 4359 795 4416 unum,
828 4351 888 4400 ut
919 4343 1035 4411 ille,
1069 4344 1166 4399 sed
1205 4343 1263 4399 in
1295 4342 1483 4413 plures
1507 4342 1748 4399 divisum
1783 4341 1947 4397 fuerit
1975 4339 2166 4410 libros,
2210 4346 2260 4396 et
2307 4355 2374 4395 ex
2431 4353 2668 4410 quorum
2735 4339 2898 4396 tertio
2956 4340 3336 4412 fragmentum
3391 4339 3582 4396 attulit

172 4435 426 4506 insigne,
455 4435 525 4490 ab
559 4434 858 4490 Anastasio
888 4437 1259 4488 asservatum.
1291 4431 1498 4487 Contra
1528 4430 1881 4488 Marcionem
1911 4431 2154 4502 scriptus
2183 4437 2300 4488 erat
2335 4430 2426 4486 hie
2473 4429 2639 4496 liber,
2699 4430 2794 4502 qui
2845 4429 3196 4489 divinitatem
3255 4430 3462 4488 Christi
3517 4430 3579 4487 in

172 4541 350 4584 carne
371 4527 613 4598 negavit,
646 4532 700 4582 et
735 4523 1018 4583 Melitonis
1050 4524 1154 4580 hac
1180 4524 1240 4580 in
1270 4530 1425 4594 parte
1455 4522 1771 4580 doctrinam
1797 4522 2006 4593 scripto
2033 4520 2185 4578 edito
2215 4527 2652 4593 Oppugnaverat.

1402 4649 1565 4708 XXV.
1598 4651 1671 4708 De
1696 4651 1943 4708 transitu
1971 4649 2170 4706 Maria:
2191 4649 2349 4706 liber.

247 4797 482 4870 Spurius
502 4801 693 4853 tamen
724 4796 809 4850 est
847 4791 1008 4857 liber,
1043 4789 1137 4862 qui
1170 4790 1242 4846 De
1271 4790 1513 4844 transitu
1552 4789 1718 4845 beata
1747 4788 1936 4844 Mariae
1985 4788 2219 4859 virginis
2275 4785 2382 4842 sub
2432 4785 2552 4856 ejus
2610 4783 2841 4841 nomine
2906 4784 3320 4856 circumfertur,
3376 4794 3428 4843 et
3478 4789 3575 4860 qui

253 4980 367 5053 (59)
397 4979 558 5053 Apud
587 4977 792 5033 Justin.
827 4980 987 5031 Mart.
1013 4975 1082 5029 ad
1118 4973 1334 5032 calcem
1366 4971 1571 5042 prioris
1627 4971 1826 5042 Apolo-
2141 4966 2505 5053 Erasmus'i'n.
2529 4965 2681 5053 Notis
2701 4965 2770 5021 ad
2783 4967 3124 5053 .liieronymi
3153 4966 3329 5053 Crontal.

174 5037 311 5125 Πίέὲθ
346 5037 474 5124 ing:
502 5051 632 5125 135:.
741 5119 755 5125 -
847 5120 913 5125 __-
1113 5119 1123 5125 .
1366 5037 1382 5042 -
1662 5037 1718 5125 ..η

1810 5121 1820 5125 _
2147 5041 2353 5125 Euseb.
2387 5038 2743 5125 Hist;_§rcles.
2781 5037 3267 5125 lib.‘(v,'cap.

251 5107 364 5194 (4'0)
395 5107 558 5193 Apud
594 5119 800 5175 Euseb.
821 5120 981 5194 Hist.
1013 5119 1202 5194 coclea.
1249 5115 1348 5184 lib,
1383 5133 1460 5182 ιν,
1491 5131 1614 5187 cap.
1654 5115 1740 5182 13,
1773 5129 1800 5169 e

2025 5107 2114 5194 46)
2147 5113 2454 5169 Tillemont
2504 5109 3029 5194 (Mémoireshetc‘qu
3061 5107 3111 5166 οἱ
3167 5111 3271 5183 l.):
3336 5135 3365 5194 ε‹
3423 5113 3574 5194 C’cs-

176 5179 550 5254 in‘Ch'ron'ico
579 5194 736 5248 Alex.
767 5192 833 5246 ad
866 5190 1223 5246 annuml69.
1333 5179 1343 5184 ⁷
1447 5179 1454 5182 ”
1561 5179 1577 5187 ’
1728 5179 1733 5182 ’
1935 5179 2035 5239 toit
2091 5179 2525 5254 apparemment
2571 5197 2647 5236 un
2704 5179 2906 5251 simple
2952 5180 3158 5254 la'ique,
3213 5179 3465 5254 quoique
3520 5186 3574 5241 le

249 5267 368 5341 (lit)
399 5265 661 5341 Valesius
692 5264 750 5318 in
782 5262 1001 5341 {Venari
1031 5261 1220 5341 Euseb.
1255 5259 1376 5341 lib.
1409 5273 1668 5341 1v,”cap.
1729 5255 1820 5338 2t).
1932 5255 2088 5341 Seint
2116 5253 2310 5310 vnult‘tt
2341 5255 2472 5341 bien
2503 5255 2904 5341 entreprepdre
2926 5253 3278 5341 aegram-is
3333 5253 3575 5325 voyages

249 5324 364 5408 (42$
404 5335 846 5408 Kortholtus__in
906 5332 1366 5408 Adnotationjous
1417 5324 1628 5402 quibus
1666 5329 1824 5383 varia
1933 5336 1986 5381 et
2017 5326 2116 5408 des
2136 5343 2407 5408 ouvrages
2437 5327 2541 5408 fort
2575 5326 2734 5408 longs
2765 5327 2880 5406 asa
2919 5324 3338 5408 consideration
3361 5343 3386 5408 Δ;
3408 5324 3573 5408 parca

177 5394 382 5468 Justini
405 5415 477 5466 Μ.
510 5409 662 5463 dictu
703 5404 1036 5461 illustravit.
1064 5420 1189 5474 pag.
1221 5403 1342 5474 51η
1425 5394 1442 5402 ’
1931 5413 2044 5474 que
2072 5397 2124 5474 la
2153 5394 2388 5464 eharité,
2421 5397 2513 5468 qui
2537 5405 2619 5453 est
2666 5397 2918 5474 toujours
2973 5394 3227 5464 humble,
3295 5405 3376 5453 est
3408 5394 3574 5468 'préte

247 5483 367 5554 (43)
399 5481 649 5536 Clericus
679 5479 740 5532 in
781 5475 1023 5554 Historia
1064 5468 1251 5554 scalas.
1295 5473 1556 5554 auorum
1606 5487 1823 5554 Δηνιντιο-
1931 5471 1963 5523 a
1994 5468 2250 5554 obfir'en
2282 5477 2398 5524 tout
2427 5485 2533 5524 aux
2560 5469 2853 5554 'r‘noindrets
2877 5482 3244 5554 personnes.»»

177 5537 308 5609 ru‘m
335 5537 683 5615 saeculorum,
725 5564 851 5617 pag.
879 5549 1008 5609 731,
1035 5555 1088 5601 et
1119 5547 1264 5600 dans
1295 5544 1372 5617 la_
1405 5537 1680 5617 Biglioth.
1719 5559 1823 5617 gn-
2003 5539 2116 5617 (47)
2147 5539 2492 5617 _Hieronym.
2553 5540 2720 5610 Epist.
2775 5537 2863 5592 80.
2937 5553 3104 5608 quem
3161 5539 3349 5597 locum
3404 5556 3574 5612 supra

177 5627 370 5682 cienne
391 5611 747 5689 “moderns,
779 5611 918 5678 tom.
966 5617 1064 5686 VI,
1095 5633 1221 5688 pag.
1279 5615 1404 5673 412.
1459 5613 1663 5672 Confer
1718 5614 1822 5670 Ba-
1899 5611 2312 5689 exhibuimus.

178 5680 359 5754 frater.—
388 5696 428 5751 l.
461 5709 512 5753 c.
546 5709 671 5766 pag.
703 5680 828 5748 199.
1050 5680 1060 5686 ⁷
1095 5680 1116 5688 ’
1169 5680 1198 5688 ⁷

1898 5687 1905 5693 ”
2005 5681 2373 5754 (1:8)Caveus,
2405 5683 2603 5740 Hister.
2637 5681 2834 5751 litum,
2867 5695 2997 5753 pag.
3029 5680 3117 5740 43.
