3922 6304
313 348 468 412 120¹1
1357 343 1422 403 S.
1468 342 1774 416 MELITO
1821 341 2184 404 SARDIUM
2228 341 2687 404 EPISCOPUS.
3581 345 3733 404 1208

304 483 366 539 in
393 480 734 552 quibusdam
764 480 928 537 codd.
965 495 1102 535 mss.
1136 477 1307 534 etiam
1337 477 1442 534 sub
1476 478 1639 534 titulo
1670 479 1745 533 De
1763 477 2148 548 assumptione
2179 475 2389 543 Maria,
2425 476 2540 532 sive
2595 475 2672 530 De
2728 473 2884 530 obitu
2940 473 3144 541 Mariae,
3209 474 3324 531 sive
3361 475 3495 530 aliis
3545 475 3740 530 adhuc

311 571 494 628 titulis
525 572 717 627 venire
749 570 906 626 solet.
940 569 1222 639 Antiquus
1252 568 1480 640 quidem
1511 576 1593 624 est
1624 567 1786 634 liber,
1822 573 1907 622 ast
1938 574 2090 622 certe
2133 567 2508 634 adulterinus,
2570 572 2624 621 et
2683 564 2888 621 Gelasii
2937 567 3053 635 jam
3111 581 3349 622 censura
3407 565 3465 622 in
3525 567 3743 635 synodo

312 666 572 718 Romana
601 663 682 718 sic
714 660 1062 731 proscriptus
1095 659 1204 729 (-19)
1239 673 1252 713 :
1288 680 1316 709 ‹‹
1349 657 1536 727 Liber,
1569 658 1663 728 qui
1699 656 2012 730 appellatur
2038 658 2337 724 Transitus,
2364 657 2417 711 id
2473 662 2556 710 est
2611 654 2934 726 Assumptio
2989 655 3167 712 beata:
3226 653 3442 723 Mariae,
3503 671 3741 726 apocry-

309 752 476 822 phus.
512 774 539 799 »
572 749 924 806 Venerabilis
953 749 1104 804 Beda
1134 748 1252 819 (50)
1284 747 1440 803 illius
1473 756 1739 817 tanquam
1767 747 1946 817 spurii
2002 753 2168 815 atque
2224 744 2572 814 supposititii
2629 745 2820 815 scripti
2881 745 3140 802 meminit
3196 746 3410 813 multis,
3472 747 3742 816 variaque

309 848 507 897 contra
538 840 795 896 veritatis
824 840 1073 910 Speciem
1115 837 1356 892 conﬁcta
1392 836 1596 892 exinde
1628 838 1861 907 profert,
1896 836 1988 890 hic
2021 833 2258 890 omnino
2283 833 2578 890 videndus.
2612 839 2659 888 A
2691 851 2803 904 quo
2833 835 3002 891 fuerit
3031 836 3272 905 scriptus
3332 835 3566 890 libellus
3611 851 3740 890 cum

307 944 425 985 non
455 930 696 993 dicatur,
733 929 855 984 sine
885 925 1134 984 auctoris
1161 925 1322 980 titulo
1355 925 1541 996 ipsum
1575 926 1786 980 editum
1820 924 1996 980 fuisse
2045 924 2420 980 existimauus
2451 941 2582 980 cum
2643 925 2887 982 Baronio
2944 925 3076 998 (51),
3131 927 3222 982 cui
3277 935 3468 996 postea
3529 927 3745 981 otiosus

307 1019 592 1090 quispiam
624 1019 927 1089 prteﬁxerit
959 1018 1277 1088 speciosum
1311 1016 1537 1072 titulum
1569 1016 1858 1072 Melitonis
1886 1014 2180 1070 Sardensis
2210 1013 2480 1084 episcopi.
2517 1015 2712 1070 Editus
2760 1021 2843 1071 est
2890 1031 3096 1086 sazpius
3158 1016 3346 1072 Latine
3407 1015 3467 1072 in
3529 1015 3747 1071 Biblio-

307 1109 489 1165 thecis
521 1108 768 1178 Patrum,
802 1125 853 1163 v.
889 1123 938 1164 ο.
979 1123 992 1162 :
1027 1108 1084 1162 in
1114 1107 1457 1162 Bibliotheca
1486 1112 1719 1162 Patrum
1749 1115 1801 1162 et
1823 1115 2067 1162 veterum
2093 1110 2384 1158 auctorum
2423 1105 2937 1173 ecclesiasticorum,
2969 1121 3093 1177 quas
3145 1105 3373 1161 Parisiis
3431 1121 3534 1176 per
3589 1105 3749 1160 Mar-

305 1197 569 1269 garinum
601 1196 670 1252 de
696 1196 749 1251 la
781 1196 972 1266 Bigne,
1005 1201 1070 1251 D.
1105 1194 1292 1261 Sorb.,
1329 1194 1486 1259 1624,
1525 1202 1690 1250 tomis
1720 1195 1774 1248 Χ
1805 1194 2036 1264 prodiit,
2070 1201 2123 1248 et
2155 1193 2326 1248 editio
2354 1197 2551 1264 quarta
2583 1194 2812 1266 dicitur,
2847 1203 2996 1250 tomo
3052 1193 3174 1262 VII,
3225 1194 3325 1250 fol.
3390 1195 3501 1249 580
3529 1213 3546 1265 ;
3605 1195 3742 1250 item

308 1296 370 1352 in
412 1296 664 1351 maxima
695 1295 796 1350 illa
820 1294 1178 1359 collectione,
1205 1310 1325 1364 qua:
1383 1295 1451 1347 27
1510 1291 1899 1348 voluminibus
1949 1291 2210 1363 Lugduni
2277 1293 2435 1361 1677,
2497 1297 2621 1363 post
2677 1294 2940 1364 Bigneam
2999 1297 3054 1349 et
3109 1294 3508 1350 Coloniensem
3570 1309 3747 1364 supra

305 1389 540 1441 centum
580 1384 906 1440 auctoribus
937 1388 990 1439 et
1022 1382 1314 1453 cpusculis
1344 1381 1621 1438 hactenus
1652 1382 1980 1437 desideratis
2012 1381 2358 1452 locupletala
2389 1382 2536 1436 edita
2569 1383 2692 1448 fuit,
2747 1391 2881 1438 tom.
2946 1383 3020 1449 ΙΙ,
3081 1390 3236 1454 parte
3295 1400 3356 1449 ιι,
3426 1400 3555 1454 pag.
3616 1383 3743 1463 212¹

305 1483 357 1531 et
387 1475 445 1530 in
476 1474 810 1529 Bibliotheca
841 1473 1249 1530 concionaloria
1277 1474 1627 1538 Combeﬁsii,
1664 1482 1816 1528 tomo
1850 1473 1965 1538 Vll,
1996 1488 2124 1543 pag.
2161 1472 2285 1526 646.
2336 1471 2572 1527 Additur
2635 1480 2822 1527 tamen
2871 1489 3115 1543 semper,
3177 1473 3332 1528 hunc
3379 1471 3653 1527 libellum
3687 1471 3744 1527 in

303 1564 614 1634 Hispanico
657 1563 845 1620 indice
881 1564 1153 1619 librorum
1185 1565 1683 1635 espurgandorum
1719 1563 2041 1635 (52)juberi
2093 1561 2346 1633 expungi
2377 1579 2409 1616 a
2466 1578 2593 1632 cap.
2626 1561 2660 1615 8
2717 1562 2788 1618 ad
2847 1563 3046 1634 tinem,
3105 1563 3237 1635 quia
3294 1563 3355 1618 in
3405 1579 3470 1619 eo
3530 1564 3749 1633 scripta

308 1653 631 1710 habeantur
663 1662 818 1710 tanto
852 1655 969 1710 viro
995 1655 1414 1725 indignissima,
1451 1661 1502 1710 et
1525 1653 1825 1724 ejusmodi,
1885 1670 2008 1724 quae
2038 1651 2429 1722 apostolorum
2482 1651 2638 1707 Actis
2699 1660 3037 1722 repugnent,
3094 1653 3243 1724 quod
3271 1652 3535 1724 pluribus
3581 1668 3748 1722 argu-

308 1743 518 1800 mentis
549 1744 1010 1800 demonstrarunt
1045 1745 1284 1799 ulterins
1316 1745 1709 1813 Rivetusi53),
1743 1742 2170 1812 Nourrius(54),
2233 1740 2415 1796 Natal.
2474 1742 2796 1798 Alexander
2845 1743 2976 1813 (55),
3040 1741 3370 1799 Lambecius
3427 1743 3565 1814 (56),
3625 1742 3750 1797 alii-

309 1849 420 1904 que
455 1854 470 1900 ;
505 1833 580 1889 ita
610 1837 672 1888 ut
704 1834 909 1890 mirum
943 1832 1488 1890 errorem'erraverit
1517 1833 1754 1889 omnino
1787 1831 2154 1902 Trithcmius,
2214 1831 2332 1902 qui,
2366 1837 2427 1886 ut
2483 1831 2735 1888 vidimus
2788 1848 2977 1903 supra,
3036 1831 3197 1888 illum
3255 1832 3406 1890 inter
3462 1831 3749 1904 genuinas

313 1921 612 1980 Melitonis
641 1921 1064 1980 lucubrationes
1092 1922 1508 1979 adnumeravit.

945 2124 1278 2188 OPERUM
1324 2122 1952 2185 DEPERDITORUM
1998 2124 2062 2182 S.
2111 2119 2553 2184 MELITONIS
2597 2121 3103 2184 FRAGMENTA.

387 2258 491 2314 Sed
518 2258 635 2328 jam
665 2257 734 2313 ad
768 2258 1101 2328 fragmenta,
1134 2273 1372 2328 quorum
1428 2257 1700 2314 hactenus
1752 2255 1990 2312 memini
2045 2256 2250 2327 obiter,
2309 2255 2600 2312 recitanda
2662 2255 3008 2327 progredior.
3067 2254 3579 2312 Consentientibus
3631 2270 3758 2312 om-

315 2345 678 2415 nibusmquis
729 2345 1064 2402 Christianae
1122 2345 1482 2416 antiquitatis
1543 2345 1896 2414 censoribus,
1931 2345 2068 2401 utile
2123 2363 2344 2417 semper
2405 2347 2509 2402 fuit
2569 2355 2887 2418 reputatum
2944 2363 3142 2404 eorum
3175 2347 3524 2412 institutum,
3561 2346 3661 2416 qui
3696 2347 3755 2402 in

317 2433 650 2503 colligendis
681 2434 1101 2503 deperditorum
1138 2434 1414 2489 librorum
1450 2435 1804 2504 fragmentis,
1837 2435 1970 2492 hinc
1996 2435 2128 2492 inde
2159 2437 2305 2506 apud
2338 2443 2597 2493 auctores
2643 2436 2845 2507 obviis,
2900 2437 3126 2494 fuerunt
3191 2435 3448 2492 studiosi.
3507 2435 3753 2490 Grabius

319 2520 427 2577 hoc
468 2522 700 2577 nomine
728 2521 1025 2593 Spicilegz’o
1056 2539 1156 2578 suo
1184 2531 1426 2593 patrum,
1478 2531 1538 2577 ut
1576 2527 1626 2578 et
1675 2525 2082 2581 llwrcticorum
2128 2543 2254 2583 saec.
2299 2545 2336 2594 ι,
2395 2545 2455 2595 ιι,
2504 2545 2584 2596 ιιι,
2637 2529 2705 2582 de
2746 2528 2881 2585 orbe
2919 2529 3162 2584 litterato
3217 2526 3424 2583 meruit
3478 2528 3753 2597 egregie;

319 2611 416 2666 sed
447 2610 590 2666 nihil
621 2611 766 2682 apud
800 2612 1060 2668 eumdem
1094 2613 1162 2667 de
1193 2612 1458 2668 Melitone
1491 2622 1679 2668 nostro
1733 2615 1998 2670 occurrit.
2047 2615 2347 2672 Laudande
2407 2617 2510 2672 hac
2567 2633 2632 2671 ex
2686 2625 2839 2687 parte
2897 2618 3278 2687 maximOpere
3333 2623 3419 2672 est
3477 2615 3754 2670 Halloixii

321 2715 510 2770 opera,
555 2699 651 2770 qui
676 2700 1172 2756 Melitouianorum
1202 2701 1646 2770 fragmentormn
1670 2702 2144 2774 diligentissimus
2175 2707 2433 2763 omnium
2467 2707 2679 2762 exstitit
2737 2707 3025 2776 collector,
3083 2709 3450 2778 eruditosque
3512 2707 3755 2778 insuper

323 2804 522 2845 omnes
562 2790 636 2844 ita
667 2797 748 2845 est
774 2789 1085 2846 obtestatus
1118 2807 1130 2846 :
1164 2790 1218 2845 Si
1255 2791 1380 2862 quis
1403 2798 1602 2860 praeter
1630 2790 1746 2846 haec
1776 2795 2035 2850 nancisci
2093 2795 2306 2866 aliquid
2363 2811 2571 2852 novum
2619 2796 2814 2866 possit,
2847 2797 2960 2864 det,
3028 2796 3254 2864 amabo,
3310 2795 3368 2851 in
3428 2795 3753 2865 publicum,

324 2884 378 2933 et
409 2877 551 2933 bene
581 2878 648 2933 de
678 2878 928 2934 Ecclesia
959 2879 1310 2946 merebitur;
1345 2880 1540 2934 talium
1565 2881 1718 2935 enim
1749 2879 1998 2938 virorum
2051 2884 2278 2954 scripta,
2341 2893 2668 2940 sanctarum
2728 2885 2902 2940 instar
2962 2885 3330 2956 reliquiarum
3390 2891 3545 2940 sunt.
3609 2887 3754 2940 Cum

324 2965 499 3037 igitur
523 2966 662 3022 mihi
695 2966 861 3024 liceat
888 2984 1008 3025 esse
1044 2977 1155 3024 tam
1189 2968 1362 3035 felici,
1397 2973 1458 3023 ut
1487 2969 1655 3040 longe
1683 2969 1868 3042 plura,
1900 2987 2068 3042 quam
2101 2973 2198 3028 ille
2231 2971 2415 3038 habet,
2444 2973 2535 3029 hic
2562 2989 2848 3043 apponere
2878 2973 3094 3045 possim
3139 2973 3475 3044 fragmenta,
3535 2974 3746 3028 iisdem

328 3055 420 3110 hic
451 3057 621 3112 simul
653 3058 919 3114 exhibitis
951 3058 1211 3114 claudam
1245 3065 1586 3130 praesentem
1619 3058 2121 3130 scriptiunculam,
2153 3062 2209 3116 id
2233 3061 2536 3131 diligenter
2568 3062 2965 3133 aduolaturas,
2991 3079 3024 3118 a
3055 3061 3261 3133 quibus
3288 3060 3395 3117 ista
3441 3060 3657 3116 iuerint
3691 3057 3762 3114 ab

325 3145 557 3202 interitu
589 3155 827 3218 servata,
859 3155 912 3204 et
936 3164 1061 3220 quae
1095 3164 1237 3204 nova
1267 3149 1401 3216 sint,
1436 3163 1558 3218 quae
1590 3163 1720 3205 vero
1749 3149 1987 3222 jamjam
2019 3149 2219 3206 habeat
2252 3149 2582 3205 Balloixius.

1482 3274 1510 3342 §
1538 3273 1580 3330 I.
1613 3275 1932 3345 Fragment.
1957 3290 2028 3330 ea:
2056 3274 2155 3331 lib.
2189 3275 2264 3330 De
2292 3273 2584 3331 Paschatc.

398 3396 798 3469 Fragmentum
830 3398 1076 3469 primum
1109 3413 1176 3454 ex
1204 3397 1326 3468 ejus
1355 3397 1533 3466 libris,
1569 3414 1714 3471 quos
1741 3399 1816 3455 De
1847 3400 2130 3456 Paschatc.
2153 3399 2422 3466 confecit,
2455 3401 2824 3470 desumptum
2855 3406 2963 3466 est,
2995 3405 3164 3472 atque
3201 3397 3353 3471 apud
3409 3400 3752 3470 Eusebium,

326 3489 466 3543 Hist.
499 3488 688 3542 eccles.
722 3487 821 3543 lib.
848 3504 924 3557 ιν,
955 3503 1078 3557 cap.
1112 3488 1202 3556 26,
1228 3503 1356 3558 pag.
1391 3488 1516 3559 189,
1547 3489 1813 3547 editionis
1860 3489 2175 3560 Readingii,
2226 3493 2426 3546 exstat.
2482 3493 2563 3545 De
2621 3503 2688 3544 eo
2757 3489 2834 3544 ita
2889 3489 3156 3560 praefatur
3213 3489 3577 3545 Caesariensis
3609 3505 3623 3544 :
3663 3488 3754 3544 ’Ev

335 3576 431 3648 μὶν
464 3572 554 3629 οὖν
584 3580 700 3638 τοῖς
728 3576 850 3650 περί
876 3576 958 3630 ιοῦ
991 3576 1202 3650 Πάσχα,
1234 3577 1323 3630 τὸν
1352 3576 1572 3651 χρόνον,
1605 3579 1722 3642 καθ’
1749 3578 1807 3633 ὃν
1842 3575 2170 3646 συνέταττεν,
2205 3577 2515 3652 ἀρχόμενος
2569 3574 2824 3649 σημαίνει
2871 3573 2924 3630 ἐν
2969 3576 3206 3639 τούτοις·
3253 3600 3280 3628 ((
3342 3579 3404 3633 In
3463 3577 3610 3633 libro
3673 3578 3755 3633 De

330 3668 562 3736 Pascha,
599 3675 817 3738 tempus
844 3667 1050 3738 ipsum,
1076 3684 1184 3740 quo
1217 3669 1513 3739 scribebat,
1538 3670 1596 3725 in
1631 3670 1910 3742 principio
1940 3669 2126 3741 operis
2147 3668 2231 3724 sui
2263 3667 2522 3738 designat
2556 3667 2644 3722 his
2676 3665 2894 3723 verbis:
2932 3688 2961 3716 ››

404 3837 642 3895 Servilio
697 3838 876 3894 Paulo
933 3839 1081 3894 Asia
1131 3839 1488 3909 proconsule,
1547 3855 1656 3910 quo
1737 3847 1988 3910 tempore

335 3929 564 4000 Sugaris
607 3928 934 3998 martyrium
985 3943 1290 3998 perpessus
1339 3932 1448 3994 est,
1498 3945 1702 4000 magna
1759 3936 1987 3985 contro-

336 4019 517 4076 versia
538 4018 824 4075 Laodiceae
852 4017 1091 4074 excitata
1121 4025 1204 4072 est
1237 4018 1306 4073 de
1335 4019 1691 4075 solemnitate
1743 4018 1990 4075 Pascha—

439 4150 528 4215 49)
587 4147 723 4201 Vide
784 4147 1124 4203 Fontanium
1180 4146 1238 4201 in
1291 4147 1728 4219 Antiquitatibus
1801 4149 1994 4204 Horlae

340 4219 588 4276 Colonia:
615 4219 987 4284 Etruscorum,
1040 4235 1092 4288 p.
1154 4219 1278 4287 328,
1335 4219 1430 4273 ubi
1489 4220 1781 4275 decretum
1839 4221 1990 4275 istud

341 4291 553 4347 Gelasii
573 4296 834 4345 accurate
851 4290 1172 4345 exhibetur.

416 4364 526 4431 (50)
549 4361 720 4433 Beda,
753 4361 812 4416 in
846 4362 1190 4416 Rctractione
1221 4363 1280 4414 in
1320 4362 1451 4416 Acta
1481 4362 1706 4433 apostol.
1760 4379 1886 4433 cap.
1937 4363 1990 4416 8.

346 4447 515 4504 quem
547 4431 736 4504 locum
764 4433 934 4488 etiam
968 4433 1196 4504 exhibet
1216 4433 1348 4504 Nat.
1378 4431 1527 4488 Alex;
1558 4450 1608 4489 ο.
1652 4435 1715 4503 1.,
1748 4450 1805 4504 p.
1834 4431 1990 4488 '298.

419 4503 531 4574 (51)
563 4502 766 4558 Baron.
799 4504 1002 4558 Annal.
1035 4503 1102 4558 all
1133 4521 1266 4558 ann.
1294 4503 1382 4570 48,
1418 4512 1557 4559 sect.
1583 4505 1670 4561 12.

419 4575 533 4646 (62)
569 4574 646 4629 Ad
680 4590 880 4629 manus
913 4576 1015 4629 fuit
1071 4574 1304 4630 Antonii
1363 4594 1392 4629 a
1451 4577 1766 4632 Sotomaior
1823 4575 1996 4631 Index

352 4646 627 4702 librorum
657 4646 1053 4713 prohibitorum
1087 4651 1137 4701 et
1166 4648 1996 4716 expurgandorumnovissimus

352 4733 450 4786 pro
479 4717 764 4772 catholicis
789 4717 1212 4789 Hispaniarum,
1242 4721 1387 4784 regis
1445 4718 1700 4789 Philippi
1755 4720 1843 4782 IV,
1869 4788 1872 4789 ν
1901 4720 1996 4789 qui

351 4789 576 4845 Madriti
610 4789 769 4852 1667,
803 4788 1001 4844 in-t‘ol.
1039 4788 1267 4858 prodiit,
1301 4791 1511 4857 ibique,
1565 4788 1646 4842 Β.
1684 4792 1759 4845 111
1819 4788 1996 4845 Class.

351 4877 408 4930 p.
446 4861 568 4927 151,
604 4860 895 4931 sequentia
927 4860 1158 4915 inveni:
1211 4861 1327 4915 Col.
1393 4860 1548 4928 1511,
1598 4869 1722 4931 post
1781 4862 1994 4930 praefat.

350 4929 494 4986 adde
527 4949 546 4984 :
583 4950 610 4982 ι
670 4929 822 5000 Opus
880 4931 1294 5001 apocryphum,
1350 4940 1405 4987 et
1459 4929 1615 4986 falso'
1657 4929 1997 5002 inscriptum

350 5002 628 5056 Melitoni.
676 5023 704 5049 »
737 5003 852 5057 Col.
890 5004 1049 5067 1514,
1085 5004 1266 5057 littera
1313 5003 1370 5056 Β.
1433 5008 1558 5073 post
1615 5002 1713 5058 illa
1779 5005 1996 5058 verba:

351 5074 542 5129 «Cum
577 5073 657 5127 eis
687 5073 918 5139 Paulus,
953 5096 979 5122 »
1023 5073 1147 5129 dele
1180 5077 1438 5143 usquead
1475 5096 1502 5124 «
1561 5075 1639 5128 Ex
1694 5075 1996 5130 circumci-

350 5146 510 5200 sione
540 5159 872 5212 conversus,
907 5167 935 5194 »
978 5146 1404 5201 exclusive.Col.
1442 5147 1602 5210 1515,
1642 5146 1744 5200 litt.
1778 5148 1842 5212 A,
1880 5154 2000 5213 post

348 5217 487 5272 illud
525 5234 538 5271 :
573 5238 600 5265 ‹‹
627 5214 738 5270 Vos
772 5216 881 5272 huc
913 5219 1170 5283 adduxit,
1201 5239 1228 5266 ››
1260 5217 1384 5271 dele
1419 5233 1592 5286 usque
1626 5217 1737 5271 ad:
1775 5241 1799 5266 ‹‹
1839 5218 2000 5274 Nunc

348 5305 478 5354 ergo
535 5289 829 5358 deprecor,
908 5309 932 5338 ιι
995 5289 1298 5345 exclusive.
1363 5289 1565 5344 Eadem
1621 5289 1728 5343 col.
1789 5289 1871 5343 lit.
1935 5293 1998 5345 D.

347 5361 473 5416 dele
503 5375 625 5430 cap.
676 5360 730 5426 8,
785 5367 837 5413 et
887 5362 1178 5430 sequentia
1228 5360 1414 5430 capita
1475 5375 1649 5429 usque
1707 5362 1776 5414 ad
1829 5361 1998 5415 tinem

353 5431 559 5500 cperis,
593 5431 842 5499 exceptis
873 5432 1355 5487 adnotationibus.
1402 5432 1619 5487 Citatur
1677 5430 1850 5487 editio
1897 5436 2001 5486 Pa-

353 5502 564 5555 risiana
597 5502 758 5555 1589.

352 5518 564 5556 rismna
597 5518 758 5556 1069.

427 5574 797 5646 (53))Rivetus
827 5573 888 5628 in
921 5573 1120 5630 Critico
1142 5590 1317 5643 sacro,
1341 5573 1442 5629 lib.
1474 5591 1535 5642 ιι,
1567 5590 1691 5646 cap.
1724 5576 1780 5644 7,
1811 5574 2000 5645 ρ.201,

354 5648 406 5698 et
436 5648 492 5699 tu
527 5643 788 5713 Apologia
814 5659 914 5713 pro
964 5647 1174 5717 virgine
1211 5647 1415 5714 Maria,
1471 5646 1568 5701 lib.
1622 5643 1661 5711 ιζ
1726 5643 1852 5718 cap.
1908 5647 2001 5700 21.

2169 3835 2291 3893 Ἐπὶ
2335 3833 2659 3911 Σερουϊλίου
2685 3830 2912 3890 ’Παύλου
2940 3834 3246 3898 ἀνθυπάτου
3289 3840 3388 3904 τῆς
3450 3832 3662 3905 Ἀσίας,
3716 3837 3762 3908 ᾧ

2097 3926 2326 4002 Σέγαρις
2383 3927 2499 3996 (57)
2554 3930 2731 4000 καιρῷ
2790 3924 3178 4000 ἐμαρτύρησεν,
3233 3922 3442 3999 ἐγένὶτο
3526 3926 3766 3994 ζήτησις

2096 4013 2286 4083 πολλή
2340 4010 2635 4085 Λαοδικείᾳ
2685 4014 2808 4088 περὶ
2858 4016 2956 4068 τοῦ
3013 4013 3209 4087 Πάσχα
3262 4015 3393 4084 (58),
3420 4013 3764 4086 ἐμπεσόντος

2171 4146 2435 4219 (54)Νἱο.
2462 4146 2537 4202 Le
2564 4146 2784 4218 Nourry
2841 4145 2903 4219 in
2953 4146 3252 4219 AApparatu
3306 4144 3376 4200 ad
3429 4144 3762 4203 Bibliothcc.

2099 4217 2214 4276 PP.
2247 4217 2431 4286 mam,
2456 4219 2554 4273 lib.
2593 4235 2653 4284 ιι,
2686 4217 2820 4272 diss.
2855 4217 2910 4283 5,
2944 4217 3040 4272 fol.
3067 4217 3195 4274 558.

2173 4291 2295 4358 (55)
2324 4290 2453 4346 Nat.
2514 4288 2693 4358 Alex.,
2754 4290 2901 4344 Hist.
2961 4292 3145 4344 eccles.
3203 4296 3338 4344 tom.
3382 4287 3571 4358 lll,p.
3620 4289 3759 4355 298,

2108 4361 2203 4417 ubi
2237 4362 2456 4416 erudita
2484 4361 2746 4432 lectaque
2773 4360 3120 4432 dignissima
3141 4359 3456 4432 dissertatio
3487 4360 3562 4414 De
3607 4360 3763 4432 libro

2103 4433 2348 4490 Melitoni
2375 4433 2580 4504 afﬁcto,
2623 4429 2720 4503 qui
2777 4429 3120 4498 inici-ibitur,
3161 4432 3237 4504 de
3267 4429 3509 4485 transitu
3569 4430 3763 4504 Virgi-

2106 4507 2211 4575 nis,
2255 4502 2456 4571 exstat,
2513 4503 2585 4559 ob
2631 4502 2806 4574 quam
2858 4521 2890 4558 a
2948 4503 3283 4560 censoribus
3339 4505 3459 4558 suis
3505 4502 3760 4558 multum

2106 4578 2208 4633 fuit
2239 4576 2561 4642 castigatus.

2168 4646 2673 4774 l(5ii()ﬂLa:n{i§gius,
2708 4645 3066 4703 Bibliotheca:
3099 4645 3391 4702 l’indobon.
3429 4651 3566 4701 tom.
3595 4643 3762 4717 νιιι,

2193 4760 2204 4772 .
2365 4734 2395 4773 e
2563 4759 2576 4772 .

2107 4720 2204 4776 fol.
2233 4721 2331 4772 161
2365 4723 2423 4774 et
2455 4720 2576 4773 189.

2179 4790 2292 4862 (57)
2344 4791 2589 4860 Sugaris,
2659 4789 2824 4860 cujus
2877 4789 2970 4846 hic
3027 4789 3240 4845 mentio
3313 4789 3396 4855 tit,
3457 4788 3768 4862 episcOpus

2109 4860 2457 4916 Laudicenus
2485 4862 2613 4925 fuit,
2646 4869 2700 4915 et
2731 4864 2791 4916 in
2831 4862 3223 4931 persecutione
3255 4863 3326 4914 Μ.
3362 4860 3572 4916 Aurelii
3634 4863 3765 4915 An-

2109 4934 2296 4987 tonini
2345 4940 2561 5001 martyr
2617 4931 2780 4999 obiit,
2836 4935 2905 4989 de
2965 4948 3074 4999 quo
3103 4933 3298 4990 confer
3326 4932 3664 4987 Ruinartum
3701 4932 3765 4988 in

2108 5005 2250 5058 Attis
2272 5013 2585 5075 martyrum
2607 5003 3163 5072 sinceris,p.29.edil.
3190 5002 3636 5075 Amstel.1713,_
3661 5002 3766 5075 tul.

2180 5077 2291 5144 (58)
2333 5073 2825 5131 De'controversia
2856 5077 2960 5130 ista
2990 5092 3183 5145 supra,
3213 5076 3283 5130 ad
3332 5074 3565 5129 titulum
3625 5073 3771 5129 libri

2109 5147 2184 5201 De
2214 5147 2499 5216 Paschate,
2535 5145 2814 5202 nonnulla
2871 5147 3100 5202 fuerunt
3147 5147 3316 5202 dicta.
3352 5146 3522 5200 Plura
3562 5145 3662 5216 qui
3695 5147 3768 5201 de

2111 5234 2174 5272 ea
2207 5218 2350 5274 scire
2375 5221 2812 5280 voluerit,adeat
2831 5217 3108 5274 Jacobum
3144 5219 3424 5275 Usserium
3484 5218 3545 5272 in
3615 5217 3769 5274 Diss.

2110 5289 2174 5343 de
2203 5289 2410 5358 [gnat-ii
2437 5290 2700 5360 epistolis,
2732 5305 2856 5359 cap,
2893 5291 2980 5353 14,
3034 5306 3088 5359 p.
3147 5290 3237 5354 95,
3293 5303 3460 5358 quam
3523 5288 3768 5344 editioni

2112 5377 2225 5414 sum
2246 5361 2411 5431 longe
2443 5362 2750 5416 rarissimae
2775 5361 3148 5430 Epistolarum
3179 5360 3475 5430 Polycarpi
3505 5368 3560 5414 et
3593 5360 3768 5429 lgna-

2114 5434 2199 5501 tii,
2239 5435 2422 5488 Oxon.
2468 5433 2625 5498 1644,
2658 5432 2804 5499 in-h,
2850 5433 3156 5500 praemisit;
3207 5432 3327 5486 Jos.
3380 5431 3770 5500 Binghamum

2111 5504 2184 5575 ἱῐι
2201 5503 2528 5574 Originibus
2561 5504 2676 5559 sive
2712 5503 3152 5575 Antiquitatibus
3181 5501 3589 5575 ecclesiasticis,
3651 5502 3768 5558 vol.

2115 5573 2208 5641 IX,
2259 5573 2318 5645 p.
2371 5577 2473 5642 89;
2522 5575 2652 5631 Joh.
2721 5573 2898 5632 Andr.
2971 5574 3352 5642 Schmidium,
3401 5574 3464 5630 in
3511 5575 3768 5630 Historia

2110 5647 2377 5716 festorum
2401 5654 2453 5703 et
2483 5645 2920 5716 Dominicarum,
2951 5663 3008 5718 p.
3045 5646 3185 5714 123;
3217 5646 3315 5704 Ge.
3379 5645 3556 5703 Henr.
3619 5648 3767 5706 Goe-
