3922 6304
110 333 269 395 nec

1564 333 2081 397 FRAGMENTA.

3367 344 3529 407 1210

106 463 245 521 κατὰ
285 463 473 540 καιρὸν
505 460 559 519 ἐν
592 459 824 526 ἐκείναις
855 464 976 528 ταῖς
1004 461 1240 539 ἡμέραις
1267 464 1381 538 (59)
1433 463 1524 520 καὶ
1552 461 1743 543 ἐγράφτ

1925 509 1939 535 ,
1969 483 2091 539 quae
2123 471 2455 540 tempestive
2511 472 2574 530 in
2628 474 2760 531 illos
2818 474 2939 531 dies
2979 475 3280 534 inciderat.
3313 477 3528 544 Quibus

104 559 300 613 ταῦτα.

1870 557 2037 613 etiam
2073 558 2273 615 diebus
2300 560 2417 618 haec
2448 580 2481 617 a
2510 563 2676 620 nobis
2706 564 3016 634 perscripta
3045 569 3198 620 sunt.

177 647 412 703 Videtur
437 646 544 704 hoc
574 646 975 718 fragmentum,
1006 646 1155 719 quod
1189 646 1338 718 apud
1369 645 1660 702 Bullinum
1685 646 1794 718 (60)
1819 652 1872 701 et
1904 646 2286 717 Nicephorum
2336 651 2450 723 (61)
2513 668 2734 724 quoque
2780 653 3061 720 invenies,
3111 654 3340 710 initium
3399 664 3523 711 esse

106 735 293 806 ipsius
322 737 512 807 operis
543 751 558 804 ;
588 752 696 808 quo
729 736 1016 793 scribendi
1047 736 1404 793 occasionem
1432 742 1693 793 accurate
1721 736 1971 806 exponit.
2001 737 2281 797 Exhibent
2336 741 2486 798 istud
2546 742 2880 812 llatloixius,
2924 743 3341 815 Tillemontius,
3378 747 3523 804 Ben-

105 825 376 880 themius.

1176 916 1206 986 ξξ
1237 915 1307 971 II.
1342 916 1673 984 Fragmenta
1710 931 1785 970 ea:
1841 914 2111 986 Apologia
2161 915 2449 974 lllelilom's.

166 1015 427 1073 Alterum
462 1015 841 1085 fragmentum
877 1014 1152 1071 Eusebius
1193 1015 1288 1071 cit.
1321 1014 1434 1070 loc.
1467 1015 1670 1070 iterum
1714 1013 1888 1079 dabit,
1921 1017 2072 1086 quod
2131 1032 2201 1074 ex
2261 1018 2532 1090 Apologia
2581 1020 2649 1074 ad
2702 1019 2872 1076 Marc.
2934 1020 3121 1076 Aurel.
3169 1021 3520 1078 Antoninum

93 1104 242 1175 imp.
277 1105 577 1172 nonnulla,
611 1113 694 1160 ast
729 1104 1014 1175 quantivis
1037 1103 1222 1175 pretii,
1256 1099 1546 1175 κλάσματα
1577 1103 1743 1169 sistit,

1929 1105 2120 1173 uibus,
2149 1106 2222 1161 ita
2255 1108 2532 1165 Eusebius
2565 1124 2579 1164 :
2615 1108 2699 1161 Ἐν
2727 1104 2784 1162 δὲ
2831 1111 2910 1180 τῷ
2961 1108 3097 1182 πρὸς
3122 1108 3213 1162 τὸν
3247 1107 3519 1182 αὐτοκρά-

92 1212 233 1267 τορα
268 1189 469 1268 βιϐλίῳ
501 1192 726 1249 τοιαῦτά
754 1214 876 1248 τινα
904 1194 1025 1257 καθ’
1056 1194 1219 1266 ἡμῶν
1251 1191 1334 1247 ἐπ’
1385 1192 1553 1246 αὐτοῦ
1610 1210 1742 1266 γεγο

1951 1193 2176 1270 ἱστορεῖ·
2205 1218 2232 1248 ‹‹
2265 1201 2392 1254 Jam
2420 1215 2552 1258 vero
2591 1200 2652 1256 in
2700 1215 2764 1257 eo
2797 1199 2939 1256 libro
2981 1215 3148 1271 quem
3187 1199 3514 1271 imperatori

93 1285 475 1356 nuncupavit,
511 1284 643 1340 talia
673 1286 934 1357 quaedam
965 1285 1232 1341 adversus
1265 1299 1372 1340 nos
1403 1282 1508 1338 sub
1540 1283 1639 1338 illo
1673 1283 1818 1338 facta
1847 1299 1968 1340 esse
2001 1294 2292 1345 memorat.
2327 1310 2354 1338 ››

173 1421 256 1476 Τὸ
284 1420 386 1496 γὰρ
428 1417 780 1476 οὐδεπώποτε
827 1423 940 1495 (62)
999 1420 1307 1497 γενόμενον,
1356 1422 1444 1472 νῦν
1503 1415 1758 1473 διώκεται

92 1509 156 1564 τὸ
189 1513 299 1564 τῶν
333 1505 598 1564 Οεοσεϐὦν
630 1510 804 1584 γένος,
861 1513 1071 1571 καινοῖς
1131 1506 1487 1580 ἐλαυνόμενον
1543 1504 1750 1582 δόγμα-

92 1618 143 1652 σι
178 1599 294 1672 (63)
326 1597 461 1653 κατὰ
483 1599 584 1667 τὴν
616 1597 800 1653 Ἀσίαν
821 1600 956 1671 (64).
989 1597 1054 1654 Οἱ
1084 1597 1185 1674 γὰρ
1221 1594 1456 1659 ἀναιδεῖς
1488 1596 1750 1673 συκοφάν-

86 1707 176 1742 ται
209 1685 300 1741 καί
328 1691 436 1742 τῶν
481 1684 796 1764 ἀλλοτρίων
855 1685 1072 1762 ἐρασταὶ
1128 1689 1228 1757 τὴν
1289 1685 1348 1742 ἐκ
1397 1690 1503 1741 τῶν
1563 1683 1750 1740 διατα-

89 1777 321 1851 γμάτων
403 1771 622 1852 ἔχοντες
717 1775 999 1856 ἀφορμὴν,
1077 1780 1314 1854 φανερῶς
1398 1773 1748 1850 λῃστεύουσι,

82 1866 300 1942 νύκτωρ
321 1866 409 1921 καὶ
450 1865 762 1941 μεθημὲραν
788 1863 1175 1941 διαρπάζοντες
1223 1869 1334 1939 (65)
1391 1866 1518 1927 τοὺς
1576 1860 1743 1939 μηδὲν

88 1953 152 2010 ἀδ
164 1959 439 2019 ικοῦντας.

1941 1405 2095 1468 Quod
2131 1407 2282 1463 enim
2307 1424 2600 1480 nunquam
2631 1413 2796 1466 antea
2825 1410 3035 1466 factum
3068 1409 3266 1475 fuerat,
3323 1425 3511 1480 persc-

1863 1495 2149 1552 cutionem
2182 1511 2340 1554 nunc
2372 1498 2582 1567 patitur
2613 1499 2834 1570 piorum
2869 1499 3167 1554 hominum
3191 1513 3511 1568 genus,no-

1863 1583 1942 1638 vis
1974 1602 2071 1656 per
2117 1587 2308 1643 Asiam
2339 1587 2578 1644 decretis
2609 1588 2971 1659 exagitatum.
3025 1588 3513 1658 Impudentissimi

1861 1691 2108 1748 namque
2139 1679 2413 1735 delatores
2479 1685 2533 1734 et
2581 1680 2894 1736 alienarum
2951 1695 3121 1749 opum
3170 1679 3381 1750 cupidi,
3443 1696 3511 1735 ex

1859 1765 2028 1822 editis
2061 1769 2417 1825 occasionem
2453 1770 2624 1838 nacti,
2660 1769 2842 1825 "alam
2876 1771 2972 1825 diu
3034 1779 3318 1840 noctuque
3347 1785 3502 1839 gras-

1857 1861 2054 1913 santur
2080 1857 2437 1930 Spoliantque
2468 1851 2725 1915 homines
2754 1859 3041 1918 innoxios.

1478 2055 1577 2110 Καὶ
1621 2055 1738 2130 μεθ’
1765 2051 1921 2130 ἴτερα
1949 2051 2104 2130 φησί⁹

159 2154 260 2212 Καὶ
293 2155 338 2211 εἰ
372 2154 466 2230 μὲν
519 2158 616 2209 σοῦ
662 2152 1020 2218 κελεύσαντος
1077 2156 1190 2230 (66)
1227 2159 1394 2210 ταῦτα
1424 2153 1735 2230 πράττεται,

79 2247 224 2301 ἓστω
255 2244 440 2309 καλῶς
467 2245 784 2322 γενόμενον.
818 2245 1034 2306 Δίκαιος
1065 2247 1169 2322 γὰρ
1215 2244 1470 2320 βασιλεὺς
1521 2245 1620 2302 ούκ
1675 2244 1734 2300 ἄν

84 2333 294 2398 ἀδίκως
326 2333 682 2411 βουλεύσαιτο
714 2335 958 2391 πώποτε·
993 2337 1084 2390 καὶ
1141 2336 1306 2408 ἡμεῖς
1363 2332 1541 2405 ἡδέως
1575 2333 1741 2414 φέρο-

91 2447 191 2499 μεν
248 2429 345 2480 τοῦ
403 2423 658 2480 τοιούτου
719 2423 948 2478 Θανάτου
988 2423 1050 2478 τὸ
1107 2424 1286 2500 γέρας.
1321 2425 1534 2494 Ταύτην
1569 2422 1625 2478 δὲ
1657 2444 1740 2478 σοι

90 2513 264 2586 μόνην
285 2514 665 2591 προσφέρομεν
723 2513 930 2583 δέησιν,
979 2511 1070 2568 ’ἱνα
1125 2512 1286 2576 αὐτὸς
1325 2513 1588 2589 πρότερον
1622 2512 1745 2569 ἐπι-

85 2603 251 2680 γνοὺς
309 2603 437 2666 τοὺς
496 2611 598 2674 τῆς
655 2603 917 2672 τοιαύτης
965 2603 1302 2680 φιλονεικίας
1362 2604 1590 2680 ἐργάτας
1619 2607 1740 2678 (67)

88 2690 316 2755 δικαίως
346 2692 578 2770 κρίνειας
632 2696 768 2766 (68),
836 2693 882 2748 εί
940 2693 1080 2766 ἃξιοι
1146 2695 1374 2748 θανάτου
1430 2693 1519 2748 καὶ
1572 2715 1745 2766 τιμω-

90 2781 231 2856 ρίας,
257 2780 294 2853 ἤ
329 2782 603 2858 σωτηρίας
634 2785 725 2838 καὶ
758 2783 996 2858 ἡσυχίας
1031 2782 1187 2840 εἰσίν.
1220 2781 1286 2838 Εἴ
1336 2779 1393 2837 δὲ
1457 2781 1546 2837 καί
1598 2784 1746 2857 παρὰ

89 2876 191 2927 σοῦ
227 2874 301 2946 μή
337 2873 422 2943 εἳη
455 2874 491 2940 ἡ
528 2869 704 2948 βουλή
741 2874 852 2946 (69)
884 2873 1020 2941 αὕτη
1083 2872 1171 2926 καὶ
1227 2872 1290 2927 τὸ
1351 2872 1534 2928 καινὸν
1583 2877 1745 2928 τοῦτο

93 2961 389 3039 διάταγμαο
427 2962 458 3016 ὅ
494 2960 636 3036 μηδὲ
664 2963 799 3016 κατὰ
843 2957 1132 3038 βαρϐάρων
1187 2961 1380 3036 πρέπει
1437 2961 1742 3034 πολεμίων·

90 3051 238 3106 πολὺ
299 3049 512 3124 μᾶλλον
575 3049 805 3124 δεόμεθά
845 3072 964 3126 σου,
1027 3053 1103 3126 μὴ
1163 3049 1424 3128 περιϊδεῖν
1488 3056 1634 3126 ἡμᾶς
1692 3052 1743 3108 ἐν

85 3140 318 3215 τοιαύτῃ
353 3137 418 3211 δη
430 3138 579 3214 μώδε
594 3163 608 3194 ι
636 3138 925 3214 λεηλασίᾳ.

1917 2153 2075 2216 Quod
2117 2152 2167 2208 si
2209 2151 2329 2209 haec
2363 2159 2456 2209 tuo
2479 2153 2644 2225 jussu
2675 2152 2833 2221 ﬁant,
2866 2158 3016 2210 recte
3073 2154 3241 2223 atque
3288 2151 3489 2208 ordine

1849 2244 1996 2300 facta
2052 2251 2245 2301 sunto.
2313 2243 2505 2314 Neque
2561 2259 2714 2300 enim
2779 2243 2898 2298 ﬁeri
2954 2249 3151 2313 potest,
3211 2248 3264 2297 et
3311 2241 3506 2312 justu!I

1850 2334 2120 2406 princeps
2149 2333 2365 2405 aliquid
2400 2349 2646 2405 unquam
2679 2335 2889 2402 injuste
2922 2332 3226 2389 constituat
3271 2348 3283 2386 :
3317 2337 3370 2388 et
3401 2347 3504 2387 nos

1854 2423 2060 2479 libenti
2090 2423 2281 2478 animo
2313 2423 2594 2493 ejusmodi
2629 2424 2827 2479 mortis
2885 2421 3180 2493 praemium
3244 2421 3502 2478 ferimus.

1853 2513 2039 2568 Unum
2075 2512 2217 2568 illud
2247 2531 2278 2567 a
2314 2519 2364 2568 te
2385 2513 2717 2582 petimus,ut
2739 2528 2869 2567 cum
2901 2511 3504 2582 ejusmodipertinacia

1853 2603 2102 2672 perditos
2137 2601 2395 2656 homines
2428 2618 2527 2671 per
2584 2609 2634 2657 te
2702 2602 2822 2671 ipse
2854 2601 3013 2672 prius
3061 2599 3496 2669 examinaveris,

1857 2699 1974 2746 tum
2008 2691 2215 2746 deinde
2246 2707 2344 2760 pro
2376 2699 2468 2746 tua
2491 2693 2750 2761 aequitate
2782 2697 3206 2759 statuas,utrum
3223 2695 3500 2765 supplicio

1854 2798 1919 2838 ac
1951 2791 2130 2837 morte
2162 2781 2336 2850 allici,
2367 2797 2439 2836 an
2462 2780 2604 2839 salvi
2627 2798 2694 2838 ac
2725 2783 2906 2838 securi
2938 2783 3136 2855 degere
3159 2792 3499 2841 mereantur.

1855 2871 1954 2925 Sin
1991 2886 2123 2926 vero
2157 2870 2296 2926 illud
2330 2871 2632 2927 consilium
2669 2881 2835 2942 atque
2864 2873 3108 2930 edictum
3143 2874 3310 2944 plane
3339 2874 3506 2929 inau-

1855 2962 2062 3026 ditum,
2097 2962 2244 3032 quod
2279 2976 2462 3032 neque
2489 2961 2761 3018 adversus
2787 2961 3057 3018 barbaros
3091 2963 3275 3018 hostes
3298 2962 3508 3019 sanciri

1857 3051 2148 3121 decuerat,
2179 3065 2475 3121 nunquam
2510 3067 2543 3106 a
2573 3057 2625 3106 te
2658 3051 2977 3122 protectum
3009 3059 3111 3122 est,
3143 3051 3506 3108 obsecramus

1858 3150 1912 3199 te
1943 3140 2124 3197 multo
2157 3141 2352 3210 magis,
2383 3157 2456 3197 ne
2485 3156 2589 3197 nos
2618 3141 2898 3211 ejusmodi
2948 3141 3174 3212 publico
3205 3141 3502 3198 latrocinio

1859 3231 2075 3287 diutius
2105 3231 2291 3289 vexari
2320 3231 2632 3301 permittas.

1343 3351 1574 3414 Τούτοις
1606 3353 1755 3418 αὗθις
1787 3353 2027 3436 ἐπιφέρει
2057 3353 2253 3432 λέγων·

163 3466 229 3522 Ἦ
260 3463 364 3542 γὰρ
395 3466 513 3529 καθ’
547 3465 695 3538 ἡμᾶς
750 3460 1045 3541 φιλοσοφία
1095 3467 1206 3540 (70)
1236 3463 1498 3544 πρότερον
1561 3470 1654 3543 μὲν
1697 3470 1748 3526 ἐν

87 3551 391 3634 βαρϐάροις
437 3556 552 3628 (71)
611 3551 880 3627 ἤκμασεν·
943 3551 1288 3627 ἐπανθήσασα
1338 3555 1395 3612 δὲ
1451 3563 1568 3621 τοῖς
1625 3565 1741 3623 σοῖς

93 3693 274 3759 ziucn,
325 3691 384 3747 in
445 3690 717 3746 dissertat.
772 3691 846 3746 De
904 3691 1472 3759 Quarladecimanis;
1530 3709 1751 3751 summe

95 3763 372 3820 venerab.
406 3761 764 3836 Devtingium
805 3763 866 3817 in
927 3763 1206 3819 Observat.
1265 3763 1512 3834 illisce”,
1568 3783 1622 3836 p.
1658 3767 1745 3821 41.

98 3837 185 3892 De
217 3842 466 3905 tempore
510 3832 949 3905 litiumiharum
1006 3836 1066 3890 in
1126 3835 1376 3891 Ecclesia
1431 3832 1748 3892 Laod—icena

95 3904 380 3963 molarum
412 3905 676 3972 disquirit
704 3904 1047 3973 Baraterius,
1082 3907 1139 3962 in
1161 3906 1559 3978 Disquisitione
1587 3909 1747 3965 chro-

87 3979 372 4049 nologica.
409 3994 464 4047 p.
497 3978 623 4032 220.

170 4047 283 4122 (59)
316 4047 781 4122 Itainterpunxit
837 4051 893 4102 et
951 4048 1116 4104 vertit
1171 4047 1482 4122 Vatesius._
1516 4051 1745 4122 Mallem

86 4120 196 4194 ego
226 4121 616 4197 distinctionis
639 4121 874 4197 signum
925 4135 1137 4197 ponere
1181 4131 1305 4191 post
1328 4120 1498 4197 ausa;
1535 4120 1744 4197 καιρόν,

81 4189 151 4250 οῖ
174 4191 366 4261 verba,
399 4190 451 4245 ἐν
507 4189 734 4251 ἐκείναις
784 4189 1208 4263 ταῖςίήμέραις]
1275 4193 1348 4248 ad
1395 4195 1593 4250 ultima
1633 4189 1746 4250 ira;

86 4267 250 4331 bere,
287 4265 395 4321 hoc
425 4280 617 4332 sensu,
650 4265 1094 4318 controversiam
1128 4264 1414 4321 Laodiceae
1446 4267 1746 4323 excitatam

87 4337 268 4393 fuisse
297 4337 367 4392 de
397 4337 756 4392 solemnitate
785 4334 1060 4405 paschali,
1121 4351 1242 4406 qum
1302 4343 1438 4394 tunc
1471 4339 1750 4394 inciderat

77 4410 250 4479 juxta
278 4407 574 4478 antiquam
607 4406 1079 4462 consuetudinem
1116 4430 1131 4474 ;
1165 4407 1366 4477 hisque
1396 4410 1564 4465 etiam
1623 4411 1744 4466 die-

84 4479 360 4548 busipsis
392 4479 512 4534 haec
543 4496 577 4534 a
615 4479 885 4533 Melitone
917 4481 1225 4548 perscripta
1255 4480 1447 4535 fuisse.

185 4551 274 4620 60)
306 4549 589 4615 Bullinus,
627 4550 760 4605 Hist.
791 4549 976 4604 eccles.
1010 4549 1110 4622 lib.
1135 4566 1211 4622 ιν,
1236 4565 1358 4622 cap.
1386 4553 1476 4606 24.

185 4623 278 4692 61)
307 4621 661 4695 Nicephorus
721 4623 854 4676 Hist.
925 4621 1112 4678 eccles.
1147 4621 1248 4678 lib.
1305 4621 1380 4689 iv,
1414 4639 1538 4694 cap.
1567 4625 1653 4692 10,
1686 4641 1744 4695 p.

86 4695 223 4760 294,
257 4701 392 4750 tom.
425 4696 446 4748 Ι
477 4693 623 4764 Opp.

175 4766 288 4837 (62)
322 4767 506 4837 Minus
528 4761 910 4837 accurategin
967 4764 1107 4819 duas
1174 4779 1336 4822 voces
1383 4766 1580 4822 dividit
1612 4767 1746 4823 Rea-

90 4833 328 4908 dingius
358 4833 486 4890 οὐδὲ
523 4835 765 4890 πώποτὲ.
809 4835 870 4891 Id
903 4851 1110 4891 novum
1157 4852 1272 4892 non
1327 4839 1465 4894 dicit
1521 4838 1738 4906 Melito,

85 4907 245 4981 quod
302 4908 606 4981 Christiani
653 4907 938 4981 patiantur
987 4909 1482 4978 persecutionem;
1518 4910 1615 4964 sed
1669 4911 1741 4967 de

81 4979 157 5039 eo
215 4980 596 5052 conqueritur,
634 4979 911 5052 illudque
953 4986 1120 5052 antea
1173 4995 1466 5052 nunquam
1522 4981 1735 5038 factum

70 5053 304 5120 asserit,
343 5049 510 5123 'quod
565 5050 776 5123 privata
823 5049 1110 5123 inferioris
1163 5049 1388 5107 urbium
1439 5054 1735 5122 magistra-

74 5134 174 5180 tus
202 5119 802 5192 auctoritate,'ahsque
841 5119 1251 5195 imperatorum
1309 5129 1406 5178 aut
1437 5119 1731 5195 praefecto-

74 5212 213 5253 rum
245 5195 678 5267 provincialium
717 5193 980 5248 mandato
1022 5197 1244 5264 piorum
1278 5193 1457 5265 genus
1490 5197 1734 5267 exagita-

69 5276 253 5325 τθιυτ.

151 5339 266 5410 (63)
297 5330 824 5410 νωθείας-δόγματα
876 5335 950 5410 _de
1001 5335 1615 5410 jussisgimperialibus
1645 5339 1730 5395 in.

67 5405 430 5483 ter'pretatur.
469 5405 765 5483 Melius'B.
798 5405 1340 5483 Schwralleischius,
1381 5412 1528 5483 apud
1559 5410 1721 5483 Fabr.

62 5476 338 5539 Βίιῑιίοιιι.
365 5481 455 5538 Gr.
490 5480 597 5536 vol.
645 5479 704 5547 V,
737 5478 941 5554 p.184,
986 5495 1100 5554 per
1153 5476 1432 5554 δόγματοί
1457 5482 1583 5554 hec
1633 5482 1726 5537 in-

58 5556 271 5632 telligit
292 5555 691 5632 praefectorum
735 5550 1180 5632 provincialium
1231 5550 1432 5609 edicta.
1487 5553 1592 5632 S_ed
1629 5569 1724 5625 0p-

57 5622 230 5695 time,
292 5622 584 5693 mentique
640 5622 1236 5695 Me_|itonisg_gmaxime
1292 5622 1718 5693 convenienter,

55 5716 131 5760 ex
165 5692 452 5756 sententia
494 5692 680 5751 Henn.
714 5692 1007 5762 Dodwelli,
1043 5694 1102 5751 in
1153 5697 1379 5754 Dissert.
1431 5692 1719 5769 Cyprian.,

1928 3473 2061 3529 Hinc
2082 3473 2231 3528 enim
2267 3472 2642 3544 philosophiae
2691 3480 2862 3537 secta,
2922 3488 3086 3544 quam
3146 3473 3500 3545 profitemur,

1857 3562 2013 3634 prius
2045 3562 2277 3632 quidem
2311 3561 2490 3630 viguit
2533 3562 2679 3633 apud
2738 3561 3055 3633 barbaros;
3105 3570 3297 3634 postea
3351 3579 3502 3636 vero,

1855 3713 1912 3766 p.
1943 3695 2070 3764 265,
2103 3711 2202 3767 per
2246 3689 2495 3769 δόγματα
2550 3694 2921 3766 intelligenda
2973 3703 3102 3753 sunt
3152 3697 3377 3754 urbium
3409 3698 3502 3754 de-

1856 3775 2026 3823 creta.

1929 3837 2042 3909 (64)
2077 3838 2314 3903 Quando
2347 3837 2409 3892 in
2467 3837 2592 3891 Asia
2650 3837 2759 3893 hoc
2816 3855 3022 3894 novum
3058 3839 3229 3895 fuisse
3277 3841 3491 3906 scribit,

1857 3910 2270 4034 innuit‘simul,
2301 3925 2406 3964 nec
2440 3909 2545 3965 hoc
2575 3910 2800 3980 quidem
2848 3910 3033 3980 ipsum
3083 3911 3217 3966 alibi
3249 3913 3494 3967 caruisse

1857 3996 2058 4034 exemp
2087 3997 2157 4034 ιε.

1857 3996 2157 4037 CXBlelS.

1929 3999 2260 4123 ῗὸῐὲίῃέέδηω
2309 4051 2494 4122 itaque
2550 4051 2805 4116 capitalis
2863 4052 3022 4108 nulla
3066 4053 3123 4107 in
3185 4053 3289 4107 hac
3348 4054 3495 4108 Asiae

1856 4126 2249 4193 persecutione
2270 4125 2606 4190 mentio,sed
2633 4123 2909 4178 bonorum
2935 4123 3130 4179 saltem
3149 4125 3497 4194 conﬁscatio,

1856 4203 2106 4250 nostram
2132 4194 2694 4266 ulteriusconﬁrmat
2723 4195 3276 4266 interpretationem.

1928 4267 2038 4337 (66)
2072 4268 2313 4338 Quando
2337 4265 2528 4322 Melito
2567 4265 2806 4334 dubitat,
2835 4265 2971 4322 num
3007 4268 3126 4323 haec
3186 4268 3502 4338 persecutio

1857 4337 1950 4411 ab
1979 4337 2828 4411 imperatoribus,_emanavcrit,
2884 4341 2972 4411 de
3003 4337 3247 4396 occultis
3304 4341 3498 4411 procul

1859 4409 2030 4465 dubio
2060 4409 2262 4466 litteris
2288 4409 2692 4480 intelligendus
2717 4418 2801 4464 est
2836 4424 2849 4464 :
2884 4410 3139 4467 dubitare
3195 4409 3346 4469 enim
3380 4429 3496 4470 non

1859 4482 2153 4554 potuisset,
2187 4483 2233 4554 si
2263 4497 2360 4550 per
2412 4483 2592 4554 edicta
2620 4481 3108 4554 illamijussisset
3166 4485 3494 4554 imperator.

1857 4552 2112 4624 Smyrnae
2133 4553 2283 4609 enim
2311 4559 2404 4606 aut
2428 4551 2654 4624 Ephesi,
2687 4560 2784 4607 aut
2821 4553 2880 4607 in
2911 4554 3022 4608 alia
3063 4551 3327 4623 primaria
3359 4556 3494 4610 Asiae

1855 4623 2078 4679 civitate
2101 4625 2452 4696 propositum
2473 4623 3003 4697 fuisset,antequam
3029 4626 3166 4681 illud
3193 4627 3496 4697 proconsul

1853 4704 2276 4767 exsequeretur,
2311 4697 2635 4767 mandatum
2657 4696 3028 4764 imperatoris.

1924 4766 2038 4837 (67)
2073 4769 2199 4823 Haec
2230 4766 2396 4822 verba
2451 4768 2520 4823 de
2575 4767 3082 4824 calumniatoribus
3139 4768 3493 4824 Christiano-

1851 4853 1976 4911 rum
2007 4855 2124 4895 non
2156 4837 2363 4895 debere
2391 4838 2656 4911 intelligi,
2689 4840 2782 4911 sed
2815 4839 2883 4911 de
2933 4839 3275 4911 Christianis
3305 4841 3492 4911 potius

1847 4909 2163 5036 ip;is,recte
2195 4911 2505 4967 observavit
2535 4909 2791 4966 Valesius
2822 4910 2878 4965 in
2911 4919 3029 4967 not.
3062 4912 3129 4966 ad
3165 4912 3220 4967 h.
3252 4909 3489 4983 l.‘quem

1847 4998 1898 5036 νι
1943 4998 1992 5036 e.

1846 4998 1992 5038 νιαο.

1940 5054 2032 5124 68)
2071 5053 2282 5109 onlice
2313 5069 2413 5123 pro
2441 5049 2673 5124 κρίναις.

1940 5126 2029 5183 69)
2064 5125 2297 5198 Urbium
2329 5127 2551 5198 decreta
2577 5125 2640 5198 in
2685 5125 2830 5198 hanc
2861 5125 3095 5198 formam
3129 5127 3352 5198 concipi
3383 5143 3484 5184 so-

1844 5191 2039 5269 lebant
2071 5213 2083 5252 :
2121 5191 2431 5269 ’ESo’xat‘tﬁ
2469 5193 2653 5269 βουλῇ(
2678 5196 2768 5249 καὶ
2798 5199 2875 5267 τῷ
2906 5193 3089 5268 δήμῳ,

1914 5268 2044 5344 (70)-
2081 5265 2415 5344 Φιλοσοφίας
2454 5265 2776 5344 _:vocabulo
2851 5265 3200 5344 religionem
3265 5284 3485 5344 quoque

1841 5338 2584 5394 Christianama'Patribus
2643 5338 3065 5395 denominatam
3127 5338 3322 5403 fuisse,
3381 5338 3483 5396 cb-

1838 5412 2080 5466 servavit
2107 5411 2373 5467 Suicerus
2402 5411 2462 5466 in
2495 5411 2762 5468 Thesauro
2791 5413 3176 5482 ecclesiastico,
3239 5421 3374 5468 tom.
3408 5413 3478 5482 Il,

1833 5483 1932 5538 fol.
1965 5483 2123 5538 M41.

1902 5553 2012 5624 (71)
2073 5555 2164 5611 Sic
2219 5555 2475 5611 nominat
2519 5554 2768 5623 Judzeos,
2818 5555 2967 5627 apud
3027 5571 3168 5627 quos
3224 5554 3471 5626 primum

1829 5632 2024 5700 esorta
2053 5633 2135 5681 est
2164 5627 2485 5700 Christiana
2524 5625 2948 5700 religioullinc
3002 5625 3085 5683 est
3141 5625 3289 5700 quod
3335 5629 3467 5684 Por-

1826 5696 2086 5769 phyrius,
2139 5699 2288 5769 apud
2370 5696 2695 5767 Eusebium,
2753 5697 2889 5754 Hist.
2949 5700 3134 5758 ποίεε.

3222 5701 3322 5758 lib.
3383 5716 3456 5774 vr,
