3922 6304
401 329 574 394 usu

1476 325 1540 387 ε.
1588 327 1875 392 MELITO
1920 331 2281 396 SARDIUM
2330 333 2777 398 EPISCOPUS.

3687 328 3850 391 1212

415 480 546 522 cum
579 460 1000 534 provinciarum
1053 461 1135 516 tui
1167 459 1391 531 imperii
1423 460 1651 530 incolis,
1689 473 1810 534 post
1851 467 2063 536 princi-

2242 488 2350 522 νεσι
2406 469 2542 523 κατᾶ
2591 471 2688 537 τήν
2749 459 3069 542 Αὗγοῦστου
3101 467 3195 519 τοῦ
3231 463 3348 518 ’σοῦ
3389 461 3700 537 προγόνου,
3760 482 3853 531 με-

419 562 615 626 patum
657 553 881 609 felicem
915 551 1172 620 Augusti,
1205 550 1300 621 qui
1333 566 1480 606 unus
1511 569 1576 607 ex
1613 555 1926 625 majoribus
1959 557 2066 612 luis

420 644 546 712 fuit,
580 642 939 707 eitloruisset,
1004 641 1246 696 faustum
1306 641 1546 711 imperio
1604 643 1858 702 Romano
1897 662 2064 702 omen

425 733 761 787 exstilil.Ex
795 748 860 788 eo
917 731 1200 801 siquidem
1259 738 1509 800 tempore
1568 734 1830 790 maximis
1877 736 2065 792 incre-

426 822 633 878 mentis
663 826 828 877 aucta
889 829 971 876 est
1031 821 1295 891 majcslas
1346 822 1568 891 imperii
1613 823 1870 890 Romani,
1903 827 2067 897 cujus

428 919 484 968 tu
517 917 814 981 exoptatus
847 926 1136 966 successor
1192 910 1372 965 iactus
1429 928 1508 980 es,
1543 920 1594 967 et
1625 914 1736 968 eris
1768 931 1880 970 una
1933 931 2063 972 eum

424 1001 565 1069 ﬁlio,
596 1003 644 1056 si
678 1001 844 1056 modo
888 1000 1034 1055 tueri
1069 1000 1206 1055 velis
1257 1003 1467 1056 sectam
1517 1001 1696 1067 illam,
1755 1021 1876 1074 quae
1935 1021 2066 1062 cum

418 1090 658 1161 imperio
689 1091 945 1158 educata,
977 1096 1032 1146 et.
1088 1105 1216 1145 cum
1275 1092 1525 1160 Augusto
1581 1093 1748 1147 simul
1803 1094 2066 1150 inchoata

418 1188 526 1248 est,
549 1195 829 1251 quamque
859 1180 1100 1249 majores
1149 1179 1228 1234 tui
1263 1195 1378 1234 una
1425 1195 1558 1236 cum
1589 1183 1809 1238 caeteris
1837 1183 2064 1253 religio-

415 1271 586 1328 nibus
615 1273 932 1328 colucrunl.
995 1271 1166 1326 Porro
1215 1271 1548 1343 religionem
1615 1284 1863 1330 nostram
1920 1276 2066 1333 bono

411 1362 648 1433 publico
675 1361 992 1417 adolevisse
1025 1377 1134 1416 una
1193 1377 1321 1416 eum
1355 1363 1615 1432 imperio,
1649 1365 1796 1435 quod
1828 1364 2067 1422 feliciter

413 1460 656 1519 emplum
720 1451 924 1519 fueral,
984 1450 1123 1505 illud
1175 1452 1497 1507 certissimo
1571 1459 1905 1523 argumento
1961 1462 2065 1525 est,

415 1541 561 1610 quod
600 1541 720 1610 jam
781 1541 914 1595 inde
972 1558 1000 1594 a
1036 1539 1357 1610 principatu
1419 1543 1652 1611 Augusti
1717 1542 1796 1598 nil
1823 1545 2064 1613 adversi,

415 1631 514 1684 sed
549 1638 745 1686 contra
777 1631 967 1686 omnia
1002 1647 1267 1701 prospera
1325 1639 1378 1686 et
1439 1633 1740 1701 magniﬁca
1793 1652 1860 1690 ex
1889 1635 2070 1691 animi

418 1721 704 1774 sententia
761 1725 1002 1792 votoque
1059 1722 1313 1783 omnium
1375 1723 1763 1791 contigerunt.
1823 1725 1939 1780 Soli
1997 1742 2064 1780 ex

2175 555 2354 630 γάλην
2390 555 2593 632 ἀρχὴν,
2627 555 2855 631 ἐγενήθη
2885 553 3124 629 μάλιστα
3153 558 3221 628 τῇ
3255 556 3322 625 σῇ
3377 549 3637 627 βασιλείᾳ
3665 549 3844 604 αἶσιον

2177 647 2392 721 ἀγαθόν.
2417 649 2643 704 Ἐκτοτε
2671 648 2772 722 γὰρ
2805 645 2881 708 εἷς
2937 644 3076 721 μέγα
3133 643 3224 698 καὶ
3282 641 3539 716 λαμπρὸν
3574 641 3638 694 τὸ
3704 641 3844 696 Ῥω-

2181 737 2351 808 μαίων
2388 738 2597 808 ηὐξήθη
2629 738 2851 810 κράτος,
2884 736 2946 791 οὗ
2979 735 3040 790 σὺ
3077 731 3338 807 διάδοχος
3387 732 3644 792 εὐκταῖος
3677 731 3839 805 γέγο-

2175 825 2265 888 vi;
2293 848 2352 882 τε
2384 827 2473 882 καὶ
2507 826 2598 902 ἔσῃ
2650 827 2786 900 μετὰ
2813 830 2909 882 τοῦ
2940 822 3135 888 παιδὸς
3187 825 3318 896 (72),
3379 820 3680 898 φυλάσσων
3743 826 3844 886 τῆς

2178 917 2464 990 βασιλείας
2507 919 2608 987 τὴν
2666 917 2964 996 σύντροφον
3019 915 3109 971 καὶ
3160 912 3561 987 συναρξαμὲνην
3619 908 3846 983 Αὐγού-

2176 1027 2288 1077 στῳ
2321 1010 2430 1080 (73)
2463 1004 2814 1084 φιλοσοφίαν,
2845 1004 2914 1075 ἤν
2945 1006 3037 1060 καὶ
3069 1004 3120 1059 οἱ
3142 1001 3407 1077 πρόγονοί
3437 1021 3533 1056 σου
3570 1001 3690 1072 (74)
3709 999 3846 1071 πρὸς

2122 1165 2125 1168 _
2173 1101 2292 1157 ταῖς
2335 1094 2534 1158 ἄλλαις
2585 1093 2901 1168 θρησκείαις
2952 1094 3231 1166 ἐτίμησαν.
3283 1090 3391 1148 Καὶ
3448 1089 3616 1143 τοῦτο
3684 1086 3845 1161 μέιῖι·

2176 1205 2302 1239 στον
2333 1186 2636 1260 τεκμήριον
2657 1189 2755 1239 τοῦ
2786 1183 2923 1259 πρὸς
2953 1183 3154 1258 ἀγαθοῦ
3195 1182 3305 1253 (75)
3342 1180 3435 1234 τὸν
3497 1179 3621 1242 καθ’
3697 1179 3849 1248 ἡμᾶς

2176 1273 2339 1349 λόγον
2373 1274 2711 1346 συνακμάσαι
2740 1277 2809 1346 τῇ
2839 1272 3022 1333 καλῶς
3075 1269 3343 1345 ἀρξαμένῃ
3401 1269 3518 1342 (76)
3557 1265 3847 1342 βασιλείᾳ,

2175 1361 2234 1418 ἐκ
2263 1367 2360 1418 τοῦ
2396 1361 2563 1436 μηδὲν
2597 1360 2807 1440 φαῦλον
2829 1361 2935 1416 ἀπὸ
2965 1363 3065 1429 τῆς
3094 1359 3411 1436 Αὐγούστου
3446 1358 3635 1434 ἀρχῆς
3688 1356 3852 1410 ἀπαν-

2175 1459 2358 1520 τῆσαι,
2393 1451 2539 1507 ἀλλὰ
2567 1451 2874 1507 τουναντίον
2932 1451 3138 1504 ἅπαντα
3197 1446 3428 1520 λαμπρᾶ
3482 1447 3578 1499 καὶ
3659 1441 3851 1514 ἔνδοξα

2175 1542 2312 1597 κατὰ
2341 1543 2437 1604 τὰς
2471 1544 2689 1597 πάντων
2723 1542 2909 1616 εὐχάς.
2946 1539 3115 1595 Μόνοι
3149 1536 3364 1592 πάντων
3421 1533 3848 1593 ἀναπεισθέντες

2178 1631 2281 1686 ὑπό
2332 1653 2493 1686 τινων
2557 1631 2837 1707 βασκάνων
2891 1629 3210 1700 ἀνθρώπων,
3266 1627 3358 1681 τὸν
3414 1625 3537 1687 καθ’
3570 1626 3736 1696 ἡμᾶς
3796 1622 3844 1675 ἐν

2179 1717 2414 1795 διαϐολῇ
2448 1729 2782 1790 καταστῆσαι
2825 1719 2988 1793 λόγον
3018 1716 3291 1788 ἠθέλησαν
3321 1715 3510 1791 Νέρων
3541 1713 3637 1768 καὶ
3676 1723 3849 1784 Δομε-

417 1808 684 1865 omnibus
719 1809 861 1866 Nero
914 1818 967 1864 et
1021 1811 1391 1878 Domitianus,
1455 1811 1862 1868 malevolorum
1921 1830 2064 1884 quo-

2242 1812 2358 1874 κνὸς
2393 1815 2526 1885 (77).
2559 1813 2676 1888 Ἀφ’
2707 1813 2779 1864 ὧν
2813 1811 2905 1865 καὶ
2963 1811 3024 1864 τὸ
3082 1815 3180 1878 τῆς
3243 1804 3606 1883 συκοφαντίας
3642 1803 3846 1878 ἀλόγῳ

2323 1913 2330 1914 ,
2383 1900 2393 1914 ο
2567 1901 2579 1914 ι
2683 1900 2693 1914 ι
2909 1900 2922 1914 ι
3122 1897 3133 1914 ι
3184 1905 3210 1914 ...
3461 1889 3561 1914 ρσρ
3732 1897 3743 1914 ι
3790 1898 3817 1907 -

415 1897 676 1952 rumdam
720 1894 974 1954 consiliis
1008 1899 1248 1963 inducti,
1286 1898 1612 1970 religionem
1651 1908 1899 1958 nostram
1955 1903 2067 1958 eri-

418 1986 623 2042 minari
659 1987 1016 2044 studuerunt.
1077 1991 1121 2042 A
1186 1988 1390 2058 quibus
1444 1989 1714 2062 deinceps
1772 1991 1913 2048 falsa
1969 1992 2069 2046 illa

414 2076 711 2132 adversum
743 2093 846 2132 nos
907 2077 1196 2133 calumnia
1255 2079 1504 2135 manavit
1557 2081 1622 2135 ad
1686 2067 1956 2151 posteros,
2010 2089 2069 2137 ut

417 2179 540 2221 mos
572 2173 654 2221 est
684 2166 858 2232 vulgi,
893 2165 1102 2235 absque
1155 2167 1271 2222 ullo
1322 2167 1538 2236 judicio
1589 2169 1915 2239 bujusmodi
1975 2185 2067 2225 ru-

418 2255 672 2310 moribus
702 2255 869 2311 ﬁdem
892 2255 1333 2312 habere.Verum
1367 2259 1802 2328 imprudentiam
1838 2261 2067 2315 illorum

418 2351 789 2399 correxerunt
866 2344 1103 2412 piissimi
1166 2353 1426 2414 parentes
1503 2347 1605 2406 tui.
1682 2348 2070 2418 frequentibus

415 2432 709 2501 rescriptis
739 2430 1105 2502 objurganles
1135 2448 1250 2500 eos,
1303 2435 1396 2504 qui
1454 2435 1727 2492 adversus
1781 2437 2068 2507 religionis

422 2530 629 2576 nostra;
662 2521 923 2576 homines
957 2522 1238 2594 noviquid
1275 2523 1456 2579 moliti
1487 2533 1696 2580 essent.
1731 2527 1882 2582 Inter
1932 2543 2071 2596 quos

418 2626 557 2665 avus
587 2617 714 2666 tuus
746 2612 1028 2667 Adrianus
1083 2628 1214 2668 eum
1275 2612 1405 2669 aliis
1437 2614 1719 2684 pluribus,
1763 2623 1878 2670 tum
1914 2617 2073 2672 Fun-

422 2699 573 2755 dano
595 2700 735 2755 Asia:
765 2701 1088 2770 proconsuli
1122 2701 1334 2757 litteras
1387 2703 1561 2758 dedit.
1623 2705 1783 2760 Pater
1837 2720 2060 2776 quoque

427 2795 574 2853 tuus,
608 2804 716 2858 quo
750 2795 999 2860 tempore
1021 2798 1230 2846 cuncta
1262 2807 1389 2846 cum
1436 2793 1561 2861 ipso
1610 2792 2068 2859 administrabas,

420 2878 644 2947 scripsit
675 2880 740 2932 ad
775 2879 1052 2944 civitates,
1088 2895 1158 2936 ne
1190 2887 1386 2936 contra
1418 2896 1521 2936 nos
1555 2881 1828 2937 tumultus
1859 2883 2070 2938 excita-

423 2975 588 3034 rent;
626 2969 962 3024 nominatim
991 2972 1057 3024 ad
1099 2970 1421 3041 Larissazos,
1465 2971 1536 3026 ad
1596 2973 2068 3028 Thessalonicen-

423 3073 532 3125 scs,
592 3058 660 3111 ad
751 3058 1142 3126 Athenienses,
1203 3067 1256 3115 et
1327 3061 1394 3114 ad
1451 3061 1745 3117 universos
1828 3062 2071 3132 denique

421 3148 668 3203 Graecos.
712 3148 789 3204 Te
830 3164 982 3214 vero,
1041 3151 1250 3219 quippe
1303 3149 1398 3220 qui
1456 3150 1607 3205 idem
1664 3152 1810 3220 quod
1868 3151 1953 3205 illi
2001 3153 2070 3208 de

2174 1900 2430 1972 συνηθείᾳ
2459 1901 2582 1974 περὶ
2613 1900 2741 1962 τοὺς
2772 1900 3055 1961 τοιούτους
3111 1897 3303 1974 ῥυῆναι
3345 1889 3677 1967 συμϐέϐηκε
3718 1897 3846 1967 ψεῦ-

2175 1987 2284 2052 δος.
2319 1988 2496 2047 Ἀλλὰ
2525 1993 2625 2060 τήν
2658 1989 2872 2045 ἐκείνων
2921 1987 3140 2066 ἄγνοιαν
3202 1988 3254 2041 οἱ
3308 1986 3392 2040 σοὶ
3455 1979 3714 2046 εὐσεϐεῖς
3749 2004 3851 2036 πα-

2171 2080 2321 2155 τέρες
2355 2078 2820 2153 ἐπανωρθώσαντο
2854 2080 2988 2152 (78),
3020 2075 3294 2136 πολλάκις
3328 2071 3568 2135 πολλοῖς
3600 2071 3848 2141 ἐπιπλή-

2173 2172 2354 2242 ξαντες
2386 2168 2672 2247 ἐγγράφως
2697 2169 2813 2224 ὅσοι
2845 2167 2968 2242 περὶ
3027 2167 3234 2222 τούτων
3286 2159 3601 2236 νεωτερίσαι
3681 2161 3846 2218 ἐτόλ-

2179 2281 2368 2330 μησαν.
2405 2261 2491 2315 Ἐν
2525 2261 2609 2321 οἷς
2666 2262 2694 2313 ὁ
2755 2260 2850 2331 μὶν
2913 2257 3136 2318 πάππος
3197 2276 3291 2310 σου
3351 2251 3672 2328 Ἀδριανὸς,
3709 2251 3849 2307 πολ-

2175 2349 2295 2411 λοῖς
2330 2350 2439 2423 μὴν
2472 2350 2559 2404 καὶ
2590 2347 2806 2419 ἄλλοις,
2843 2348 2931 2402 καὶ
2973 2344 3272 2418 Φουνδάνῳ
3302 2347 3415 2416 (79)
3447 2341 3507 2398 δὲ
3563 2348 3652 2416 τῷ
3689 2344 3846 2398 ἀνθυο

2174 2439 2328 2511 πάτῳ
2358 2435 2658 2512 ἡγουμένῳ
2706 2444 2808 2506 τῆς
2868 2436 3052 2498 Ἀσίας
3109 2435 3329 2512 γράφων
3380 2431 3660 2510 φαίνεται.
3698 2433 3764 2489 Ὁ
3795 2429 3844 2484 Ξέ

2174 2529 2354 2602 πατήρ
2411 2548 2531 2594 σου,
2580 2527 2671 2581 καὶ
2730 2531 2825 2581 σοῦ
2871 2527 2939 2581 τὰ
2999 2523 3281 2597 σύμπαντα
3339 2520 3692 2584 διοικοῦντος
3755 2523 3845 2575 αὖ·

2174 2621 2253 2688 τῷ
2305 2618 2440 2689 (80),
2499 2621 2619 2676 ταῖς
2686 2613 2886 2670 πολέσι
2942 2613 3067 2688 περὶ
3123 2618 3224 2668 τοῦ
3284 2609 3451 2684 μηδὲν
3491 2613 3845 2685 νεωτερίζειν

2174 2704 2302 2778 περὶ
2356 2707 2518 2778 ἡμῶν
2572 2698 2798 2781 ἔγραψεν
2855 2705 2985 2777 (81).
3047 2705 3134 2759 Ἐν
3184 2705 3270 2763 αἷς
3316 2702 3405 2756 καὶ
3453 2701 3599 2774 πρὸς
3647 2706 3848 2771 Λαρισ-

2178 2793 2367 2856 σαίους
2416 2792 2506 2848 καί
2561 2795 2698 2868 πρὸς
2759 2791 3170 2854 Θεσσαλονικεῖς
3225 2791 3317 2845 καὶ
3357 2789 3700 2860 Ἀθηναίους
3760 2792 3837 2844 τι.αὲ

2175 2884 2313 2957 πρὸς
2349 2885 2552 2944 πάντας
2582 2880 2869 2952 “Ἐλληνας
2897 2883 3035 2954 (82).
3070 2880 3142 2934 Σὲ
3169 2877 3226 2933 δὲ
3285 2877 3528 2950 μᾶλλον,
3563 2879 3700 2952 περὶ
3733 2878 3846 2932 τού-

2174 2994 2282 3026 των
2302 2974 2400 3041 τὴν
2435 2972 2600 3040 αὐτὴν
2657 2969 2880 3032 ἐκείνοις
2939 2965 3142 3045 ἔχοντα
3188 2968 3416 3042 γνώμην
3474 2967 3571 3021 καὶ
3604 2967 3760 3022 πολύ
3790 2988 3843 3041 γε

2176 3060 2698 3140 φιλανθρωποτέραν
2785 3061 2876 3115 καὶ
2945 3056 3411 3138 φιλοσοφωτέραν,
3497 3056 3842 3131 πεπείσμεθα

2175 3152 2349 3206 πάντα
2379 3150 2659 3227 πράσσειν,
2692 3148 2790 3204 ὅσα
2818 3170 2913 3204 σου
2945 3146 3198 3221 δεόμεθα.

419 3235 586 3292 nobis
615 3239 852 3304 sentias,
885 3237 1002 3294 imo
1033 3238 1202 3293 etiam
1237 3238 1402 3308 longe
1436 3239 1747 3296 humanius
1783 3247 1950 3312 atque
1980 3241 2314 3312 sapientius,
2347 3249 2501 3298 tanto
2533 3242 2708 3311 magis
2737 3241 3085 3298 conﬁdimus
3113 3239 3306 3296 omnia
3329 3253 3455 3295 esse
3516 3237 3833 3303 iacturum,

418 3341 544 3396 quae
575 3342 861 3395 rogamus.

492 3443 623 3497 Haec
655 3443 848 3497 itidem
881 3442 1150 3498 exhibent
1182 3445 1459 3511 Bullinus,
1495 3445 1870 3516 Nicephorus.
1898 3449 1974 3502 Ex
2008 3448 2439 3515 recentioribus,
2472 3456 2671 3518 praeter
2703 3447 3048 3504 Halloixium
3101 3453 3154 3502 et
3213 3445 3650 3514 Benthemium,
3699 3445 3837 3500 illud

431 3546 674 3601 quoque,
709 3532 924 3588 Gallice
981 3549 1227 3601 versum,
1278 3535 1543 3592 Historiae
1600 3551 1716 3592 sure
1769 3537 2022 3607 generali
2075 3537 2140 3593 de
2194 3538 2564 3610 Scriptorz'bur
2591 3535 2982 3594 ecclesiasticis
3006 3535 3244 3591 inseruit
3283 3533 3612 3592 Ceillierus.
3651 3535 3838 3590 Velex

426 3618 516 3674 his
539 3619 812 3689 depcrdili
844 3620 1176 3693 Apologetici
1204 3625 1401 3692 paucis
1428 3625 1757 3696 fragmentis
1786 3626 2138 3683 observanda
2167 3635 2248 3682 est
2300 3628 2453 3695 satis,
2504 3627 2642 3698 quin
2689 3627 3022 3682 admiranda
3078 3631 3182 3692 est,
3209 3624 3313 3680 viri
3338 3624 3527 3679 sancti
3559 3624 3833 3694 praeclara

431 3708 704 3764 modestia
735 3718 788 3765 et
818 3713 1139 3782 prudentia,
1174 3719 1286 3768 tam
1318 3714 1615 3786 injudicio
1646 3731 1747 3772 suo
1776 3716 2135 3786 imperatoris
2186 3716 2460 3772 voluntati
2510 3715 2902 3772 submittendo
2951 3721 3004 3770 et
3056 3713 3301 3785 benigne
3359 3713 3647 3784 rogando,
3683 3728 3838 3784 quam

425 3803 487 3857 in
518 3801 837 3859 amolienda
868 3803 940 3860 ab
969 3805 1165 3861 eodem
1200 3813 1365 3861 tantas
1424 3808 1483 3861 in
1541 3807 1889 3864 Christianos
1944 3807 2266 3864 acerbitatis
2325 3807 2561 3874 invidia,
2621 3815 2789 3879 atque
2847 3807 2904 3862 in
2936 3806 3099 3872 alios,
3134 3805 3256 3860 auri
3289 3819 3450 3860 sacra
3484 3804 3646 3860 fame
3676 3813 3837 3870 aclos,

428 3893 840 3952 transferenda.

580 4018 667 4083 49,
702 4021 1155 4078 Christianorum
1207 4029 1417 4080 sectam
1476 4023 1722 4096 appellat
1779 4017 2062 4098 Βάρϐαρον

423 4110 452 4144 τ
534 4111 712 4144 unum.

423 4110 712 4156 τοΑμημα.

409 4111 1052 4238 ’ῗέῖῧῖῗέβοῐηῐηοάο
1084 4166 1349 4238 loquitur,
1374 4167 1467 4237 qui
1498 4184 1568 4222 ex
1627 4167 1718 4223 his
1777 4168 1913 4238 ipsis
1941 4183 2067 4224 ver-

428 4233 1262 4313 bis.i_mperi_i_so_clusnondum
1297 4233 1466 4313 fuisse
1511 4241 1753 4313 videtur,
1787 4233 2066 4313 curahaec

427 4305 699 4362 scriberet
727 4307 936 4373 Melite,
994 4309 1125 4365 licet
1183 4311 1530 4367 contrarium
1589 4305 1845 4366 videatur
1892 4309 2064 4366 Tille-

429 4377 684 4454 mentio,
699 4378 858 4454 cujus
888 4382 1224 4454 sententiam
1257 4398 1424 4454 supra
1452 4383 1708 4454 exposui.

501 4449 608 4571 (7‘3)
642 4449 896 4507 Valesius
919 4450 1052 4523 legit
1107 4449 1502 4525 συναυξαμένην
1527 4449 1868 4526 “Αὐγοῦστου
1901 4450 2066 4529 φιλο-

501 4539 530 4571 υ
562 4539 644 4571 αν.

429 4538 644 4574 σοοιαν.

433 4539 811 4675 ῗοῖὃῖἲιτοτιθ
839 4594 1094 4675 designat
1122 4595 1331 4675 Tiberii
1379 4597 1681 4675 consilium
1730 4599 1814 4675 de
1854 4595 2073 4675 Christo

430 4665 578 4721 inter
603 4665 741 4738 deos
772 4667 1100 4738 referendo;
1133 4669 1202 4724 de
1231 4684 1340 4738 quo
1380 4669 1528 4724 inter
1575 4669 1716 4724 alios
1771 4668 2073 4725 Tertullia-

430 4752 564 4809 nus,
598 4737 656 4792 in
687 4737 978 4807 Apologia,
1021 4755 1145 4809 cap.
1204 4737 1261 4805 5,
1316 4746 1371 4795 et
1427 4739 1632 4796 Euseb.
1694 4741 1826 4795 Hist.
1887 4740 2074 4796 coctos.

433 4808 530 4865 lib.
565 4826 628 4877 ιι,
659 4825 785 4882 cap.
819 4811 873 4865 2.
907 4809 1070 4882 Conf.
1093 4808 1421 4882 ’litystagogi,
1454 4812 1494 4866 i.
1548 4828 1600 4868 e.
1646 4811 1753 4866 Th.
1790 4810 2072 4867 Woolsto-

431 4882 491 4936 ni
522 4882 656 4936 diss.
684 4881 755 4935 De
784 4883 972 4936 Pontiz‘
1002 4881 1176 4937 Pilati
1206 4883 1276 4937 ad
1307 4883 1580 4938 Tiberium
1626 4884 1879 4953 epistola,
1927 4881 2076 4937 circa

432 4968 515 5008 res
542 4953 669 5007 Iesu
701 4953 909 5007 Christi
929 4957 1128 5021 gestas,
1188 4955 1364 5008 Lond.
1422 4955 1579 5009 1720.
1613 4957 1721 5008 Aut
1763 4955 1977 5024 templa
2006 4968 2076 5008 ex

431 5025 661 5096 Adriani
694 5024 948 5080 instituto
969 5025 1452 5095 sineimaginibus
1479 5026 1850 5090 collocata,de
1871 5025 2076 5096 quibus

435 5095 559 5150 vide
597 5097 958 5165 Spartianum
991 5098 1050 5151 in
1088 5096 1214 5152 Vita
1246 5097 1554 5167 Alexandri
1583 5097 1786 5164 Severi,
1827 5095 1951 5167 cap.
1984 5097 2071 5149 43.

508 5167 619 5240 (75)
652 5168 768 5221 Alia
797 5167 964 5240 leclio
997 5169 1168 5224 habet
1207 5166 1612 5240 καλοκαγάθου.

506 5239 619 5312 (76)
644 5240 786 5312 Male
818 5239 1108 5294 Valesiana
1141 5241 1312 5312 editio
1341 5239 1614 5312 ἠρξαμὲνῃ
1646 5239 1798 5307 legit.

507 5311 622 5379 (77)
652 5311 1036 5366 Tertullianus
1075 5314 1131 5366 in
1162 5309 1422 5383 Apulog.,
1456 5309 1667 5379 eam,
1696 5313 1846 5366 idem
1895 5309 2076 5383 dixit:

437 5403 461 5433 α
497 5383 826 5451 Reperietis,
866 5383 1154 5452 inquiens,
1198 5382 1444 5451 primum
1497 5383 1778 5439 Neronem
1840 5383 1896 5436 in
1932 5382 2080 5436 hanc

437 5463 646 5509 sectam
690 5463 806 5509 tum
863 5455 1106 5509 maxime
1165 5454 1349 5509 Romae
1409 5455 1686 5510 orientem
1763 5454 2078 5508 Caesariano

436 5523 624 5589 gladio
665 5525 946 5580 ferocisse.
982 5527 1313 5582 Tentaverat
1371 5532 1428 5582 et
1475 5527 1848 5591 Domitianus,
1903 5525 2081 5594 portio

443 5595 690 5651 Neronis
745 5597 814 5651 de
871 5598 1217 5654 crudelitate.
1269 5597 1543 5653 Caeterum
1617 5599 1684 5652 de
1742 5605 1821 5652 tot
1877 5597 2082 5651 exinde

440 5665 792 5738 principibus
815 5669 880 5722 ad
909 5668 1268 5732 hodiernum,
1301 5671 1446 5724 edite
1476 5671 1722 5738 aliquem
1767 5667 2080 5723 debellato-

441 5748 562 5791 rem
582 5736 1050 5794 Christianorum.
1107 5738 1310 5804 Quales
1364 5756 1496 5810 ergo
1553 5736 1708 5811 leges
1754 5740 1894 5807 iste,
1945 5754 2082 5811 quas

2178 4023 2446 4079 adversus
2475 4038 2578 4078 nos
2623 4021 2807 4078 solum
2838 4027 3103 4078 exercent
3135 4019 3316 4088 impii,
3350 4018 3586 4088 injusti,
3622 4026 3833 4090 turpes,

2179 4102 2386 4156 truces,
2419 4095 2567 4158 vani,
2619 4093 2970 4149 dementes?
3019 4108 3155 4162 quas
3212 4090 3490 4161 Trajanus
3545 4107 3622 4146 ex
3685 4098 3838 4162 parte

2175 4166 2477 4222 frustratus
2506 4170 2592 4220 est
2624 4181 2637 4220 :
2673 4180 2810 4236 quas
2841 4165 3033 4220 nullus
3063 4162 3362 4236 Adrianus,
3427 4162 3634 4218 nullus
3661 4165 3834 4236 (Pius,

2178 4237 2373 4294 nullus
2405 4237 2586 4294 Verus
2616 4234 2920 4306 impressit.
2971 4257 3000 4286 ››
3053 4234 3278 4291 Ceillier
3330 4235 3392 4290 in
3441 4243 3567 4290 not.
3602 4235 3677 4290 ad
3714 4237 3768 4290 b.
3805 4237 3837 4289 Ι.

2179 4311 2523 4376 conferatur,
2558 4326 2611 4378 p.
2640 4309 2728 4362 77.

2249 4382 2362 4452 (78)
2445 4374 2786 4450 Beaaingius
2841 4378 2973 4449 legit
3037 4374 3532 4450 ἐπηνωρθώσαντο,

2181 4459 2506 4518 augmento.

2251 4525 2362 4594 (79)
2397 4525 2509 4579 Hoc
2560 4522 2784 4578 Adriani
2813 4522 2881 4577 ad
2921 4520 3257 4594 Minucium
3349 4520 3697 4594 Fundanum
3750 4537 3835 4591 pro

2180 4592 2520 4650 Christianis
2551 4596 2882 4665 rescriptum
2919 4593 3102 4663 legere
3118 4600 3214 4665 est
3244 4593 3392 4665 apud
3429 4592 3649 4665 Euseb.
3681 4595 3793 4648 Hist
3820 4608 3833 4647 :

2179 4667 2372 4722 eccles.
2399 4667 2496 4722 lib.
2531 4683 2606 4731 IV,
2639 4663 2766 4736 cap.
2797 4667 2850 4720 8.
2907 4665 2995 4736 Ad,
3046 4663 3262 4720 calcem
3310 4663 3597 4736 Apologia
3649 4666 3831 4734 prima

2179 4738 2674 4812 JustiniMarlyris
2699 4735 3330 4812 exhibetilludguoque
3359 4735 3633 4805 Grabius,
3657 4737 3721 4794 in
3743 4752 3833 4792 sua

2180 4810 2454 4881 Apologia
2486 4807 2654 4880 hujus
2683 4809 2949 4881 editione,
2983 4807 3201 4881 p.434.

2255 4881 2361 4952 (80)
2400 4877 2601 4938 Locum
2634 4881 2786 4952 hunc
2815 4880 2891 4935 ita
2942 4877 3119 4952 scribi
3171 4877 3380 4952 mavplt
3439 4877 3757 4952 Valesius:
3785 4880 3830 4930 Ὁ

2183 4947 2241 5004 δὲ
2262 4945 2448 5025 ’πατήρ
2480 4972 2599 5020 σου,
2631 4951 2720 5005 καὶ
2752 4954 2851 5003 σοῦ
2900 4948 2966 5004 τὰ
2994 4948 3095 5002 πάν
3109 4945 3642 5025 ταᾼσυνὸιοικοῦντος
3675 4951 3828 5020 αὐτῷ.

2258 5025 2372 5096 (81)
2401 5021 2519 5080 Ηοο
2548 5024 2883 5093 rescriptum
2917 5021 3195 5096 Antonini
3226 5023 3313 5096 Pii
3369 5038 3469 5096 pro
3502 5023 3830 5096 Christianis

2187 5094 2363 5150 hodie
2404 5097 2652 5166 amplius
2711 5111 2827 5150 non
2885 5097 3114 5166 exstat._
3163 5094 3319 5157 Quod
3379 5095 3537 5148 enim
3631 5094 3826 5151 Justin‘

2186 5168 2260 5222 M.
2294 5161 2540 5223 editores
2592 5167 2660 5222 ad
2702 5165 2914 5222 calcem
2974 5161 3258 5235 Apologia:
3295 5183 3336 5231 i,
3366 5173 3419 5218 et
3452 5167 3670 5221 Euseb.
3705 5169 3828 5222 Hist.

2186 5239 2396 5306 eccles.,
2433 5239 2531 5294 lib.
2564 5254 2634 5304 iv,
2695 5254 2817 5307 cap.
2874 5240 2960 5303 13,
2996 5235 3266 5292 exhibent
3296 5235 3399 5292 sub
3451 5239 3732 5294 Antonini
3765 5239 3830 5292 Pii

2185 5311 2442 5379 nomine,
2466 5311 2639 5366 Marci
2660 5308 2868 5364 Aurelii
2909 5307 3186 5363 Antonini
3215 5312 3322 5373 est,
3358 5313 3419 5361 ut
3439 5309 3829 5366 adnotavimus

2186 5397 2498 5450 sepra,non
2534 5381 2615 5436 Pii
2646 5399 2658 5448 ;
2692 5381 2815 5451 ejus
2847 5388 3036 5435 tamen
3071 5381 3285 5434 mentio
3321 5379 3379 5433 ﬁt
3410 5379 3471 5434 in
3503 5382 3701 5438 edicto
3732 5389 3829 5436 Au-

2188 5455 2310 5508 relii
2342 5456 2408 5508 ad
2441 5468 2744 5508 commune
2775 5452 2942 5508 Asia.
2978 5451 3183 5505 Confer
3214 5451 3451 5507 omnino
3487 5455 3830 5510 Baraterium

2188 5524 2246 5578 in
2270 5523 2558 5596 Disquisit.
2589 5524 2864 5596 chronot.,
2900 5540 2954 5592 p.
3001 5521 3124 5596 197,
3149 5522 3254 5596 ubi
3273 5539 3475 5579 novam
3504 5525 3826 5596 ppiniouem

2188 5596 2339 5652 circa
2377 5593 2826 5652 controversiam
2879 5596 2950 5649 de
3006 5593 3113 5665 hoc
3169 5595 3354 5650 edielo
3389 5593 3633 5665 profert,
3697 5596 3828 5654 istud

2189 5667 2403 5723 scilicet
2427 5684 2460 5723 a
2484 5668 2581 5722 Pio
2611 5674 2666 5722 et
2696 5666 2885 5722 Marco
2917 5664 3270 5735 conjunclim
3300 5664 3478 5722 fuisse
3510 5667 3734 5726 datum.

2259 5739 2366 5814 (82)
2387 5738 2549 5796 Conf.
2572 5737 2925 5796 Dodwellum
2956 5735 3016 5794 in
3049 5735 3193 5794 Diss.
3254 5737 3553 5812 Cyprium,
3612 5758 3671 5815 p.
3716 5743 3826 5810 266,

3628 4378 3836 4450 duplici
