3922 6304
1553 447 2068 510 FRAGMENTA.

989 587 1037 653 §.
1063 585 1159 641 IlI.
1192 585 1409 657 Pragm.
1433 583 1674 655 ejusdem
1703 584 1977 656 Apologiae
2007 599 2077 639 ex
2107 582 2373 640 Chronico
2405 582 2560 638 Alex.

92 453 257 514 1213
1553 453 1816 510 FBAGM

1951 453 2068 509 ΓΑ.
3358 455 3516 514 12H

177 701 323 757 Huic
345 701 534 757 statim
567 701 904 773 subjungam
939 702 1322 772 fragmentum
1357 719 1423 758 ex
1448 700 1704 757 Chronici
1733 699 2133 770 Alexandrino,
2167 701 2316 772 quod
2350 709 2399 755 et
2438 697 2753 773 Πασχάλιον
2785 717 2883 756 seu
2919 700 3220 758 Chronicon
3258 701 3525 758 Paschale

97 797 357 861 vocatur,
385 792 768 860 desumptum.
799 791 972 859 Hujus
1003 790 1259 846 Chronici
1288 799 1480 846 auctor
1506 791 1571 844 ad
1605 790 1955 861 Olympiadis
1986 791 2392 847 ducentesima
2452 791 2751 847 tricesima:
2815 802 2984 847 sextae
3037 809 3250 849 annum
3311 809 3520 848 secun-

99 881 268 946 dum,
303 881 620 938 indictione
647 881 830 950 tertia,
865 881 1106 937 duorum
1139 886 1544 951 Augustorum,
1578 880 1659 937 M.
1702 881 1914 936 Aurelii
1940 881 2213 937 Antonini
2253 886 2309 937 et
2330 881 2392 937 L.
2415 880 2542 937 Veri
2572 897 2722 937 anno
2755 883 2807 952 6,
2853 882 3090 952 Orpbito
3148 888 3205 938 et
3260 883 3523 939 Pudente

102 986 260 1026 eosa.
295 971 443 1028 inter
472 969 583 1027 alia
616 970 736 1026 haec
769 976 920 1027 notat
942 970 1050 1043 (83)
1077 986 1089 1027 :
1661 1003 1664 1006 ~

1556 1080 1587 1113 σ
1618 1056 1650 1113 λ
1683 1060 1726 1122 ς’
1759 1057 2096 1134 Ὀλυμπιάς.

1208 1179 1272 1246 ς’,
1306 1171 1429 1232 Ἰνδ.
1463 1181 1511 1250 γ’
1542 1176 1660 1231 ’Υπ.
1697 1175 1953 1253 Ὀριρίτου
1979 1178 2066 1232 καὶ
2101 1175 2422 1240 ΙΙούδεντος.

180 1294 355 1352 Ἀλλὰ
376 1315 463 1350 και
511 1294 768 1352 Μελίτων
827 1295 1052 1354 Λσιανὸς
1088 1290 1400 1366 Σαρδιανῶν
1433 1290 1727 1355 ἐπίσκοπος
1764 1287 1978 1368 βιϐλίον
2024 1294 2362 1369 Ἀπολογίας
2418 1288 2586 1349 ἔδωκε
2641 1301 2758 1360 τοῖς
2802 1294 3154 1371 λελεγμένοις
3218 1298 3526 1373 βασιλεῦσι,

101 1383 200 1439 καὶ
232 1381 406 1458 ἕτεροι
436 1383 494 1439 δὲ
522 1383 749 1449 πολλοὶ,
783 1385 855 1438 ὧν
891 1385 918 1438 ὁ
954 1384 1047 1458 μὲν
1078 1380 1350 1452 δηλωθεὶς
1382 1382 1680 1445 Ἰουστῖνος
1711 1385 1846 1457 μετά
1889 1406 2008 1440 τινα
2070 1383 2238 1458 ἄλλα,
2294 1387 2366 1440 ὧν
2424 1383 2646 1460 ἔγραψε,
2697 1386 2786 1441 καὶ
2843 1392 3004 1442 τοῦτο
3062 1388 3297 1460 ἐνέθηκεο
3357 1389 3524 1464 Κάγὼ

110 1471 431 1549 προσδοκῶ,
464 1494 499 1528 κ
545 1495 596 1530 τ.
630 1473 686 1532 λ.
721 1494 734 1542 ;
771 1482 823 1530 et
854 1483 978 1547 post
1005 1473 1140 1528 satis
1168 1474 1398 1543 longum
1429 1489 1495 1528 ex
1525 1473 1752 1530 Justino
1783 1476 1816 1530 fl

1951 1484 2186 1544 lentum,
2220 1478 2410 1532 statim
2449 1479 2664 1548 pergit:
2729 1474 2985 1534 Μελὶτων
3039 1475 3354 1553 Σαρδιανῶν
3405 1478 3528 1535 ἐπί-

113 1585 344 1633 σκοπος,
382 1562 514 1636 μετὰ
551 1562 739 1618 πολλὰ
766 1568 872 1618 τῶν
906 1559 1263 1616 ἐπιδοθὲντων
1292 1560 1438 1635 παρὰ
1462 1564 1558 1616 τοῦ
1591 1562 1756 1616 αὐτοῦ
1791 1563 1816 1618 ’1

1951 1563 2110 1633 πίνου,
2157 1564 2344 1641 φησίνν
2410 1589 2438 1616 ‹‹
2497 1567 2684 1623 Melito
2733 1569 3132 1626 Sardianorum
3201 1572 3526 1642 episcOpus,

110 1665 241 1727 post
273 1657 452 1712 multa
475 1656 545 1712 ab
577 1657 775 1712 eodem
808 1656 1032 1711 Justino
1069 1656 1288 1720 tradita,
1318 1653 1401 1709 sic
1428 1654 1505 1708 ait
1538 1669 1550 1706 :
1585 1675 1614 1704 ››

197 1770 314 1826 Οὗκ
343 1769 498 1841 ὲσμὶν
535 1767 700 1833 λίθων
731 1765 988 1841 οὐδεμίαν
1019 1765 1263 1838 α’ίσθησιν
1312 1765 1553 1840 ἐχόντων
1611 1769 1764 1842 Οερα-

111 1859 327 1929 πευταὶ,
382 1856 528 1913 ἀλλὰ
586 1859 755 1932 μόνου
812 1855 966 1924 Θεοῦ,
1016 1861 1112 1911 τοῦ
1144 1856 1248 1932 πρὸ
1281 1857 1516 1926 πάντων,
1550 1857 1639 1910 καὶ
1673 1855 1760 1910 ἐπὶ

116 1949 362 2019 πάντων,
393 1946 482 2001 καὶ
517 1945 604 2002 ἐπὶ
637 1946 733 2020 [ἳσ.
767 1945 868 2019 ἔτι]
924 1952 1021 2001 τοῦ
1082 1949 1318 2020 Χριστοῦ
1367 1943 1530 2000 αὐτοῦ
1590 1941 1760 2008 ὅντως

1948 1771 2072 1826 Non
2107 1771 2586 1842 sumusltpidum
2643 1788 2814 1828 sensu
2873 1774 3189 1830 carentium
3249 1775 3521 1848 cultores,

1875 1861 1968 1915 sed
2003 1861 2183 1916 solius
2219 1862 2334 1929 Dei,
2365 1863 2459 1933 qui
2489 1870 2568 1917 est
2628 1865 2760 1917 ante
2796 1865 3011 1930 omnia,
3056 1869 3112 1920 et
3145 1865 3200 1920 in
3234 1867 3527 1935 omnibus,

1872 1953 1924 2004 et
1957 1941 2224 2019 praeterea
2256 1951 2461 2007 Christi
2493 1952 2635 2021 ejus,
2668 1951 2760 2020 qui
2795 1968 2919 2008 vere
2951 1959 3034 2009 est
3068 1958 3212 2010 Deus
3274 1954 3527 2014 Verbum

113 2041 254 2093 Θεοῦ
286 2036 461 2112 Λόγου
498 2036 604 2110 πρὸ
637 2037 874 2109 αἰώνων,
906 2033 1063 2109 ἒσμὶν
1107 2033 1451 2110 θρησκευταί.

1952 2047 2003 2114 te
2026 2041 2256 2109 saecula,
2287 2042 2609 2097 adoratores
2641 2055 2861 2096 sumus.

187 2190 375 2247 Habes
405 2191 512 2248 hoc
542 2207 768 2263 quoque
793 2190 1172 2261 fragmentum
1199 2191 1346 2262 apud
1381 2190 1862 2262 Halloixium,qui
1897 2197 2090 2248 tamen
2147 2193 2428 2249 incertum
2488 2193 2674 2261 habet,
2733 2210 2763 2250 e
2826 2209 2934 2264 quo
2991 2195 3168 2250 sancti
3221 2196 3327 2252 viri
3385 2195 3530 2252 libro

106 2283 203 2339 sit.
238 2281 406 2350 Mihi,
437 2283 835 2339 antecedentia
867 2281 1212 2352 respicienti,
1246 2282 1466 2337 nullum
1502 2282 1907 2353 pr0pemodum
1933 2283 2463 2350 remanetdubium,
2503 2283 2639 2353 quin
2681 2300 2747 2338 ex
2806 2284 3066 2354 Apologia
3102 2300 3206 2355 pro
3264 2285 3535 2340 Christia-

105 2371 205 2426 nis
233 2370 376 2426 illud
409 2375 656 2441 credam,
685 2387 792 2442 qua
817 2371 874 2426 in
911 2373 1235 2441 conjectura
1257 2369 1419 2428 video
1451 2373 1621 2426 etiam
1651 2371 2074 2427 Tillemonlium
2103 2379 2155 2427 et
2192 2373 2496 2442 Depinium
2538 2389 2680 2428 esse.
2728 2372 3062 2431 Observabis
3110 2392 3274 2444 porro
3321 2382 3376 2431 et
3427 2375 3534 2432 hoc

111 2478 183 2519 ex
215 2461 476 2517 Chronici
503 2460 874 2516 Alexandrini
904 2461 1034 2530 fido,
1068 2460 1395 2516 Melitonem
1419 2461 1477 2516 in
1511 2476 1609 2516 sua
1638 2461 1895 2531 Apologia
1956 2462 2151 2516 eadem
2203 2461 2319 2516 fere
2374 2461 2602 2527 dixisse,
2663 2478 2729 2518 ac
2776 2463 3056 2518 Justinum
3115 2472 3416 2533 martyrem
3473 2464 3534 2519 in

108 2567 220 2607 suo
249 2551 590 2622 Apologetico
640 2552 708 2606 ad
761 2553 1108 2605 Antoninum
1173 2551 1352 2604 Pium.
1408 2550 1675 2605 Provocat
1734 2566 1882 2619 saepe
1937 2553 2005 2604 ad
2059 2550 2165 2606 hoc
2227 2551 2601 2621 fragmentum
2634 2551 2972 2607 Whistonus
3003 2553 3140 2626 (84),
3191 2554 3262 2609 ob
3300 2553 3536 2609 haeresin

106 2640 381 2695 Arianam
414 2641 662 2696 Ecclesia
695 2638 1012 2709 Auglicana
1042 2645 1097 2695 et
1128 2638 1424 2694 Academia
1446 2637 2150 2708 Cantabrigiensiejectus.
2183 2640 2274 2694 Sic
2317 2656 2369 2693 ν.
2431 2655 2481 2695 o.
2540 2640 2778 2710 probare
2833 2642 3042 2697 exinde
3100 2645 3302 2707 studet,
3354 2642 3534 2698 Deum

112 2734 339 2784 Patrem
373 2729 540 2785 unice
569 2729 944 2796 adorandum,
977 2735 1030 2784 et
1065 2728 1330 2797 primario
1363 2726 1723 2782 solummodo
1755 2743 1877 2782 esse
1900 2727 2204 2784 colendum
2257 2728 2391 2799 (85).
2453 2727 2624 2784 Porro
2673 2729 2783 2785 hoc
2841 2746 3066 2801 quoque
3119 2733 3252 2788 inde
3309 2732 3532 2788 exscul-

108 2833 254 2888 pere
287 2817 422 2887 vult,
453 2818 742 2874 Christum
777 2819 957 2888 quoad
993 2824 1275 2886 naturam,
1302 2817 1572 2871 attributa
1602 2823 1655 2872 et
1677 2817 2051 2886 perfectiones
2079 2818 2300 2872 divinas
2329 2819 2444 2873 Deo
2466 2818 2614 2873 Patri
2647 2819 3518 2893 multumesseinferiorem(86).

102 2908 354 2964 Sandius
412 2924 633 2979 quoque
691 2908 802 2980 (87)
864 2924 927 2962 ex
981 2907 1088 2963 hoc
1150 2907 1273 2962 loco
1326 2917 1516 2977 aperte
1573 2907 1884 2976 profitetur,
1946 2907 2271 2962 Melitonem
2323 2908 2474 2962 circa
2504 2907 2852 2962 divinitatem
2887 2908 3358 2965 Christisensisse
3389 2927 3517 2965 cum

105 2998 273 3066 Ario,
306 3014 336 3052 ιι
369 3013 606 3068 quorum
642 2996 948 3053 calumniis
979 3012 1093 3052 non
1125 3012 1266 3066 opus
1296 3012 1420 3052 esse
1457 3011 1660 3052 censeo
1693 3003 1751 3051 ut
1785 2995 1980 3050 multis
2009 2995 2308 3050 defendam
2342 2999 2620 3065 nostrum,
2655 2996 2775 3065 qui,
2808 2996 3046 3052 Eusebio
3086 2999 3304 3068 judice,
3359 2999 3515 3054 Chri-

98 3090 180 3144 sti
213 3088 570 3145 divinitatcm
604 3089 793 3160 potius
815 3087 875 3143 in
900 3089 1124 3158 scriptis
1154 3089 1270 3144 suis
1298 3087 1536 3143 astruxit
1560 3087 1818 3157 mirifice,
1851 3087 2318 3156 Servatoremque
2348 3092 2608 3140 nostrum
2656 3089 2829 3139 Deum
2883 3085 3055 3140 simul
3112 3094 3277 3157 atque
3336 3088 3520 3143 homi-

101 3195 242 3236 nem
275 3196 468 3236 verum
501 3179 924 3236 demonstravit.

1318 3271 1344 3337 §
1372 3269 1464 3327 ιν,
1490 3271 1713 3340 Fragm.
1746 3263 2094 3340 εωἘκλογῶν
2131 3265 2314 3321 libris.

181 3388 510 3444 Proximum
542 3387 942 3460 fragmentum,
976 3388 1124 3460 quod
1157 3383 1524 3461 ϐΧἘκλογῶν
1557 3385 1831 3458 prommio
1861 3385 2223 3455 desumptum
2258 3393 2364 3451 est,
2398 3384 2584 3438 denuo
2631 3383 2784 3439 dabit
2829 3383 3123 3456 Eusebius,
3161 3385 3328 3442 citato
3377 3385 3525 3457 loco,

100 3479 279 3535 itade
340 3479 538 3535 eodem
595 3478 902 3550 praefatus:
961 3474 1140 3533 Ἀλλὰ
1183 3479 1353 3530 ταῦτα
1413 3476 1504 3548 μὲν
1552 3475 1603 3529 ἐν
1662 3479 1740 3546 τῷ
1793 3470 1816 3527 δ

1955 3475 2096 3537 θέντι
2153 3471 2381 3526 τέθειται
2441 3470 2617 3547 λόγῳ,
2674 3470 2724 3526 ἐν
2783 3468 2839 3526 δὲ
2866 3477 2984 3536 ταῖς
3013 3471 3348 3548 τγραφείσαις
3380 3472 3527 3546 αὖτῷ

102 3564 406 3641 Ἐκλογοῖς
459 3567 486 3620 ὁ
545 3567 708 3627 αὐτὸς
762 3568 895 3639 μετᾶ
952 3567 1012 3620 τὸ
1071 3565 1363 3641 προοίμιον
1421 3565 1752 3640 ἀρχόμενος,
1801 3566 1908 3616 τῶν
1961 3558 2424 3634 ὁμολογουμένων
2461 3567 2561 3629 τῆς
2627 3559 2872 3623 Παλαιᾶς
2958 3563 3232 3633 Διαοήκης
3297 3565 3521 3641 Γραφῶν

107 3661 352 3711 ποιεῖται
387 3656 709 3730 κατάλογον⁴
745 3655 802 3710 ὅν
823 3656 913 3712 καὶ
963 3655 1244 3731 ἀναγκαῖον
1295 3655 1520 3718 ἐνταῦθα
1562 3651 1849 3722 καταλέξαι
1903 3651 2210 3726 ἡγούμεθα,
2270 3649 2467 3725 ἔχοντα
2517 3648 2604 3705 ἐπὶ
2643 3649 2838 3721 λέξεως
2863 3652 3058 3713 οὕτως·
3090 3655 3132 3710 i.
3171 3670 3220 3710 e.
3257 3676 3285 3706 ι(
3315 3655 3528 3710 Haecin

108 3762 290 3818 supra
319 3747 472 3803 dicto
504 3747 790 3803 Melitonis
823 3748 968 3804 libro
995 3748 1296 3819 (Apologia?
1325 3745 1477 3817 scil.)
1512 3746 1794 3816 leguntur.
1833 3744 1987 3799 Idem
2023 3743 2081 3797 in
2114 3744 2418 3813 Excerplis,
2451 3741 2520 3796 ab
2545 3741 2670 3813 ipso
2692 3744 3039 3813 compositis,
3074 3736 3366 3800 universos
3411 3744 3525 3800 Ve-

109 3838 252 3890 teris
273 3835 617 3892 Testamenti
679 3835 871 3904 libros,
928 3837 1020 3907 qui
1052 3836 1308 3891 omnium
1358 3849 1638 3893 consensu
1672 3833 1880 3903 recepti
1941 3841 2094 3900 sunt,
2145 3833 2332 3888 statim
2383 3833 2442 3887 in
2489 3833 2767 3902 principio
2824 3833 3010 3902 Operis
3043 3843 3313 3891 recenset.
3348 3836 3527 3902 Quem

105 3927 348 3998 quidem
371 3927 620 3983 indicem
653 3928 760 3983 hoc
793 3928 914 3984 loco
944 3943 1233 3999 apponere
1263 3925 1649 3982 necessarium
1681 3923 1889 3995 putavi.
1923 3922 2014 3978 Sic
2045 3929 2232 3978 autem
2264 3921 2434 3977 habet
2463 3922 2530 3976 ad
2565 3921 2794 3977 verbum
2828 3937 2841 3976 :
2878 3943 2905 3971 n

193 4051 446 4109 Μελίτων
482 4053 772 4126 Ὀνησίμῳ,
796 4055 910 4127 (88(
937 4056 1016 4124 τῷ
1047 4049 1269 4129 ἀδελφῷ
1299 4053 1412 4124 (89)
1437 4051 1675 4130 χαίρειν.

196 4139 421 4211 Ἐπειδὴ
454 4139 726 4202 πολλάκις
757 4141 1020 4211 ⁴ἧξῖωσας,
1044 4136 1253 4213 σπουδῇ
1284 4143 1352 4213 τῇ
1384 4139 1519 4213 πρὸς
1551 4139 1640 4192 τὸν
1672 4133 1768 4192 λό-

104 4253 212 4309 γον
248 4232 566 4310 χρώμενος,
591 4229 836 4306 γενέσθαι
869 4251 955 4284 σοι
987 4228 1216 4305 ἐκλογὰς
1247 4227 1307 4283 ἔκ
1334 4249 1391 4282 τε
1419 4231 1514 4282 τοῦ
1571 4227 1766 4300 νόμου,

106 4322 206 4376 καὶ
236 4325 347 4375 τῶν
381 4325 706 4396 προφητῶν,
736 4319 858 4394 περὶ
888 4323 988 4374 τοῦ
1024 4325 1284 4392 Σωτῆρος
1312 4317 1402 4372 καὶ
1433 4318 1640 4386 πάσης·
1668 4324 1771 4386 τῆς

113 4412 354 4473 πίστεως
387 4405 671 4484 ἡμῶν,ἕτι
701 4430 758 4466 τε
803 4410 894 4464 καὶ
955 4414 1142 4484 μαθεῖν
1189 4411 1286 4479 τήν
1344 4412 1450 4462 τῶν
1518 4408 1767 4464 παλαιῶν

65 4557 70 4562 ,
115 4496 361 4577 βιϐλίων
391 4495 707 4569 ἐϐουλήθης
739 4493 1040 4573 ἀκρίϐειαν,
1075 4498 1216 4553 πόσα
1244 4498 1336 4552 τὸν
1390 4498 1644 4571 ἀριθμὸν,
1677 4499 1766 4552 καὶ

69 4660 72 4661 ν
114 4593 291 4647 ὁποῖα
313 4590 416 4659 τὴν
444 4587 590 4661 τάξιν
624 4588 752 4656 εἶεν,
797 4584 1101 4642 ἐσπούδασα
1153 4587 1215 4642 τό
1273 4589 1490 4641 τοιοῦτο
1547 4588 1766 4660 πρᾶξαι,

112 4764 220 4820 ubi
251 4777 315 4818 ex
338 4761 426 4818 bis
456 4760 598 4830 ipsis
631 4759 913 4815 Melitonis
943 4758 1127 4814 verbis
1159 4759 1639 4829 probat,edictum
1669 4760 1774 4816 sub

115 4837 208 4893 Pii
242 4833 473 4890 nomine
490 4833 634 4901 apud
662 4830 991 4894 Eusebium,
1012 4831 1154 4903 ideo
1185 4830 1268 4903 Pii
1292 4849 1414 4888 esse
1446 4849 1559 4888 non
1587 4849 1770 4903 posse,

116 4907 256 4979 quia
279 4906 350 4960 sit
389 4900 728 4979 inscriptum
750 4900 1073 4979 eduxerunt
1119 4900 1328 4979 ζΑσίας,
1369 4900 1604 4959 οη]Μέ
1626 4900 1770 4960 Asiae

122 4972 316 5042 urbes,
347 4992 464 5031 non
499 4991 626 5029 vero
649 4975 714 5028 ad
750 4972 999 5029 Helladis
1026 4973 1280 5029 civitates
1311 4981 1551 5030 tantum.

195 5049 307 5118 (83)
359 5045 643 5101 Editionis
697 5045 1023 5108 Parisianre,
1084 5060 1253 5118 quam
1303 5047 1493 5118 studio
1539 5053 1593 5101 et
1623 5061 1770 5100 curm

118 5117 310 5176 Caroli
367 5119 668 5186 Dufresnc,
734 5121 892 5172 Dom.
967 5118 1044 5170 Du
1077 5117 1264 5186 Gange
1313 5117 1605 5184 debemus,
1641 5134 1764 5184 pag.

114 5194 251 5256 258,
280 5190 413 5245 etin
449 5189 681 5260 Corpore
707 5188 1036 5260 Byzantina,
1099 5195 1233 5244 tom.
1295 5188 1396 5257 Ill,
1461 5206 1582 5259 pag.
1641 5189 1767 5256 206,

119 5265 263 5320 edit.
300 5261 494 5318 Venet.

194 5334 481 5406 (Whiston
544 5331 749 5406 inhis
807 5331 1050 5406 Account
1107 5333 1162 5406 ot
1218 5331 1310 5387 the
1373 5331 1531 5406 Eaith
1575 5333 1635 5406 of
1662 5331 1772 5406 _th_e

117 5402 236 5464 two
265 5406 383 5476 ﬁrst
415 5403 720 5472 Centuries,
753 5405 1082 5476 concerning
1113 5402 1202 5458 the
1233 5418 1362 5476 oper
1393 5403 1603 5459 blessed
1660 5402 1772 5458 Tri-

117 5473 273 5547 nily,
297 5476 408 5532 and
438 5477 531 5530 the
561 5473 1015 5547 lncarnationdof
1025 5490 1126 5547 oar
1145 5475 1303 5530 Lord.

195 5545 305 5619 (85)
331 5548 506 5604 Artic.
537 5547 595 5612 2,
628 5562 756 5618 pag.
779 5547 869 5599 69.
893 5545 1148 5619 _Titul_us
1182 5545 1600 5619 hujusarticuli
1631 5549 1716 5601 est
1751 5561 1764 5602 :

119 5615 236 5677 God
267 5615 356 5675 the
389 5615 728 5682 Fatherjmd
747 5619 831 5671 He
859 5615 1024 5671 alone
1055 5616 1105 5669 is
1135 5626 1187 5672 to
1215 5617 1577 5688 beprimarily
1599 5633 1768 5672 wors-

116 5691 315 5768 hipp’d
340 5690 458 5768 and
479 5689 711 5746 adord’d
735 5705 748 5755 ;
777 5705 844 5742 or
865 5688 935 5768 in
958 5688 1048 5742 the
1069 5692 1208 5768 _mo_st
1223 5705 1425 5768 propre
1453 5688 1770 5768 sense,_and

116 5759 192 5825 in,
218 5759 310 5819 the
342 5762 553 5832 highest
576 5775 807 5816 manner
837 5777 850 5816 :
880 5761 962 5816 He
989 5760 1115 5830 only
1151 5759 1310 5829 being
1328 5759 1430 5816 the
1451 5760 1683 5830 _0bjecto
1714 5762 1778 5831 of

2214 4049 2409 4105 Melito
2441 4049 2710 4106 Onesimo
2740 4049 2894 4106 fratri
2922 4050 3184 4107 salutem.

1950 4141 2090 4198 Cnm
2126 4155 2226 4211 pro
2252 4155 2444 4194 amore
2474 4155 2539 4195 ac
2571 4140 2756 4196 studio
2789 4146 2882 4194 tuo
2941 4156 3072 4210 erga
3131 4139 3360 4196 verbum
3400 4140 3523 4208 Dei,

1880 4231 2081 4299 saepius
2110 4247 2140 4283 a
2197 4245 2284 4284 me
2338 4227 2728 4298 postulaveris,
2767 4234 2828 4284 ut
2884 4239 3141 4299 excerpta
3173 4231 3428 4300 quaedam
3461 4247 3528 4286 ex

1883 4321 2002 4388 lege
2033 4323 2087 4376 et
2119 4319 2426 4390 prephetis,
2454 4334 2578 4388 quae
2606 4320 2671 4374 ad
2703 4320 3050 4375 Servatorem
3091 4329 3144 4376 et
3192 4321 3259 4375 ad
3295 4321 3527 4378 univer-

1881 4424 1999 4463 sam
2060 4408 2226 4463 tidem
2278 4416 2525 4462 nostram
2586 4409 2892 4477 pertinent,
2925 4409 3026 4464 tibi
3084 4425 3525 4480 componerem;

1881 4512 2121 4568 cumque
2159 4497 2333 4553 libros
2382 4497 2600 4553 Veteris
2629 4497 2974 4554 Testamenti
3007 4507 3266 4556 accurate
3321 4517 3527 4572 cogno-

1883 4603 2040 4644 scere
2067 4586 2484 4658 concupiveris,
2519 4594 2650 4656 quot
2697 4603 2934 4643 numero
2987 4597 3039 4645 et
3097 4606 3206 4662 quo
3264 4590 3380 4646 sint
3434 4606 3528 4648 or-

1885 4761 1972 4815 the
1995 4775 2247 4832 supreme
2275 4757 2465 4833 degree
2495 4760 2557 4829 of
2568 4757 2711 4833 (such
2743 4757 2932 4833 divine
2960 4759 3199 4833 worship
3246 4760 3355 4817 and
3396 4762 3526 4819 ado-

1885 4829 2071 4886 ττιίίοή
2104 4831 2339 4901 through
2360 4835 2522 4885 Jesus
2551 4829 2777 4884 Christi.
2975 4849 2987 4885 :

1958 4903 2363 4975 (86),Artic.8,
2407 4918 2527 4975 pag.
2583 4902 2712 4975 184,
2770 4902 3096 4975 inscribitur
3155 4905 3262 4961 hoc
3320 4911 3528 4975 caput:

1882 4971 2032 5030 Jes'us
2053 4971 2290 5039 'Christi,
2321 4973 2411 5028 the
2439 4971 2613 5042 Word,
2643 4975 2753 5027 and
2774 4989 2868 5028 son
2893 4978 2951 5043 of
2977 4973 3106 5034 God.
3158 4978 3206 5030 is
3250 4995 3286 5031 a
3342 4971 3530 5032 divine

1884 5047 2087 5117 Being,
2119 5061 2180 5102 or
2210 5049 2438 5111 Persen,
2466 5046 2561 5117 [ar
2608 5044 2843 5112 in/erior
2872 5049 2923 5099 to
2973 5046 3061 5100 his
3099 5047 3297 5104 Fat/ter
3327 5049 3386 5104 in
3423 5066 3525 5103 na-

1884 5115 2346 5181 ture,'atlributes
2378 5115 2487 5169 and
2512 5118 2856 5185 per/ections.

1953 5188 2063 5261 (87)
2095 5191 2336 5261 Sandius
2369 5189 2424 5242 in
2458 5187 2658 5243 Nucleo
2689 5189 2817 5261 hist.
2842 5189 3061 5261 (eccles,
3096 5206 3223 5261 pag.
3261 5191 3344 5245 l3.

1950 5259 2064 5333 (88)
2102 5260 2404 5333 Nicephor.
2437 5261 2579 5314 Hist.
2613 5259 2806 5314 eccles.
2841 5259 2938 5315 lib.
2964 5278 3040 5325 ιν,
3074 5259 3199 5333 οθρῖ
3237 5264 3324 5332 10,
3373 5262 3524 5319 One-

1881 5328 2173 5399 siphorum
2208 5328 2444 5386 vocavit.

1950 5402 2060 5472 (89)
2093 5403 2335 5476 Fratrem
2372 5405 2554 5476 vocat,
2586 5401 2702 5457 sive
2733 5403 2877 5472 quod
2902 5410 3061 5458 erant
3096 5405 3295 5460 iisdem
3329 5421 3528 5476 paren-

1878 5473 2030 5527 tibus
2065 5473 2199 5536 nati,
2242 5474 2357 5528 sive
2388 5474 2534 5541 quod
2574 5483 2686 5527 erat
2720 5476 3091 5529 Christianus.
3126 5473 3526 5532 Tillembntius

1878 5544 2055 5619 et_qui
2089 5560 2216 5599 eum
2248 5549 2318 5619 ut
2346 5543 2817 5619 plurimumna'cz‘z
2876 5541 3018 5619 πόδα
3066 5550 3339 5618 sequitur,
3374 5565 3523 5619 saepe

1878 5615 2048 5690 etiam
2072 5616 2351 5690 exscribit
2380 5613 2626 5684 Ccillier,
2655 5616 2713 5669 ll.
2739 5632 2823 5673 co.
2857 5613 3199 5690 Christianos
3227 5613 3525 5690 primaev'os

1877 5703 1939 5762 se
1970 5688 2210 5762 invicem
2236 5688 2484 5762 fratrum
2519 5689 3114 5762 nomineappellasse,
3164 5688 3362 5762 probat
3394 5692 3526 5749 Bin.

1859 5759 2042 5830 .gbam
2083 5758 2301 5830 Origin.
2333 5773 2476 5813 sacr.
2511 5756 2619 5813 vol.
2653 5760 2696 5812 Ι.
2735 5756 2832 5816 lib}
2855 5756 2907 5831 '1,
2941 5776 3066 5832 cap.
3104 5756 3156 5818 1.
