3922 6304
397 372 552 433 1215

1479 370 1544 429 S.
1594 366 1887 428 MELITO
1933 367 2287 430 SARDIUM
2332 367 2783 432 EPISCOPUS.

3671 370 3829 428 1216

400 504 535 559 dine
568 501 894 572 conscripti,
929 501 1281 574 idgperﬁcere
1317 501 1478 556 omni
1527 501 1716 557 studio
1775 499 2042 557 laboravi.

2239 497 2516 573 ιστάμενὸς
2545 521 2640 556 σου
2678 501 2740 555 τὸ
2773 497 3066 556 σπουδαῖον
3115 498 3239 575 περὶ
3292 501 3389 569 τὴν
3446 500 3661 569 πίστιν,
3731 502 3822 552 καὶ

400 591 530 647 Scio
562 592 773 663 quippe
795 598 1003 660 quanto
1029 590 1158 645 tidei
1189 591 1409 658 ardore,
1441 597 1491 645 et
1526 598 1735 661 qnanta
1797 590 2056 646 discendi

399 682 701 751 capiditate
733 686 951 751 ﬂagres,
989 688 1149 752 teque
1199 680 1482 751 proscipue
1511 679 1583 736 ob
1642 697 1895 736 amorem
1961 679 2056 735 Dei

397 771 503 826 ista
529 770 793 826 omnibus
827 770 1000 825 rebus
1030 770 1310 826 anteferre
1357 787 1457 841 pro
1512 773 1804 840 comperto
1855 768 2053 834 habeo,

400 868 452 917 et
482 869 705 917 αξιοι-ηερ
737 859 936 916 salutis
967 859 1287 916 obtinendae
1321 876 1488 915 causa
1511 863 1818 918 decertare.

469 951 582 1020 Ego
615 949 784 1020 igitur
814 965 945 1006 cum
977 949 1037 1005 in
1070 949 1359 1006 Orientem
1407 949 1689 1019 profectus
1734 965 1938 1018 essem,
1999 953 2056 1005 et

397 1041 466 1096 ad
501 1040 688 1096 locum
720 1040 905 1110 ipsum
939 1040 1344 1111 pervcnissem,
1378 1041 1435 1095 in
1471 1056 1578 1112 quo
1610 1041 1728 1096 haec
1789 1048 1842 1096 ct
1913 1057 2056 1110 prm-

401 1131 583 1186 dicata
614 1138 666 1185 et
718 1137 872 1200 gesta
929 1130 1065 1186 olim
1125 1131 1372 1199 fuerunt,
1431 1129 1654 1185 Veteris
1709 1131 2055 1186 Testamenti

399 1223 579 1279 libros
632 1224 938 1294 diligenter
994 1224 1193 1291 didici,
1245 1241 1554 1294 eorumque
1610 1225 1858 1282 indicem
1909 1223 2056 1280 intra

396 1311 717 1382 subjectum
747 1314 815 1368 ad
851 1320 902 1369 te
926 1313 1075 1368 misi.
1111 1317 1202 1367 Est
1234 1321 1424 1369 autem
1456 1314 1772 1384 eiusmodi:

467 1401 680 1470 Moysis
713 1401 841 1457 libri
875 1403 1128 1474 quinque
1162 1418 1174 1456 :
1225 1403 1480 1471 Genesis,
1541 1404 1795 1469 Exodus,
1850 1402 2053 1459 Leviti-

395 1490 1300 1559 cus,Numeri,Deuteronomium
1330 1512 1343 1560 ;
1368 1495 1528 1548 .lesus
1556 1492 1758 1562 Naves,
1799 1493 2054 1561 Iudices,

399 1581 570 1646 Ruth,
603 1579 924 1651 Regnorum
949 1581 1081 1636 libri
1105 1587 1368 1652 quatuor,
1410 1584 1884 1653 Paralipomenon
1916 1584 2049 1647 duo,

397 1670 608 1724 Psalmi
641 1670 888 1737 Davidis,
924 1671 1243 1728 Salomonis
1308 1673 1627 1744 Proverbia,
1679 1691 1802 1743 quae
1844 1679 1898 1729 et
1948 1673 2049 1727 Sa-

398 1759 632 1830 pientia,
687 1759 1081 1828 Ecclesiastes,
1153 1762 1446 1817 Canticum
1502 1763 1875 1829 canticorum,
1925 1762 2050 1828 Job,

2164 589 2468 664 φιλομαοές
2493 591 2614 666 περὶ
2636 592 2728 645 τὸν
2742 588 2932 666 λόγον⁸
2961 589 3045 645 ὅτι
3082 611 3133 644 τε
3157 588 3392 662 μάλιστα
3413 591 3640 644 πάντων
3669 588 3823 660 πόθῳ

2162 685 2240 752 τῷ
2282 681 2416 753 πρὸς
2449 682 2576 736 Θεὸν
2609 684 2778 736 ταῦτα
2815 679 3128 755 προκρίνεις
3157 678 3280 755 περὶ
3311 685 3409 748 τῆς
3441 677 3678 734 αἰωνίου
3717 701 3821 732 σω-

2160 768 2352 845 τηρίας
2380 770 2801 846 ἀγωνιζόμενος.

2237 930 2506 996 Ἀνελοὼν
2540 931 2632 988 οὗν
2653 933 2728 995 εἷς
2752 933 2845 1001 τήν
2879 929 3150 1001 ἀνατολὴν
3181 933 3317 1004 (90),
3349 931 3438 986 καὶ
3471 927 3583 994 ἕως
3609 934 3719 986 τοῦ
3739 931 3828 985 τό·

2161 1041 2270 1075 που
2295 1024 2610 1096 γενόμενος,
2642 1017 2764 1079 ἔνθα
2795 1021 3078 1101 ἐκηρύχθη
3112 1021 3199 1076 καὶ
3234 1020 3510 1098 ἐπράχθη,
3536 1021 3628 1074 καὶ
3668 1020 3828 1094 ἀκρι-

2163 1105 2275 1172 ϐῶς
2309 1113 2493 1185 μαθὼν
2526 1111 2594 1167 τὰ
2623 1119 2721 1182 τῆς
2757 1111 2999 1173 Παλαιᾶς
3032 1112 3307 1182 Διαθήκης
3341 1104 3514 1186 βιϐία,
3553 1110 3830 1180 ὑποτάξας

2161 1195 2379 1276 ἔπεμψά
2403 1222 2510 1274 σοι,
2539 1203 2612 1256 ὧν
2642 1200 2754 1258 ἐστι
2789 1203 2856 1256 τὰ
2886 1201 3150 1275 ὀνόματα.

2232 1384 2511 1442 Muttito-stoc;
2543 1380 2718 1437 πέντε·
2753 1381 2987 1448 Γὲνεσις,
3014 1377 3264 1450 ’¹Εξοδος,
3312 1379 3628 1452 Λευιτικὸν,
3668 1380 3825 1453 Ἀρι·

2161 1474 2315 1546 Ομοὶ,
2359 1471 2806 1547 Δευτερονὸμιον·
2855 1472 3064 1541 Ἰησοῦς
3125 1475 3298 1538 Ναυῆ,
3356 1468 3574 1543 Κριταὶ,
3639 1473 3828 1533 Ῥουθ,

2160 1561 2464 1620 Βασιλειῶν
2492 1561 2746 1635 τέσσαρα,
2808 1554 3306 1636 Παραλειπομὲνων
3377 1556 3494 1625 δύο,
3557 1557 3826 1628 Ψὰλμῶν

2158 1650 2349 1722 Δαϐὶδ,
2381 1652 2750 1726 Σολομῶντος
2793 1649 3114 1726 Παροιμίαι,
3142 1650 3195 1704 αἳ
3231 1649 3320 1704 καὶ
3345 1650 3521 1726 Σοφία
3551 1650 3831 1721 (9|),’Ez-

2157 1743 2514 1814 κλησιαστής,
2553 1743 2738 1814 ’ᾼσμα
2766 1734 3206 1813 ᾀσμάτων,’1ὼϐ,
3237 1741 3542 1815 Προφητῶν
3570 1737 3828 1804 Ἡσαῖου,

2156 1832 2572 1908 Ἱερεμίου,τῶν
2607 1828 2817 1886 δώδὲκα
2846 1829 2897 1885 ἐν
2962 1823 3308 1901 μονοϐίϐλφ,
3363 1825 3592 1896 Δανιήλ,
3661 1826 3828 1880 ’13::-

2158 1922 2314 1992 κιήλ,
2349 1918 2606 1996 Ἔσδρας.
2637 1921 2724 1990 Ἐξ
2758 1920 2831 1974 ὧν
2855 1921 2944 1974 καὶ
2974 1919 3069 1980 τὰς
3103 1917 3328 1995 ἐκλογὰς
3362 1915 3723 1992 ἐποιησάμην
3753 1914 3830 1975 εἷς

2155 2012 2207 2088 ἓξ
2253 2010 2450 2088 βιϐλία
2481 2009 2700 2071 διελών,

396 1849 801 1921 prOphetarum
860 1851 1038 1919 Isaiae,
1074 1852 1356 1920 Jeremiae,
1391 1858 1449 1908 et
1481 1853 1776 1909 duodecim
1806 1852 2046 1923 prOpbe-

399 1945 580 1994 tarum
613 1937 758 1994 liber
790 1955 958 2010 unus,
994 1940 1212 2010 Daniel,
1255 1942 1535 2008 Ezechiel,
1569 1942 1790 1999 Esdras.
1825 1943 1905 1996 Ex
1960 1940 2048 1996 his

392 2025 566 2098 igitur
619 2034 883 2098 excerpta
934 2028 1162 2098 collegi,
1223 2044 1343 2099 qua:
1378 2029 1436 2084 in
1468 2045 1565 2086 sex
1596 2027 1772 2085 libros
1804 2028 2043 2099 partitus

393 2131 541 2172 SUHL

470 2206 585 2262 Hoc
615 2205 995 2276 fragmentum
1030 2205 1114 2263 vel
1147 2206 1274 2262 ideo
1302 2207 1586 2276 quantivis
1615 2207 1781 2279 pretii
1811 2213 1894 2263 est
1924 2200 2326 2276 reputandum,
2359 2195 2493 2268 quia
2523 2202 2780 2252 exactum
2805 2208 3098 2251 sacrorum
3148 2191 3450 2259 librorum,
3493 2191 3558 2247 in
3609 2204 3836 2246 canone

395 2292 614 2350 Veteris
645 2295 986 2351 Testamenti
1036 2303 1412 2365 recepturum,
1461 2297 1718 2352 continet
1769 2293 2109 2364 catalogum,
2163 2289 2260 2362 qui
2306 2286 2565 2344 omnium
2621 2284 2839 2355 primus
2887 2290 2992 2350 est,
3048 2297 3214 2354 quem
3272 2281 3420 2352 apud
3467 2279 3836 2336 Christianos

399 2385 701 2454 scriptores
781 2386 1126 2442 invenimus.
1186 2388 1497 2445 Adornavit
1546 2404 1612 2442 ex
1664 2386 1919 2443 Patribus
1964 2385 2214 2440 diversas
2267 2376 2504 2434 canonis
2553 2375 2851 2444 Scripturaa
2920 2387 3091 2428 sacrae
3122 2370 3561 2427 constitutiones
3593 2368 3839 2424 illustris

399 2473 728 2542 reipubiicae
761 2475 1084 2530 Brcmcnsis
1115 2478 1404 2547 quondam
1439 2478 1732 2546 syndicus,
1759 2475 2056 2532 Gehardus
2082 2488 2190 2530 van
2241 2465 2558 2532 Mastricht,
2619 2463 2680 2519 in
2738 2461 3086 2518 Bibliotheca
3129 2459 3438 2516 Bremencis
3487 2459 3686 2515 classe
3740 2476 3841 2525 vn,

397 2563 669 2619 fasciculo
699 2580 740 2635 ι,
775 2573 970 2634 postea
1000 2581 1252 2632 recusas,
1283 2582 1407 2636 quae
1438 2568 1682 2623 conferri
1715 2569 2137 2637 poteruntcum
2170 2561 2272 2614 135
2307 2554 2713 2618 schematibus,
2765 2554 2828 2609 in
2885 2553 3092 2624 quibus
3151 2551 3278 2607 libri
3340 2549 3538 2606 biblici
3594 2549 3827 2606 diverso

397 2651 595 2710 ordine
643 2654 1004 2720 exhibentur,
1058 2655 1278 2711 Humt'r.
1334 2656 1518 2723 llodii,
1569 2660 1635 2712 ad
1697 2656 1911 2712 calcem
1966 2649 2276 2724 peregregii
2321 2646 2453 2702 libri
2502 2646 2574 2700 De
2619 2642 2916 2699 bibliorum
2974 2641 3214 2698 teretibus
3263 2639 3676 2710 originalibus,
3738 2637 3831 2709 qui

399 2741 582 2798 Oxon.
624 2743 783 2809 1706,
836 2743 894 2799 in
945 2744 1142 2815 primae
1197 2745 1606 2816 magnitudinis
1647 2746 1828 2802 {arma
1875 2742 2102 2815 prodiit.
2155 2739 2282 2796 Non
2331 2750 2561 2809 prorsus
2603 2733 2921 2805 spernenda
2959 2733 3102 2788 ratio
3150 2730 3295 2787 mihi
3340 2731 3587 2798 videtur,
3663 2744 3830 2800 quam

400 2832 735 2888 Whistonus
767 2834 882 2905 (92)
907 2834 1174 2900 reddidit,
1207 2851 1378 2906 quare
1407 2836 1619 2901 Melito,
1653 2836 1722 2891 de
1749 2849 1971 2891 canone
2013 2832 2292 2888 librorum
2335 2841 2627 2885 sacrorum
2680 2823 2965 2896 quaesitus,
3017 2838 3160 2892 Opus
3218 2820 3481 2877 habuerit
3535 2819 3836 2875 Orientem

399 2922 558 2994 prius
596 2924 772 2993 adire,
813 2939 942 2980 cum
995 2932 1184 2980 tamen
1233 2932 1523 2996 receptum
1572 2941 1692 2981 suae
1740 2923 2005 2981 Ecclesiae
2054 2935 2357 2983 canonem,
2401 2923 2595 2987 utpote
2627 2930 2735 2986 quo
2786 2929 2893 2971 nec
2939 2911 3100 2968 illam
3145 2911 3394 2968 caruisse
3449 2909 3836 2977 credendum,

401 3013 781 3068 transcribere
801 3013 990 3068 statim
1028 3012 1342 3084 potuisset;
1375 3029 1654 3070 canouem
1687 3013 1906 3070 scilicet
1935 3011 2213 3068 librorum
2254 3020 2540 3064 sacrorum
2576 3019 2689 3060 una
2744 3017 2879 3059 cum
2935 2999 3438 3057 constitutionibus
3497 2996 3838 3068 apostolicis

403 3117 520 3157 non
552 3101 822 3156 omnibus
855 3102 1174 3170 promiscue
1204 3102 1475 3159 Ecclesiis
1505 3103 1676 3158 fuisse
1705 3100 2116 3166 concreditum,
2149 3099 2244 3154 sed
2279 3097 2348 3152 iis
2379 3101 2596 3150 tantum
2629 3107 2766 3163 quas
2793 3090 3038 3162 apostoli
3066 3089 3174 3159 ipsi
3229 3087 3646 3160 plantaverint,
3705 3103 3839 3158 qua-

404 3205 530 3246 rum
558 3190 654 3246 ille
684 3190 790 3261 (93)
823 3192 887 3245 19
919 3200 1204 3259 numerat,
1237 3199 1290 3246 et
1320 3192 1464 3247 inter
1494 3208 1632 3262 quas
1666 3189 1959 3247 Sardensis
1989 3205 2107 3246 non
2144 3193 2398 3260 apparet.
2454 3182 2757 3240 Difﬁcilius
2798 3185 2990 3238 autem
3037 3179 3223 3237 eidem
3264 3178 3382 3234 viro
3437 3177 3836 3233 eruditissimo

407 3279 702 3346 assentior,
737 3279 971 3348 quando
1001 3280 1298 3336 contendit
1319 3280 1604 3337 Melilonis
1633 3295 1910 3336 canonem
1943 3277 2348 3348 transcriptum
2381 3273 2553 3330 fuisse
2578 3283 2644 3328 ex
2677 3271 2896 3328 canode
2925 3270 3053 3338 isto,
3103 3268 3199 3339 qui
3245 3269 3304 3323 in
3353 3267 3527 3332 libro,
3592 3267 3840 3323 Conone:

403 3376 692 3458 apostolici
721 3377 893 3444 dicto,
925 3393 1050 3446 cap.
1083 3379 1152 3432 86
1182 3385 1462 3448 occurrat,
1496 3381 1660 3448 cujus
1689 3375 2029 3451 γνησιὸτητα
2060 3374 2330 3434 omnibus
2363 3371 2597 3437 viribus,
2632 3368 2748 3426 imo
2779 3367 2864 3425 vel
2899 3384 2964 3425 ev
2994 3367 3114 3438 ipso
3145 3366 3253 3424 hoc
3313 3364 3610 3422 Melitonis
3666 3364 3828 3420 libro-

409 3482 534 3524 rum
568 3466 906 3524 biblicorum
944 3467 1219 3538 catalogo,
1249 3468 1636 3526 demonstrare
1666 3483 1853 3540 Operae
1885 3467 2130 3538 pretium
2160 3464 2340 3521 duxit.

1527 3616 1595 3669 V.
1626 3617 2018 3684 Fragmentum
2041 3625 2111 3666 cx
2129 3618 2334 3666 catena
2360 3605 2421 3662 in
2441 3606 2695 3662 ϐοηθοίη.

477 3741 603 3796 Alia
634 3737 964 3809 fragmenta,
1001 3754 1123 3810 quas
1155 3753 1310 3794 nunc
1339 3737 1504 3804 dabo,
1539 3754 1602 3794 ex
1641 3745 1841 3795 catena
1867 3738 2106 3809 quadam
2167 3731 2555 3802 manuscripts
2603 3747 2636 3784 a
2692 3726 2900 3784 Jacobo
2958 3725 3267 3782 Sirmundo
3320 3722 3623 3795 descripta
3681 3730 3834 3795 atque

409 3830 688 3886 Halloixio
719 3829 1142 3885 communicata
1164 3830 1415 3895 fuerunt,
1449 3830 1544 3900 qui
1574 3829 1672 3884 illa
1703 3844 1925 3900 quoque
1947 3822 2449 3898 imprimicuravit
2478 3837 2544 3876 ex
2578 3825 2754 3891 parte.
2788 3816 2996 3872 Eadem
3052 3822 3265 3886 postea,
3317 3820 3372 3868 et
3425 3813 3626 3870 adhuc
3683 3815 3832 3886 plura

401 3919 679 3976 hactenus
713 3919 970 3974 nondum
999 3919 1170 3984 edita,
1204 3935 1270 3974 ex
1305 3918 1522 3988 duplici
1554 3919 1750 3975 codice
1780 3919 1838 3973 in
1872 3917 2102 3988 gratiam
2135 3916 2223 3970 Jo.
2263 3917 2480 3968 Ernest.
2517 3909 2713 3966 Grabii
2747 3906 3043 3977 descripsit
3075 3903 3494 3962 eruditissimus
3549 3904 3735 3962 Mich.
3776 3904 3832 3959 Le

404 4010 610 4080 Quien,
642 4025 709 4065 cx
743 4007 906 4078 cujus
935 4007 1283 4078 autographo
1319 4007 1440 4064 haec
1455 4007 1751 4078 descripsi,
1785 4007 1944 4073 verti,
1971 4013 2025 4061 et
2056 4004 2347 4060 variantes
2376 4015 2509 4058 cum
2538 3997 2826 4058 Hatloixio
2855 3996 3138 4052 adnotavi.

1794 4128 2114 4191 Μελίτωνος
2148 4124 2425 4203 Σάρδεων.

408 4287 518 4342 Pro
560 4285 755 4341 Isaaco
807 4286 962 4357 justo
1011 4285 1270 4356 apparuit
1319 4286 1464 4342 aries
1515 4286 1577 4342 in
1628 4287 2054 4352 mactationem,

409 4383 471 4432 ut
493 4376 737 4433 vinculis
771 4376 932 4432 Isaac
953 4377 1358 4433 exsolverctur.
1387 4377 1486 4434 Ille
1516 4385 1790 4434 mactatus
1823 4379 2058 4435 redemit

412 4463 666 4520 lsaacum
694 4482 708 4521 :
741 4465 818 4521 ita
847 4469 904 4521 et
948 4465 1226 4521 Dominus
1277 4473 1453 4522 morte
1503 4481 1606 4522 sua
1646 4483 1749 4522 nos
1800 4467 2057 4536 salvavit,

410 4559 465 4608 et
489 4552 737 4611 vinculis
769 4554 886 4610 suis
920 4570 1022 4609 nos
1051 4553 1334 4626 liberavit,
1393 4571 1602 4626 suaque
1659 4555 2054 4612 immolatione

411 4657 515 4699 nos
545 4643 803 4699 redemit.

479 4769 544 4824 Et
561 4776 682 4840 post
709 4785 886 4841 pauca
919 4783 934 4824 :

478 4857 605 4913 Erat
636 4857 789 4914 enim
822 4857 1100 4914 Dominus
1130 4873 1331 4929 agnus,
1351 4859 1421 4915 ad
1454 4859 1632 4916 instar
1660 4859 1851 4917 arietis
1879 4859 2056 4931 illius,

488 5038 595 5108 (90)
626 5039 967 5095 Whisthono
989 5038 1351 5108 conjiciente,
1404 5040 1673 5098 Primaevi
1733 5041 2061 5098 Christiani-

410 5109 524 5182 smi
551 5111 660 5165 vol.
695 5110 771 5165 111
819 5128 945 5182 pag.
1001 5111 1150 5182 377,7
1180 5111 1460 5168 Ecclesiae
1518 5115 2062 5182 Hierosolymitanas

415 5189 469 5237 et
502 5181 873 5238 Caesarienses
903 5183 1059 5236 adiit.
1093 5181 1176 5237 Ab
1206 5182 1455 5239 Adriano
1477 5185 1610 5239 urbs
1640 5181 1916 5241 HierOsol.
1954 5186 2060 5241 hoc

414 5253 623 5327 saeculo
653 5252 860 5308 iterum
922 5255 1153 5320 exstrui,
1209 5262 1262 5309 et
1319 5255 1461 5310 .Elia
1517 5256 1822 5327 Capitolia.
1874 5257 2060 5312 vocari

413 5326 604 5394 cmpit.

484 5396 703 5467 (91)Ita
736 5396 888 5451 hunc
916 5395 1105 5452 locum
1138 5412 1203 5451 ex
1241 5396 1354 5452 ﬁde
1403 5399 1752 5467 Optimorum
1801 5400 2060 5455 codicum

411 5469 762 5523 restituimus
793 5483 921 5524 eum
946 5468 1186 5532 Valesio,
1211 5483 1376 5536 quam
1401 5470 1702 5527 lectionem
1736 5477 1790 5526 et
1847 5471 2058 5526 Ruftin.

411 5539 816 5613 confirmatdta
840 5548 1071 5613 vertens
1103 5557 1116 5595 :
1152 5539 1466 5613 Salomonis
1499 5543 1798 5599 Proverbia
1847 5559 1969 5613 quae
2009 5549 2064 5597 et

382 5657 386 5662 .
411 5608 746 5685 Sapientia;
771 5609 1074 5666 subscribit
1104 5625 1331 5685 quoque
1349 5611 1657 5685 Nicephor.
1694 5615 1788 5685 qui
1847 5608 1924 5670 ita
1957 5614 2056 5669 ha-

411 5673 500 5733 bet
528 5694 542 5732 :
577 5673 912 5749 Σολόμωνος
946 5673 1268 5754 Παροιξλλαί,
1301 5678 1335 5750 ἢ
1366 5682 1458 5735 καὶ
1493 5673 1689 5759 Σοφία.
1712 5673 1866 5740 ἾῘΜ.
1917 5685 2054 5743 diss.

2165 4278 2325 4353 ’Υπὲρ
2373 4277 2552 4332 Ἰσαὰκ
2583 4277 2680 4330 τοῦ
2740 4269 2953 4327 δικαίου
3019 4268 3192 4351 ἐφᾶυη
3252 4271 3408 4346 κριὸς
3465 4271 3545 4333 εἷς
3600 4274 3829 4350 asp-1Tb,

2169 4366 2258 4423 ἵνα
2290 4365 2503 4440 δεσμῶν
2535 4363 2720 4420 Ἰσαὰκ
2756 4359 2899 4435 λυθῇ
2935 4405 2951 4419 .
2983 4361 3219 4420 Ἐκεῖνος
3260 4358 3484 4439 σφαγεὶς
3544 4359 3824 4431 ἰλυζώσα-

2168 4478 2232 4513 το
2265 4459 2375 4531 (94)
2407 4455 2498 4509 τὸν
2533 4452 2732 4522 Ἰσαὰκ,
2767 4451 2943 4513 οὕτως
2973 4449 3062 4505 καὶ
3095 4450 3122 4504 ὁ
3166 4448 3374 4523 Κύριος
3442 4451 3676 4525 σφαγεὶς
3714 4447 3833 4505 ἔσω-

2170 4567 2254 4602 σεν
2285 4547 2457 4619 ἡμᾶς,
2488 4542 2577 4598 καὶ
2611 4539 2780 4603 δεθεὶς
2841 4533 3021 4609 ἔλυσε,
3077 4539 3172 4594 καὶ
3219 4537 3396 4600 θυθεὶς
3455 4537 3833 4616 ἐλυτρώσατῡ.

2244 4759 2348 4819 Καὶ
2376 4759 2496 4834 μετ’
2527 4757 2716 4835 ὁλίγαο

2240 4853 2342 4908 Ἤν
2399 4849 2501 4927 γὰρ
2558 4850 2586 4902 ὁ
2637 4846 2842 4923 Κύριος
2893 4845 3082 4920 ἀμνὸς,
3142 4843 3217 4908 ὡς
3273 4844 3452 4921 κριὸς,
3540 4841 3606 4902 ὅν
3707 4845 3830 4903 εἶδεν

2173 5060 2363 5100 meam
2394 5042 2644 5114 priorem
2676 5043 2752 5098 De
2779 5040 3044 5098 Melilonc
3067 5038 3333 5097 Sardium
3363 5039 3644 5114 episcopo,
3677 5044 3708 5110 §
3754 5043 3832 5107 15,

2171 5132 2360 5172 supra.

2389 5185 2654 5243 Whiston
2688 5185 2744 5240 in
2777 5185 2879 5240 ’Ihe
2910 5185 3077 5256 Essay
3111 5199 3182 5240 on
3221 5184 3312 5239 the
3341 5185 3674 5256 apostolica!
3716 5203 3831 5244 σοι·

2171 5258 2478 5325 stitutions,
2512 5275 2637 5329 pag.
2669 5257 2796 5313 375.
2851 5319 2854 5322 ἑ

2245 5331 2356 5399 (93)
2389 5328 2542 5386 Idem
2567 5329 2736 5399 ibid“
2772 5345 2898 5399 pag.
2930 5328 3062 5384 233.

2249 5397 2357 5473 (94)
2387 5401 2532 5471 Lege
2563 5397 2940 5472 ἐλυτρώοατο,
2967 5400 3045 5454 ita
3074 5413 3296 5470 quoque
3327 5414 3396 5473 ex
3429 5399 3615 5459 altero
3645 5403 3832 5461 codice

2173 5472 2571 5549 deacripsit_Le
2589 5474 2796 5539 Quien,
2829 5473 2930 5542 qui
2962 5477 3025 5549 et.
3045 5481 3342 5549 praeterea,
3386 5472 3516 5529 loco
3587 5473 3826 5549 σφαγεὶς,

2172 5542 2385 5673 σφαέῆέ
2479 5544 2665 5616 habet,
2754 5558 2927 5615 quam
3009 5542 3313 5600 lectionem
3414 5542 3645 5605 tamen'
3718 5542 3822 5604 hoc

2172 5631 2273 5673 pro
2316 5631 2374 5673 ο.

2172 5631 2374 5687 prono.
