3922 6304
64 403 204 464 121⁵1

1478 407 1956 471 FRAGMENTA
1973 456 1986 471 .

3288 423 3442 483 1213

60 530 289 612 Ἀὄράᾶμ
313 531 677 611 κατεχόμενον
710 535 762 592 ἒν
793 540 946 614 φυτῷ
979 533 1157 595 Σαϐέκ
1212 542 1344 614 (95).
1399 537 1576 597 Ἀλλᾶ
1618 540 1679 597 τὸ

1863 560 1967 602 lem
1996 545 2131 602 vidit
2162 545 2442 604 Abraham
2491 547 2780 606 detentum
2839 550 2899 607 in
2951 549 3188 623 virgulto
3243 554 3440 612 Sabee.

61 627 213 705 φυτὸν
258 625 507 704 ἂπὲφαινε
561 627 652 682 τὸν
709 628 962 704 σταυρὸν,
1019 630 1109 685 καὶ
1171 631 1200 685 ὁ
1241 629 1408 692 τόπος
1458 629 1682 704 ἐκεῖνος,

58 719 155 787 τὴν
184 717 546 794 Ἰερουσαλὴμ,
577 718 666 773 καὶ
698 718 725 773 ὁ
759 717 952 794 ἀμνὸς,
983 719 1077 776 τὸν
1139 720 1332 797 Κύριον
1380 717 1686 795 ἐμπεπεδη-

63 805 209 880 μένον
240 808 340 882 (96)
376 806 452 870 είς
485 808 721 886 σφαγήν,

1796 633 1940 692 Nam
1998 635 2310 709 virgultum
2367 638 2626 708 designat
2681 654 2930 708 crucem,
2993 649 3047 697 et
3105 640 3266 700 locus
3323 645 3442 716 ille,

1793 723 2235 800 Hicrosolymas,
2265 732 2322 783 et
2349 728 2517 796 aries,
2550 727 2858 786 Dominum
2889 730 2960 785 ad
2993 731 3341 790 occisionem
3371 733 3446 790 li-

1791 822 2004 883 gntum.

1124 925 1231 978 Τοῦ
1267 923 1533 997 μακαρίου
1575 920 1895 984 Μελίτωνος
1923 923 2176 1000 Σάρδεων
2209 928 2342 1000 (97).

129 1023 207 1080 Ὠς
232 1017 323 1094 γὰρ
350 1019 502 1092 κριὸς
530 1017 708 1089 ἐδέθη,
755 1021 888 1098 φησί
946 1019 1070 1096 περὶ
1120 1023 1216 1076 τοῦ
1274 1020 1478 1095 Κυρίου
1527 1022 1687 1094 ἡμῶν

62 1107 231 1178 Ἰησοῦ
275 1109 504 1178 Χριστοῦ
553 1111 687 1182 (98),
737 1107 829 1164 καὶ
884 1110 958 1172 ὡς
1011 1109 1182 1184 ἀμνὸς
1235 1110 1426 1186 ἐχάρη,
1481 1110 1570 1164 καὶ
1619 1112 1693 1173 ὡς

62 1194 316 1273 πρόϐατον
345 1197 432 1254 ἐπὶ
463 1201 674 1279 σφαγὴν
715 1197 896 1274 ἤχθη,
948 1200 1039 1254 καὶ
1087 1201 1162 1261 ὡς
1207 1197 1374 1274 ἀμνὸς
1423 1199 1692 1258 ἔσται)οώ-

63 1292 151 1360 θη,
182 1288 264 1344 καὶ
291 1284 544 1344 ἐϐάστασε
570 1289 633 1344 τὸ
664 1289 824 1362 ξύλον
857 1289 945 1344 ἐπὶ
982 1295 1102 1352 τοῖς
1155 1288 1335 1364 ὢμοις
1384 1293 1518 1364 (99),
1571 1292 1693 1346 ἂνα-

65 1379 282 1455 γόμενος
311 1386 600 1455 σφαγῆναι,
651 1379 725 1443 ὡς
788 1380 966 1437 Ἰσαὰκ
1023 1382 1121 1453 (4),
1183 1380 1285 1435 ὑπὸ
1335 1386 1432 1437 τοῦ
1489 1383 1692 1457 πκτρὸς

64 1469 238 1526 αὐτοῦ.
271 1467 440 1524 Ἀλλᾶ
470 1469 697 1544 Χριστὸς
728 1465 942 1540 ἔπαθεν,
994 1470 1175 1526 Ἰσαὰκ
1227 1467 1283 1525 δὲ
1331 1470 1428 1526 οὐκ
1478 1468 1689 1526 ἔπαθεν·

62 1523 346 1636 τύπος-γάρ
377 1560 444 1629 ἧν
471 1523 1174 1635 τὸῦμέλλοντοςιπάσχειν
1339 1523 1693 1618 -ὁ
1727 1523 1774 1589 Β

59 1649 222 1712 τύπος
270 1652 358 1704 τοῦ
415 1652 656 1724 Χριστοῦ
690 1649 1032 1726 γιενόμενος,
1093 1648 1352 1721 ἔκπληξιν
1394 1649 1484 1705 καὶ
1525 1645 1690 1729 φόϐον

61 1744 308 1818 παρεῖχεν
338 1739 644 1815 ἄνθρώποις
673 1743 773 1816 (3).

134 1831 227 1886 Ἦν
253 1829 349 1906 γὰρ
375 1831 659 1894 θεάσασθαι
712 1831 1015 1906 μυστήριον
1064 1832 1271 1902 καινὸν,
1322 1831 1436 1886 υἱὸν
1493 1831 1697 1908 ἂγομὲ-

68 1939 155 1974 νον
185 1919 280 1974 ὒπὸ
307 1923 401 1974 τοῦ
441 1918 644 1994 πατρὸς
673 1919 754 1989 ἐή’
785 1915 912 1992 ὅρος
944 1919 1030 1975 ἐπὶ
1087 1921 1323 1996 σφαγὴν,
1377 1919 1436 1975 δν
1485 1942 1696 1995 συμπο-

64 2006 210 2071 δίσας
243 2005 424 2078 ἔθηκεν
457 2007 546 2064 ἐπὶ
575 2007 643 2063 τὰ
672 2007 806 2082 ξύλα
835 2015 937 2079 τῆς
985 2009 1342 2085 καρπώσεως,
1393 2009 1694 2084 ἒτοιμάζων

63 2099 196 2171 μετὰ
223 2095 462 2168 σπουδῆς
489 2099 556 2153 τὰ
593 2098 729 2172 πρὸς
778 2100 877 2169 τήν
927 2099 1138 2179 σφαγὴν
1192 2099 1340 2172 αὐτῷ
1527 2101 1591 2157 Ὀ
1642 2098 1700 2156 δὲ

57 2188 238 2245 Ἰσαὰκ
265 2192 408 2263 σιγᾷ,
441 2185 840 2262 πεπεδευμένος
875 2190 948 2250 ὡς
985 2189 1164 2264 κριὸς,
1213 2190 1315 2244 οὐκ
1351 2189 1586 2265 ἀνοίγων
1636 2191 1698 2246 τὸ

62 2277 255 2351 στόμα,
283 2275 410 2332 οὐδὲ
441 2277 802 2354 φθεγγόμενος
837 2281 1009 2352 φωνῇ.
1043 2279 1122 2335 Τὸ
1169 2279 1270 2354 γὰρ
1302 2277 1456 2357 ξίφος
1497 2278 1560 2333 οὐ
1600 2300 1702 2357 φο·-

58 2361 263 2435 ϐηθεὶς,
295 2364 418 2422 οὐδὲ
445 2366 510 2421 τὸ
540 2370 644 2443 πῦρ
680 2367 958 2437 πτοηθὲξς,
995 2365 1120 2422 οὒδὲ
1163 2369 1226 2422 τὸ
1279 2370 1467 2423 παθεῖν
1521 2366 1703 2439 λυπη-

53 2457 186 2523 θεὶς,
241 2451 524 2512 ἐϐάστασεν
580 2461 852 2532 καρτερῶν
913 2457 1005 2512 τὸν
1065 2457 1232 2512 τύπον
1318 2461 1416 2511 τοῦ
1474 2457 1699 2533 Κυρίου.

52 2548 157 2602 Ἦν
187 2547 274 2600 οὖν
324 2545 376 2600 ἐν
441 2544 590 2619 μέσῳ
647 2546 1003 2622 προγείμενος
1064 2546 1246 2602 Ἰσαὰκ
1301 2544 1703 2620 πεποδισμένος

49 2637 128 2698 ὡς
158 2635 322 2711 κριὸς,
351 2635 441 2691 καὶ
489 2636 669 2711 πατὴρ
715 2637 1018 2711 παρεστὼς,
1068 2637 1159 2691 καὶ
1217 2641 1430 2709 κρατῶν
1491 2637 1700 2711 γυμνὸν

45 2725 109 2780 τὸ
139 2725 308 2802 ξίφος,
345 2726 421 2798 μή
453 2722 775 2801 αἰδούμενος
807 2729 1058 2805 φονεῦσαι
1092 2725 1182 2780 τὸν
1218 2725 1332 2780 υἱὸν
1364 2726 1554 2783 αὐτοῦ.

1873 1024 2028 1081 Sicut
2061 1025 2214 1080 enim
2245 1026 2390 1082 aries
2448 1027 2670 1084 vinctus
2717 1036 2816 1095 est,
2871 1029 3053 1100 inquit
3100 1031 3169 1086 de
3198 1031 3445 1091 Domino

1802 1120 1995 1170 nostro
2015 1114 2148 1170 Jesu
2169 1116 2468 1186 Christo,et
2498 1117 2640 1174 sicut
2664 1134 2843 1188 agnus
2863 1125 3059 1176 tonsus
3081 1129 3186 1187 est,
3222 1128 3273 1177 et
3299 1122 3446 1179 sicut

1802 1205 1921 1258 ovis
1943 1203 2014 1258 ad
2045 1205 2393 1261 occisionem
2421 1207 2622 1262 ductus
2652 1213 2757 1277 est,
2801 1215 2853 1262 et
2897 1208 3039 1264 sicut
3084 1225 3266 1280 agnus
3312 1227 3442 1266 eru-

1803 1292 2002 1349 ciﬁxus
2024 1301 2126 1359 est,
2160 1303 2211 1350 et
2244 1296 2484 1367 portavit
2519 1296 2737 1367 lignum
2774 1297 3043 1366 humeris,
3077 1300 3355 1357 adductus
3387 1306 3446 1356 ut

1801 1381 2212 1453 immolaretur,
2249 1385 2393 1440 sicut
2425 1387 2601 1453 Isaac,
2633 1404 2664 1441 a
2696 1396 2849 1457 patre
2879 1404 3002 1445 suo.
3035 1390 3140 1444 Sed
3190 1390 3446 1446 Christus

1806 1488 1999 1540 passus
2026 1480 2125 1539 est,
2152 1478 2308 1530 Isaae
2333 1483 2517 1530 autem
2548 1491 2661 1532 non
2691 1484 2772 1532 est
2805 1493 3000 1547 passus
3034 1496 3047 1547 ;
3099 1484 3260 1551 typus
3291 1481 3452 1536 enim"

1803 1571 1920 1618 erat
1952 1563 2153 1618 futurae
2194 1564 2473 1634 passionis
2511 1565 2840 1622 Dominicw.
2883 1570 3146 1623 Attamen
3198 1568 3328 1624 licet
3361 1578 3445 1639 ty-

1806 1668 1910 1721 pus
1951 1654 2346 1708 tantummodo
2407 1653 2617 1709 Christi
2665 1658 2832 1724 esset,
2877 1662 3064 1711 tamen
3119 1664 3348 1728 stupore
3394 1664 3449 1715 et

1807 1744 2007 1798 timore
2035 1743 2315 1813 percussit
2349 1743 2630 1800 homines.

1880 1832 2195 1904 Spectanda
2247 1833 2398 1889 enim
2429 1841 2544 1890 erat
2577 1851 2665 1890 res
2697 1850 2840 1891 nova
2862 1836 3227 1907 mysteriique
3257 1837 3447 1908 plena,

1807 1920 1959 1978 ﬁlius
1989 1923 2190 1980 ductus
2237 1941 2269 1977 ει
2316 1929 2471 1993 patre
2528 1924 2587 1979 in
2645 1931 2897 1980 montem
2956 1926 3022 1980 ad
3081 1927 3448 2001 occisionem,

1809 2027 1972 2083 quem
2006 2019 2160 2082 pater
2205 2011 2410 2069 vinctis
2469 2013 2709 2083 pedibus
2773 2021 3034 2084 posuerat
3082 2031 3249 2088 super
3295 2017 3450 2089 ligna

1811 2100 2142 2169 bolocausti,
2203 2119 2408 2172 parans
2463 2117 2590 2158 eum
2642 2102 3000 2160 festinatione
3058 2121 3142 2172 ea,
3202 2121 3320 2178 quas
3375 2107 3445 2163 ad

1808 2190 2256 2246 immolationem
2309 2191 2429 2260 ejus
2475 2200 2633 2246 erant
2679 2194 3011 2249 necessaria.
3067 2196 3220 2252 Isaac
3260 2202 3445 2252 autem

1809 2280 1956 2347 silet,
1978 2279 2182 2350 ligatus
2204 2280 2342 2336 sicut
2389 2281 2556 2346 aries,
2589 2297 2703 2336 non
2726 2282 2984 2350 aperiens
3015 2299 3076 2338 os
3105 2299 3292 2351 suum,
3343 2300 3450 2342 nec

1811 2385 2003 2425 vocem
2036 2369 2321 2425 emittens.
2358 2374 2496 2425 Dum
2530 2371 2682 2425 enim
2715 2370 2820 2426 sibi
2848 2372 3216 2440 agladionon
3239 2373 3449 2442 timuit,

1812 2458 2081 2530 nequeab
2103 2460 2232 2527 igne
2264 2459 2696 2531 perterrefactus
2730 2460 2854 2529 fuit,
2898 2477 3083 2532 neque
3119 2463 3191 2537 ob
3229 2463 3450 2520 crucia-

1812 2556 1899 2604 tus
1931 2550 2334 2618 contristatus;
2381 2548 2598 2606 fortiter
2635 2549 2904 2605 sustinuit
2953 2557 3146 2620 typum
3196 2551 3444 2608 Domini.

1812 2645 1875 2694 In
1908 2639 2093 2694 medio
2123 2638 2291 2708 igitur
2321 2638 2536 2710 positus
2578 2646 2694 2695 erat
2743 2641 2918 2706 Isaac,
2971 2640 3208 2709 pedibus
3251 2640 3456 2712 ligatus

1811 2736 1869 2784 ut
1899 2729 2065 2798 aries,
2099 2736 2151 2784 et
2182 2727 2402 2783 astabat
2429 2737 2604 2798 pater,
2638 2728 3009 2799 strictumque
3057 2745 3249 2786 ensem
3294 2737 3453 2787 tene-

1803 2820 1897 2874 bat
1937 2818 2224 2884 manibus,
2259 2816 2440 2873 ﬁlium
2471 2833 2638 2873 suum
2669 2817 2987 2873 interﬁcere
3011 2834 3123 2874 non
3155 2818 3380 2876 timens.

126 2935 252 2992 Haec
282 2935 554 2992 hactenus
584 2935 838 2991 exhibita
859 2951 924 2990 ex
951 2933 1175 2990 Catenis
1203 2933 1264 2990 in
1295 2934 1543 2991 Genesin
1575 2935 1888 3006 fragmenta
1920 2934 2179 2990 videntur
2221 2948 2342 2988 esse
2392 2949 2456 2988 ex
2514 2931 2798 2988 Melitonis
2840 2927 3120 3007 Ἐκλογῶν
3163 2932 3321 2988 libris
3369 2934 3464 2990 de-

45 3031 288 3094 sumpta.
324 3024 567 3094 Dupinto
593 3024 670 3096 (5)
697 3023 913 3095 judice,
948 3023 1067 3078 haec
1097 3023 1331 3094 indigna
1363 3023 1623 3080 videntur
1651 3023 1924 3094 Melitoni,
1959 3022 2388 3095 puerilibusque
2414 3021 2860 3092 cogitationibus
2904 3023 3110 3077 referta
3159 3027 3212 3077 et
3262 3039 3461 3079 recen-

45 3113 244 3169 tiorum
280 3114 486 3184 potius,
521 3129 687 3184 quam
720 3121 968 3169 veterum
1001 3127 1197 3182 sapere
1239 3112 1552 3183 ingenium.
1609 3113 1715 3169 Sed
1764 3129 2054 3184 perperam
2104 3113 2178 3167 ita
2229 3112 2627 3182 pronuntiasse
2681 3110 2822 3165 mihi
2873 3110 3090 3166 videtur
3142 3111 3458 3182 Dupinius;

45 3203 192 3275 quod
219 3203 266 3256 si
307 3202 461 3257 enim
491 3201 904 3257 Tertullianum
938 3201 1011 3272 (6)
1043 3199 1302 3257 evolvere
1333 3201 1579 3267 libuerit,
1615 3203 1811 3258 eadem
1844 3202 2252 3273 propemodum
2292 3201 2440 3255 dicta
2471 3200 2747 3255 invenies.
2790 3199 3043 3254 Aliorum
3091 3200 3458 3272 antiquorum

45 3297 267 3346 Patrum
302 3291 448 3359 loca,
482 3289 691 3361 quibus
722 3292 974 3345 Isaacum
1008 3298 1202 3359 typum
1255 3289 1463 3346 Christi
1507 3292 1789 3347 exstitisse
1836 3292 2229 3362 pronuntiant,
2285 3290 2512 3360 reticeo,
2553 3291 2846 3344 additurus
2892 3290 3114 3355 saltem,
3160 3294 3459 3360 Hugonem

45 3383 106 3437 ie
139 3381 347 3437 Sancto
378 3379 620 3443 Victore,
654 3379 749 3449 qui
779 3379 985 3435 saeculo
1016 3379 1358 3436 duodecimo
1389 3380 1611 3448 claruit,
1645 3381 2057 3452 Attegoriarum
2088 3382 2150 3436 in
2182 3385 2474 3450 utramque
2507 3381 2932 3435 Testamentum
2977 3380 3050 3452 (7)
3084 3378 3184 3434 lib.
3228 3397 3290 3451 ιι,
3334 3396 3459 3457 σοι),

45 3472 64 3523 7
92 3471 336 3541 integro.
374 3467 674 3542 mysticum
707 3483 936 3524 sensum
967 3467 1379 3525 immolationis
1410 3471 1585 3527 Isaaci
1618 3471 1954 3542 cXplicasse,
1991 3471 2081 3527 hic
2113 3487 2343 3541 prorsus
2373 3469 2803 3525 conferendum.

111 3589 224 3658 (95)
257 3588 464 3644 Genes.
507 3602 646 3655 xm,
703 3587 789 3655 13,
845 3586 914 3641 de
971 3585 1397 3658 quoipluribus
1451 3587 1698 3658 loquitur

45 3657 226 3717 ttelito
259 3659 321 3716 in
354 3658 680 3730 fragmento
710 3658 967 3730 sequenti
1000 3673 1066 3714 ex
1102 3657 1301 3713 Bibliis
1330 3657 1541 3715 Graecis
1569 3661 1699 3716 ati'e-

45 3733 242 3789 rendo.

102 3803 340 3875 (96)_lta
367 3801 519 3875 apud
567 3800 933 3870 Halloixium,
996 3805 1228 3875 praistat
1262 3801 1517 3875 alterius
1569 3803 1696 3860 cod.

50 3869 727 3944 θοιίο’ἐμπεπόδισμὲνον,
759 3875 888 3929 licet
919 3869 1026 3928 nec
1058 3872 1202 3944 falsa
1222 3873 1300 3944 sit
1333 3874 1502 3944 prior.

100 3946 220 4017 (97)
252 3940 405 4017 Alter
435 3940 616 4017 codex
665 3946 742 3999 ita
790 3945 1030 4017 saltem:
1087 3940 1428 4017 Μολίτωνος,
1479 3942 1697 3998 ἐπισκό-

45 4012 137 4072 :ob
174 4012 457 4085 Σαρδέων,
488 4016 704 4085 absque
740 4012 1006 4086 μακαρίου
1040 4015 1318 4085 epitheto,
1369 4033 1482 4087 quo
1514 4017 1700 4072 laudis

45 4088 378 4145 irmfamine
410 4104 535 4144 raro
581 4090 640 4143 in
702 4104 860 4158 mss.,
920 4087 1137 4159 catenis
1174 4095 1228 4159 et
1286 4087 1700 4159 martyrologiis

45 4162 232 4227 venit;
266 4161 444 4230 idque
476 4160 602 4214 ideo
642 4159 821 4230 (forte,
877 4167 961 4230 ut._
995 4158 1237 4230 conjicit
1275 4158 1698 4227 Tillcmontius,

45 4242 171 4290 lota
203 4234 262 4299 3,
297 4227 446 4300 quod
478 4232 601 4300 ejus
636 4229 782 4286 liber
840 4227 969 4301 Ηερὶ
1015 4227 1350 4301 νένσωμάτου
1399 4234 1554 4296 Θεοῦ,
1605 4241 1699 4286 aut

54 4306 182 4361 iber
216 4305 330 4373 ipsi
363 4302 710 4373 suppositus,
742 4303 814 4356 De
841 4300 1083 4356 transitu
1115 4302 1322 4369 Marias,
1363 4301 1468 4358 hoc
1521 4303 1698 4360 hono-

45 4394 92 4433 ’ϐ
129 4375 420 4445 tituloque
449 4375 880 4445 apudposteros
910 4388 1037 4445 eum
1070 4373 1386 4445 privaverit.

104 4443 353 4519 (98)_Ita
397 4461 544 4519 vero
573 4443 716 4519 alter
773 4445 982 4519 codex;
1013 4443 1224 4519 habet:
1273 4443 1370 4497 Καὶ
1425 4445 1453 4498 ὁ
1504 4444 1698 4518 Κύριος

45 4510 470 4589 ῂμῶνηιησοῦς
501 4515 735 4589 Χριστὸς
770 4514 842 4574 ὡς
873 4513 1025 4588 κριὸς
1056 4510 1237 4582 ἐδέθη,

74 4571 228 4661 ⁵(99)
259 4571 437 4644 Addit
456 4571 607 4661 alter
633 4571 816 4661 αρτοῖὶ.

1878 3590 1949 3659 (6)
1973 3587 2359 3644 Tertullianus
2390 3587 2626 3658 passim,
2661 3604 2714 3641 ν.
2749 3604 2798 3643 e.
2832 3587 2892 3659 in
2923 3587 3021 3642 lib.
3056 3587 3128 3642 De
3157 3587 3462 3656 patientia,

1988 3660 2228 3743 Froben.
2263 3661 2402 3743 edit.
2432 3675 2558 3743 pag.
2615 3661 2678 3714 10
2712 3675 2730 3743 ξ
2770 3681 2797 3708 ‹‹
2827 3658 3120 3743 ρὺτιιὴίιῐη
3151 3659 3286 3743 "lico
3337 3675 3462 3742 ere-

1807 3733 1968 3798 didit,
2004 3740 2055 3786 et
2090 3732 2257 3785 iidem
2290 3730 2562 3802 patientia
2611 3730 2884 3801 probavit,
2931 3746 3095 3800 quem
3147 3730 3328 3786 tilium
3360 3731 3468 3802 im-

1809 3804 2022 3859 molare
2043 3803 2234 3872 jussus
2258 3801 2363 3867 est,
2389 3804 2454 3857 ad
2481 3803 2608 3856 ﬁdei
2643 3818 2758 3857 non
2792 3802 3161 3858 tentalionem
3193 3801 3459 3872 dixerim,

1808 3876 1904 3930 sed
1928 3876 2170 3946 typieam
2195 3874 2690 3928 contestationem.
2719 3898 2739 3925 ι
2772 3874 2833 3946 Ει
2859 3875 2915 3946 in
2943 3873 3042 3946 lib.
3070 3873 3338 3930 Adversus
3364 3875 3463 3930 Ju-

1808 3945 1974 4014 daeos,
2010 3963 2130 4015 pag.
2170 3945 2310 4001 134ε
2358 3967 2378 3994 α
2417 3946 2608 4013 Itaque
2659 3945 2920 4015 inprimis
2966 3945 3118 4000 Isaac
3148 3961 3277 4000 cum
3308 3963 3339 4000 a
3371 3963 3463 4015 pa-

1809 4026 1892 4072 tre
1931 4016 2118 4072 hostia
2147 4019 2468 4083 duceretur,
2501 4016 2877 4086 linguumque
2907 4016 3027 4086 ipse
3059 4016 3166 4072 sibi
3211 4024 3460 4084 portans,

1809 4089 2014 4144 Christi
2047 4089 2259 4144 exitum
2322 4088 2438 4156 jam
2505 4095 2638 4143 tunc
2691 4088 3012 4158 denotabat,
3065 4089 3122 4143 in
3175 4089 3462 4144 victimam

1809 4163 2067 4237 c_ences_si
2098 4177 2129 4214 a
2160 4159 2692 4237 PalreAlignnmque
2730 4160 3151 4237 passioriis‘sttzn
3188 4159 3464 4237 _bajulan_-

1811 4234 1899 4287 tis.
1936 4253 1963 4281 »
1999 4233 2062 4285 Et
2095 4248 2217 4300 pag.
2253 4230 2392 4284 {39:
2435 4252 2462 4279 ‹‹
2498 4230 2618 4286 Hoc
2649 4231 2864 4299 lignum
2918 4233 3026 4286 sibi
3081 4240 3134 4288 et
3185 4233 3339 4288 Isaac
3391 4232 3462 4287 ad

1811 4304 2153 4360 sacriﬁcium
2187 4301 2462 4373 portabat.
2499 4303 2606 4356 Sed
2641 4303 2904 4372 quoniam
2941 4304 3062 4358 haec
3112 4304 3336 4359 fuerant
3367 4320 3462 4360 sa-

1811 4383 2122 4444 cramenta,
2165 4391 2284 4444 quae
2322 4373 2666 4442 temporibus
2695 4373 2906 4429 Christi
2950 4375 3293 4444 perﬁcienda
3344 4390 3460 4430 ser-

1811 4447 2107 4513 vabantur,
2132 4454 2185 4500 et
2217 4447 2366 4500 lsaac
2396 4460 2526 4499 cum
2562 4444 2713 4512 ligno
2765 4454 3076 4501 reservatus
3129 4454 3234 4513 est,
3289 4446 3462 4502 ariete

1811 4519 2077 4574 oblatoin
2102 4533 2267 4586 vepre
2297 4516 2567 4572 cornibus
2623 4517 2868 4572 haerente
2901 4534 2913 4572 :
2948 4527 3001 4574 ct
3032 4517 3290 4574 Christus
3344 4518 3461 4573 suis

1811 4590 2158 4659 temporibus
2206 4589 2422 4656 lignum
2485 4587 2736 4642 humeris
2793 4589 2910 4644 suis
2967 4589 3226 4660 portavit,
3279 4589 3461 4645 iubas-

93 4653 536 4741 (thequentia
566 4659 736 4741 verba
793 4673 972 4740 usque
1026 4657 1095 4738 ad
1149 4653 1330 4741 Ἰσαάκ
1367 4658 1590 4741 .desunt
1643 4660 1700 4716 in
1733 4677 1780 4741 Ι)
1812 4653 1943 4741 rens
1972 4653 3057 4741 cornibuscruciscoronaspinea'in
3107 4653 3293 4741 capite
3343 4661 3466 4730 ejus

50 4728 214 4791 itero
250 4728 389 4802 ms,
422 4730 533 4786 nisi
566 4730 706 4786 forte
739 4728 1148 4802 prerincuriam
1181 4728 1404 4796 Quienii
1435 4732 1703 4787 omitten-

45 4809 100 4863 is
136 4800 435 4873 integram
469 4801 700 4871 lineam,
734 4800 996 4873 similiter
1031 4815 1097 4855 ac
1144 4801 1574 4858 antecedentem
1606 4803 1699 4859 in-

54 4871 382 4947 ipientem,
418 4875 623 4930 fuerint
643 4871 846 4947 potius
877 4872 1105 4947 omissa.

92 4943 179 5016 (2)
215 4946 493 5016 Χριστοῦ,
523 4945 680 5000 ειΜὶι
711 4945 783 4999 Le
815 4943 1019 5010 Quien.

95 5013 179 5090 (3)
231 5013 342 5073 llic
404 5018 530 5073 ﬁnit
585 5016 921 5090 Halloixius,
976 5029 1108 5090 cum
1161 5013 1346 5090 priore
1394 5015 1591 5071 codice
1648 5025 1702 5073 et

46 5086 305 5166 .lt'ei'ius
322 5105 440 5145 non
497 5089 717 5166 pergit;
755 5086 1066 5166 sequentia
1095 5088 1516 5166 _autem,.quseh
1548 5103 1702 5145 nunc

55 5163 222 5219 rima
252 5161 382 5217 vice
411 5156 558 5229 typis
587 5156 1007 5229 exscribunlur,
1041 5156 1326 5211 adduntur
1356 5156 1415 5210 in
1446 5157 1643 5214 altero.

92 5234 185 5304 (4)
223 5227 677 5304 ΜειΙΙεώἸθεθιό
708 5227 893 5304 αὐτοῦ.

91 5299 181 5376 (5)
220 5303 420 5374 Dupin
453 5317 504 5358 c.
540 5299 614 5376 1.:
651 5323 678 5350 «
709 5300 906 5376 Oniui
928 5299 1171 5356 attribue
1201 5314 1407 5355 encore
1430 5300 1700 5376 quoiques

50 5372 501 5447 ass'agesitirés
551 5374 720 5429 d’une
763 5372 977 5447 ’chain‘e
1021 5381 1274 5447 grecque
1329 5386 1424 5426 sur
1478 5372 1532 5427 la
1588 5374 1700 5428 Ge-

57 5443 392 5514 esefmais
422 5447 495 5501 iis
520 5461 608 5500 me
637 5444 918 5501 semblcnt
939 5443 1199 5511 indignos
1217 5443 1286 5498 de
1316 5450 1400 5498 cet
1425 5449 1645 5500 auteur.
1670 5469 1698 5496 υ

45 5523 86 5574 It
123 5513 192 5574 in
225 5534 382 5574 nova
411 5516 637 5572 addita:
673 5538 700 5565 «
740 5515 813 5570 Le
849 5515 904 5569 Ρ.
937 5513 1159 5570 Halloix
1188 5530 1260 5570 cn
1309 5515 1464 5583 parle
1511 5517 1699 5572 aiusi:

45 5592 187 5646 :‘est
222 5605 346 5646 une
394 5588 785 5656 comparaison
830 5587 1042 5641 d’tsaae
1091 5595 1144 5641 et
1190 5588 1259 5640 de
1298 5587 1703 5652 issue-Christ,

46 5663 236 5717 .leine
273 5663 348 5716 de
382 5660 621 5736 pensées
648 5659 920 5736 pueriles,
953 5657 1164 5736 etplus
1195 5657 1499 5736 dignedes
1549 5675 1703 5715 nou-

46 5749 220 5788 eaux
259 5725 505 5800 que'des
533 5725 789 5788 anciens.
824 5750 852 5778 »
887 5726 1128 5798 Dupiuio
1177 5725 1511 5800 astipulatur
1559 5746 1706 5800 quo-

55 5749 220 5788 eaux
303 5749 378 5787 116
406 5749 505 5787 008
533 5749 789 5788 anclens.
824 5750 852 5778 ))
887 5749 1128 5798 uuptuw
1177 5749 1511 5796 asupuiatur
1559 5749 1698 5800 quo-

55 5820 138 5862 ue
173 5749 613 5874 Tiﬂcmontius,
646 5816 815 5874 quem
847 5801 1055 5857 iterum
1111 5797 1406 5869 exscripsit
1453 5798 1698 5875 Ceillier,

1815 4734 2184 4789 circumdata.
2217 4733 2375 4786 llunc
2393 4731 2546 4785 enim
2569 4731 2858 4799 oportebat
2899 4747 2999 4801 pro
3029 4733 3296 4788 omnibus
3325 4750 3462 4801 gen-

1815 4805 1966 4861 tibus
1987 4805 2106 4859 ﬁeri
2133 4802 2496 4869 sacriﬁcium,
2524 4804 2622 4872 qui
2645 4810 2906 4872 tanquam
2928 4803 3047 4858 ovis
3075 4806 3143 4858 ad
3178 4804 3463 4860 victimam

1811 4879 2012 4933 ductus
2041 4882 2148 4943 cst,
2183 4882 2236 4930 et
2281 4873 2434 4928 velut
2488 4889 2666 4942 agnus
2698 4889 2885 4928 coram
2926 4876 3194 4930 tondente
3227 4893 3285 4932 se
3341 4877 3465 4932 sine

1810 4964 1970 5011 voce,
2009 4947 2091 5002 sic
2119 4963 2232 5001 non
2265 4945 2488 5014 aperuit
2518 4961 2582 4999 os
2614 4960 2802 5011 suum,
2841 4967 2868 4994 »
2902 4953 3009 5001 etc.

1883 5019 2301 5086 (7)1mpressus
2333 5026 2419 5070 est
2453 5016 2546 5071 hic
2585 5016 2746 5070 Liber
2793 5017 3187 5085 allegariarum
3232 5017 3463 5074 Parisiis

1814 5091 1973 5156 1517,
2007 5090 2143 5152 iii-4,
2178 5089 2234 5142 in
2267 5089 2497 5144 ofﬁcina
2522 5091 2688 5142 Henr.
2712 5087 3005 5157 Stephani.
3039 5087 3122 5142 Ibi
3156 5089 3300 5145 inter
3319 5090 3457 5144 alia:

1813 5183 1842 5210 «
1876 5162 2162 5216 Abraham
2195 5160 2473 5228 signiﬁcat
2505 5160 2683 5212 Deum
2713 5159 2954 5223 Patrem,
2997 5165 3048 5214 et
3102 5159 3255 5215 Isaae
3295 5160 3456 5216 Chri-

1814 5240 1959 5288 stum
1987 5249 2000 5298 ;
2026 5247 2190 5287 mons
2222 5232 2280 5286 in
2312 5245 2421 5300 quo
2452 5230 2857 5286 sacriﬁcandus
2909 5236 3044 5298 erat,
3101 5230 3463 5286 altitudinem

1813 5303 2078 5372 eXprimit
2113 5301 2419 5358 tiominicaz
2463 5301 2794 5368 charitatis;
2830 5302 2940 5357 duo
2986 5301 3248 5370 juvenes,
3280 5302 3462 5370 genti-

1814 5377 1894 5431 les
1923 5383 1976 5430 ct
2003 5375 2229 5428 Judzeos
2259 5391 2375 5429 non
2405 5374 2700 5429 credentes
2731 5378 2786 5428 et
2837 5372 2894 5427 in
2946 5380 3184 5428 mortem
3237 5373 3462 5428 Domini

1813 5446 2252 5503 consentientes.
2284 5446 2414 5509 Ara,
2465 5445 2635 5514 ligna,
2686 5460 2902 5512 vepres,
2952 5460 3180 5500 crucem
3237 5443 3464 5499 Domini

1813 5519 2130 5581 designant.
2157 5517 2313 5570 lsaae
2346 5517 2440 5585 qui
2474 5521 2713 5572 mortem
2754 5517 2812 5571 in
2872 5516 3150 5571 sacriﬁcio
3202 5531 3316 5571 non
3369 5529 3471 5585 gu-

1814 5591 2000 5655 stavit,
2033 5587 2381 5658 divinitatem
2407 5587 2692 5656 exprimit,
2744 5603 2864 5654 quae
2916 5603 3114 5658 pmnas
3159 5597 3252 5642 aut
3310 5587 3465 5641 dolo-

1815 5677 1932 5726 rem
1957 5661 2014 5714 in
2043 5657 2304 5729 passione
2322 5673 2438 5712 non
2453 5661 2648 5713 sensit.
2680 5660 2858 5727 Aries,
2883 5657 2976 5729 qui
3001 5664 3234 5713 mortem
3270 5665 3460 5729 pertu-

1814 5734 1898 5800 lit,
1935 5729 2343 5803 humanitatem
2393 5729 2692 5799 signiﬁcat,
2745 5747 2865 5803 quae
2923 5730 3208 5801 passionis
3263 5729 3465 5786 amari-

1817 5799 2044 5862 tudines
2065 5799 2361 5872 sustinuit,
2394 5821 2422 5850 »
2451 5807 2558 5858 etc.
