3922 6304
403 318 558 382 1919
1460 313 1529 374 S.
1574 310 1877 375 MELITO
1919 312 2277 378 SARDIUM
2320 312 2771 381 EPESCOP'US.

1521 449 1611 507 VI.
1639 451 1858 521 Fragm.
1891 466 1963 509 ea:
1991 451 2196 510 Bibliis
2226 449 2432 510 Graecis
2468 454 2576 507 τῶν
2606 452 2689 510 O‘.

3667 321 3833 410 1220

440 602 536 657 -In
566 599 891 655 Bibliorum
924 599 1257 654 Graacorum
1286 599 1396 650 τῶν
1428 597 1485 652 O'
1515 599 1779 653 Romana
1809 597 2087 665 editione,
2121 614 2252 669 quae
2285 614 2355 653 ex
2376 599 2792 671 antiquissimo
2815 606 2874 657 et
2902 605 3392 675 [amantissimo
3414 610 3624 666 codice
3661 613 3825 669 Vati-

400 706 571 757 cano,
606 688 885 760 auspiciis
916 686 1059 740 Sixti
1092 688 1160 751 V,
1193 685 1497 755 pontificis
1528 685 1799 753 Romani,
1831 702 1974 740 cura
2002 686 2230 741 cardiu.
2261 687 2505 743 Caralim
2535 689 2757 759 prodiit
2785 692 2981 748 Graece
3012 710 3149 749 cum
3179 694 3425 753 scholiis
3455 699 3682 756 Graecis
3724 718 3843 773 per

397 779 568 835 codd.
605 795 743 833 mss.
778 775 1065 844 collectis,
1099 778 1319 842 Romae,
1351 791 1405 830 a.
1442 776 1599 840 1581,
1631 774 1734 830 fol.
1770 775 1926 857 typis
1960 792 2248 846 perquam
2279 776 2505 843 nitidis,
2541 793 2611 832 ex
2662 780 3053 852 typographia
3099 783 3309 839 Franc.
3344 786 3664 857 .Zannetti,
3717 791 3826 847 hoc

391 868 801 938 frontispicio:
832 865 893 920 Ἡ
931 861 1142 919 Παλαιὰ
1174 863 1413 931 ,διαθήκη
1446 861 1581 916 κατᾶ
1609 862 1734 924 τοὸς
1785 856 2030 935 Ἐϐδομή

2209 907 2222 932 ,
2274 861 2320 919 δ’
2368 864 2649 928 αὑθεντίας
2696 868 2915 923 Ξύστου
2963 870 3023 939 ε’,
3075 869 3243 947 ἄκρου
3293 871 3623 951 {iV/tepente,
3654 856 3827 935 διδο-

396 963 569 1028 θεῖσα,
601 959 702 1014 fol.
738 961 823 1026 15,
853 956 928 1011 ad
959 957 1154 1011 locum
1204 957 1338 1011 Gen.
1386 972 1482 1019 xx,
1532 970 1679 1009 vers.
1741 956 1827 1021 l3,
1876 952 1965 1008 καὶ
2022 952 2030 1005 ι

2209 956 2348 1029 ιριὸς
2407 956 2486 1018 εἷς
2540 957 2912 1034 κατεχόμενος
2963 959 3017 1015 ἐν
3071 967 3248 1035 φυτῷ,
3278 985 3330 1022 κ.
3362 986 3411 1021 τ.
3441 964 3523 1036 λ.,
3591 969 3830 1043 duplex

393 1050 645 1106 occurrii
672 1046 987 1114 scholium,
1022 1044 1319 1101 Melitonis
1347 1044 1590 1099 nomine
1624 1044 1988 1115 insignitum.
2024 1046 2092 1099 Et
2122 1044 2383 1117 primum
2414 1048 2656 1119 quidem
2693 1050 2953 1121 brevius,
2986 1053 3060 1109 ad
3089 1070 3264 1111 voces
3296 1056 3683 1131 κατεχόμένος
3714 1063 3829 1114 τῶν

392 1139 655 1213 κεράτων.

458 1256 632 1328 Syrus
662 1262 714 1311 et
744 1254 1016 1310 Hebraaus
1072 1267 1368 1322 suspensus
1416 1251 1637 1324 dicunt,
1692 1258 1749 1307 ιιι
1794 1251 2045 1323 apertius

386 1346 819 1418 praaﬁgurarent
839 1357 1088 1399 crucem.

2223 1254 2285 1311 Ὁ
2318 1254 2493 1331 Σύρος
2524 1254 2615 1311 καὶ
2647 1257 2675 1311 ὁ
2717 1254 2969 1335 Ἐϐραιος
3016 1262 3087 1332 (8)
3133 1264 3477 1338 κρεμάμενος
3527 1267 3693 1341 φασὶ,
3746 1267 3795 1320 ὡ

2154 1344 2478 1422 σαφέστερον
2510 1351 2710 1401 τυποῦν
2743 1348 2837 1402 τὸν
2863 1348 3088 1424 σταυρόν
3118 1352 3216 1424 (9).

458 1462 716 1517 Alterum
750 1463 940 1515 autem
966 1457 1193 1530 longius
1223 1465 1326 1523 est,
1357 1463 1525 1530 atque
1554 1456 1621 1512 ad
1658 1472 1822 1513 voces
1853 1454 1903 1510 ἐν
1936 1476 2030 1532 am

2209 1454 2319 1518 ὄέκ.

456 1567 694 1632 Quidam
723 1564 786 1621 τὸ
837 1559 1015 1619 Σαϐἐκ
1055 1569 1343 1622 verterunt
1377 1560 1589 1640 ἄφεσιν,
1645 1565 2045 1634 dimissionem,

393 1657 779 1715 liberationem
802 1674 820 1711 :
849 1657 1075 1727 quidam
1102 1672 1232 1710 vero
1266 1652 1469 1728 ὄρθιος,
1518 1660 1746 1725 erectus,
1786 1661 1850 1709 ut
1896 1654 2045 1710 idem

386 1749 591 1822 valeat,
624 1765 692 1806 ac
722 1749 769 1804 si
806 1748 1110 1813 diceretur,
1143 1747 1334 1802 hircus
1389 1749 1614 1803 erectus
1655 1745 1928 1802 incedens
1986 1746 2046 1801 in

391 1840 655 1911 virgulto,
706 1837 978 1895 cornibus
1025 1840 1219 1892 autem
1270 1835 1348 1891 ibi
1397 1836 1680 1903 detentus,
1740 1834 1818 1890 ita
1871 1842 1930 1890 ut
1976 1835 2047 1891 sit

389 1905 732 1989 manifestus
764 1936 932 2000 typus
971 1926 1177 1982 crucir.
1233 1925 1529 1995 Pr0pterea
1581 1939 1711 1980 vero
1759 1924 1818 1979 in
1878 1923 2046 1979 aliam

382 2018 651 2093 linguam
709 2032 829 2073 non
890 2014 1255 2078 convertitur,
1303 2014 1575 2085 quoniam
1633 2028 1738 2068 vox
1792 2012 2046 2080 Hebraea,

387 2123 521 2166 cum
555 2124 668 2164 una
697 2106 793 2174 sit,
827 2104 1004 2161 multa
1032 2102 1339 2174 signiﬁcat,
1390 2101 1436 2157 si
1493 2102 1565 2157 sit
1614 2102 1908 2158 vertenda.
1952 2103 2051 2167 In-

390 2197 808 2271 terrogantibus
834 2204 1019 2252 autem
1075 2195 1537 2265 respondendum
1584 2198 1690 2262 est,
1749 2200 1804 2250 el
1853 2193 2049 2250 dicen-

2226 1550 2303 1608 Τὸ
2337 1548 2533 1625 Σαϐἐκ,
2591 1551 2775 1631 ἄφεσίν
2829 1576 2971 1618 τινες
3028 1553 3385 1615 ἐκδεδώκασιν
3446 1560 3578 1632 (ίΟ).
3640 1562 3713 1618 Οἱ
3767 1558 3821 1616 δὲ

2155 1639 2360 1715 ὖρθιος,
2401 1641 2477 1704 ὡς
2535 1644 2671 1698 εἶναι
2731 1642 2863 1699 αὐτὸ
2917 1644 2980 1700 τὸ
3036 1645 3346 1721 λεγόμενον,
3403 1648 3609 1724 τράγος
3662 1649 3829 1725 ὀρθὸς

2155 1726 2579 1803 ἐπαναϐεϐηκὼς
2607 1738 2780 1810 φυτῷ·
2814 1735 3040 1789 ἐνταῦθα
3100 1731 3158 1790 δὶ
3208 1736 3366 1811 ὀρθὸς
3414 1742 3523 1793 τῶν
3574 1740 3824 1811 κεράτων

2155 1820 2527 1895 κατεχόμενος
2549 1824 2683 1896 (Η),
2708 1823 2781 1885 ὡς
2805 1822 2941 1878 εἶναι
2964 1824 3191 1900 φανερὸν
3212 1826 3384 1881 τύπον
3415 1832 3659 1902 σταυροῦ
3680 1830 3818 1902 (12).

2157 1911 2261 1964 Διὰ
2291 1910 2451 1965 τοῦτο
2514 1908 2573 1965 δὲ
2622 1911 2729 1988 οὐχ
2786 1910 3163 1987 ἑρμηνεύεται,
3214 1915 3298 1969 ὅτι
3328 1917 3363 1986 ἡ
3395 1910 3667 1991 Ἑϐραϊκὴ
3723 1918 3819 1990 μία

2158 1999 2289 2053 οὖσα
2330 1996 2476 2071 λέξις
2530 1998 2718 2056 πολλᾶ
2775 2002 3024 2076 σημαίνει
3073 2001 3513 2079 ἐρμηνευομένη.
3572 2006 3727 2082 Πρὸς
3764 2006 3817 2062 δὲ

2154 2090 2285 2157 τοὺς
2312 2094 2746 2166 πυνθανομένους
2777 2091 2857 2150 δεῖ
2910 2095 3287 2172 ἂποχρίνεσθαι
3331 2096 3421 2153 καὶ
3469 2097 3685 2175 λέγειν,
3738 2100 3823 2155 ὅτι

2156 2186 2217 2265 τὸ
2251 2176 2430 2237 Σαϐὲκ
2460 2182 2767 2259 ἐπηρμένος
2795 2181 3081 2261 ἐρμηνεύει
3110 2187 3245 2260 (13).

389 2290 548 2357 dum,
581 2287 643 2342 τὸ
677 2279 856 2340 Σαϐἐκ
873 2284 1151 2340 sublatum
1183 2283 1511 2340 vertendum
1544 2298 1685 2339 esse.

472 2407 602 2462 Haec
632 2406 826 2461 itidem
871 2404 1130 2459 videntur
1162 2417 1283 2457 esse
1308 2417 1374 2456 ex
1409 2398 1683 2475 Ἐκλογῶν
1719 2399 1902 2469 libris,
1960 2400 2023 2456 in
2074 2397 2279 2468 quibus
2323 2412 2390 2452 ea
2428 2397 2808 2466 potissimum,
2854 2413 2975 2469 quas
3031 2399 3099 2455 ad
3138 2400 3493 2457 Servatorem
3545 2409 3811 2459 nostrum

392 2498 774 2569 pertinebant,
808 2494 1055 2565 collegit.
1086 2492 1385 2551 Cohaerent
1423 2508 1553 2548 cum
1580 2490 2052 2549 antecedentibus
2081 2490 2415 2559 fragmentis
2443 2504 2513 2544 ex
2559 2488 2793 2556 Catena,
2832 2498 2999 2561 atque
3045 2492 3303 2547 Isaacum
3351 2498 3548 2563 typum
3598 2493 3810 2550 Christi

391 2589 567 2645 fuisse
608 2592 947 2642 monstrant.
980 2584 1097 2639 Hoc
1130 2584 1505 2653 fragmentum
1534 2582 1851 2638 Halloixius
1882 2596 1998 2637 non
2033 2579 2221 2646 habet,
2255 2594 2361 2634 nec
2391 2578 2495 2633 ulli
2524 2578 2864 2651 scriptorum
2902 2579 2973 2635 de
3001 2579 3270 2638 Melitone
3298 2589 3810 2650 commemoratur,

386 2681 593 2751 praeter
622 2675 1006 2732 Colomesium
1040 2673 1178 2745 (14),
1206 2673 1301 2743 qui
1334 2670 1569 2742 digitum
1602 2673 1672 2727 ad
1696 2671 1839 2727 illud
1869 2669 2140 2726 intendit.

1563 2795 1673 2853 Vll.
1707 2796 1930 2865 Fragm.
1964 2809 2034 2850 ea:
2061 2792 2351 2850 Anastasio
2379 2792 2622 2849 Sinaita.

454 2928 619 2986 Aliud
656 2926 1031 2995 fragmentum
1064 2923 1363 2979 Melitonis
1394 2920 1680 2992 quantivis
1715 2921 1881 2991 pretii
1909 2921 1981 2976 ab
2008 2920 2304 2976 Anastasio
2333 2916 2547 2975 Sinaita
2585 2924 2975 2975 conservatum
3006 2918 3109 2975 fuit
3143 2918 3206 2976 in
3233 2916 3475 2995 Ὁδηγῷ,
3517 2937 3617 2979 seu
3672 2924 3815 2980 Duce

380 3021 512 3088 vim,
546 3035 677 3088 cap.
718 3016 807 3082 13,
849 3030 957 3085 quo
988 3022 1183 3069 contra
1216 3011 1557 3083 Acephalos,
1590 3010 1839 3066 divinam
1871 3009 2323 3066 incarnationem
2354 3007 2559 3065 Christi
2584 3008 2814 3064 Domini
2845 3016 3239 3081 oppugnantes
3270 3011 3538 3081 disputat,
3571 3029 3627 3085 p.
3662 3015 3792 3085 260,

380 3109 520 3164 edit.
554 3105 824 3174 Gretseri,
860 3104 947 3160 his
979 3102 1201 3158 verbis:
1236 3101 1376 3157 Cum
1404 3100 1556 3155 enim
1581 3100 1878 3155 ostendere
1905 3098 2110 3167 velitis,
2142 3097 2428 3154 Christum
2463 3104 2660 3166 totum,
2704 3097 2848 3153 nihil
2895 3097 3047 3154 aliud
3110 3114 3258 3166 esse,
3310 3115 3479 3171 quam
3532 3100 3808 3159 divinita-

381 3203 495 3254 tem
528 3213 542 3264 ;
570 3212 630 3267 in
662 3195 842 3266 ipsam
871 3191 1247 3258 divinitatem,
1280 3190 1455 3245 instar
1486 3187 1929 3244 Manichaeorum
1962 3192 2019 3243 et
2041 3187 2402 3258 Arianorum,
2431 3186 2694 3257 injuriosl
2719 3195 2773 3241 et
2810 3187 3210 3245 contumeliosi
3260 3188 3439 3257 estis;
3477 3189 3615 3261 quia
3648 3190 3805 3247 illam

377 3284 741 3357 passionibus
779 3290 834 3338 et
862 3280 1295 3346 mutationibus,
1330 3294 1485 3334 more
1514 3285 1831 3334 creaturam
1863 3293 2074 3346 rerum,
2107 3276 2417 3346 subjicitis.
2450 3277 2609 3333 Certe
2648 3276 2878 3332 divinus
2924 3282 2978 3333 et
3014 3278 3468 3348 sapientissimus
3512 3278 3673 3335 inter
3702 3281 3805 3337 do-

379 3379 571 3432 ctores
602 3372 816 3439 Melite,
848 3371 909 3427 in
950 3370 1110 3426 tertio
1144 3371 1215 3425 De
1248 3369 1634 3424 incarnatione
1664 3383 1945 3436 sermone,
1986 3368 2227 3439 graviter
2270 3366 2555 3423 invehitur
2600 3366 2661 3422 in
2702 3365 2832 3422 illos
2878 3365 3234 3439 interpretes,
3285 3368 3382 3439 qui
3423 3369 3807 3441 comprobare

379 3464 642 3520 nituntur
667 3477 736 3517 ex
766 3459 926 3516 factis
957 3458 1164 3514 Christi
1195 3464 1321 3529 post
1389 3456 1728 3528 baptismum
1779 3457 2068 3513 veritatem
2117 3456 2366 3527 corporis
2411 3463 2466 3512 et
2513 3455 2741 3524 animae,
2792 3463 3040 3527 itemque
3085 3456 3451 3523 naturalium,
3505 3465 3562 3515 et
3612 3462 3807 3517 omnis

381 3549 600 3622 peccati
632 3549 947 3620 expertium
974 3546 1371 3619 operationum
1416 3546 1559 3617 ejus,
1615 3546 1800 3611 famis,
1840 3544 2099 3616 inquam,
2151 3546 2294 3612 sitis,
2346 3544 2554 3614 somni,
2606 3545 2834 3615 laboris,
2884 3544 3285 3617 lacrymarum,
3325 3546 3496 3618 spuli,
3546 3549 3802 3631 sudoris,

377 3638 722 3697 excretionis
743 3654 840 3709 per
872 3654 1056 3709 nares,
1115 3636 1532 3708 egestionisque
1579 3635 1828 3706 corrupti
1873 3645 1926 3691 et
1974 3635 2305 3692 naturaliter
2361 3634 2618 3692 concocti
2653 3634 2769 3692 cibi
2812 3651 2879 3692 ac
2922 3642 3123 3706 potus;
3166 3651 3349 3709 neque
3393 3636 3598 3693 horum
3652 3640 3804 3696 dun-

372 3734 546 3797 taxat,
578 3728 676 3785 sed
705 3736 760 3785 et
789 3742 1012 3796 eorum,
1052 3743 1177 3799 quae
1207 3726 1411 3782 anima:
1456 3732 1662 3782 nostra:
1693 3741 1726 3780 a
1750 3732 1948 3780 natura
1995 3724 2185 3782 inesse
2237 3724 2449 3792 solent,
2501 3723 2610 3781 boc
2649 3728 2759 3795 est,
2795 3724 3065 3793 tristitiae,
3112 3725 3368 3782 mret-oris
3420 3734 3476 3783 et
3519 3726 3800 3797 dejectio-

371 3818 482 3874 nis.
517 3816 656 3875 Nam
686 3823 885 3872 contra
914 3815 1262 3871 Marcionem
1293 3815 1590 3885 disputans
1619 3814 1702 3870 sic
1737 3813 1817 3869 ait
1869 3813 2088 3871 ccelesti
2138 3812 2464 3884 cognitione
2510 3811 2797 3869 excellens
2839 3812 3033 3871 Melite
3065 3830 3078 3869 :
3130 3813 3371 3886 negabat
3417 3814 3574 3872 enim
3622 3817 3797 3874 etiam

2137 3981 2246 4035 que
2271 3963 2576 4020 somniavit
2609 3981 2688 4037 :_«
2720 3963 2922 4037 Planta
2974 3964 3176 4031 Sabec,
3226 3965 3516 4037 inquiens,
3566 3972 3666 4024 est
3710 3986 3801 4025 ve-

2137 4034 2390 4093 neranda
2419 4051 2579 4091 crux.
2611 4034 2777 4090 Juxta
2811 4036 3079 4092 Hebraeos
3104 4034 3329 4092 videtr
3355 4053 3479 4094 esse
3503 4034 3510 4036 “
3537 4040 3799 4096 remissio

2134 4118 2187 4164 et
2217 4108 2580 4164 condonatio.
2613 4108 2777 4163 Aries
2806 4123 2934 4164 vero
2964 4110 3060 4179 qui
3103 4108 3164 4164 in
3206 4108 3389 4165 Sabec
3442 4109 3707 4168 haerebat
3731 4113 3795 4167 ad

2133 4179 2385 4250 plantam
2406 4178 2664 4249 ﬁguravit
2689 4178 2996 4250 Christum
3035 4195 3135 4249 pro
3165 4179 3329 4236 nobis
3367 4181 3429 4235 in
3477 4196 3659 4239 cruce
3704 4185 3798 4239 ob-

2132 4251 2330 4307 latum.
2367 4272 2396 4301 »
2430 4250 2600 4320 Atqui
2631 4266 2762 4323 vero
2805 4249 2868 4304 τὸ
2898 4262 3021 4323 Ἶειο
3054 4250 3303 4307 Hebraeis
3352 4266 3542 4323 neque
3590 4257 3791 4311 remis.

2132 4323 2353 4379 sionem
2401 4337 2585 4392 neque
2636 4321 2893 4393 plantam
2927 4321 2937 4339 '
2970 4330 3165 4379 notare
3213 4321 3592 4380 observarunt
3681 4328 3798 4383 alii.

2133 4394 2434 4450 Excusavit
2466 4401 2658 4448 tamen
2684 4395 3099 4463 quodammodo
3129 4402 3346 4451 veteres
3374 4396 3460 4450 Jo.
3512 4399 3600 4452 Js.
3656 4398 3787 4455 Yos~

406 3970 534 4041 ~38)
562 3968 831 4041 Origenes
880 3967 940 4041 in
1007 3965 1271 4041 Hexaplis
1327 3981 1473 4035 saepe
1528 3963 1568 4041 b_
1620 3962 1801 4041 Κύρος
1847 3961 1939 4018 καὶ
1998 3963 2026 4017 ὁ

369 4035 970 4114 Ἐϐραῖοςδνὶῗάοᾼόθ
1025 4035 1285 4107 simplice
1345 4045 1398 4092 et
1454 4035 1847 4114 a_n_tiqua'_is_ta
1903 4052 2026 4114 ver-

373 4107 534 4168 sione
565 4114 625 4168 V.
658 4116 721 4166 Τ.
755 4111 1002 4181 Syriaca,
1049 4124 1215 4179 quam
1244 4107 1541 4176 ⁸ῐιοιιιιιιιιι
1595 4111 1679 4181 ad
1705 4107 2027 4163 Salomonis

371 4185 625 4240 referunt
653 4179 857 4247 avum,
889 4183 986 4236 alii
1016 4184 1082 4235 ad
1116 4181 1325 4251 Abgari
1369 4187 1422 4235 et
1470 4179 1851 4251 apostolorum
1893 4186 2026 4251 eata-

369 4259 485 4311 tem
520 4254 1023 4311 Montefalconium
1068 4253 1128 4306 in
1159 4249 1472 4308 Praelimt'n.
1507 4249 1575 4305 ad
1606 4251 1853 4321 Hexapla
1888 4249 2024 4309 Ori-

363 4328 540 4397 genis,
575 4341 701 4396 cap.
735 4325 789 4392 4,
821 4326 847 4392 §
876 4324 917 4397 8A
940 4331 991 4380 et
1020 4323 1076 4391 9,
1109 4339 1233 4393 pag.
1270 4323 1358 4389 19,
1391 4330 1445 4377 et
1475 4338 1700 4397 summa
1759 4322 2021 4377 venerab.

367 4394 755 4464 Carpzovium,
790 4397 851 4452 in
885 4395 1094 4450 Critica
1122 4410 1310 4457 sacra,
1343 4409 1468 4465 pag.
1500 4394 1628 4447 6'22.

439 4469 516 4538 (9)
550 4470 613 4523 In
646 4475 797 4523 textu
823 4466 1053 4521 Hebraeo
1084 4475 1167 4538 est
1213 4476 1364 4525 vna:
1410 4464 1509 4524 '15s:
1558 4465 1708 4538 aries
1753 4464 2020 4538 detentus.

368 4535 508 4611 LXX
531 4539 900 4596 reddiderunt
943 4536 1306 4611 κρεμάμενος·
1356 4552 1459 4591 vox
1508 4537 1663 4611 enim
1709 4538 1915 4611 κρεμᾷν
1962 4535 2023 4591 in

367 4610 527 4683 ligno
559 4611 785 4683 proprie
816 4608 991 4683 notat
1020 4608 1478 4683 suspensionem‘.
1508 4608 1785 4683 Arrianus
1815 4608 1891 4661 De
1927 4622 2022 4683 ca;-

363 4678 735 4755 pEdithléx.
773 4686 846 4755 M7.
884 4681 985 4736 lib.
1030 4697 1143 4755 xvi,
1164 4753 1185 4755 μ
1204 4696 1327 4750 pag.
1380 4678 1512 4755 418,-
1556 4679 1671 4755 edit
1724 4678 2019 4755 ﬁlancard.

367 4744 537 4811 refert
566 4757 634 4809 de
688 4754 1030 4808 Musicnno:
1079 4744 1303 4806 Tadio»;
1343 4746 1608 4820 κρεμάσαι
1660 4744 2021 4821 Ἀλέξανδρος

367 4822 577 4880 κελεύει
617 4824 669 4878 ἐν
701 4827 770 4896 τῇ
804 4822 971 4877 αὐτοῦ
1002 4826 1099 4895 γῇ.
1131 4843 1161 4872 ι(
1195 4824 1356 4896 llunc
1412 4821 1732 4896 Alexander
1762 4823 2022 4893 cruciﬁgi

362 4899 425 4953 in
456 4914 561 4953 sua
593 4892 821 4966 regione
846 4892 1034 4966 jubet,
1053 4892 1088 4946 ⁷»
1122 4909 1290 4963 quem
1322 4893 1567 4966 Curtius,
1611 4892 1710 4966 ιιι),
1771 4909 1852 4959 rx,
1892 4892 2017 4963 cap.

364 4969 421 5035 8,
480 4989 509 5019 «
552 4969 611 5023 in
657 4962 894 5023 crucem
955 4962 1241 5021 sublatum
1290 4985 1319 5012 »
1377 4963 1595 5035 scribit.
1655 4962 2023 5035 Sicrquoque

362 5039 643 5096 Diodorus
667 5039 914 5105 Siculus,
962 5038 1065 5093 lib.
1117 5052 1244 5102 xm,
1294 5035 1358 5105 in
1406 5034 1657 5105 ejusdem
1717 5034 2022 5105 Alexandri

365 5111 630 5179 rebusde
664 5111 813 5179 Tyro
847 5100 1052 5179 capta:
1098 5100 1239 5179 Τοὺς
1388 5100 1542 5166 νέους
1589 5104 1821 5179 πάντας,
1866 5100 2020 5179 ὄντας

364 5181 466 5237 οὐκ
522 5174 782 5243 ἐλάττους
840 5174 1161 5253 διᾰχιλιων,
1222 5174 2022 5253 ἐκρέμασεν,-(ιιιοάηϐιιτιὶιιε

363 5254 571 5310 iterum
606 5254 681 5307 ita
713 5252 905 5308 retulit
926 5248 1006 5307 ;”“‹‹
1041 5248 1162 5307 Duo
1195 5248 1374 5304 miilia
1403 5249 1670 5305 crucibus
1695 5248 1886 5317 afﬁxa,
1921 5265 2021 5319 per

363 5327 567 5396 ingens
602 5324 802 5380 littoris
860 5325 1105 5394 Spatium
1174 5321 1583 5396 pependerunt.
1611 5341 1639 5396 ν
1696 5320 2015 5396 Latiporum

362 5392 695 5458 suspendere
724 5397 790 5450 ad
844 5392 1069 5451 crucem
1102 5409 1324 5464 quoque
1376 5393 1754 5449 referendum.
1805 5392 2021 5448 Seneca

363 5470 526 5537 epist.
558 5468 594 5519 7
624 5485 637 5523 :
674 5487 701 5517 ‹‹
731 5468 1116 5522 Latrocinium
1155 5464 1286 5521 fecit
1316 5464 1544 5536 aliquis,
1577 5464 1710 5533 quid
1730 5478 1861 5534 ergo
1895 5479 2016 5519 me-

364 5538 525 5594 ruit?
555 5542 616 5593 ut
647 5540 1049 5606 suspendatur.
1086 5557 1116 5587 »

436 5608 546 5678 (10)
578 5604 848 5664 Athenas.
892 5616 1089 5679 quaest.
1121 5607 1214 5676 98,
1263 5606 1336 5662 ad
1386 5604 1712 5662 Antiochum
1753 5604 1832 5662 ita
1877 5621 2015 5677 quo-

2130 4466 2247 4521 sius
2280 4463 2749 4537 Dtdlranslalionc
2776 4465 2931 4533 LXX,
2967 4481 3092 4536 cap.
3129 4466 3217 4533 12,
3253 4483 3377 4537 pag.
3408 4465 3502 4520 38.

2202 4537 2311 4610 (11)
2342 4535 2562 4610 Hebraei
2589 4538 2852 4602 credunt,
2883 4535 3297 4610 hunoarietem
3325 4535 3530 4610 sponte
3562 4538 3795 4610 quidem

2131 4608 2199 4662 ad
2245 4608 2625 4663 Abrahamum
2671 4609 3012 4674 cucurrisse,
3044 4610 3141 4665 sed
3189 4608 3479 4665 diabolum
3524 4608 3667 4667 eum
3718 4629 3792 4668 ar-

2131 4680 2364 4735 boribus
2393 4679 2746 4750 implicuisse
2776 4686 2831 4736 et
2860 4680 3269 4750 immiscuisse,
3298 4684 3363 4736 ut
3404 4681 3789 4747 Abrahamus,

2130 4756 2295 4806 aetate
2319 4752 2437 4820 jam
2485 4750 2778 4807 confectus
2835 4752 3154 4822 fractusque
3202 4751 3363 4808 nullo
3409 4750 3623 4811 labore
3670 4770 3791 4812 eum

2132 4822 2673 4949 paperedpgtqisset;
2715 4824 2811 4879 sed
2860 4822 2962 4880 Dei
3019 4825 3207 4896 potius
3255 4823 3639 4896 providentia:
3689 4827 3790 4884 hoc

2159 4910 2201 4949 τι
2250 4910 2303 4949 ιιι
2374 4910 2401 4949 e
2447 4910 2475 4950 e
2506 4934 2520 4948 .

2159 4911 2303 4949 l'lDlll
2334 4911 2520 4949 (18061.

2203 4964 2317 5036 (12)
2348 4967 2599 5022 Artetem
2653 4964 3232 5037 in_perplexitatibus
3278 4966 3578 5037 detentum
3631 4969 3787 5025 Chri-

2132 5032 2682 5111 sttign'signiﬁoasse,
2724 5032 2782 5111 ἐν
2830 5040 2922 5111 τῷ,
2969 5040 3183 5111 σταυρῷ
3234 5035 3457 5101 θάνατον
3519 5037 3787 5094 ὑποστάν-

2127 5127 2195 5183 τα
2220 5105 2391 5161 ἕνεκεν
2424 5109 2607 5183 ἡμῷν,
2661 5105 2999 5183 Athanasius
3024 5181 3033 5183 _
3054 5105 3281 5181 quoque
3314 5111 3385 5183 in
3439 5113 3783 5183 Interpreta-

2131 5179 2279 5235 tione
2302 5179 2713 5250 parabolarum,
2745 5188 2940 5249 quaest.
2973 5179 3086 5249 66(
3111 5179 3371 5245 asseruit,
3403 5187 3465 5236 et
3492 5198 3570 5238 ex
3600 5179 3783 5242 Βαδὺ.

2130 5251 2383 5320 probavit
2413 5251 2733 5307 Rochartus
2762 5253 2821 5307 in
2851 5251 3182 5316 Hieremiae,
3215 5253 3310 5308 fol.
3339 5254 3469 5308 542.

2201 5323 2314 5394 (13)
2339 5323 2544 5377 Confer
2575 5324 2810 5380 omnino
2840 5324 2908 5378 ad
2944 5323 3050 5379 hoc
3081 5323 3373 5381 Melitonis
3401 5324 3782 5393 fragmentum

2126 5392 2617 5467 Jthrichmutbi
2641 5394 2778 5449 diss.
2808 5395 2981 5467 5,_Dc
3011 5395 3277 5467 ligatione
3331 5392 3548 5465 lsaaci,
3583 5414 3717 5467 cap.
3741 5399 3782 5451 5.

2200 5464 2313 5538 (14)
2339 5464 2694 5538 Colomcsius
2736 5466 2798 5522 in
2858 5464 2989 5538 Opp.
3022 5464 3137 5522 a'J.
3170 5469 3238 5525 Α.
3292 5464 3559 5526 Fabricio
3610 5464 3787 5534 editis,

2127 5536 2257 5608 μευ
2289 5536 2415 5592 τοι.
