3922 6304
85 407 117 466 1
131 408 252 467 221
1546 404 1740 466 ΕῊΑ(

1923 405 2075 466 ITA.
3358 416 3512 476 Ηὲὲ

81 543 368 611 Marcion,
400 541 545 598 sicut
575 545 813 598 Severus
833 547 886 596 et
915 540 1186 607 Gaianas,
1245 539 1498 596 divinam
1549 539 1758 596 Christi
1816 540 2269 598 incarnationem
2321 543 2522 598 iisdem
2554 543 2896 600 testimoniis
2925 546 3220 617 Evangelii
3247 549 3516 606 adversus

86 631 421 688 Melitenem
456 646 612 701 usus,
644 632 855 702 quibus
887 646 1042 686 nunc
1073 629 1163 684 isti
1197 629 1504 685 Marcionis
1537 629 1762 684 Pontici
1796 629 2060 700 discipuli
2091 633 2356 687 adversus
2403 647 2504 687 nos
2537 640 2792 689 utuntur.
2827 634 2926 690 Cui
2960 637 3122 693 valde
3156 639 3296 694 scite
3317 647 3371 695 et
3407 656 3514 712 op—

88 731 340 794 portune
369 721 660 792 respondit
697 722 888 778 Melilo
918 721 976 776 in
1009 721 1164 776 hunc
1198 721 1427 776 modum
1465 736 1477 774 :

167 839 258 901 Ὠς
288 833 520 910 οὐδεμία
552 835 760 911 ἀνάγκη
821 840 938 897 τοῖς
987 839 1113 890 νοῦν
1145 829 1387 912 ἔχουσιν,
1422 834 1470 904 ἐξ
1503 837 1577 888 ὧν
1615 833 1740 908 μετᾶ

1936 839 2058 891 Non
2093 840 2180 891 est
2211 837 2592 893 necessarium
2625 838 2738 908 his,
2795 855 2935 910 quos
2996 842 3139 898 ratio
3198 860 3312 901 non
3347 846 3512 918 fugit,

75 929 149 984 τὸ
186 927 468 1004 βάπτισμα
501 926 528 980 ὁ
561 925 798 999 Χριστὸς
851 919 1066 1000 ἔπραξε,
1123 930 1385 998 παριστᾷν
1430 925 1492 979 τὸ
1524 922 1750 994 ἀληθὲς,

79 1017 178 1073 καὶ
211 1015 550 1096 ἀφάνταστον
582 1021 682 1084 τῆς
741 1017 930 1093 ψυχῆς
987 1015 1176 1083 αὐτοῦ,
1228 1013 1317 1068 καὶ
1369 1018 1466 1068 τοῦ
1498 1013 1754 1085 σώματος

82 1114 188 1176 τῆς
219 1106 336 1169 καθ’
369 1107 516 1178 ἡμᾶς
567 1103 916 1177 ἀνθρωπίνης
967 1102 1199 1180 φύσεως.
1243 1103 1322 1158 Τὰ
1376 1103 1481 1177 γὰρ
1527 1102 1660 1174 μετᾶ
1689 1102 1751 1156 τὸ

87 1198 379 1270 βάπτισμα
410 1193 512 1248 ὑπὸ
553 1194 792 1267 Χριστοῦ
855 1191 1191 1267 πραχθέντα,
1239 1192 1330 1246 καὶ
1389 1191 1630 1265 μάλιστα
1684 1190 1752 1244 τὰ

83 1288 314 1356 σημεῖα,
353 1282 452 1351 τήν
517 1281 682 1336 αὐτοῦ
743 1281 1129 1356 κεκρυμμένην
1192 1281 1244 1336 ἐν
1305 1280 1464 1356 σαρκὶ
1517 1279 1750 1349 θεότητα

82 1370 347 1442 ἐδήλουν,
391 1371 477 1426 καὶ
539 1370 858 1425 ἐπιστοῦντο
918 1375 998 1441 τῷ
1055 1371 1271 1444 κόσμῳ.
1333 1369 1463 1430 Θεὸς
1511 1369 1618 1444 γὰρ
1676 1363 1748 1421 ὥν

85 1464 292 1535 ὅμοῦτε
313 1461 402 1516 καὶ
435 1458 720 1535 ἅνθρωπος
777 1461 987 1523 τέλειος
1018 1461 1045 1515 ὁ
1094 1460 1280 1532 αὐτὸς,
1329 1460 1424 1521 τὰς
1455 1458 1550 1514 δύο
1584 1458 1746 1514 αὐτοῦ

1865 927 2273 984 exactionibus
2305 927 2510 984 Christi
2569 937 2690 999 post
2753 930 3097 1000 baptismum
3152 943 3406 992 astruere
3460 946 3515 994 et

1863 1018 2258 1072 demonstrare
2305 1019 2508 1073 animos
2566 1027 2618 1075 et
2675 1021 2927 1090 Corporis
2957 1025 3102 1095 ejus,
3144 1031 3201 1080 et
3249 1025 3512 1084 humana:

1864 1114 2080 1160 naturae
2111 1105 2406 1160 nobiscum
2439 1107 2833 1163 convenientis
2863 1111 3238 1180 veritatem,et
3262 1113 3332 1168 ab
3353 1115 3510 1169 omni

1863 1194 2090 1251 fictione
2123 1195 2514 1252 remotionem.
2551 1197 2693 1253 Nam
2747 1213 2870 1268 quae
2918 1208 3038 1268 post
3072 1200 3415 1271 baptismum
3479 1221 3513 1258 a

1861 1283 2086 1339 Christo
2113 1293 2264 1354 gesta
2295 1292 2446 1355 sunt,
2478 1285 2724 1342 maxime
2757 1287 3051 1358 miracula,
3086 1290 3355 1347 latentem
3387 1293 3512 1362 ejus

1860 1375 1918 1427 in
1951 1387 2120 1428 carne
2149 1372 2502 1429 divinitatem
2531 1375 2892 1445 potissimum
2925 1378 3144 1434 mundo
3172 1381 3510 1451 comproba-

1861 1460 1994 1516 bant
2024 1469 2076 1518 et
2109 1463 2545 1520 confirmabant.
2573 1466 2713 1521 Cum
2746 1467 2898 1522 enim
2957 1468 3107 1522 idem
3161 1469 3310 1524 Deus
3340 1469 3510 1526 simul

1858 1558 1911 1605 et
1945 1551 2110 1606 homo
2139 1552 2416 1620 perfectus
2467 1563 2636 1621 esset,
2695 1557 2833 1610 duas
2887 1565 3116 1612 naturas
3173 1575 3306 1613 suas
3347 1558 3510 1614 nobis

85 1551 280 1614 οὐσίας
315 1551 654 1606 ἐπιστώσατο
684 1552 839 1624 ἡμῖν·
871 1553 971 1620 τὴν
1029 1551 1122 1624 μὲν
1176 1549 1406 1620 θεότητα
1436 1548 1624 1620 αὐτοῦ,
1659 1546 1748 1602 διὰ

81 1645 196 1695 τῶν
237 1639 478 1713 σημείων
512 1639 564 1695 ἐν
622 1644 691 1707 τῇ
723 1640 952 1715 τριετίᾳ,
1012 1643 1080 1713 τῇ
1142 1639 1277 1712 μετᾶ
1325 1639 1388 1692 τὸ
1420 1639 1743 1713 εβᾶπτισμα·

79 1733 186 1800 τὴν
217 1728 272 1784 δὲ
303 1730 697 1805 ἀνορωπὸτητα
730 1729 916 1800 αὐτοῦ,
977 1731 1030 1784 ἐν
1083 1737 1202 1793 τοῖς
1258 1731 1552 1804 τριάκοντα
1610 1728 1747 1804 χρά-

81 1805 225 1890 νίοις,
255 1826 370 1881 τοῖς
395 1820 502 1892 πρὸ
532 1824 629 1875 τοῦ
665 1820 1063 1895 βαπτίσματος,
1118 1819 1172 1873 ἐν
1236 1821 1345 1888 οἷς,
1407 1816 1497 1872 διὰ
1527 1819 1588 1872 τὸ
1621 1819 1740 1872 ἀτε-

1923 1835 2014 1874 am
2055 1821 2289 1891 triginta
2348 1821 2462 1877 illis
2512 1824 2681 1879 annis
2735 1823 3078 1896 baptismum
3139 1830 3505 1898 antegressis,

82 1908 181 1972 λὶς
214 1910 274 1964 τὸ
303 1909 440 1964 κατᾶ
470 1910 662 1984 σάρκα,
724 1905 1004 1982 ἆπέκρυϐε
1070 1909 1138 1963 τὰ
1195 1913 1398 1980 σημεῖα
1442 1915 1541 1977 τῆς
1575 1907 1739 1962 αὐτοῦ

1923 1909 2057 1964 ηἱὺυε
2081 1911 2269 1966 carnis
2303 1911 2487 1966 vilitas
2520 1914 2739 1983 tegebat
2769 1923 2821 1969 et
2869 1915 3260 1971 abscondebat
3293 1917 3519 1984 divinie,

85 1999 372 2070 θεότητος,
394 1997 588 2074 καίπερ
649 1999 779 2062 Θεὸς
837 1997 1054 2068 ἀληθὴς
1089 1997 1420 2069 προαεώνιος
1454 1998 1740 2072 ὑπάρχων.

1923 1999 1986 2054 tis
2015 1999 2196 2070 signa,
2222 2002 2442 2057 tametsi
2466 2001 2616 2058 Deus
2646 2019 2812 2058 verus
2837 2011 2986 2059 esset
3015 2012 3067 2060 et
3097 2007 3502 2076 sempiternus.

1857 1641 2120 1708 patefecit
2152 1641 2542 1698 :diviuitatem
2575 1643 2804 1714 quidem
2852 1662 2951 1715 per
3007 1647 3288 1702 miracula
3333 1649 3509 1705 trien-

1856 1728 1952 1784 nio
1995 1730 2098 1784 isto
2133 1737 2254 1799 post
2289 1732 2634 1801 baptismum
2668 1742 2912 1803 patrata:
2939 1735 3345 1793 humanitatem
3379 1754 3508 1796 vero

165 2180 284 2236 Hoc
314 2179 697 2249 fragmentum
731 2177 1045 2234 Halloixius
1076 2193 1193 2232 non
1227 2178 1414 2249 habet,
1446 2178 1684 2234 inseruit
1713 2185 1898 2234 tamen
1931 2180 2078 2235 istud
2115 2181 2367 2236 ilistorire
2393 2197 2506 2236 suae
2539 2181 2822 2238 litterariae
2853 2183 3070 2240 Caveus
3101 2201 3114 2239 :
3154 2185 3504 2245 Notenthaac

80 2271 199 2326 sibi
229 2269 590 2343 Eutychiani,
625 2270 997 2340 subjungens,
1025 2270 1262 2324 duarum
1303 2270 1361 2324 in
1394 2270 1615 2325 Christo
1645 2276 1976 2325 naturarum
2007 2279 2460 2340 Oppugnatores;
2498 2280 2692 2326 notent
2723 2273 2939 2338 Ariani,
2973 2281 3026 2329 et
3058 2274 3178 2346 qui,
3210 2275 3399 2332 Socini
3430 2278 3502 2332 de

78 2375 276 2430 grege,
312 2360 621 2415 Dominum
647 2367 906 2414 nostrum
937 2360 1107 2413 Deum
1143 2374 1334 2413 verum
1362 2367 1413 2413 et
1445 2359 1855 2429 sempiternum
1886 2377 2008 2417 esse
2035 2363 2329 2432 praefracte
2361 2377 2567 2431 negare
2598 2379 2712 2418 non
2744 2372 3028 2419 verentur.
3082 2365 3272 2420 Mirari
3325 2365 3498 2435 igitur

85 2450 231 2506 satis
265 2466 378 2506 non
409 2450 611 2520 poterit
642 2447 948 2504 benevolus
981 2449 1175 2514 lector,
1213 2449 1308 2519 qui
1332 2449 1672 2503 Whistonus
1702 2449 1836 2517 (15),
1869 2467 1969 2521 pro
2029 2449 2244 2506 Arianae
2275 2466 2341 2506 ex
2388 2467 2520 2506 orco
2549 2457 2824 2507 revocatm
2855 2452 3131 2508 haereseos
3164 2454 3496 2523 patrocinio,

77 2539 284 2597 crebro
323 2540 392 2594 ad
432 2539 584 2594 hunc
616 2539 803 2594 locum
827 2553 1130 2608 provocare
1163 2538 1423 2606 potuerit.
1456 2537 1547 2593 Sic
1578 2554 1633 2592 ν.
1667 2553 1719 2593 c.
1753 2538 1990 2608 probare
2019 2541 2124 2595 hoc
2152 2538 2439 2595 Melitouis
2461 2540 2782 2596 testimonio
2805 2542 3119 2606 contendit,
3159 2542 3359 2598 Filium
3385 2559 3500 2598 non

77 2628 348 2699 essentia,
380 2629 480 2684 sed
515 2627 800 2685 voluntate
830 2626 1028 2683 saltem
1060 2627 1153 2683 Dei
1182 2627 1360 2682 Patris
1390 2627 1636 2683 similem
1667 2643 1791 2683 esse
1822 2629 2006 2695 Patri;
2031 2644 2153 2684 esse
2185 2628 2424 2697 primam
2446 2635 2760 2683 creaturam
2793 2647 2825 2683 a
2857 2629 2972 2684 Deo
3008 2630 3164 2686 Patre
3195 2634 3329 2687 ante
3347 2631 3498 2702 jacta

78 2718 289 2774 mundi
322 2717 698 2774 fundamenta
727 2719 1062 2788 productam
1097 2741 1111 2784 ;
1144 2729 1264 2772 esse
1288 2724 1510 2787 natura,
1542 2716 1831 2773 attributis
1862 2726 1916 2774 et
1947 2717 2390 2789 perfectionibus
2417 2718 2583 2788 longe
2643 2719 2998 2784 inferiorem,
3053 2727 3113 2774 ut
3170 2720 3282 2776 alia
3339 2722 3496 2791 ejus-

79 2810 241 2866 modi
275 2807 605 2879 blasphema
626 2808 854 2864 silentio
874 2815 1222 2879 praeteream.
1244 2808 1404 2864 Forte
1434 2823 1552 2864 non
1574 2809 1832 2876 deerunt,
1861 2809 1958 2879 qui
1985 2807 2242 2863 Melitoni
2263 2825 2296 2862 a
2326 2806 2624 2863 recentiori
2649 2823 2817 2863 manu
2852 2808 2973 2864 haec
3003 2809 3292 2879 supposita
3309 2809 3498 2876 fuisse,

79 2898 176 2955 vel
206 2899 537 2969 conjicient,
571 2897 654 2953 vel
686 2897 1072 2966 affirmabant,
1109 2905 1167 2951 ut
1200 2898 1404 2953 fecisse
1434 2898 1601 2952 etiam
1635 2897 1997 2966 deprehendo
2028 2896 2232 2951 Gallici
2265 2897 2562 2966 cujusdam
2610 2897 2773 2952 diarii
2804 2897 3011 2952 eruditi
3043 2901 3334 2952 auctorem
3365 2898 3499 2968 (l6).

78 2990 190 3045 Sed
215 2988 350 3044 istos
379 2987 664 3059 ablegatos
692 2987 862 3058 cupio
893 2989 961 3043 ad
994 2988 1221 3044 beatum
1244 2987 1678 3043 Weismannum
1700 2987 1836 3059 (17),
1857 2987 1953 3056 qui
1985 2988 2282 3041 occasione
2311 2985 2482 3056 hujus
2509 2985 2686 3056 ipsius
2715 2985 3042 3056 fragmenti,
3074 2986 3135 3041 in
3171 2988 3501 3043 temerarios

82 3077 366 3148 ejusmodi
403 3077 653 3141 criticos,
688 3077 1072 3148 temporisque
1105 3078 1281 3132 nostri
1317 3082 1697 3147 Anaxagoras,
1757 3077 1998 3147 graviter
2053 3076 2362 3140 invehitur,
2421 3075 2720 3146 locumque
2773 3075 2925 3131 hunc
2971 3076 3260 3131 Melitonis
3297 3081 3500 3133 contra

78 3167 413 3222 eorumdem
445 3165 808 3236 exceptiones
839 3167 1114 3222 vindicat.
1140 3166 1216 3220 Ad
1240 3165 1607 3220 Whistonum
1637 3166 1822 3222 adhuc
1852 3165 2026 3220 semel
2061 3165 2247 3231 redeo,
2283 3179 2597 3232 moneoque
2623 3179 2749 3218 cum
2779 3164 2986 3219 exinde
3013 3181 3234 3235 quoque
3261 3167 3499 3236 probare

73 3253 450 3322 alluborusse,
483 3254 799 3324 longiorem
822 3255 1199 3324 Epistolarum
1232 3253 1653 3323 lgnatianarum
1687 3255 1994 3311 editionem
2027 3271 2150 3311 esse
2180 3255 2486 3325 genuinam
2521 3253 2872 3325 breviorique
2899 3255 3328 3311 anteferendum
3361 3256 3500 3327 (18),

73 3361 252 3417 quam
285 3345 616 3416 opinionem
651 3344 920 3400 facillime
954 3345 1060 3415 ipsi
1095 3347 1418 3414 permittere
1451 3360 1770 3414 possumus.

1123 3467 1268 3524 VIII.
1316 3471 1533 3540 Fragm.
1582 3485 1652 3524 ex
1680 3473 1820 3525 orat.
1848 3469 1914 3524 de
1936 3471 2192 3540 passione
2224 3467 2463 3524 Domini.

151 3589 326 3645 Aliud
360 3587 642 3646 Melitonis
675 3587 1077 3658 fragmentum,
1107 3587 1373 3657 exiguum
1404 3586 1557 3653 licet,
1591 3585 1828 3642 servavit
1859 3585 2007 3640 idem
2041 3585 2207 3641 modo
2234 3586 2439 3641 citatus
2467 3584 2816 3653 Anastasius,
2850 3585 3001 3642 dicto
3035 3586 3201 3654 libro,
3253 3599 3375 3656 cap.
3413 3585 3501 3640 12ν

74 3695 214 3750 pag.
247 3678 376 3732 216.

804 3789 1118 3852 Μελίτωνος
1149 3789 1448 3845 ἐπισκόπου
1481 3787 1751 3863 Σάρδεων,
1785 3787 1844 3845 ἔκ
1874 3795 1970 3844 τοῦ
2021 3788 2214 3866 λόγου,
2236 3795 2334 3846 τοῦ
2393 3792 2469 3856 εἰς
2495 3793 2558 3846 τὸ
2590 3792 2781 3852 πάθος.

150 3937 213 3993 Ὀ
246 3935 374 3999 Θεὸς
403 3933 660 3989 πέπονθεν
695 3933 798 3988 ὑπὸ
831 3931 1004 4003 δεξιᾶς
1037 3929 1457 4008 Ἰσραηλίτιδος.

2138 3934 2288 3990 Deus
2320 3952 2516 4006 passus
2551 3944 2634 3991 est
2667 3953 2698 3989 a
2730 3937 2921 3992 dextra
2953 3935 3283 3992 Israelitica.

153 4026 346 4082 Monet
376 4024 709 4080 Anastasius
735 4024 1158 4080 Theodosianos
1189 4033 1239 4078 et
1273 4024 1579 4090 Caianitas,
1615 4030 1674 4078 ut
1722 4023 1979 4093 probent,
2014 4023 2195 4095 ipsum
2227 4026 2394 4079 etiam
2429 4025 2604 4080 Deum
2640 4025 2888 4081 Verbum
2949 4023 3059 4096 (καὶ
3117 4023 3208 4077 τὸν
3262 4021 3316 4076 ἐν
3351 4023 3500 4097 αὖτῷ

69 4115 208 4172 Θεὸν
243 4114 447 4188 Λόγον)
471 4130 598 4170 cum
634 4130 802 4171 carne
828 4130 931 4169 sua
964 4114 1209 4184 passioni
1246 4114 1419 4169 fuisse
1449 4113 1786 4182 obnoxium,
1820 4112 2021 4168 afferre
2052 4113 2230 4168 solere
2257 4113 2372 4169 haec
2406 4113 2694 4168 Melitonis
2727 4114 2916 4182 verba,
2950 4114 3154 4183 quibus
3195 4122 3406 4184 tamen,
3441 4119 3503 4170 ut

70 4209 138 4264 in
173 4206 474 4276 prOpatulo
503 4213 607 4272 est,
643 4204 752 4258 vim
786 4204 1108 4258 intulerunt
1142 4221 1156 4273 ;
1188 4211 1375 4258 noster
1405 4202 1572 4257 etiam
1607 4217 1904 4274 nunquam
1963 4204 2031 4257 de
2085 4204 2193 4260 hoc
2240 4221 2427 4259 crrorc
2474 4205 2582 4258 fuit
2614 4214 2931 4274 suspectus.
2966 4205 3088 4260 Non
3124 4205 3357 4260 memini
3394 4205 3500 4261 hoc

72 4297 466 4366 fragmentum
501 4293 600 4350 ulli
633 4293 806 4350 fuisse
837 4293 1223 4376 observatum.

1260 4407 1357 4465 IX.
1391 4410 1615 4477 Fragm.
1654 4424 1724 4464 ex
1753 4409 1924 4465 Fabro
1952 4409 2287 4482 Stapulensi.

87 4545 98 4550 ’
163 4562 336 4618 Miror
369 4570 556 4619 tamen
584 4562 730 4619 inter
763 4562 1080 4634 fragmenta
1128 4561 1496 4618 Melitoniana
1543 4563 1974 4626 commemorari
2033 4582 2064 4617 a
2124 4563 2190 4617 Β.
2255 4563 2440 4633 Ittigio
2497 4563 2746 4632 aliquod,
2787 4563 2934 4634 quod
2982 4579 3047 4619 ex
3077 4563 3289 4619 Jacobo
3320 4565 3502 4620 Fabro

65 4653 423 4722 Stapulensi,
447 4653 712 4723 produxit
741 4651 1115 4717 Colomesius,
1145 4651 1239 4722 qui
1272 4652 1348 4706 ita
1379 4651 1642 4721 praafalut‘
1676 4668 1687 4707 :
1724 4645 1816 4708 Vir
1847 4653 2118 4722 Optimus,
2151 4668 2217 4707 ac
2249 4669 2349 4722 pro
2392 4660 2641 4721 tempore
2693 4667 2802 4722 quo
2837 4651 2974 4707 leit
2996 4653 3148 4707 varia
3179 4652 3500 4708 eruditione

75 4740 373 4810 excultus,
402 4741 648 4798 Jacobus
679 4740 852 4796 Faber
878 4741 1254 4811 Stapulensis,
1287 4741 1348 4797 in
1382 4741 1525 4798 libro
1558 4743 1626 4798 de
1657 4756 1770 4797 una
1827 4758 1894 4797 ex
1955 4743 2132 4799 tribus
2190 4743 2386 4808 Maria,
2449 4742 2741 4811 sequentia
2801 4742 2968 4797 refert
3017 4758 3080 4798 ex
3133 4742 3398 4799 Melitone
3430 4743 3499 4798 de

69 4837 308 4888 Joanne
341 4831 600 4902 apostolo
634 4847 647 4886 :
684 4853 711 4881 ‹‹
748 4833 883 4886 Cum
917 4835 1068 4887 esset
1095 4847 1375 4886 annorum
1407 4832 1740 4903 nonaginta,
1773 4833 2032 4903 apparuit
2078 4833 2127 4887 ei
2193 4831 2474 4886 Dominus
2529 4832 2690 4885 Jesus
2745 4831 3000 4886 Christus
3030 4847 3161 4887 cum
3197 4831 3498 4904 discipulis

70 4921 224 4986 suis,
251 4925 308 4978 et
339 4922 482 4977 dixit
513 4922 562 4976 ei
598 4937 612 4975 :
649 4922 788 4975 Veni
820 4922 886 4974 ad
917 4937 1026 4990 me,
1059 4922 1189 4991 quia
1223 4928 1444 4991 tempus
1465 4933 1567 4992 est,
1603 4933 1662 4976 ut
1691 4922 1935 4991 epuleris
1968 4924 2025 4976 in
2057 4919 2315 4976 convivio
2351 4936 2473 4974 meo
2515 4935 2644 4975 cum
2679 4919 2946 4973 fratribus
2977 4920 3108 4974 tuis.
3137 4942 3164 4968 »
3194 4919 3500 4990 Desumpta

73 5014 208 5078 haec
235 5027 357 5068 esse
381 5012 702 5083 suSpicatur
733 5010 1085 5066 Colomesius
1117 5027 1182 5066 ex
1242 5013 1363 5080 ejus
1419 5012 1560 5067 libro
1615 5013 1686 5067 de
1733 5010 2070 5083 Apocalypsi
2107 5009 2361 5072 ioannis,
2396 5010 2489 5063 sed
2524 5009 2725 5063 erravit
2760 5007 3014 5062 eruditus
3044 5008 3150 5076 vir,
3189 5013 3244 5062 ct
3270 5024 3398 5064 cum
3432 5024 3496 5064 eo

68 5103 282 5157 beatus
314 5101 562 5172 Ittigius.
596 5099 730 5156 Haec
760 5100 916 5155 enim
948 5115 1174 5169 prorsus
1207 5116 1320 5156 non
1352 5097 1481 5156 sunt
1513 5101 1798 5157 Melitonis
1826 5101 2112 5166 Sardiani,
2136 5101 2234 5155 sed
2272 5099 2589 5164 Laodiceni,
2622 5097 2719 5167 qui
2751 5098 2818 5152 de
2852 5096 3110 5166 passione
3169 5097 3228 5152 S.
3262 5096 3498 5153 Joannis

73 5190 460 5258 Evangelislzc
493 5189 716 5259 scripsit
755 5189 1035 5256 libellum,
1071 5197 1191 5258 post
1221 5189 1364 5245 alios
1392 5208 1421 5244 a
1453 5190 1819 5246 celeberrimo
1847 5194 1896 5248 J.
1931 5197 1998 5244 A.
2035 5188 2289 5244 Fabricio
2317 5202 2557 5258 quoque,
2619 5189 2676 5240 in
2735 5186 2927 5241 Codice
2956 5185 3266 5256 apOCryp/to
3317 5187 3381 5242 Ν.
3432 5189 3496 5242 Τ.

71 5279 216 5337 iom.
258 5278 355 5348 lli,
389 5279 628 5348 editum,
665 5277 757 5333 ubi
800 5295 925 5349 pag.
963 5279 1090 5345 6'20,
1126 5278 1318 5332 eadem
1355 5278 1473 5335 haec
1503 5281 1670 5334 verba
1703 5279 1808 5350 legi
1838 5286 2126 5349 poterunt.

1851 5432 1945 5487 ubi
1975 5431 2259 5485 Anastasii
2284 5425 2523 5500 Ὀδηγοῦ
2547 5427 2716 5502 editio
2748 5425 3109 5502 Cretseriana
3147 5431 3488 5502 recensetur.

1921 5504 2033 5572 (17)
2061 5502 2418 5557 Weismanni
2438 5495 2787 5555 'lntroduotz'o
2810 5498 2879 5572 Vin
2907 5495 3293 5552 memorabilia
3319 5496 3487 5550 eccle-

1848 5571 2082 5630 siastica
2115 5574 2249 5628 Hist.
2286 5572 2321 5626 S
2354 5613 2368 5638 ,
2395 5578 2535 5628 tom.
2572 5572 2612 5639 Ι,
2645 5587 2771 5642 pag.
2797 5571 2918 5642 115.

1926 5644 2035 5716 (18)
2068 5649 2130 5699 In
2162 5645 2246 5698 his
2276 5639 2818 5714 Dissertation'upon
2849 5641 2940 5698 the
2967 5639 3212 5711 Epistles
3239 5639 3306 5709 of
3324 5639 3488 5708 Igna-

1852 5717 1985 5784 tius,
2017 5731 2143 5786 pag.
2174 5716 2246 5769 65
2274 5731 2393 5786 seq.

155 5432 273 5504 (15)
299 5432 642 5488 Whistonus
670 5447 720 5487 c.
751 5431 788 5486 Ι.
820 5440 957 5486 tom.
1023 5429 1105 5485 Ili
1154 5430 1419 5486 Primzvi
1467 5431 1740 5487 Christia-

73 5505 275 5567 nismi,
308 5522 433 5574 pag.
471 5505 563 5570 64,
600 5504 720 5566 125,
753 5504 882 5574 283,
908 5510 1014 5557 etc.

155 5576 270 5647 (16)
308 5571 577 5631 Νοὶιυειιε
621 5573 1006 5647 Bibliothrque
1062 5571 1288 5641 choisz'e,
1346 5588 1429 5647 ou_
1466 5573 1575 5647 l’oa
1634 5576 1740 5643 [ait

75 5644 376 5705 connaitre
405 5648 481 5702 les
513 5649 642 5702 bon:
674 5645 841 5702 liores
875 5644 942 5701 σὴ
973 5644 1158 5700 divers
1179 5659 1370 5714 genres
1396 5644 1461 5700 de
1514 5646 1740 5701 littera-

76 5727 231 5789 ture,
273 5723 324 5775 et
349 5719 558 5788 Pusagc
585 5721 747 5790 qu’on
778 5733 846 5774 en
880 5717 996 5773 dot!
1025 5717 1187 5788 faire.
1233 5717 1397 5774 Tom.
1455 5715 1526 5785 II,
1557 5733 1615 5788 p.
1647 5718 1738 5787 34,
