  <div class='ocr_page' id='page_1' title='image "/cluster/home/n/w/nwhite01/storage/ocr_20150623/5/pst.000005711819/622.png"; bbox 0 0 3922 6304; ppageno 0'>
   <div class='ocr_carea' id='block_1_1' title="bbox 136 422 3540 504">
    <p class='ocr_par' dir='ltr' id='par_1_1' title="bbox 136 422 3540 504">
     <span class='ocr_line' id='line_1_1' title="bbox 136 422 3540 504; baseline 0.006 -23"><span class='ocrx_word' id='word_1_1' title='bbox 136 422 290 484; x_wconf 78' lang='grc'><strong>1225</strong></span> <span class='ocrx_word' id='word_1_2' title='bbox 1573 425 2094 488; x_wconf 83' lang='lat' dir='ltr'><strong>FRAGMENTA.</strong></span> <span class='ocrx_word' id='word_1_3' title='bbox 3385 446 3540 504; x_wconf 76' lang='lat'><strong>1226</strong></span> 
     </span>
    </p>
   </div>
   <div class='ocr_carea' id='block_1_2' title="bbox 133 572 3536 653">
    <p class='ocr_par' dir='ltr' id='par_1_2' title="bbox 133 572 3536 653">
     <span class='ocr_line' id='line_1_2' title="bbox 133 572 3536 653; baseline 0.006 -24"><span class='ocrx_word' id='word_1_4' title='bbox 133 576 279 629; x_wconf 92' lang='lat' dir='ltr'><strong>Item</strong></span> <span class='ocrx_word' id='word_1_5' title='bbox 312 590 325 628; x_wconf 89' lang='lat'>:</span> <span class='ocrx_word' id='word_1_6' title='bbox 371 576 479 631; x_wconf 69' lang='lat' dir='ltr'><strong>Viae</strong></span> <span class='ocrx_word' id='word_1_7' title='bbox 538 576 785 645; x_wconf 86' lang='lat' dir='ltr'><strong>Domini,</strong></span> <span class='ocrx_word' id='word_1_8' title='bbox 842 576 1132 646; x_wconf 68' lang='lat' dir='ltr'><strong>praecepta</strong></span> <span class='ocrx_word' id='word_1_9' title='bbox 1160 572 1307 644; x_wconf 84' lang='lat' dir='ltr'><strong>ejus.</strong></span> <span class='ocrx_word' id='word_1_10' title='bbox 1342 575 1405 628; x_wconf 93' lang='lat' dir='ltr'><strong>In</strong></span> <span class='ocrx_word' id='word_1_11' title='bbox 1438 573 1583 630; x_wconf 87' lang='lat' dir='ltr'><strong>Osee</strong></span> <span class='ocrx_word' id='word_1_12' title='bbox 1630 573 1675 609; x_wconf 80' lang='grc'><strong>⁴⁷</strong></span> <span class='ocrx_word' id='word_1_13' title='bbox 1711 592 1778 630; x_wconf 74' lang='lat' dir='ltr'><strong>zu</strong></span> <span class='ocrx_word' id='word_1_14' title='bbox 1809 575 2093 640; x_wconf 78' lang='lat' dir='ltr'><strong>Quoniam</strong></span> <span class='ocrx_word' id='word_1_15' title='bbox 2151 581 2319 634; x_wconf 69' lang='lat' dir='ltr'><strong>rectas</strong></span> <span class='ocrx_word' id='word_1_16' title='bbox 2362 580 2462 634; x_wconf 71' lang='lat' dir='ltr'><strong>viai</strong></span> <span class='ocrx_word' id='word_1_17' title='bbox 2508 581 2759 649; x_wconf 88' lang='lat' dir='ltr'><strong>Domini,</strong></span> <span class='ocrx_word' id='word_1_18' title='bbox 2793 587 2848 639; x_wconf 91' lang='lat' dir='ltr'><strong>et</strong></span> <span class='ocrx_word' id='word_1_19' title='bbox 2872 585 3019 653; x_wconf 86' lang='lat' dir='ltr'><strong>justi</strong></span> <span class='ocrx_word' id='word_1_20' title='bbox 3056 588 3446 647; x_wconf 85' lang='lat' dir='ltr'><strong>ambulabunt</strong></span> <span class='ocrx_word' id='word_1_21' title='bbox 3477 593 3536 648; x_wconf 87' lang='lat' dir='ltr'><strong>in</strong></span> 
     </span>
    </p>
   </div>
   <div class='ocr_carea' id='block_1_3' title="bbox 129 678 283 717">
    <p class='ocr_par' dir='ltr' id='par_1_3' title="bbox 129 678 283 717">
     <span class='ocr_line' id='line_1_3' title="bbox 129 678 283 717; baseline -0.006 0"><span class='ocrx_word' id='word_1_22' title='bbox 129 678 235 717; x_wconf 79' lang='lat' dir='ltr'><strong>eis.</strong></span> <span class='ocrx_word' id='word_1_23' title='bbox 261 686 283 716; x_wconf 77' lang='grc' dir='ltr'><strong><em>ι</em></strong></span> 
     </span>
    </p>
   </div>
   <div class='ocr_carea' id='block_1_4' title="bbox 207 754 3393 835">
    <p class='ocr_par' dir='ltr' id='par_1_4' title="bbox 207 754 3393 835">
     <span class='ocr_line' id='line_1_4' title="bbox 207 754 3393 835; baseline 0.005 -27"><span class='ocrx_word' id='word_1_24' title='bbox 207 754 439 825; x_wconf 82' lang='lat' dir='ltr'><strong>Vestigia</strong></span> <span class='ocrx_word' id='word_1_25' title='bbox 460 755 702 819; x_wconf 82' lang='lat' dir='ltr'><strong>Domini,</strong></span> <span class='ocrx_word' id='word_1_26' title='bbox 735 770 977 826; x_wconf 90' lang='lat' dir='ltr'><strong>operum</strong></span> <span class='ocrx_word' id='word_1_27' title='bbox 1004 758 1356 810; x_wconf 88' lang='lat' dir='ltr'><strong>secretorum</strong></span> <span class='ocrx_word' id='word_1_28' title='bbox 1389 754 1578 825; x_wconf 88' lang='lat' dir='ltr'><strong>signa.</strong></span> <span class='ocrx_word' id='word_1_29' title='bbox 1616 754 1684 810; x_wconf 90' lang='lat' dir='ltr'><strong>Ut</strong></span> <span class='ocrx_word' id='word_1_30' title='bbox 1701 754 1760 809; x_wconf 91' lang='lat' dir='ltr'><strong>in</strong></span> <span class='ocrx_word' id='word_1_31' title='bbox 1794 754 2022 826; x_wconf 81' lang='lat' dir='ltr'><strong>psalmo</strong></span> <span class='ocrx_word' id='word_1_32' title='bbox 2054 757 2097 791; x_wconf 80' lang='grc'>⁴⁸</span> <span class='ocrx_word' id='word_1_33' title='bbox 2131 774 2144 813; x_wconf 94' lang='lat'>:</span> <span class='ocrx_word' id='word_1_34' title='bbox 2185 778 2210 811; x_wconf 75' lang='grc' dir='ltr'><strong>ε</strong></span> <span class='ocrx_word' id='word_1_35' title='bbox 2231 762 2303 813; x_wconf 78' lang='lat' dir='ltr'><strong>Et</strong></span> <span class='ocrx_word' id='word_1_36' title='bbox 2328 757 2569 827; x_wconf 83' lang='lat' dir='ltr'><strong>vestigia</strong></span> <span class='ocrx_word' id='word_1_37' title='bbox 2608 764 2709 815; x_wconf 84' lang='lat' dir='ltr'><strong>tua</strong></span> <span class='ocrx_word' id='word_1_38' title='bbox 2739 778 2856 817; x_wconf 90' lang='lat' dir='ltr'><strong>non</strong></span> <span class='ocrx_word' id='word_1_39' title='bbox 2884 773 3326 835; x_wconf 81' lang='lat' dir='ltr'><strong>cognoscentur.</strong></span> <span class='ocrx_word' id='word_1_40' title='bbox 3365 791 3393 818; x_wconf 88' lang='lat'>»</span> 
     </span>
    </p>
   </div>
   <div class='ocr_carea' id='block_1_5' title="bbox 134 842 3533 925">
    <p class='ocr_par' dir='ltr' id='par_1_5' title="bbox 134 842 3533 925">
     <span class='ocr_line' id='line_1_5' title="bbox 134 842 3533 925; baseline 0.003 -29"><span class='ocrx_word' id='word_1_41' title='bbox 134 842 393 911; x_wconf 81' lang='lat' dir='ltr'><strong>Cognitio</strong></span> <span class='ocrx_word' id='word_1_42' title='bbox 426 844 675 913; x_wconf 85' lang='lat' dir='ltr'><strong>Domini,</strong></span> <span class='ocrx_word' id='word_1_43' title='bbox 708 845 861 915; x_wconf 90' lang='lat' dir='ltr'><strong>quod</strong></span> <span class='ocrx_word' id='word_1_44' title='bbox 894 850 1311 916; x_wconf 79' lang='lat' dir='ltr'><strong>cognoscentes</strong></span> <span class='ocrx_word' id='word_1_45' title='bbox 1342 844 1533 899; x_wconf 87' lang='lat' dir='ltr'><strong>faciat.</strong></span> <span class='ocrx_word' id='word_1_46' title='bbox 1569 845 1652 899; x_wconf 81' lang='lat' dir='ltr'><strong>Ad</strong></span> <span class='ocrx_word' id='word_1_47' title='bbox 1686 844 1983 900; x_wconf 78' lang='lat' dir='ltr'><strong>Abraham</strong></span> <span class='ocrx_word' id='word_1_48' title='bbox 2025 846 2071 880; x_wconf 73' lang='lat'><strong>‘9</strong></span> <span class='ocrx_word' id='word_1_49' title='bbox 2103 863 2115 901; x_wconf 89' lang='lat'><strong>:</strong></span> <span class='ocrx_word' id='word_1_50' title='bbox 2154 868 2185 897; x_wconf 84' lang='lat'><strong><em>«</em></strong></span> <span class='ocrx_word' id='word_1_51' title='bbox 2214 847 2379 904; x_wconf 89' lang='lat' dir='ltr'><strong>Nunc</strong></span> <span class='ocrx_word' id='word_1_52' title='bbox 2409 849 2672 919; x_wconf 83' lang='lat' dir='ltr'><strong>cognovi,</strong></span> <span class='ocrx_word' id='word_1_53' title='bbox 2707 852 2862 922; x_wconf 91' lang='lat' dir='ltr'><strong>quod</strong></span> <span class='ocrx_word' id='word_1_54' title='bbox 2898 855 3107 911; x_wconf 80' lang='lat' dir='ltr'><strong>timeas</strong></span> <span class='ocrx_word' id='word_1_55' title='bbox 3138 859 3474 925; x_wconf 88' lang='lat' dir='ltr'><strong>Dominum,</strong></span> <span class='ocrx_word' id='word_1_56' title='bbox 3506 881 3533 908; x_wconf 74' lang='grc' dir='ltr'><strong>η</strong></span> 
     </span>
    </p>
   </div>
   <div class='ocr_carea' id='block_1_6' title="bbox 132 930 963 1004">
    <p class='ocr_par' dir='ltr' id='par_1_6' title="bbox 132 930 963 1004">
     <span class='ocr_line' id='line_1_6' title="bbox 132 930 963 1004; baseline 0.004 -19"><span class='ocrx_word' id='word_1_57' title='bbox 132 930 245 986; x_wconf 90' lang='lat' dir='ltr'><strong>hoc</strong></span> <span class='ocrx_word' id='word_1_58' title='bbox 267 937 359 987; x_wconf 89' lang='lat' dir='ltr'><strong>est</strong></span> <span class='ocrx_word' id='word_1_59' title='bbox 377 948 727 1004; x_wconf 82' lang='lat' dir='ltr'><strong>cognoscere</strong></span> <span class='ocrx_word' id='word_1_60' title='bbox 748 938 804 988; x_wconf 90' lang='lat' dir='ltr'><strong>te</strong></span> <span class='ocrx_word' id='word_1_61' title='bbox 836 933 963 989; x_wconf 82' lang='lat' dir='ltr'><strong>feci.</strong></span> 
     </span>
    </p>
   </div>
   <div class='ocr_carea' id='block_1_7' title="bbox 197 1022 2074 1096">
    <p class='ocr_par' dir='ltr' id='par_1_7' title="bbox 197 1022 2074 1096">
     <span class='ocr_line' id='line_1_7' title="bbox 197 1022 2074 1096; baseline -0.002 -19"><span class='ocrx_word' id='word_1_62' title='bbox 197 1022 421 1079; x_wconf 78' lang='lat' dir='ltr'><strong>Nescire</strong></span> <span class='ocrx_word' id='word_1_63' title='bbox 453 1026 572 1093; x_wconf 84' lang='lat' dir='ltr'><strong>Dei,</strong></span> <span class='ocrx_word' id='word_1_64' title='bbox 596 1024 902 1094; x_wconf 90' lang='lat' dir='ltr'><strong>reprobare</strong></span> <span class='ocrx_word' id='word_1_65' title='bbox 924 1026 1029 1080; x_wconf 89' lang='lat' dir='ltr'><strong>est.</strong></span> <span class='ocrx_word' id='word_1_66' title='bbox 1059 1026 1121 1079; x_wconf 92' lang='lat' dir='ltr'><strong>In</strong></span> <span class='ocrx_word' id='word_1_67' title='bbox 1154 1023 1460 1096; x_wconf 77' lang='lat' dir='ltr'><strong>Evangelio</strong></span> <span class='ocrx_word' id='word_1_68' title='bbox 1490 1024 1572 1080; x_wconf 70' lang='grc' dir='ltr'><strong>’σε</strong></span> <span class='ocrx_word' id='word_1_69' title='bbox 1604 1046 1634 1074; x_wconf 89' lang='grc'><strong>‹‹</strong></span> <span class='ocrx_word' id='word_1_70' title='bbox 1666 1023 1871 1080; x_wconf 90' lang='lat' dir='ltr'><strong>Nescio</strong></span> <span class='ocrx_word' id='word_1_71' title='bbox 1899 1042 2021 1081; x_wconf 90' lang='lat' dir='ltr'><strong>vos.</strong></span> <span class='ocrx_word' id='word_1_72' title='bbox 2047 1046 2074 1074; x_wconf 82' lang='grc'><strong>››</strong></span> 
     </span>
    </p>
   </div>
   <div class='ocr_carea' id='block_1_8' title="bbox 197 1112 3533 1185">
    <p class='ocr_par' dir='ltr' id='par_1_8' title="bbox 197 1112 3533 1185">
     <span class='ocr_line' id='line_1_8' title="bbox 197 1112 3533 1185; baseline 0.004 -18"><span class='ocrx_word' id='word_1_73' title='bbox 197 1112 515 1168; x_wconf 79' lang='lat' dir='ltr'><strong>Recordatio</strong></span> <span class='ocrx_word' id='word_1_74' title='bbox 548 1114 789 1179; x_wconf 78' lang='lat' dir='ltr'><strong>Domini,</strong></span> <span class='ocrx_word' id='word_1_75' title='bbox 823 1112 1223 1169; x_wconf 79' lang='lat' dir='ltr'><strong>misericordia</strong></span> <span class='ocrx_word' id='word_1_76' title='bbox 1253 1115 1405 1183; x_wconf 82' lang='lat' dir='ltr'><strong>ejus,</strong></span> <span class='ocrx_word' id='word_1_77' title='bbox 1438 1128 1538 1185; x_wconf 88' lang='lat' dir='ltr'><strong>per</strong></span> <span class='ocrx_word' id='word_1_78' title='bbox 1571 1129 1746 1184; x_wconf 89' lang='lat' dir='ltr'><strong>quam</strong></span> <span class='ocrx_word' id='word_1_79' title='bbox 1780 1114 2003 1185; x_wconf 82' lang='lat' dir='ltr'><strong>respuit</strong></span> <span class='ocrx_word' id='word_1_80' title='bbox 2033 1118 2089 1168; x_wconf 89' lang='lat' dir='ltr'><strong>et</strong></span> <span class='ocrx_word' id='word_1_81' title='bbox 2133 1115 2446 1172; x_wconf 87' lang='lat' dir='ltr'><strong>miseretur</strong></span> <span class='ocrx_word' id='word_1_82' title='bbox 2475 1117 2567 1172; x_wconf 92' lang='lat' dir='ltr'><strong>cui</strong></span> <span class='ocrx_word' id='word_1_83' title='bbox 2599 1117 2740 1173; x_wconf 92' lang='lat' dir='ltr'><strong>vult.</strong></span> <span class='ocrx_word' id='word_1_84' title='bbox 2772 1121 2862 1175; x_wconf 87' lang='lat' dir='ltr'><strong>Sic</strong></span> <span class='ocrx_word' id='word_1_85' title='bbox 2893 1121 2952 1176; x_wconf 93' lang='lat' dir='ltr'><strong>in</strong></span> <span class='ocrx_word' id='word_1_86' title='bbox 2982 1125 3189 1178; x_wconf 88' lang='lat' dir='ltr'><strong>Genesi</strong></span> <span class='ocrx_word' id='word_1_87' title='bbox 3229 1124 3273 1159; x_wconf 65' lang='grc' dir='ltr'><strong>εί</strong></span> <span class='ocrx_word' id='word_1_88' title='bbox 3317 1142 3330 1179; x_wconf 89' lang='lat'><strong>:</strong></span> <span class='ocrx_word' id='word_1_89' title='bbox 3366 1149 3392 1174; x_wconf 88' lang='grc'><strong>‹‹</strong></span> <span class='ocrx_word' id='word_1_90' title='bbox 3429 1128 3533 1181; x_wconf 83' lang='lat' dir='ltr'><strong>Re-</strong></span> 
     </span>
    </p>
   </div>
   <div class='ocr_carea' id='block_1_9' title="bbox 129 1201 2787 1278">
    <p class='ocr_par' dir='ltr' id='par_1_9' title="bbox 129 1201 2787 1278">
     <span class='ocr_line' id='line_1_9' title="bbox 129 1201 2787 1278; baseline -0.001 -20"><span class='ocrx_word' id='word_1_91' title='bbox 129 1203 405 1258; x_wconf 88' lang='lat' dir='ltr'><strong>cordatus</strong></span> <span class='ocrx_word' id='word_1_92' title='bbox 436 1207 526 1258; x_wconf 90' lang='lat' dir='ltr'><strong>est</strong></span> <span class='ocrx_word' id='word_1_93' title='bbox 556 1203 838 1258; x_wconf 88' lang='lat' dir='ltr'><strong>Dominus</strong></span> <span class='ocrx_word' id='word_1_94' title='bbox 868 1201 985 1258; x_wconf 88' lang='lat' dir='ltr'><strong>Noe</strong></span> <span class='ocrx_word' id='word_1_95' title='bbox 1016 1222 1031 1271; x_wconf 87' lang='lat'><strong>;</strong></span> <span class='ocrx_word' id='word_1_96' title='bbox 1068 1225 1096 1251; x_wconf 87' lang='lat'>»</span> <span class='ocrx_word' id='word_1_97' title='bbox 1136 1209 1192 1257; x_wconf 91' lang='lat' dir='ltr'><strong>et</strong></span> <span class='ocrx_word' id='word_1_98' title='bbox 1214 1201 1351 1257; x_wconf 87' lang='lat' dir='ltr'><strong>alibi</strong></span> <span class='ocrx_word' id='word_1_99' title='bbox 1387 1219 1401 1257; x_wconf 88' lang='lat'><strong>:</strong></span> <span class='ocrx_word' id='word_1_100' title='bbox 1436 1225 1463 1251; x_wconf 89' lang='lat'><strong>«</strong></span> <span class='ocrx_word' id='word_1_101' title='bbox 1498 1202 1853 1259; x_wconf 84' lang='lat' dir='ltr'><strong>Recordatus</strong></span> <span class='ocrx_word' id='word_1_102' title='bbox 1882 1211 1968 1258; x_wconf 89' lang='lat' dir='ltr'><strong>est</strong></span> <span class='ocrx_word' id='word_1_103' title='bbox 2003 1204 2283 1260; x_wconf 84' lang='lat' dir='ltr'><strong>Dominus</strong></span> <span class='ocrx_word' id='word_1_104' title='bbox 2314 1206 2509 1278; x_wconf 89' lang='lat' dir='ltr'><strong>populi</strong></span> <span class='ocrx_word' id='word_1_105' title='bbox 2543 1208 2634 1262; x_wconf 91' lang='lat' dir='ltr'><strong>sui</strong></span> <span class='ocrx_word' id='word_1_106' title='bbox 2665 1208 2731 1259; x_wconf 82' lang='grc'><strong>⁸².</strong></span> <span class='ocrx_word' id='word_1_107' title='bbox 2760 1229 2787 1255; x_wconf 73' lang='grc'><strong>››</strong></span> 
     </span>
    </p>
   </div>
   <div class='ocr_carea' id='block_1_10' title="bbox 190 1291 3518 1369">
    <p class='ocr_par' dir='ltr' id='par_1_10' title="bbox 190 1291 3518 1369">
     <span class='ocr_line' id='line_1_10' title="bbox 190 1291 3518 1369; baseline 0.005 -24"><span class='ocrx_word' id='word_1_108' title='bbox 190 1293 527 1347; x_wconf 74' lang='grc' dir='ltr'><strong>Ρωηίίεηεὶα</strong></span> <span class='ocrx_word' id='word_1_109' title='bbox 557 1291 796 1361; x_wconf 84' lang='lat' dir='ltr'><strong>Domini,</strong></span> <span class='ocrx_word' id='word_1_110' title='bbox 830 1309 1025 1348; x_wconf 87' lang='lat' dir='ltr'><strong>rerum</strong></span> <span class='ocrx_word' id='word_1_111' title='bbox 1059 1293 1328 1351; x_wconf 79' lang='lat' dir='ltr'><strong>mutatio.</strong></span> <span class='ocrx_word' id='word_1_112' title='bbox 1362 1294 1524 1348; x_wconf 90' lang='lat' dir='ltr'><strong>Sicut</strong></span> <span class='ocrx_word' id='word_1_113' title='bbox 1551 1293 1611 1348; x_wconf 90' lang='lat' dir='ltr'><strong>in</strong></span> <span class='ocrx_word' id='word_1_114' title='bbox 1638 1294 1806 1349; x_wconf 84' lang='lat' dir='ltr'><strong>Libro</strong></span> <span class='ocrx_word' id='word_1_115' title='bbox 1830 1294 2052 1365; x_wconf 81' lang='lat' dir='ltr'><strong>Regum</strong></span> <span class='ocrx_word' id='word_1_116' title='bbox 2079 1296 2122 1335; x_wconf 75' lang='grc'>⁸³</span> <span class='ocrx_word' id='word_1_117' title='bbox 2159 1312 2173 1349; x_wconf 90' lang='lat'><strong>:</strong></span> <span class='ocrx_word' id='word_1_118' title='bbox 2199 1318 2229 1345; x_wconf 89' lang='grc'><strong>‹‹</strong></span> <span class='ocrx_word' id='word_1_119' title='bbox 2264 1297 2506 1353; x_wconf 78' lang='lat' dir='ltr'><strong>Paenitet</strong></span> <span class='ocrx_word' id='word_1_120' title='bbox 2536 1313 2629 1353; x_wconf 90' lang='lat' dir='ltr'><strong>me</strong></span> <span class='ocrx_word' id='word_1_121' title='bbox 2652 1299 2810 1369; x_wconf 90' lang='lat' dir='ltr'><strong>quod</strong></span> <span class='ocrx_word' id='word_1_122' title='bbox 2832 1302 3238 1359; x_wconf 87' lang='lat' dir='ltr'><strong>constituerim</strong></span> <span class='ocrx_word' id='word_1_123' title='bbox 3260 1304 3395 1359; x_wconf 86' lang='lat' dir='ltr'><strong>Saul</strong></span> <span class='ocrx_word' id='word_1_124' title='bbox 3430 1322 3518 1360; x_wconf 87' lang='lat' dir='ltr'><strong>re-</strong></span> 
     </span>
    </p>
   </div>
   <div class='ocr_carea' id='block_1_11' title="bbox 123 1397 346 1451">
    <p class='ocr_par' dir='ltr' id='par_1_11' title="bbox 123 1397 346 1451">
     <span class='ocr_line' id='line_1_11' title="bbox 123 1397 346 1451; baseline 0.009 -16"><span class='ocrx_word' id='word_1_125' title='bbox 123 1397 279 1451; x_wconf 86' lang='lat' dir='ltr'><strong>gem.</strong></span> <span class='ocrx_word' id='word_1_126' title='bbox 316 1401 346 1430; x_wconf 86' lang='lat'><strong>»</strong></span> 
     </span>
    </p>
   </div>
   <div class='ocr_carea' id='block_1_12' title="bbox 192 1470 3529 1546">
    <p class='ocr_par' dir='ltr' id='par_1_12' title="bbox 192 1470 3529 1546">
     <span class='ocr_line' id='line_1_12' title="bbox 192 1470 3529 1546; baseline 0.004 -21"><span class='ocrx_word' id='word_1_127' title='bbox 192 1472 289 1525; x_wconf 86' lang='lat' dir='ltr'><strong>Ira</strong></span> <span class='ocrx_word' id='word_1_128' title='bbox 320 1473 376 1524; x_wconf 89' lang='lat' dir='ltr'><strong>et</strong></span> <span class='ocrx_word' id='word_1_129' title='bbox 402 1472 564 1540; x_wconf 84' lang='lat' dir='ltr'><strong>furor</strong></span> <span class='ocrx_word' id='word_1_130' title='bbox 596 1470 837 1537; x_wconf 85' lang='lat' dir='ltr'><strong>Domini,</strong></span> <span class='ocrx_word' id='word_1_131' title='bbox 892 1471 1029 1526; x_wconf 82' lang='lat' dir='ltr'><strong>ultio</strong></span> <span class='ocrx_word' id='word_1_132' title='bbox 1062 1471 1390 1526; x_wconf 89' lang='lat' dir='ltr'><strong>Divinitatis</strong></span> <span class='ocrx_word' id='word_1_133' title='bbox 1420 1470 1479 1526; x_wconf 91' lang='lat' dir='ltr'><strong>in</strong></span> <span class='ocrx_word' id='word_1_134' title='bbox 1534 1475 1868 1543; x_wconf 87' lang='lat' dir='ltr'><strong>peccatores</strong></span> <span class='ocrx_word' id='word_1_135' title='bbox 1916 1474 2237 1528; x_wconf 83' lang='lat' dir='ltr'><strong>secundum</strong></span> <span class='ocrx_word' id='word_1_136' title='bbox 2267 1475 2589 1531; x_wconf 82' lang='lat' dir='ltr'><strong>vindictam</strong></span> <span class='ocrx_word' id='word_1_137' title='bbox 2624 1476 2921 1546; x_wconf 87' lang='lat' dir='ltr'><strong>patientis,</strong></span> <span class='ocrx_word' id='word_1_138' title='bbox 2973 1485 3027 1534; x_wconf 90' lang='lat' dir='ltr'><strong>et</strong></span> <span class='ocrx_word' id='word_1_139' title='bbox 3056 1497 3169 1536; x_wconf 89' lang='lat' dir='ltr'><strong>non</strong></span> <span class='ocrx_word' id='word_1_140' title='bbox 3203 1484 3529 1537; x_wconf 85' lang='lat' dir='ltr'><strong>secundum</strong></span> 
     </span>
    </p>
   </div>
   <div class='ocr_carea' id='block_1_13' title="bbox 127 1558 2942 1631">
    <p class='ocr_par' dir='ltr' id='par_1_13' title="bbox 127 1558 2942 1631">
     <span class='ocr_line' id='line_1_13' title="bbox 127 1558 2942 1631; baseline 0.001 -18"><span class='ocrx_word' id='word_1_141' title='bbox 127 1558 459 1628; x_wconf 67' lang='lat' dir='ltr'><strong>aequitatem</strong></span> <span class='ocrx_word' id='word_1_142' title='bbox 487 1558 834 1629; x_wconf 90' lang='lat' dir='ltr'><strong>judicantis.</strong></span> <span class='ocrx_word' id='word_1_143' title='bbox 868 1558 942 1614; x_wconf 88' lang='lat' dir='ltr'><strong>Ut</strong></span> <span class='ocrx_word' id='word_1_144' title='bbox 970 1559 1030 1614; x_wconf 93' lang='lat' dir='ltr'><strong>in</strong></span> <span class='ocrx_word' id='word_1_145' title='bbox 1063 1559 1290 1631; x_wconf 88' lang='lat' dir='ltr'><strong>psalmo</strong></span> <span class='ocrx_word' id='word_1_146' title='bbox 1314 1560 1361 1602; x_wconf 74' lang='grc'><strong>⁸⁸</strong></span> <span class='ocrx_word' id='word_1_147' title='bbox 1391 1576 1405 1615; x_wconf 88' lang='lat'><strong>:</strong></span> <span class='ocrx_word' id='word_1_148' title='bbox 1442 1582 1469 1609; x_wconf 84' lang='lat'><strong>«</strong></span> <span class='ocrx_word' id='word_1_149' title='bbox 1502 1561 1565 1614; x_wconf 92' lang='lat' dir='ltr'><strong>In</strong></span> <span class='ocrx_word' id='word_1_150' title='bbox 1595 1560 1681 1615; x_wconf 90' lang='lat' dir='ltr'><strong>ira</strong></span> <span class='ocrx_word' id='word_1_151' title='bbox 1702 1577 1807 1615; x_wconf 87' lang='lat' dir='ltr'><strong>sua</strong></span> <span class='ocrx_word' id='word_1_152' title='bbox 1826 1564 1883 1615; x_wconf 92' lang='lat' dir='ltr'><strong>et</strong></span> <span class='ocrx_word' id='word_1_153' title='bbox 1915 1560 1974 1615; x_wconf 91' lang='lat' dir='ltr'><strong>in</strong></span> <span class='ocrx_word' id='word_1_154' title='bbox 2006 1560 2200 1616; x_wconf 86' lang='lat' dir='ltr'><strong>furore</strong></span> <span class='ocrx_word' id='word_1_155' title='bbox 2230 1578 2335 1617; x_wconf 91' lang='lat' dir='ltr'><strong>suo</strong></span> <span class='ocrx_word' id='word_1_156' title='bbox 2363 1564 2740 1619; x_wconf 87' lang='lat' dir='ltr'><strong>conturbabit</strong></span> <span class='ocrx_word' id='word_1_157' title='bbox 2759 1582 2878 1621; x_wconf 85' lang='lat' dir='ltr'><strong>eos.</strong></span> <span class='ocrx_word' id='word_1_158' title='bbox 2913 1588 2942 1616; x_wconf 85' lang='lat'><strong>»</strong></span> 
     </span>
    </p>
   </div>
   <div class='ocr_carea' id='block_1_14' title="bbox 192 1647 3531 1727">
    <p class='ocr_par' dir='ltr' id='par_1_14' title="bbox 192 1647 3531 1727">
     <span class='ocr_line' id='line_1_14' title="bbox 192 1647 3531 1727; baseline 0.003 -25"><span class='ocrx_word' id='word_1_159' title='bbox 192 1647 444 1703; x_wconf 83' lang='lat' dir='ltr'><strong>Dormire</strong></span> <span class='ocrx_word' id='word_1_160' title='bbox 474 1649 886 1713; x_wconf 85' lang='lat' dir='ltr'><strong>Domini,durn</strong></span> <span class='ocrx_word' id='word_1_161' title='bbox 919 1650 975 1703; x_wconf 88' lang='lat' dir='ltr'><strong>in</strong></span> <span class='ocrx_word' id='word_1_162' title='bbox 1010 1650 1396 1720; x_wconf 86' lang='lat' dir='ltr'><strong>quorumdam</strong></span> <span class='ocrx_word' id='word_1_163' title='bbox 1429 1650 1737 1705; x_wconf 88' lang='lat' dir='ltr'><strong>hominum</strong></span> <span class='ocrx_word' id='word_1_164' title='bbox 1770 1649 2042 1706; x_wconf 89' lang='lat' dir='ltr'><strong>cordibus</strong></span> <span class='ocrx_word' id='word_1_165' title='bbox 2066 1651 2210 1707; x_wconf 84' lang='lat' dir='ltr'><strong>ﬁdes</strong></span> <span class='ocrx_word' id='word_1_166' title='bbox 2240 1652 2367 1721; x_wconf 89' lang='lat' dir='ltr'><strong>ejus</strong></span> <span class='ocrx_word' id='word_1_167' title='bbox 2391 1653 2634 1709; x_wconf 89' lang='lat' dir='ltr'><strong>minime</strong></span> <span class='ocrx_word' id='word_1_168' title='bbox 2654 1653 2873 1725; x_wconf 81' lang='lat' dir='ltr'><strong>vigilat.</strong></span> <span class='ocrx_word' id='word_1_169' title='bbox 2913 1657 2971 1710; x_wconf 90' lang='lat' dir='ltr'><strong>ln</strong></span> <span class='ocrx_word' id='word_1_170' title='bbox 3006 1657 3230 1727; x_wconf 84' lang='lat' dir='ltr'><strong>psalmo</strong></span> <span class='ocrx_word' id='word_1_171' title='bbox 3262 1660 3327 1712; x_wconf 65' lang='grc'><strong>⁵⁵.</strong></span> <span class='ocrx_word' id='word_1_172' title='bbox 3364 1681 3390 1708; x_wconf 89' lang='grc'><strong>‹‹</strong></span> <span class='ocrx_word' id='word_1_173' title='bbox 3433 1664 3531 1713; x_wconf 74' lang='lat' dir='ltr'><strong>Ex~</strong></span> 
     </span>
    </p>
   </div>
   <div class='ocr_carea' id='block_1_15' title="bbox 122 1738 1265 1809">
    <p class='ocr_par' dir='ltr' id='par_1_15' title="bbox 122 1738 1265 1809">
     <span class='ocr_line' id='line_1_15' title="bbox 122 1738 1265 1809; baseline -0.003 -16"><span class='ocrx_word' id='word_1_174' title='bbox 122 1755 321 1809; x_wconf 86' lang='lat' dir='ltr'><strong>surge,</strong></span> <span class='ocrx_word' id='word_1_175' title='bbox 346 1754 523 1809; x_wconf 86' lang='lat' dir='ltr'><strong>quare</strong></span> <span class='ocrx_word' id='word_1_176' title='bbox 554 1738 876 1804; x_wconf 90' lang='lat' dir='ltr'><strong>obdormis,</strong></span> <span class='ocrx_word' id='word_1_177' title='bbox 908 1740 1153 1795; x_wconf 88' lang='lat' dir='ltr'><strong>Domine</strong></span> <span class='ocrx_word' id='word_1_178' title='bbox 1182 1740 1209 1794; x_wconf 81' lang='lat' dir='ltr'><strong>‘l</strong></span> <span class='ocrx_word' id='word_1_179' title='bbox 1241 1760 1265 1790; x_wconf 71' lang='grc' dir='ltr'><strong><em>ι</em></strong></span> 
     </span>
    </p>
   </div>
   <div class='ocr_carea' id='block_1_16' title="bbox 203 1827 3488 1909">
    <p class='ocr_par' dir='ltr' id='par_1_16' title="bbox 203 1827 3488 1909">
     <span class='ocr_line' id='line_1_16' title="bbox 203 1827 3488 1909; baseline 0.003 -26"><span class='ocrx_word' id='word_1_180' title='bbox 203 1828 428 1896; x_wconf 75' lang='lat' dir='ltr'><strong>Vigiliae</strong></span> <span class='ocrx_word' id='word_1_181' title='bbox 459 1827 700 1897; x_wconf 82' lang='lat' dir='ltr'><strong>Domini,</strong></span> <span class='ocrx_word' id='word_1_182' title='bbox 735 1828 792 1882; x_wconf 92' lang='lat' dir='ltr'><strong>in</strong></span> <span class='ocrx_word' id='word_1_183' title='bbox 828 1828 1143 1883; x_wconf 89' lang='lat' dir='ltr'><strong>electorum</strong></span> <span class='ocrx_word' id='word_1_184' title='bbox 1178 1844 1420 1884; x_wconf 90' lang='lat' dir='ltr'><strong>suorum</strong></span> <span class='ocrx_word' id='word_1_185' title='bbox 1453 1829 1720 1885; x_wconf 88' lang='lat' dir='ltr'><strong>custodia</strong></span> <span class='ocrx_word' id='word_1_186' title='bbox 1749 1846 1851 1900; x_wconf 89' lang='lat' dir='ltr'><strong>per</strong></span> <span class='ocrx_word' id='word_1_187' title='bbox 1872 1831 2243 1901; x_wconf 69' lang='lat' dir='ltr'><strong>praesentiam</strong></span> <span class='ocrx_word' id='word_1_188' title='bbox 2271 1831 2596 1889; x_wconf 85' lang='lat' dir='ltr'><strong>Divinitatis</strong></span> <span class='ocrx_word' id='word_1_189' title='bbox 2615 1850 2845 1905; x_wconf 86' lang='lat' dir='ltr'><strong>semper</strong></span> <span class='ocrx_word' id='word_1_190' title='bbox 2860 1837 3047 1892; x_wconf 88' lang='lat' dir='ltr'><strong>adest.</strong></span> <span class='ocrx_word' id='word_1_191' title='bbox 3089 1839 3150 1892; x_wconf 90' lang='lat' dir='ltr'><strong>ln</strong></span> <span class='ocrx_word' id='word_1_192' title='bbox 3184 1838 3410 1909; x_wconf 83' lang='lat' dir='ltr'><strong>psalmo</strong></span> <span class='ocrx_word' id='word_1_193' title='bbox 3444 1840 3488 1873; x_wconf 74' lang='grc'><strong>⁵⁵</strong></span> 
     </span>
    </p>
   </div>
   <div class='ocr_carea' id='block_1_17' title="bbox 144 1916 1519 1989">
    <p class='ocr_par' dir='ltr' id='par_1_17' title="bbox 144 1916 1519 1989">
     <span class='ocr_line' id='line_1_17' title="bbox 144 1916 1519 1989; baseline -0.001 -19"><span class='ocrx_word' id='word_1_194' title='bbox 144 1938 165 1964; x_wconf 73' lang='grc' dir='ltr'><strong><em>α</em></strong></span> <span class='ocrx_word' id='word_1_195' title='bbox 205 1916 344 1970; x_wconf 84' lang='lat' dir='ltr'><strong>Ecce</strong></span> <span class='ocrx_word' id='word_1_196' title='bbox 375 1933 490 1971; x_wconf 91' lang='lat' dir='ltr'><strong>non</strong></span> <span class='ocrx_word' id='word_1_197' title='bbox 516 1916 853 1972; x_wconf 76' lang='lat' dir='ltr'><strong>durmitabit</strong></span> <span class='ocrx_word' id='word_1_198' title='bbox 892 1933 1081 1989; x_wconf 89' lang='lat' dir='ltr'><strong>neque</strong></span> <span class='ocrx_word' id='word_1_199' title='bbox 1111 1917 1453 1973; x_wconf 79' lang='lat' dir='ltr'><strong>obdormiat.</strong></span> <span class='ocrx_word' id='word_1_200' title='bbox 1492 1941 1519 1968; x_wconf 83' lang='lat'>»</span> 
     </span>
    </p>
   </div>
   <div class='ocr_carea' id='block_1_18' title="bbox 196 2004 3002 2080">
    <p class='ocr_par' dir='ltr' id='par_1_18' title="bbox 196 2004 3002 2080">
     <span class='ocr_line' id='line_1_18' title="bbox 196 2004 3002 2080; baseline 0.002 -21"><span class='ocrx_word' id='word_1_201' title='bbox 196 2004 394 2060; x_wconf 86' lang='lat' dir='ltr'><strong>Sedere</strong></span> <span class='ocrx_word' id='word_1_202' title='bbox 424 2005 669 2075; x_wconf 83' lang='lat' dir='ltr'><strong>Domini,</strong></span> <span class='ocrx_word' id='word_1_203' title='bbox 701 2020 959 2077; x_wconf 84' lang='lat' dir='ltr'><strong>regnare.</strong></span> <span class='ocrx_word' id='word_1_204' title='bbox 989 2006 1051 2060; x_wconf 93' lang='lat' dir='ltr'><strong>In</strong></span> <span class='ocrx_word' id='word_1_205' title='bbox 1088 2007 1310 2078; x_wconf 87' lang='lat' dir='ltr'><strong>psalmo</strong></span> <span class='ocrx_word' id='word_1_206' title='bbox 1340 2006 1388 2040; x_wconf 79' lang='grc'>⁵⁷</span> <span class='ocrx_word' id='word_1_207' title='bbox 1423 2026 1436 2063; x_wconf 90' lang='lat'><strong>:</strong></span> <span class='ocrx_word' id='word_1_208' title='bbox 1469 2029 1498 2058; x_wconf 86' lang='lat'><strong><em>«</em></strong></span> <span class='ocrx_word' id='word_1_209' title='bbox 1534 2007 1819 2063; x_wconf 89' lang='lat' dir='ltr'><strong>Dominus</strong></span> <span class='ocrx_word' id='word_1_210' title='bbox 1841 2009 2004 2064; x_wconf 87' lang='lat' dir='ltr'><strong>sedet</strong></span> <span class='ocrx_word' id='word_1_211' title='bbox 2036 2025 2210 2080; x_wconf 89' lang='lat' dir='ltr'><strong>super</strong></span> <span class='ocrx_word' id='word_1_212' title='bbox 2235 2012 2431 2066; x_wconf 90' lang='lat' dir='ltr'><strong>sedem</strong></span> <span class='ocrx_word' id='word_1_213' title='bbox 2465 2015 2725 2069; x_wconf 87' lang='lat' dir='ltr'><strong>sanctam</strong></span> <span class='ocrx_word' id='word_1_214' title='bbox 2750 2031 2940 2069; x_wconf 90' lang='lat' dir='ltr'><strong>suam.</strong></span> <span class='ocrx_word' id='word_1_215' title='bbox 2974 2035 3002 2065; x_wconf 84' lang='lat'><strong>»</strong></span> 
     </span>
    </p>
   </div>
   <div class='ocr_carea' id='block_1_19' title="bbox 194 2093 3529 2176">
    <p class='ocr_par' dir='ltr' id='par_1_19' title="bbox 194 2093 3529 2176">
     <span class='ocr_line' id='line_1_19' title="bbox 194 2093 3529 2176; baseline 0.003 -28"><span class='ocrx_word' id='word_1_216' title='bbox 194 2093 513 2149; x_wconf 85' lang='lat' dir='ltr'><strong>Scabellum</strong></span> <span class='ocrx_word' id='word_1_217' title='bbox 545 2094 783 2159; x_wconf 87' lang='lat' dir='ltr'><strong>Domini,</strong></span> <span class='ocrx_word' id='word_1_218' title='bbox 838 2094 1009 2150; x_wconf 88' lang='lat' dir='ltr'><strong>homo</strong></span> <span class='ocrx_word' id='word_1_219' title='bbox 1041 2099 1384 2167; x_wconf 88' lang='lat' dir='ltr'><strong>assumptus</strong></span> <span class='ocrx_word' id='word_1_220' title='bbox 1411 2114 1443 2152; x_wconf 90' lang='lat' dir='ltr'><strong>a</strong></span> <span class='ocrx_word' id='word_1_221' title='bbox 1489 2097 1685 2163; x_wconf 90' lang='lat' dir='ltr'><strong>verbo,</strong></span> <span class='ocrx_word' id='word_1_222' title='bbox 1712 2096 1800 2152; x_wconf 84' lang='lat' dir='ltr'><strong>vel</strong></span> <span class='ocrx_word' id='word_1_223' title='bbox 1833 2098 2019 2153; x_wconf 85' lang='lat' dir='ltr'><strong>sancti</strong></span> <span class='ocrx_word' id='word_1_224' title='bbox 2050 2100 2203 2169; x_wconf 85' lang='lat' dir='ltr'><strong>ejus,</strong></span> <span class='ocrx_word' id='word_1_225' title='bbox 2248 2117 2281 2155; x_wconf 90' lang='lat' dir='ltr'><strong>a</strong></span> <span class='ocrx_word' id='word_1_226' title='bbox 2334 2101 2690 2172; x_wconf 85' lang='lat' dir='ltr'><strong>quibusdam</strong></span> <span class='ocrx_word' id='word_1_227' title='bbox 2751 2108 3048 2174; x_wconf 86' lang='lat' dir='ltr'><strong>putantur.</strong></span> <span class='ocrx_word' id='word_1_228' title='bbox 3084 2108 3143 2159; x_wconf 91' lang='lat' dir='ltr'><strong>In</strong></span> <span class='ocrx_word' id='word_1_229' title='bbox 3180 2105 3404 2176; x_wconf 86' lang='lat' dir='ltr'><strong>psalmo</strong></span> <span class='ocrx_word' id='word_1_230' title='bbox 3436 2105 3485 2139; x_wconf 76' lang='grc'><strong>⁵⁸</strong></span> <span class='ocrx_word' id='word_1_231' title='bbox 3518 2122 3529 2159; x_wconf 92' lang='lat'>:</span> 
     </span>
    </p>
   </div>
   <div class='ocr_carea' id='block_1_20' title="bbox 121 2182 2024 2256">
    <p class='ocr_par' dir='ltr' id='par_1_20' title="bbox 121 2182 2024 2256">
     <span class='ocr_line' id='line_1_20' title="bbox 121 2182 2024 2256; baseline 0.004 -24"><span class='ocrx_word' id='word_1_232' title='bbox 121 2206 151 2232; x_wconf 85' lang='grc'><strong>‹‹</strong></span> <span class='ocrx_word' id='word_1_233' title='bbox 189 2184 439 2239; x_wconf 86' lang='lat' dir='ltr'><strong>Adorate</strong></span> <span class='ocrx_word' id='word_1_234' title='bbox 470 2182 790 2239; x_wconf 88' lang='lat' dir='ltr'><strong>scabellum</strong></span> <span class='ocrx_word' id='word_1_235' title='bbox 827 2184 1038 2252; x_wconf 89' lang='lat' dir='ltr'><strong>pedum</strong></span> <span class='ocrx_word' id='word_1_236' title='bbox 1071 2184 1222 2253; x_wconf 80' lang='lat' dir='ltr'><strong>ejus,</strong></span> <span class='ocrx_word' id='word_1_237' title='bbox 1255 2185 1532 2256; x_wconf 90' lang='lat' dir='ltr'><strong>quoniam</strong></span> <span class='ocrx_word' id='word_1_238' title='bbox 1563 2190 1829 2241; x_wconf 90' lang='lat' dir='ltr'><strong>sanctum</strong></span> <span class='ocrx_word' id='word_1_239' title='bbox 1861 2190 1968 2242; x_wconf 91' lang='lat' dir='ltr'><strong>est.</strong></span> <span class='ocrx_word' id='word_1_240' title='bbox 1992 2206 2024 2239; x_wconf 82' lang='lat'><strong>»</strong></span> 
     </span>
    </p>
   </div>
   <div class='ocr_carea' id='block_1_21' title="bbox 188 2273 3525 2350">
    <p class='ocr_par' dir='ltr' id='par_1_21' title="bbox 188 2273 3525 2350">
     <span class='ocr_line' id='line_1_21' title="bbox 188 2273 3525 2350; baseline 0.003 -22"><span class='ocrx_word' id='word_1_241' title='bbox 188 2273 503 2328; x_wconf 81' lang='lat' dir='ltr'><strong>Ambulatio</strong></span> <span class='ocrx_word' id='word_1_242' title='bbox 535 2275 652 2339; x_wconf 88' lang='lat' dir='ltr'><strong>Dei,</strong></span> <span class='ocrx_word' id='word_1_243' title='bbox 684 2273 992 2329; x_wconf 87' lang='lat' dir='ltr'><strong>delectatio</strong></span> <span class='ocrx_word' id='word_1_244' title='bbox 1029 2274 1354 2329; x_wconf 89' lang='lat' dir='ltr'><strong>Divinitatis</strong></span> <span class='ocrx_word' id='word_1_245' title='bbox 1384 2273 1444 2328; x_wconf 93' lang='lat' dir='ltr'><strong>in</strong></span> <span class='ocrx_word' id='word_1_246' title='bbox 1476 2274 1753 2346; x_wconf 87' lang='lat' dir='ltr'><strong>operibus</strong></span> <span class='ocrx_word' id='word_1_247' title='bbox 1784 2274 2099 2331; x_wconf 87' lang='lat' dir='ltr'><strong>electorum</strong></span> <span class='ocrx_word' id='word_1_248' title='bbox 2133 2293 2399 2333; x_wconf 88' lang='lat' dir='ltr'><strong>suorum.</strong></span> <span class='ocrx_word' id='word_1_249' title='bbox 2434 2280 2497 2334; x_wconf 90' lang='lat' dir='ltr'><strong>In</strong></span> <span class='ocrx_word' id='word_1_250' title='bbox 2530 2279 2808 2350; x_wconf 85' lang='lat' dir='ltr'><strong>propheta</strong></span> <span class='ocrx_word' id='word_1_251' title='bbox 2840 2282 2884 2315; x_wconf 73' lang='grc' dir='ltr'><strong>⁵ο</strong></span> <span class='ocrx_word' id='word_1_252' title='bbox 2920 2298 2932 2336; x_wconf 90' lang='lat'>:</span> <span class='ocrx_word' id='word_1_253' title='bbox 2967 2300 2998 2333; x_wconf 71' lang='grc' dir='ltr'><strong>ι(</strong></span> <span class='ocrx_word' id='word_1_254' title='bbox 3029 2280 3099 2336; x_wconf 90' lang='lat' dir='ltr'><strong>Et</strong></span> <span class='ocrx_word' id='word_1_255' title='bbox 3116 2281 3429 2337; x_wconf 88' lang='lat' dir='ltr'><strong>ambulabo</strong></span> <span class='ocrx_word' id='word_1_256' title='bbox 3463 2282 3525 2336; x_wconf 86' lang='lat' dir='ltr'><strong>in</strong></span> 
     </span>
    </p>
   </div>
   <div class='ocr_carea' id='block_1_22' title="bbox 114 2362 1094 2429">
    <p class='ocr_par' dir='ltr' id='par_1_22' title="bbox 114 2362 1094 2429">
     <span class='ocr_line' id='line_1_22' title="bbox 114 2362 1094 2429; baseline 0 -11"><span class='ocrx_word' id='word_1_257' title='bbox 114 2362 223 2429; x_wconf 89' lang='lat' dir='ltr'><strong>eis,</strong></span> <span class='ocrx_word' id='word_1_258' title='bbox 259 2366 315 2417; x_wconf 91' lang='lat' dir='ltr'><strong>et</strong></span> <span class='ocrx_word' id='word_1_259' title='bbox 344 2379 441 2418; x_wconf 90' lang='lat' dir='ltr'><strong>ero</strong></span> <span class='ocrx_word' id='word_1_260' title='bbox 465 2363 698 2419; x_wconf 90' lang='lat' dir='ltr'><strong>illorum</strong></span> <span class='ocrx_word' id='word_1_261' title='bbox 729 2362 1031 2418; x_wconf 73' lang='lat' dir='ltr'><strong>Dominus.</strong></span> <span class='ocrx_word' id='word_1_262' title='bbox 1066 2384 1094 2412; x_wconf 88' lang='lat'>»</span> 
     </span>
    </p>
   </div>
   <div class='ocr_carea' id='block_1_23' title="bbox 188 2452 3522 2529">
    <p class='ocr_par' dir='ltr' id='par_1_23' title="bbox 188 2452 3522 2529">
     <span class='ocr_line' id='line_1_23' title="bbox 188 2452 3522 2529; baseline 0.002 -22"><span class='ocrx_word' id='word_1_263' title='bbox 188 2452 335 2507; x_wconf 83' lang='lat' dir='ltr'><strong>Tuba</strong></span> <span class='ocrx_word' id='word_1_264' title='bbox 384 2452 502 2521; x_wconf 87' lang='lat' dir='ltr'><strong>Dei,</strong></span> <span class='ocrx_word' id='word_1_265' title='bbox 533 2469 641 2508; x_wconf 96' lang='lat' dir='ltr'><strong>vox</strong></span> <span class='ocrx_word' id='word_1_266' title='bbox 669 2452 997 2508; x_wconf 79' lang='lat' dir='ltr'><strong>manifesta.</strong></span> <span class='ocrx_word' id='word_1_267' title='bbox 1034 2454 1097 2508; x_wconf 93' lang='lat' dir='ltr'><strong>In</strong></span> <span class='ocrx_word' id='word_1_268' title='bbox 1132 2452 1409 2524; x_wconf 79' lang='lat' dir='ltr'><strong>Apostolo</strong></span> <span class='ocrx_word' id='word_1_269' title='bbox 1429 2452 1510 2510; x_wconf 71' lang='grc' dir='ltr'><strong>⁸ος</strong></span> <span class='ocrx_word' id='word_1_270' title='bbox 1547 2475 1575 2504; x_wconf 85' lang='grc'><strong>‹‹</strong></span> <span class='ocrx_word' id='word_1_271' title='bbox 1611 2453 1673 2508; x_wconf 92' lang='lat' dir='ltr'><strong>In</strong></span> <span class='ocrx_word' id='word_1_272' title='bbox 1697 2455 1897 2524; x_wconf 88' lang='lat' dir='ltr'><strong>jussu,</strong></span> <span class='ocrx_word' id='word_1_273' title='bbox 1931 2458 1987 2509; x_wconf 90' lang='lat' dir='ltr'><strong>et</strong></span> <span class='ocrx_word' id='word_1_274' title='bbox 2040 2454 2099 2509; x_wconf 91' lang='lat' dir='ltr'><strong>in</strong></span> <span class='ocrx_word' id='word_1_275' title='bbox 2131 2471 2267 2511; x_wconf 92' lang='lat' dir='ltr'><strong>voce</strong></span> <span class='ocrx_word' id='word_1_276' title='bbox 2295 2455 2652 2529; x_wconf 85' lang='lat' dir='ltr'><strong>archangeli,</strong></span> <span class='ocrx_word' id='word_1_277' title='bbox 2703 2464 2757 2513; x_wconf 91' lang='lat' dir='ltr'><strong>et</strong></span> <span class='ocrx_word' id='word_1_278' title='bbox 2793 2457 2853 2512; x_wconf 91' lang='lat' dir='ltr'><strong>in</strong></span> <span class='ocrx_word' id='word_1_279' title='bbox 2885 2458 3027 2513; x_wconf 87' lang='lat' dir='ltr'><strong>tuba</strong></span> <span class='ocrx_word' id='word_1_280' title='bbox 3059 2458 3157 2515; x_wconf 93' lang='lat' dir='ltr'><strong>Dei</strong></span> <span class='ocrx_word' id='word_1_281' title='bbox 3208 2459 3522 2516; x_wconf 87' lang='lat' dir='ltr'><strong>descendet</strong></span> 
     </span>
    </p>
   </div>
   <div class='ocr_carea' id='block_1_24' title="bbox 114 2542 447 2597">
    <p class='ocr_par' dir='ltr' id='par_1_24' title="bbox 114 2542 447 2597">
     <span class='ocr_line' id='line_1_24' title="bbox 114 2542 447 2597; baseline 0 0"><span class='ocrx_word' id='word_1_282' title='bbox 114 2543 186 2597; x_wconf 92' lang='lat' dir='ltr'><strong>de</strong></span> <span class='ocrx_word' id='word_1_283' title='bbox 221 2542 383 2597; x_wconf 67' lang='lat' dir='ltr'><strong>cmlo.</strong></span> <span class='ocrx_word' id='word_1_284' title='bbox 418 2564 447 2592; x_wconf 83' lang='lat'>»</span> 
     </span>
    </p>
   </div>
   <div class='ocr_carea' id='block_1_25' title="bbox 188 2631 1737 2709">
    <p class='ocr_par' dir='ltr' id='par_1_25' title="bbox 188 2631 1737 2703">
     <span class='ocr_line' id='line_1_25' title="bbox 188 2631 1737 2703; baseline -0.001 -17"><span class='ocrx_word' id='word_1_285' title='bbox 188 2632 355 2687; x_wconf 87' lang='lat' dir='ltr'><strong>Forte</strong></span> <span class='ocrx_word' id='word_1_286' title='bbox 395 2631 486 2686; x_wconf 90' lang='lat' dir='ltr'><strong>hic</strong></span> <span class='ocrx_word' id='word_1_287' title='bbox 515 2636 604 2688; x_wconf 88' lang='lat' dir='ltr'><strong>est</strong></span> <span class='ocrx_word' id='word_1_288' title='bbox 630 2632 756 2703; x_wconf 89' lang='lat' dir='ltr'><strong>ipse</strong></span> <span class='ocrx_word' id='word_1_289' title='bbox 786 2632 883 2687; x_wconf 86' lang='lat' dir='ltr'><strong>ille</strong></span> <span class='ocrx_word' id='word_1_290' title='bbox 914 2631 1208 2687; x_wconf 89' lang='lat' dir='ltr'><strong>Melitonis</strong></span> <span class='ocrx_word' id='word_1_291' title='bbox 1258 2632 1509 2687; x_wconf 82' lang='lat' dir='ltr'><strong>maxime</strong></span> <span class='ocrx_word' id='word_1_292' title='bbox 1534 2632 1737 2689; x_wconf 79' lang='lat' dir='ltr'><strong>celebri</strong></span> 
     </span>
    </p>
   </div>
   <div class='ocr_carea' id='block_1_26' title="bbox 1967 2631 3516 2709">
    <p class='ocr_par' dir='ltr' id='par_1_26' title="bbox 1988 2631 3516 2709">
     <span class='ocr_line' id='line_1_26' title="bbox 1988 2631 3516 2709; baseline 0.006 -24"><span class='ocrx_word' id='word_1_293' title='bbox 1988 2632 2116 2705; x_wconf 86' lang='grc' dir='ltr'>Περὶ</span> <span class='ocrx_word' id='word_1_294' title='bbox 2149 2636 2281 2686; x_wconf 74' lang='grc' dir='ltr'><strong>Θεοῦ</strong></span> <span class='ocrx_word' id='word_1_295' title='bbox 2312 2631 2649 2707; x_wconf 77' lang='grc' dir='ltr'><strong>ἐνσωμάτου,</strong></span> <span class='ocrx_word' id='word_1_296' title='bbox 2684 2652 2857 2706; x_wconf 89' lang='lat' dir='ltr'><strong>quam</strong></span> <span class='ocrx_word' id='word_1_297' title='bbox 2890 2640 3085 2692; x_wconf 84' lang='lat' dir='ltr'><strong>tamen</strong></span> <span class='ocrx_word' id='word_1_298' title='bbox 3121 2640 3516 2709; x_wconf 83' lang='lat' dir='ltr'><strong>conjecturam</strong></span> 
     </span>
    </p>
   </div>
   <div class='ocr_carea' id='block_1_27' title="bbox 111 2720 3517 2799">
    <p class='ocr_par' dir='ltr' id='par_1_27' title="bbox 111 2720 3517 2799">
     <span class='ocr_line' id='line_1_27' title="bbox 111 2720 3517 2799; baseline 0.002 -24"><span class='ocrx_word' id='word_1_299' title='bbox 111 2720 229 2776; x_wconf 90' lang='lat' dir='ltr'><strong>alio</strong></span> <span class='ocrx_word' id='word_1_300' title='bbox 267 2720 485 2792; x_wconf 89' lang='lat' dir='ltr'><strong>scripto</strong></span> <span class='ocrx_word' id='word_1_301' title='bbox 518 2720 748 2793; x_wconf 88' lang='lat' dir='ltr'><strong>alioque</strong></span> <span class='ocrx_word' id='word_1_302' title='bbox 778 2725 1037 2793; x_wconf 89' lang='lat' dir='ltr'><strong>tempore</strong></span> <span class='ocrx_word' id='word_1_303' title='bbox 1077 2721 1349 2777; x_wconf 91' lang='lat' dir='ltr'><strong>diducam</strong></span> <span class='ocrx_word' id='word_1_304' title='bbox 1384 2722 1645 2789; x_wconf 88' lang='lat' dir='ltr'><strong>uberius,</strong></span> <span class='ocrx_word' id='word_1_305' title='bbox 1698 2726 1872 2793; x_wconf 90' lang='lat' dir='ltr'><strong>atque</strong></span> <span class='ocrx_word' id='word_1_306' title='bbox 1918 2738 1984 2777; x_wconf 79' lang='lat' dir='ltr'><strong>ex</strong></span> <span class='ocrx_word' id='word_1_307' title='bbox 2017 2722 2143 2793; x_wconf 90' lang='lat' dir='ltr'><strong>ipso</strong></span> <span class='ocrx_word' id='word_1_308' title='bbox 2184 2723 2357 2778; x_wconf 89' lang='lat' dir='ltr'><strong>etiam</strong></span> <span class='ocrx_word' id='word_1_309' title='bbox 2390 2724 2514 2779; x_wconf 92' lang='lat' dir='ltr'><strong>loco</strong></span> <span class='ocrx_word' id='word_1_310' title='bbox 2545 2725 2913 2793; x_wconf 88' lang='lat' dir='ltr'><strong>Theodoreti,</strong></span> <span class='ocrx_word' id='word_1_311' title='bbox 2945 2727 3044 2797; x_wconf 85' lang='lat' dir='ltr'><strong>qui</strong></span> <span class='ocrx_word' id='word_1_312' title='bbox 3093 2731 3416 2799; x_wconf 88' lang='lat' dir='ltr'><strong>tantopere,</strong></span> <span class='ocrx_word' id='word_1_313' title='bbox 3454 2733 3517 2783; x_wconf 91' lang='lat' dir='ltr'><strong>ut</strong></span> 
     </span>
    </p>
   </div>
   <div class='ocr_carea' id='block_1_28' title="bbox 108 2828 2645 2900">
    <p class='ocr_par' dir='ltr' id='par_1_28' title="bbox 108 2828 2645 2900">
     <span class='ocr_line' id='line_1_28' title="bbox 108 2828 2645 2900; baseline 0.001 -18"><span class='ocrx_word' id='word_1_314' title='bbox 108 2828 370 2885; x_wconf 84' lang='lat' dir='ltr'><strong>vidimus</strong></span> <span class='ocrx_word' id='word_1_315' title='bbox 400 2846 595 2900; x_wconf 87' lang='lat' dir='ltr'><strong>supra,</strong></span> <span class='ocrx_word' id='word_1_316' title='bbox 630 2829 932 2900; x_wconf 89' lang='lat' dir='ltr'><strong>premebat</strong></span> <span class='ocrx_word' id='word_1_317' title='bbox 968 2828 1258 2886; x_wconf 83' lang='lat' dir='ltr'><strong>Melitonis</strong></span> <span class='ocrx_word' id='word_1_318' title='bbox 1290 2829 1713 2897; x_wconf 86' lang='lat' dir='ltr'><strong>orthodoxiam,</strong></span> <span class='ocrx_word' id='word_1_319' title='bbox 1750 2829 1901 2883; x_wconf 84' lang='lat' dir='ltr'><strong>idem</strong></span> <span class='ocrx_word' id='word_1_320' title='bbox 1925 2829 2268 2885; x_wconf 83' lang='lat' dir='ltr'><strong>confirmare</strong></span> <span class='ocrx_word' id='word_1_321' title='bbox 2294 2828 2645 2887; x_wconf 87' lang='lat' dir='ltr'><strong>allaborabo.</strong></span> 
     </span>
    </p>
   </div>
   <div class='ocr_carea' id='block_1_29' title="bbox 1526 2989 1799 2998">
    <p class='ocr_par' dir='ltr' id='par_1_29' title="bbox 1526 2989 1799 2998">
     <span class='ocr_line' id='line_1_29' title="bbox 1526 2989 1799 2998; baseline 0.004 -1"><span class='ocrx_word' id='word_1_322' title='bbox 1526 2989 1799 2998; x_wconf 72' lang='lat'><strong>-—————-—--—-—</strong></span> 
     </span>
    </p>
   </div>
   <div class='ocr_carea' id='block_1_30' title="bbox 1286 2989 1513 2999">
    <p class='ocr_par' dir='ltr' id='par_1_30' title="bbox 1286 2989 1513 2999">
     <span class='ocr_line' id='line_1_30' title="bbox 1286 2989 1513 2999; baseline 0.004 -3"><span class='ocrx_word' id='word_1_323' title='bbox 1286 2989 1513 2999; x_wconf 58' lang='lat' dir='ltr'><strong>ww</strong></span> 
     </span>
    </p>
   </div>
   <div class='ocr_carea' id='block_1_31' title="bbox 1363 3114 2243 3210">
    <p class='ocr_par' dir='ltr' id='par_1_31' title="bbox 1363 3114 2243 3210">
     <span class='ocr_line' id='line_1_31' title="bbox 1363 3114 2243 3210; baseline 0.002 -4"><span class='ocrx_word' id='word_1_324' title='bbox 1363 3114 2243 3210; x_wconf 85' lang='lat' dir='ltr'><strong>FBAGMENTUM.</strong></span> 
     </span>
    </p>
   </div>
   <div class='ocr_carea' id='block_1_32' title="bbox 960 3335 2633 3419">
    <p class='ocr_par' dir='ltr' id='par_1_32' title="bbox 960 3335 2633 3419">
     <span class='ocr_line' id='line_1_32' title="bbox 960 3335 2633 3419; baseline -0.002 -19"><span class='ocrx_word' id='word_1_325' title='bbox 960 3339 1052 3400; x_wconf 86' lang='lat' dir='ltr'><strong>Ex</strong></span> <span class='ocrx_word' id='word_1_326' title='bbox 1082 3336 1387 3419; x_wconf 83' lang='lat' dir='ltr'><strong>Apologia</strong></span> <span class='ocrx_word' id='word_1_327' title='bbox 1419 3335 1731 3397; x_wconf 83' lang='lat' dir='ltr'><strong>Melitonis</strong></span> <span class='ocrx_word' id='word_1_328' title='bbox 1761 3337 1841 3397; x_wconf 89' lang='lat' dir='ltr'><strong>ad</strong></span> <span class='ocrx_word' id='word_1_329' title='bbox 1890 3337 2273 3396; x_wconf 85' lang='lat' dir='ltr'><strong>Antoninum</strong></span> <span class='ocrx_word' id='word_1_330' title='bbox 2304 3337 2633 3399; x_wconf 65' lang='lat' dir='ltr'><strong>Casarem.</strong></span> 
     </span>
    </p>
   </div>
   <div class='ocr_carea' id='block_1_33' title="bbox 909 2988 1276 3000">
    <p class='ocr_par' dir='ltr' id='par_1_33' title="bbox 909 2988 1276 3000">
     <span class='ocr_line' id='line_1_33' title="bbox 909 2988 1276 3000; baseline 0 -3"><span class='ocrx_word' id='word_1_331' title='bbox 909 2988 1276 3000; x_wconf 58' lang='lat' dir='ltr'><strong>om</strong></span> 
     </span>
    </p>
   </div>
   <div class='ocr_carea' id='block_1_34' title="bbox 95 3514 3510 3599">
    <p class='ocr_par' dir='ltr' id='par_1_34' title="bbox 95 3514 3510 3599">
     <span class='ocr_line' id='line_1_34' title="bbox 95 3514 3510 3599; baseline -0.001 -19"><span class='ocrx_word' id='word_1_332' title='bbox 95 3524 355 3599; x_wconf 77' lang='lat' dir='ltr'><strong>(Syriaco</strong></span> <span class='ocrx_word' id='word_1_333' title='bbox 377 3527 432 3579; x_wconf 90' lang='lat' dir='ltr'><strong>et</strong></span> <span class='ocrx_word' id='word_1_334' title='bbox 450 3520 688 3594; x_wconf 84' lang='lat' dir='ltr'><strong>Anglice</strong></span> <span class='ocrx_word' id='word_1_335' title='bbox 702 3515 1631 3599; x_wconf 35' lang='lat' dir='ltr'><strong>nuperediditAD&#39;Curetoninlibro</strong></span> <span class='ocrx_word' id='word_1_336' title='bbox 1658 3515 1973 3599; x_wconf 68' lang='lat' dir='ltr'><strong>enititulus</strong></span> <span class='ocrx_word' id='word_1_337' title='bbox 2000 3515 2405 3599; x_wconf 51' lang='lat' dir='ltr'><strong>:‘Spicilegium</strong></span> <span class='ocrx_word' id='word_1_338' title='bbox 2435 3514 2744 3599; x_wconf 70' lang='lat' dir='ltr'><strong>Syriacum.</strong></span> <span class='ocrx_word' id='word_1_339' title='bbox 2780 3515 3048 3584; x_wconf 89' lang='lat' dir='ltr'><strong>Londini,</strong></span> <span class='ocrx_word' id='word_1_340' title='bbox 3085 3516 3303 3589; x_wconf 80' lang='lat' dir='ltr'><strong>1855,p.</strong></span> <span class='ocrx_word' id='word_1_341' title='bbox 3324 3519 3510 3576; x_wconf 70' lang='lat'><strong>41-56.</strong></span> 
     </span>
    </p>
   </div>
   <div class='ocr_carea' id='block_1_35' title="bbox 920 3585 2678 3658">
    <p class='ocr_par' dir='ltr' id='par_1_35' title="bbox 920 3585 2678 3658">
     <span class='ocr_line' id='line_1_35' title="bbox 920 3585 2678 3658; baseline -0.002 -13"><span class='ocrx_word' id='word_1_342' title='bbox 920 3596 1043 3646; x_wconf 82' lang='lat' dir='ltr'><strong>Hoc</strong></span> <span class='ocrx_word' id='word_1_343' title='bbox 1072 3589 1470 3658; x_wconf 87' lang='lat' dir='ltr'><strong>fragmentum</strong></span> <span class='ocrx_word' id='word_1_344' title='bbox 1505 3587 1598 3641; x_wconf 86' lang='lat' dir='ltr'><strong>hic</strong></span> <span class='ocrx_word' id='word_1_345' title='bbox 1632 3586 1983 3642; x_wconf 88' lang='lat' dir='ltr'><strong>exhibemus</strong></span> <span class='ocrx_word' id='word_1_346' title='bbox 2030 3585 2323 3641; x_wconf 85' lang='lat' dir='ltr'><strong>latinitate</strong></span> <span class='ocrx_word' id='word_1_347' title='bbox 2350 3585 2678 3657; x_wconf 83' lang='lat' dir='ltr'><strong>donatum.)</strong></span> 
     </span>
    </p>
   </div>
   <div class='ocr_carea' id='block_1_36' title="bbox 95 3734 3512 3813">
    <p class='ocr_par' dir='ltr' id='par_1_36' title="bbox 95 3734 3512 3813">
     <span class='ocr_line' id='line_1_36' title="bbox 95 3734 3512 3813; baseline -0 -13"><span class='ocrx_word' id='word_1_348' title='bbox 95 3745 274 3802; x_wconf 84' lang='lat' dir='ltr'><strong>Verba</strong></span> <span class='ocrx_word' id='word_1_349' title='bbox 329 3744 602 3799; x_wconf 83' lang='lat' dir='ltr'><strong>Melitonis</strong></span> <span class='ocrx_word' id='word_1_350' title='bbox 655 3741 967 3813; x_wconf 74' lang='lat' dir='ltr'><strong>philosophi</strong></span> <span class='ocrx_word' id='word_1_351' title='bbox 1022 3756 1140 3810; x_wconf 71' lang='lat' dir='ltr'><strong>quae</strong></span> <span class='ocrx_word' id='word_1_352' title='bbox 1169 3742 1315 3809; x_wconf 68' lang='lat' dir='ltr'><strong>facta</strong></span> <span class='ocrx_word' id='word_1_353' title='bbox 1364 3744 1491 3793; x_wconf 72' lang='lat' dir='ltr'><strong>sunt</strong></span> <span class='ocrx_word' id='word_1_354' title='bbox 1556 3752 1741 3791; x_wconf 75' lang='lat' dir='ltr'><strong>coram</strong></span> <span class='ocrx_word' id='word_1_355' title='bbox 1770 3737 1823 3801; x_wconf 86' lang='grc' dir='ltr'><strong>Α</strong></span> <span class='ocrx_word' id='word_1_356' title='bbox 1852 3745 2073 3805; x_wconf 86' lang='lat' dir='ltr'><strong>quanto</strong></span> <span class='ocrx_word' id='word_1_357' title='bbox 2102 3734 2536 3804; x_wconf 87' lang='lat' dir='ltr'><strong>majorinsania</strong></span> <span class='ocrx_word' id='word_1_358' title='bbox 2558 3737 2988 3794; x_wconf 88' lang='lat' dir='ltr'><strong>multorum.Ea</strong></span> <span class='ocrx_word' id='word_1_359' title='bbox 3010 3757 3142 3796; x_wconf 87' lang='lat' dir='ltr'><strong>vero</strong></span> <span class='ocrx_word' id='word_1_360' title='bbox 3160 3741 3512 3799; x_wconf 87' lang='lat' dir='ltr'><strong>stultitiaest</strong></span> 
     </span>
    </p>
   </div>
   <div class='ocr_carea' id='block_1_37' title="bbox 164 3823 3513 3902">
    <p class='ocr_par' dir='ltr' id='par_1_37' title="bbox 164 3823 3513 3902">
     <span class='ocr_line' id='line_1_37' title="bbox 164 3823 3513 3902; baseline -0.002 -11"><span class='ocrx_word' id='word_1_361' title='bbox 164 3835 442 3891; x_wconf 78' lang='lat' dir='ltr'><strong>Antonino</strong></span> <span class='ocrx_word' id='word_1_362' title='bbox 491 3834 723 3888; x_wconf 62' lang='lat' dir='ltr'><strong>Caesare.</strong></span> <span class='ocrx_word' id='word_1_363' title='bbox 754 3830 837 3885; x_wconf 80' lang='lat' dir='ltr'><strong>Et</strong></span> <span class='ocrx_word' id='word_1_364' title='bbox 886 3829 1157 3885; x_wconf 68' lang='lat' dir='ltr'><strong>Caesarem</strong></span> <span class='ocrx_word' id='word_1_365' title='bbox 1207 3828 1476 3882; x_wconf 79' lang='lat' dir='ltr'><strong>allocutus</strong></span> <span class='ocrx_word' id='word_1_366' title='bbox 1504 3834 1582 3881; x_wconf 79' lang='lat' dir='ltr'><strong>est</strong></span> <span class='ocrx_word' id='word_1_367' title='bbox 1609 3829 1668 3878; x_wconf 81' lang='lat' dir='ltr'><strong>ut</strong></span> <span class='ocrx_word' id='word_1_368' title='bbox 1694 3825 1750 3877; x_wconf 76' lang='lat' dir='ltr'><strong>ei</strong></span> <span class='ocrx_word' id='word_1_369' title='bbox 1861 3838 2036 3894; x_wconf 89' lang='lat' dir='ltr'><strong>quam</strong></span> <span class='ocrx_word' id='word_1_370' title='bbox 2063 3823 2190 3877; x_wconf 91' lang='lat' dir='ltr'><strong>dico</strong></span> <span class='ocrx_word' id='word_1_371' title='bbox 2220 3828 2281 3877; x_wconf 93' lang='lat' dir='ltr'><strong>ut</strong></span> <span class='ocrx_word' id='word_1_372' title='bbox 2313 3823 2536 3880; x_wconf 89' lang='lat' dir='ltr'><strong>homoa</strong></span> <span class='ocrx_word' id='word_1_373' title='bbox 2558 3826 2794 3882; x_wconf 83' lang='lat' dir='ltr'><strong>veritate</strong></span> <span class='ocrx_word' id='word_1_374' title='bbox 2817 3830 3047 3883; x_wconf 84' lang='lat' dir='ltr'><strong>recedat</strong></span> <span class='ocrx_word' id='word_1_375' title='bbox 3064 3829 3275 3885; x_wconf 82' lang='lat' dir='ltr'><strong>etillud</strong></span> <span class='ocrx_word' id='word_1_376' title='bbox 3296 3832 3513 3902; x_wconf 84' lang='lat' dir='ltr'><strong>ample-</strong></span> 
     </span>
    </p>
   </div>
   <div class='ocr_carea' id='block_1_38' title="bbox 166 3911 3510 3992">
    <p class='ocr_par' dir='ltr' id='par_1_38' title="bbox 166 3911 3510 3992">
     <span class='ocr_line' id='line_1_38' title="bbox 166 3911 3510 3992; baseline -0.001 -15"><span class='ocrx_word' id='word_1_377' title='bbox 166 3925 337 3977; x_wconf 85' lang='lat' dir='ltr'><strong>Deum</strong></span> <span class='ocrx_word' id='word_1_378' title='bbox 358 3931 547 3976; x_wconf 81' lang='lat' dir='ltr'><strong>notum</strong></span> <span class='ocrx_word' id='word_1_379' title='bbox 576 3921 816 3992; x_wconf 82' lang='lat' dir='ltr'><strong>faceret,</strong></span> <span class='ocrx_word' id='word_1_380' title='bbox 849 3922 901 3972; x_wconf 85' lang='lat' dir='ltr'><strong>et</strong></span> <span class='ocrx_word' id='word_1_381' title='bbox 931 3916 1271 3972; x_wconf 80' lang='lat' dir='ltr'><strong>eiindicavit</strong></span> <span class='ocrx_word' id='word_1_382' title='bbox 1300 3916 1447 3970; x_wconf 87' lang='lat' dir='ltr'><strong>viam</strong></span> <span class='ocrx_word' id='word_1_383' title='bbox 1475 3912 1743 3978; x_wconf 78' lang='lat' dir='ltr'><strong>veritatis,</strong></span> <span class='ocrx_word' id='word_1_384' title='bbox 1860 3914 2054 3966; x_wconf 89' lang='lat' dir='ltr'><strong>ctatur</strong></span> <span class='ocrx_word' id='word_1_385' title='bbox 2085 3911 2239 3981; x_wconf 89' lang='lat' dir='ltr'><strong>quod</strong></span> <span class='ocrx_word' id='word_1_386' title='bbox 2275 3927 2403 3966; x_wconf 85' lang='lat' dir='ltr'><strong>vere</strong></span> <span class='ocrx_word' id='word_1_387' title='bbox 2461 3929 2577 3967; x_wconf 90' lang='lat' dir='ltr'><strong>non</strong></span> <span class='ocrx_word' id='word_1_388' title='bbox 2636 3919 2743 3969; x_wconf 89' lang='lat' dir='ltr'><strong>est.</strong></span> <span class='ocrx_word' id='word_1_389' title='bbox 2780 3914 2840 3969; x_wconf 92' lang='lat' dir='ltr'><strong>Id</strong></span> <span class='ocrx_word' id='word_1_390' title='bbox 2871 3922 3062 3971; x_wconf 86' lang='lat' dir='ltr'><strong>autem</strong></span> <span class='ocrx_word' id='word_1_391' title='bbox 3098 3924 3182 3971; x_wconf 85' lang='lat' dir='ltr'><strong>est</strong></span> <span class='ocrx_word' id='word_1_392' title='bbox 3215 3920 3367 3989; x_wconf 90' lang='lat' dir='ltr'><strong>quod</strong></span> <span class='ocrx_word' id='word_1_393' title='bbox 3422 3926 3510 3973; x_wconf 87' lang='lat' dir='ltr'><strong>est</strong></span> 
     </span>
    </p>
   </div>
   <div class='ocr_carea' id='block_1_39' title="bbox 166 4000 3507 4077">
    <p class='ocr_par' dir='ltr' id='par_1_39' title="bbox 166 4000 3507 4077">
     <span class='ocr_line' id='line_1_39' title="bbox 166 4000 3507 4077; baseline -0.001 -10"><span class='ocrx_word' id='word_1_394' title='bbox 166 4015 219 4067; x_wconf 71' lang='lat' dir='ltr'><strong>et.</strong></span> <span class='ocrx_word' id='word_1_395' title='bbox 250 4013 330 4066; x_wconf 78' lang='lat' dir='ltr'><strong>sic</strong></span> <span class='ocrx_word' id='word_1_396' title='bbox 362 4011 572 4065; x_wconf 82' lang='lat' dir='ltr'><strong>locutus</strong></span> <span class='ocrx_word' id='word_1_397' title='bbox 600 4013 700 4063; x_wconf 80' lang='lat' dir='ltr'><strong>est.</strong></span> <span class='ocrx_word' id='word_1_398' title='bbox 1859 4017 2009 4068; x_wconf 86' lang='lat' dir='ltr'><strong>vere,</strong></span> <span class='ocrx_word' id='word_1_399' title='bbox 2042 4005 2100 4054; x_wconf 91' lang='lat' dir='ltr'><strong>et</strong></span> <span class='ocrx_word' id='word_1_400' title='bbox 2130 4000 2470 4055; x_wconf 87' lang='lat' dir='ltr'><strong>nominatur</strong></span> <span class='ocrx_word' id='word_1_401' title='bbox 2501 4003 2675 4071; x_wconf 89' lang='lat' dir='ltr'><strong>Deus,</strong></span> <span class='ocrx_word' id='word_1_402' title='bbox 2701 4008 2759 4059; x_wconf 89' lang='lat' dir='ltr'><strong>et</strong></span> <span class='ocrx_word' id='word_1_403' title='bbox 2787 4005 3119 4065; x_wconf 87' lang='lat' dir='ltr'><strong>est.0mnia</strong></span> <span class='ocrx_word' id='word_1_404' title='bbox 3148 4007 3365 4061; x_wconf 91' lang='lat' dir='ltr'><strong>virtute</strong></span> <span class='ocrx_word' id='word_1_405' title='bbox 3380 4009 3507 4077; x_wconf 88' lang='lat' dir='ltr'><strong>ejus</strong></span> 
     </span>
    </p>
   </div>
   <div class='ocr_carea' id='block_1_40' title="bbox 164 4087 3507 4160">
    <p class='ocr_par' dir='ltr' id='par_1_40' title="bbox 164 4087 3507 4160">
     <span class='ocr_line' id='line_1_40' title="bbox 164 4087 3507 4160; baseline -0.003 -2"><span class='ocrx_word' id='word_1_406' title='bbox 164 4099 365 4158; x_wconf 81' lang='lat' dir='ltr'><strong>Melite</strong></span> <span class='ocrx_word' id='word_1_407' title='bbox 389 4098 537 4153; x_wconf 84' lang='lat' dir='ltr'><strong>dixit</strong></span> <span class='ocrx_word' id='word_1_408' title='bbox 570 4104 584 4150; x_wconf 73' lang='grc' dir='ltr'><strong>ξ</strong></span> <span class='ocrx_word' id='word_1_409' title='bbox 639 4096 883 4152; x_wconf 85' lang='lat' dir='ltr'><strong>Difficile</strong></span> <span class='ocrx_word' id='word_1_410' title='bbox 914 4099 1003 4151; x_wconf 91' lang='lat' dir='ltr'><strong>est</strong></span> <span class='ocrx_word' id='word_1_411' title='bbox 1033 4094 1092 4150; x_wconf 90' lang='lat' dir='ltr'><strong>in</strong></span> <span class='ocrx_word' id='word_1_412' title='bbox 1124 4094 1272 4150; x_wconf 86' lang='lat' dir='ltr'><strong>viam</strong></span> <span class='ocrx_word' id='word_1_413' title='bbox 1324 4093 1581 4149; x_wconf 80' lang='lat' dir='ltr'><strong>veritatis</strong></span> <span class='ocrx_word' id='word_1_414' title='bbox 1611 4108 1745 4147; x_wconf 91' lang='lat' dir='ltr'><strong>eum</strong></span> <span class='ocrx_word' id='word_1_415' title='bbox 1854 4089 2187 4155; x_wconf 87' lang='lat' dir='ltr'><strong>exsistunt;</strong></span> <span class='ocrx_word' id='word_1_416' title='bbox 2220 4087 2345 4159; x_wconf 91' lang='lat' dir='ltr'><strong>ipse</strong></span> <span class='ocrx_word' id='word_1_417' title='bbox 2368 4106 2668 4160; x_wconf 86' lang='lat' dir='ltr'><strong>nunquam</strong></span> <span class='ocrx_word' id='word_1_418' title='bbox 2694 4091 3105 4149; x_wconf 81' lang='lat' dir='ltr'><strong>factusestneo</strong></span> <span class='ocrx_word' id='word_1_419' title='bbox 3136 4094 3370 4149; x_wconf 89' lang='lat' dir='ltr'><strong>initium</strong></span> <span class='ocrx_word' id='word_1_420' title='bbox 3402 4095 3507 4150; x_wconf 85' lang='lat' dir='ltr'><strong>ha-</strong></span> 
     </span>
    </p>
   </div>
   <div class='ocr_carea' id='block_1_41' title="bbox 87 4179 3499 4260">
    <p class='ocr_par' dir='ltr' id='par_1_41' title="bbox 87 4179 3499 4260">
     <span class='ocr_line' id='line_1_41' title="bbox 87 4179 3499 4260; baseline -0.002 -13"><span class='ocrx_word' id='word_1_421' title='bbox 87 4190 375 4247; x_wconf 88' lang='lat' dir='ltr'><strong>inducere</strong></span> <span class='ocrx_word' id='word_1_422' title='bbox 403 4188 503 4260; x_wconf 87' lang='lat' dir='ltr'><strong>qui</strong></span> <span class='ocrx_word' id='word_1_423' title='bbox 558 4204 590 4242; x_wconf 93' lang='lat' dir='ltr'><strong>a</strong></span> <span class='ocrx_word' id='word_1_424' title='bbox 618 4186 792 4259; x_wconf 88' lang='lat' dir='ltr'><strong>longo</strong></span> <span class='ocrx_word' id='word_1_425' title='bbox 824 4190 1082 4256; x_wconf 89' lang='lat' dir='ltr'><strong>tempore</strong></span> <span class='ocrx_word' id='word_1_426' title='bbox 1113 4185 1171 4239; x_wconf 89' lang='lat' dir='ltr'><strong>in</strong></span> <span class='ocrx_word' id='word_1_427' title='bbox 1204 4200 1397 4239; x_wconf 89' lang='lat' dir='ltr'><strong>errore</strong></span> <span class='ocrx_word' id='word_1_428' title='bbox 1435 4186 1703 4239; x_wconf 87' lang='lat' dir='ltr'><strong>versatur</strong></span> <span class='ocrx_word' id='word_1_429' title='bbox 1731 4199 1744 4238; x_wconf 91' lang='lat'>:</span> <span class='ocrx_word' id='word_1_430' title='bbox 1854 4179 2108 4244; x_wconf 90' lang='lat' dir='ltr'><strong>buit,sed</strong></span> <span class='ocrx_word' id='word_1_431' title='bbox 2143 4186 2227 4232; x_wconf 88' lang='lat' dir='ltr'><strong>est</strong></span> <span class='ocrx_word' id='word_1_432' title='bbox 2261 4180 2332 4234; x_wconf 89' lang='lat' dir='ltr'><strong>ab</strong></span> <span class='ocrx_word' id='word_1_433' title='bbox 2366 4184 2580 4235; x_wconf 69' lang='lat' dir='ltr'><strong>aeterno</strong></span> <span class='ocrx_word' id='word_1_434' title='bbox 2611 4190 2665 4236; x_wconf 89' lang='lat' dir='ltr'><strong>et</strong></span> <span class='ocrx_word' id='word_1_435' title='bbox 2691 4199 2879 4253; x_wconf 89' lang='lat' dir='ltr'><strong>usque</strong></span> <span class='ocrx_word' id='word_1_436' title='bbox 2910 4184 2967 4239; x_wconf 90' lang='lat' dir='ltr'><strong>in</strong></span> <span class='ocrx_word' id='word_1_437' title='bbox 2999 4184 3212 4240; x_wconf 60' lang='lat' dir='ltr'><strong>saecula</strong></span> <span class='ocrx_word' id='word_1_438' title='bbox 3237 4186 3499 4254; x_wconf 86' lang='lat' dir='ltr'><strong>;immu-</strong></span> 
     </span>
    </p>
   </div>
   <div class='ocr_carea' id='block_1_42' title="bbox 87 4267 3503 4347">
    <p class='ocr_par' dir='ltr' id='par_1_42' title="bbox 87 4267 3503 4347">
     <span class='ocr_line' id='line_1_42' title="bbox 87 4267 3503 4347; baseline -0.002 -11"><span class='ocrx_word' id='word_1_439' title='bbox 87 4282 207 4336; x_wconf 91' lang='lat' dir='ltr'><strong>hoc</strong></span> <span class='ocrx_word' id='word_1_440' title='bbox 238 4282 433 4334; x_wconf 88' lang='lat' dir='ltr'><strong>tamen</strong></span> <span class='ocrx_word' id='word_1_441' title='bbox 490 4276 618 4332; x_wconf 79' lang='lat' dir='ltr'><strong>ﬁeri</strong></span> <span class='ocrx_word' id='word_1_442' title='bbox 649 4280 831 4347; x_wconf 85' lang='lat' dir='ltr'><strong>potest</strong></span> <span class='ocrx_word' id='word_1_443' title='bbox 867 4292 881 4331; x_wconf 93' lang='lat'><strong>:</strong></span> <span class='ocrx_word' id='word_1_444' title='bbox 936 4274 1233 4329; x_wconf 90' lang='lat' dir='ltr'><strong>hominem</strong></span> <span class='ocrx_word' id='word_1_445' title='bbox 1283 4274 1438 4328; x_wconf 90' lang='lat' dir='ltr'><strong>enim</strong></span> <span class='ocrx_word' id='word_1_446' title='bbox 1490 4288 1745 4327; x_wconf 86' lang='lat' dir='ltr'><strong>errorem</strong></span> <span class='ocrx_word' id='word_1_447' title='bbox 1852 4267 2051 4322; x_wconf 88' lang='lat' dir='ltr'><strong>tabilis</strong></span> <span class='ocrx_word' id='word_1_448' title='bbox 2081 4272 2281 4323; x_wconf 89' lang='lat' dir='ltr'><strong>manet</strong></span> <span class='ocrx_word' id='word_1_449' title='bbox 2310 4268 2450 4323; x_wconf 90' lang='lat' dir='ltr'><strong>dum</strong></span> <span class='ocrx_word' id='word_1_450' title='bbox 2475 4275 2686 4325; x_wconf 91' lang='lat' dir='ltr'><strong>cuncta</strong></span> <span class='ocrx_word' id='word_1_451' title='bbox 2718 4275 3047 4328; x_wconf 88' lang='lat' dir='ltr'><strong>mutantur:</strong></span> <span class='ocrx_word' id='word_1_452' title='bbox 3090 4290 3192 4329; x_wconf 92' lang='lat' dir='ltr'><strong>nec</strong></span> <span class='ocrx_word' id='word_1_453' title='bbox 3225 4274 3503 4330; x_wconf 87' lang='lat' dir='ltr'><strong>oculisvi-</strong></span> 
     </span>
    </p>
   </div>
   <div class='ocr_carea' id='block_1_43' title="bbox 85 4356 3497 4440">
    <p class='ocr_par' dir='ltr' id='par_1_43' title="bbox 85 4356 3497 4440">
     <span class='ocr_line' id='line_1_43' title="bbox 85 4356 3497 4440; baseline -0.002 -16"><span class='ocrx_word' id='word_1_454' title='bbox 85 4366 411 4440; x_wconf 87' lang='lat' dir='ltr'><strong>paululum</strong></span> <span class='ocrx_word' id='word_1_455' title='bbox 469 4368 883 4437; x_wconf 87' lang='lat' dir='ltr'><strong>agnoscentem</strong></span> <span class='ocrx_word' id='word_1_456' title='bbox 933 4361 1208 4418; x_wconf 89' lang='lat' dir='ltr'><strong>continuo</strong></span> <span class='ocrx_word' id='word_1_457' title='bbox 1249 4362 1407 4417; x_wconf 88' lang='lat' dir='ltr'><strong>subit</strong></span> <span class='ocrx_word' id='word_1_458' title='bbox 1465 4360 1748 4415; x_wconf 89' lang='lat' dir='ltr'><strong>memoria</strong></span> <span class='ocrx_word' id='word_1_459' title='bbox 1852 4356 1997 4421; x_wconf 88' lang='lat' dir='ltr'><strong>deri,</strong></span> <span class='ocrx_word' id='word_1_460' title='bbox 2032 4372 2137 4412; x_wconf 86' lang='lat' dir='ltr'><strong>nec</strong></span> <span class='ocrx_word' id='word_1_461' title='bbox 2168 4356 2521 4427; x_wconf 87' lang='lat' dir='ltr'><strong>cogitatione</strong></span> <span class='ocrx_word' id='word_1_462' title='bbox 2553 4359 2991 4428; x_wconf 89' lang='lat' dir='ltr'><strong>comprehendi,</strong></span> <span class='ocrx_word' id='word_1_463' title='bbox 3040 4378 3143 4416; x_wconf 88' lang='lat' dir='ltr'><strong>nec</strong></span> <span class='ocrx_word' id='word_1_464' title='bbox 3199 4364 3371 4418; x_wconf 90' lang='lat' dir='ltr'><strong>verbo</strong></span> <span class='ocrx_word' id='word_1_465' title='bbox 3401 4379 3497 4418; x_wconf 80' lang='lat' dir='ltr'><strong>ex-</strong></span> 
     </span>
    </p>
   </div>
   <div class='ocr_carea' id='block_1_44' title="bbox 82 4444 3499 4520">
    <p class='ocr_par' dir='ltr' id='par_1_44' title="bbox 82 4444 3499 4520">
     <span class='ocr_line' id='line_1_44' title="bbox 82 4444 3499 4520; baseline -0.001 -8"><span class='ocrx_word' id='word_1_466' title='bbox 82 4453 897 4519; x_wconf 86' lang='lat' dir='ltr'><strong>veritatis.Quemadmodum</strong></span> <span class='ocrx_word' id='word_1_467' title='bbox 927 4450 1213 4520; x_wconf 86' lang='lat' dir='ltr'><strong>dissipata</strong></span> <span class='ocrx_word' id='word_1_468' title='bbox 1243 4448 1491 4519; x_wconf 87' lang='lat' dir='ltr'><strong>caligine</strong></span> <span class='ocrx_word' id='word_1_469' title='bbox 1524 4464 1748 4504; x_wconf 90' lang='lat' dir='ltr'><strong>serena-</strong></span> <span class='ocrx_word' id='word_1_470' title='bbox 1851 4444 2025 4514; x_wconf 87' lang='lat' dir='ltr'><strong>primi</strong></span> <span class='ocrx_word' id='word_1_471' title='bbox 2058 4449 2269 4516; x_wconf 90' lang='lat' dir='ltr'><strong>potest.</strong></span> <span class='ocrx_word' id='word_1_472' title='bbox 2305 4445 2390 4499; x_wconf 88' lang='lat' dir='ltr'><strong>Ab</strong></span> <span class='ocrx_word' id='word_1_473' title='bbox 2415 4444 2487 4501; x_wconf 90' lang='lat' dir='ltr'><strong>iis</strong></span> <span class='ocrx_word' id='word_1_474' title='bbox 2517 4446 2613 4516; x_wconf 88' lang='lat' dir='ltr'><strong>qui</strong></span> <span class='ocrx_word' id='word_1_475' title='bbox 2658 4454 3021 4517; x_wconf 88' lang='lat' dir='ltr'><strong>cognoscunt</strong></span> <span class='ocrx_word' id='word_1_476' title='bbox 3050 4458 3104 4504; x_wconf 93' lang='lat' dir='ltr'><strong>et</strong></span> <span class='ocrx_word' id='word_1_477' title='bbox 3136 4460 3334 4507; x_wconf 88' lang='lat' dir='ltr'><strong>amant</strong></span> <span class='ocrx_word' id='word_1_478' title='bbox 3364 4468 3499 4508; x_wconf 88' lang='lat' dir='ltr'><strong>eum</strong></span> 
     </span>
    </p>
   </div>
   <div class='ocr_carea' id='block_1_45' title="bbox 84 4535 3500 4611">
    <p class='ocr_par' dir='ltr' id='par_1_45' title="bbox 84 4535 3500 4611">
     <span class='ocr_line' id='line_1_45' title="bbox 84 4535 3500 4611; baseline -0.001 -12"><span class='ocrx_word' id='word_1_479' title='bbox 84 4551 192 4601; x_wconf 90' lang='lat' dir='ltr'><strong>tur</strong></span> <span class='ocrx_word' id='word_1_480' title='bbox 228 4543 460 4609; x_wconf 85' lang='lat' dir='ltr'><strong>ccelum,</strong></span> <span class='ocrx_word' id='word_1_481' title='bbox 513 4546 593 4597; x_wconf 85' lang='lat' dir='ltr'><strong>ita</strong></span> <span class='ocrx_word' id='word_1_482' title='bbox 639 4541 836 4608; x_wconf 89' lang='lat' dir='ltr'><strong>homo,</strong></span> <span class='ocrx_word' id='word_1_483' title='bbox 889 4556 1016 4595; x_wconf 89' lang='lat' dir='ltr'><strong>cum</strong></span> <span class='ocrx_word' id='word_1_484' title='bbox 1060 4539 1417 4594; x_wconf 84' lang='lat' dir='ltr'><strong>convertitur</strong></span> <span class='ocrx_word' id='word_1_485' title='bbox 1442 4538 1513 4592; x_wconf 89' lang='lat' dir='ltr'><strong>ad</strong></span> <span class='ocrx_word' id='word_1_486' title='bbox 1547 4543 1743 4605; x_wconf 87' lang='lat' dir='ltr'><strong>Deum,</strong></span> <span class='ocrx_word' id='word_1_487' title='bbox 1851 4538 2091 4589; x_wconf 88' lang='lat' dir='ltr'><strong>vocatur</strong></span> <span class='ocrx_word' id='word_1_488' title='bbox 2143 4538 2303 4589; x_wconf 87' lang='lat' dir='ltr'><strong>Pater</strong></span> <span class='ocrx_word' id='word_1_489' title='bbox 2346 4538 2403 4588; x_wconf 84' lang='lat' dir='ltr'><strong>et</strong></span> <span class='ocrx_word' id='word_1_490' title='bbox 2438 4535 2583 4589; x_wconf 89' lang='lat' dir='ltr'><strong>Deus</strong></span> <span class='ocrx_word' id='word_1_491' title='bbox 2617 4551 2804 4590; x_wconf 83' lang='lat' dir='ltr'><strong>verus.</strong></span> <span class='ocrx_word' id='word_1_492' title='bbox 2846 4536 2905 4592; x_wconf 92' lang='lat' dir='ltr'><strong>Si</strong></span> <span class='ocrx_word' id='word_1_493' title='bbox 2935 4538 3069 4609; x_wconf 88' lang='lat' dir='ltr'><strong>quis</strong></span> <span class='ocrx_word' id='word_1_494' title='bbox 3128 4555 3265 4611; x_wconf 86' lang='lat' dir='ltr'><strong>ergo</strong></span> <span class='ocrx_word' id='word_1_495' title='bbox 3310 4558 3343 4595; x_wconf 88' lang='lat' dir='ltr'><strong>a</strong></span> <span class='ocrx_word' id='word_1_496' title='bbox 3373 4540 3500 4598; x_wconf 89' lang='lat' dir='ltr'><strong>luce</strong></span> 
     </span>
    </p>
   </div>
   <div class='ocr_carea' id='block_1_46' title="bbox 78 4622 3498 4702">
    <p class='ocr_par' dir='ltr' id='par_1_46' title="bbox 78 4622 3498 4702">
     <span class='ocr_line' id='line_1_46' title="bbox 78 4622 3498 4702; baseline -0.002 -10"><span class='ocrx_word' id='word_1_497' title='bbox 78 4634 343 4692; x_wconf 89' lang='lat' dir='ltr'><strong>solvitur</strong></span> <span class='ocrx_word' id='word_1_498' title='bbox 374 4650 406 4688; x_wconf 91' lang='lat' dir='ltr'><strong>a</strong></span> <span class='ocrx_word' id='word_1_499' title='bbox 435 4632 583 4687; x_wconf 87' lang='lat' dir='ltr'><strong>facie</strong></span> <span class='ocrx_word' id='word_1_500' title='bbox 615 4633 747 4702; x_wconf 87' lang='lat' dir='ltr'><strong>ejus</strong></span> <span class='ocrx_word' id='word_1_501' title='bbox 780 4631 997 4686; x_wconf 87' lang='lat' dir='ltr'><strong>nebula</strong></span> <span class='ocrx_word' id='word_1_502' title='bbox 1024 4628 1238 4684; x_wconf 88' lang='lat' dir='ltr'><strong>erroris</strong></span> <span class='ocrx_word' id='word_1_503' title='bbox 1260 4629 1369 4684; x_wconf 91' lang='lat' dir='ltr'><strong>sub</strong></span> <span class='ocrx_word' id='word_1_504' title='bbox 1394 4626 1747 4697; x_wconf 90' lang='lat' dir='ltr'><strong>qualatebat</strong></span> <span class='ocrx_word' id='word_1_505' title='bbox 1852 4623 2129 4678; x_wconf 86' lang='lat' dir='ltr'><strong>recedens</strong></span> <span class='ocrx_word' id='word_1_506' title='bbox 2160 4622 2316 4677; x_wconf 89' lang='lat' dir='ltr'><strong>dicat</strong></span> <span class='ocrx_word' id='word_1_507' title='bbox 2344 4639 2472 4678; x_wconf 88' lang='lat' dir='ltr'><strong>esse</strong></span> <span class='ocrx_word' id='word_1_508' title='bbox 2506 4623 2703 4689; x_wconf 88' lang='lat' dir='ltr'><strong>Deum,</strong></span> <span class='ocrx_word' id='word_1_509' title='bbox 2747 4624 2956 4694; x_wconf 88' lang='lat' dir='ltr'><strong>alium,</strong></span> <span class='ocrx_word' id='word_1_510' title='bbox 2990 4633 3377 4699; x_wconf 89' lang='lat' dir='ltr'><strong>quodcunque</strong></span> <span class='ocrx_word' id='word_1_511' title='bbox 3409 4630 3498 4684; x_wconf 86' lang='lat' dir='ltr'><strong>in-</strong></span> 
     </span>
    </p>
   </div>
   <div class='ocr_carea' id='block_1_47' title="bbox 76 4711 3497 4789">
    <p class='ocr_par' dir='ltr' id='par_1_47' title="bbox 76 4711 3497 4789">
     <span class='ocr_line' id='line_1_47' title="bbox 76 4711 3497 4789; baseline -0.003 -7"><span class='ocrx_word' id='word_1_512' title='bbox 76 4742 314 4783; x_wconf 87' lang='lat' dir='ltr'><strong>verum.</strong></span> <span class='ocrx_word' id='word_1_513' title='bbox 348 4724 552 4780; x_wconf 91' lang='lat' dir='ltr'><strong>Morbo</strong></span> <span class='ocrx_word' id='word_1_514' title='bbox 590 4723 748 4778; x_wconf 90' lang='lat' dir='ltr'><strong>enim</strong></span> <span class='ocrx_word' id='word_1_515' title='bbox 782 4722 871 4777; x_wconf 88' lang='lat' dir='ltr'><strong>vel</strong></span> <span class='ocrx_word' id='word_1_516' title='bbox 904 4720 1170 4777; x_wconf 64' lang='lat' dir='ltr'><strong>amentia</strong></span> <span class='ocrx_word' id='word_1_517' title='bbox 1202 4719 1414 4775; x_wconf 89' lang='lat' dir='ltr'><strong>similis</strong></span> <span class='ocrx_word' id='word_1_518' title='bbox 1444 4724 1533 4775; x_wconf 89' lang='lat' dir='ltr'><strong>est</strong></span> <span class='ocrx_word' id='word_1_519' title='bbox 1562 4735 1742 4784; x_wconf 88' lang='lat' dir='ltr'><strong>error,</strong></span> <span class='ocrx_word' id='word_1_520' title='bbox 1849 4711 2094 4783; x_wconf 85' lang='lat' dir='ltr'><strong>telligat,</strong></span> <span class='ocrx_word' id='word_1_521' title='bbox 2127 4712 2517 4767; x_wconf 80' lang='lat' dir='ltr'><strong>substantiam</strong></span> <span class='ocrx_word' id='word_1_522' title='bbox 2552 4722 2803 4769; x_wconf 87' lang='lat' dir='ltr'><strong>creatam</strong></span> <span class='ocrx_word' id='word_1_523' title='bbox 2842 4719 3008 4769; x_wconf 88' lang='lat' dir='ltr'><strong>vocat</strong></span> <span class='ocrx_word' id='word_1_524' title='bbox 3035 4720 3239 4771; x_wconf 89' lang='lat' dir='ltr'><strong>Deum.</strong></span> <span class='ocrx_word' id='word_1_525' title='bbox 3276 4718 3333 4771; x_wconf 85' lang='lat' dir='ltr'><strong>Si</strong></span> <span class='ocrx_word' id='word_1_526' title='bbox 3362 4720 3497 4789; x_wconf 88' lang='lat' dir='ltr'><strong>quis</strong></span> 
     </span>
    </p>
   </div>
   <div class='ocr_carea' id='block_1_48' title="bbox 75 4800 3494 4889">
    <p class='ocr_par' dir='ltr' id='par_1_48' title="bbox 75 4800 3494 4889">
     <span class='ocr_line' id='line_1_48' title="bbox 75 4800 3494 4889; baseline 0.001 -16"><span class='ocrx_word' id='word_1_527' title='bbox 75 4831 315 4889; x_wconf 74' lang='lat' dir='ltr'><strong>aegrum</strong></span> <span class='ocrx_word' id='word_1_528' title='bbox 346 4814 433 4869; x_wconf 85' lang='lat' dir='ltr'><strong>vel</strong></span> <span class='ocrx_word' id='word_1_529' title='bbox 468 4817 769 4869; x_wconf 87' lang='lat' dir='ltr'><strong>amentem</strong></span> <span class='ocrx_word' id='word_1_530' title='bbox 812 4812 883 4866; x_wconf 85' lang='lat' dir='ltr'><strong>ad</strong></span> <span class='ocrx_word' id='word_1_531' title='bbox 917 4816 1152 4881; x_wconf 89' lang='lat' dir='ltr'><strong>tempus</strong></span> <span class='ocrx_word' id='word_1_532' title='bbox 1184 4808 1486 4875; x_wconf 90' lang='lat' dir='ltr'><strong>detinenti,</strong></span> <span class='ocrx_word' id='word_1_533' title='bbox 1527 4809 1744 4864; x_wconf 88' lang='lat' dir='ltr'><strong>veritas</strong></span> <span class='ocrx_word' id='word_1_534' title='bbox 1851 4802 2006 4889; x_wconf 66' lang='lat' dir='ltr'><strong>enim</strong></span> <span class='ocrx_word' id='word_1_535' title='bbox 2031 4800 2220 4889; x_wconf 64' lang='grc' dir='ltr'><strong>ίβηθῖῖῑ</strong></span> <span class='ocrx_word' id='word_1_536' title='bbox 2252 4806 2355 4855; x_wconf 62' lang='lat' dir='ltr'><strong>aut</strong></span> <span class='ocrx_word' id='word_1_537' title='bbox 2384 4818 2597 4872; x_wconf 71' lang='grc' dir='ltr'><strong>εειυδιω</strong></span> <span class='ocrx_word' id='word_1_538' title='bbox 2630 4809 2794 4856; x_wconf 62' lang='lat' dir='ltr'><strong>vocat</strong></span> <span class='ocrx_word' id='word_1_539' title='bbox 2821 4804 3021 4869; x_wconf 60' lang='lat' dir='ltr'><strong>“eum,</strong></span> <span class='ocrx_word' id='word_1_540' title='bbox 3056 4821 3169 4859; x_wconf 77' lang='grc' dir='ltr'><strong>ηοῑι</strong></span> <span class='ocrx_word' id='word_1_541' title='bbox 3203 4812 3293 4860; x_wconf 66' lang='lat' dir='ltr'><strong>est</strong></span> <span class='ocrx_word' id='word_1_542' title='bbox 3319 4806 3494 4875; x_wconf 65' lang='lat' dir='ltr'><strong>D9118,</strong></span> 
     </span>
    </p>
   </div>
   <div class='ocr_carea' id='block_1_49' title="bbox 76 4887 3490 4969">
    <p class='ocr_par' dir='ltr' id='par_1_49' title="bbox 76 4887 3490 4969">
     <span class='ocr_line' id='line_1_49' title="bbox 76 4887 3490 4969; baseline -0.001 -9"><span class='ocrx_word' id='word_1_543' title='bbox 76 4887 288 4961; x_wconf 70' lang='lat' dir='ltr'><strong>autem</strong></span> <span class='ocrx_word' id='word_1_544' title='bbox 343 4903 587 4957; x_wconf 87' lang='lat' dir='ltr'><strong>verbum</strong></span> <span class='ocrx_word' id='word_1_545' title='bbox 621 4901 859 4956; x_wconf 87' lang='lat' dir='ltr'><strong>adhibet</strong></span> <span class='ocrx_word' id='word_1_546' title='bbox 918 4899 1070 4955; x_wconf 90' lang='lat' dir='ltr'><strong>sicut</strong></span> <span class='ocrx_word' id='word_1_547' title='bbox 1118 4897 1327 4954; x_wconf 89' lang='lat' dir='ltr'><strong>clavim</strong></span> <span class='ocrx_word' id='word_1_548' title='bbox 1377 4898 1474 4969; x_wconf 91' lang='lat' dir='ltr'><strong>[ad</strong></span> <span class='ocrx_word' id='word_1_549' title='bbox 1524 4913 1742 4952; x_wconf 87' lang='lat' dir='ltr'><strong>sanan-</strong></span> <span class='ocrx_word' id='word_1_550' title='bbox 1851 4888 1987 4959; x_wconf 72' lang='lat' dir='ltr'><strong>quia</strong></span> <span class='ocrx_word' id='word_1_551' title='bbox 2036 4887 2193 4960; x_wconf 81' lang='lat' dir='ltr'><strong>ignis</strong></span> <span class='ocrx_word' id='word_1_552' title='bbox 2224 4894 2314 4945; x_wconf 63' lang='lat' dir='ltr'><strong>est</strong></span> <span class='ocrx_word' id='word_1_553' title='bbox 2344 4895 2445 4944; x_wconf 69' lang='lat' dir='ltr'><strong>But</strong></span> <span class='ocrx_word' id='word_1_554' title='bbox 2474 4906 2625 4960; x_wconf 77' lang='lat' dir='ltr'><strong>aqua</strong></span> <span class='ocrx_word' id='word_1_555' title='bbox 2660 4915 2674 4956; x_wconf 83' lang='lat'><strong>;</strong></span> <span class='ocrx_word' id='word_1_556' title='bbox 2715 4894 2771 4945; x_wconf 71' lang='lat' dir='ltr'><strong>6t</strong></span> <span class='ocrx_word' id='word_1_557' title='bbox 2801 4891 2849 4945; x_wconf 75' lang='grc' dir='ltr'><strong>εί</strong></span> <span class='ocrx_word' id='word_1_558' title='bbox 2879 4896 3094 4947; x_wconf 67' lang='lat' dir='ltr'><strong>terram</strong></span> <span class='ocrx_word' id='word_1_559' title='bbox 3124 4897 3222 4947; x_wconf 63' lang='grc' dir='ltr'><strong>θυι</strong></span> <span class='ocrx_word' id='word_1_560' title='bbox 3253 4895 3490 4964; x_wconf 54' lang='lat' dir='ltr'><strong>calum.</strong></span> 
     </span>
    </p>
   </div>
   <div class='ocr_carea' id='block_1_50' title="bbox 73 4977 3490 5063">
    <p class='ocr_par' dir='ltr' id='par_1_50' title="bbox 73 4977 3490 5063">
     <span class='ocr_line' id='line_1_50' title="bbox 73 4977 3490 5063; baseline -0.003 -14"><span class='ocrx_word' id='word_1_561' title='bbox 73 4997 233 5050; x_wconf 87' lang='lat' dir='ltr'><strong>dum</strong></span> <span class='ocrx_word' id='word_1_562' title='bbox 258 4990 775 5063; x_wconf 86' lang='lat' dir='ltr'><strong>eos].Dormientes</strong></span> <span class='ocrx_word' id='word_1_563' title='bbox 826 4988 1231 5060; x_wconf 85' lang='lat' dir='ltr'><strong>experget&#39;acit,</strong></span> <span class='ocrx_word' id='word_1_564' title='bbox 1271 4991 1329 5041; x_wconf 87' lang='lat' dir='ltr'><strong>et</strong></span> <span class='ocrx_word' id='word_1_565' title='bbox 1359 4986 1745 5058; x_wconf 85' lang='lat' dir='ltr'><strong>expergefacti</strong></span> <span class='ocrx_word' id='word_1_566' title='bbox 1852 4977 2033 5032; x_wconf 75' lang='lat' dir='ltr'><strong>solem</strong></span> <span class='ocrx_word' id='word_1_567' title='bbox 2068 4981 2168 5032; x_wconf 82' lang='lat' dir='ltr'><strong>aut</strong></span> <span class='ocrx_word' id='word_1_568' title='bbox 2192 4978 2390 5032; x_wconf 83' lang='lat' dir='ltr'><strong>lunam</strong></span> <span class='ocrx_word' id='word_1_569' title='bbox 2424 4985 2524 5032; x_wconf 86' lang='lat' dir='ltr'><strong>aut</strong></span> <span class='ocrx_word' id='word_1_570' title='bbox 2554 4978 2878 5049; x_wconf 89' lang='lat' dir='ltr'><strong>quamlibet</strong></span> <span class='ocrx_word' id='word_1_571' title='bbox 2906 4995 2976 5035; x_wconf 88' lang='lat' dir='ltr'><strong>ex</strong></span> <span class='ocrx_word' id='word_1_572' title='bbox 3004 4980 3096 5034; x_wconf 89' lang='lat' dir='ltr'><strong>his</strong></span> <span class='ocrx_word' id='word_1_573' title='bbox 3127 4980 3331 5049; x_wconf 83' lang='lat' dir='ltr'><strong>stellis,</strong></span> <span class='ocrx_word' id='word_1_574' title='bbox 3367 4999 3490 5052; x_wconf 63' lang='lat' dir='ltr'><strong>quas</strong></span> 
     </span>
    </p>
   </div>
   <div class='ocr_carea' id='block_1_51' title="bbox 76 5065 3493 5172">
    <p class='ocr_par' dir='ltr' id='par_1_51' title="bbox 76 5065 3493 5172">
     <span class='ocr_line' id='line_1_51' title="bbox 76 5065 3493 5172; baseline -0.001 -34"><span class='ocrx_word' id='word_1_575' title='bbox 76 5087 141 5139; x_wconf 90' lang='lat' dir='ltr'><strong>in</strong></span> <span class='ocrx_word' id='word_1_576' title='bbox 178 5083 314 5151; x_wconf 88' lang='lat' dir='ltr'><strong>ipsa</strong></span> <span class='ocrx_word' id='word_1_577' title='bbox 335 5080 553 5145; x_wconf 89' lang='lat' dir='ltr'><strong>vident,</strong></span> <span class='ocrx_word' id='word_1_578' title='bbox 587 5077 942 5150; x_wconf 88' lang='lat' dir='ltr'><strong>intelligunt,</strong></span> <span class='ocrx_word' id='word_1_579' title='bbox 975 5082 1033 5132; x_wconf 90' lang='lat' dir='ltr'><strong>et</strong></span> <span class='ocrx_word' id='word_1_580' title='bbox 1060 5077 1384 5141; x_wconf 90' lang='lat' dir='ltr'><strong>audiunt,et</strong></span> <span class='ocrx_word' id='word_1_581' title='bbox 1408 5075 1745 5129; x_wconf 83' lang='lat' dir='ltr'><strong>discernunt</strong></span> <span class='ocrx_word' id='word_1_582' title='bbox 1773 5106 1821 5172; x_wconf 82' lang='lat' dir='ltr'><strong>B</strong></span> <span class='ocrx_word' id='word_1_583' title='bbox 1854 5065 1979 5121; x_wconf 68' lang='grc' dir='ltr'><strong>δίηυ</strong></span> <span class='ocrx_word' id='word_1_584' title='bbox 2013 5065 2447 5172; x_wconf 61' lang='grc' dir='ltr'><strong>ίηῑϐνξῑιὶεθίρηθ</strong></span> <span class='ocrx_word' id='word_1_585' title='bbox 2483 5067 2885 5139; x_wconf 68' lang='grc' dir='ltr'><strong>ρτωεατίρῑυω</strong></span> <span class='ocrx_word' id='word_1_586' title='bbox 2916 5085 3156 5170; x_wconf 44' lang='lat' dir='ltr'><strong>cursum</strong></span> <span class='ocrx_word' id='word_1_587' title='bbox 3179 5070 3493 5170; x_wconf 49' lang='lat' dir='ltr'><strong>ebBOIV&#39;unt</strong></span> 
     </span>
    </p>
   </div>
   <div class='ocr_carea' id='block_1_52' title="bbox 76 5155 3487 5241">
    <p class='ocr_par' dir='ltr' id='par_1_52' title="bbox 76 5155 3487 5241">
     <span class='ocr_line' id='line_1_52' title="bbox 76 5155 3487 5241; baseline 0.004 -39"><span class='ocrx_word' id='word_1_588' title='bbox 76 5174 139 5228; x_wconf 71' lang='lat' dir='ltr'>id</span> <span class='ocrx_word' id='word_1_589' title='bbox 178 5171 334 5241; x_wconf 71' lang='lat' dir='ltr'><strong>quod</strong></span> <span class='ocrx_word' id='word_1_590' title='bbox 362 5174 453 5225; x_wconf 59' lang='lat' dir='ltr'><strong>est</strong></span> <span class='ocrx_word' id='word_1_591' title='bbox 501 5169 571 5224; x_wconf 62' lang='lat' dir='ltr'><strong>ab</strong></span> <span class='ocrx_word' id='word_1_592' title='bbox 605 5184 671 5224; x_wconf 70' lang='lat' dir='ltr'><strong>eo</strong></span> <span class='ocrx_word' id='word_1_593' title='bbox 703 5168 859 5238; x_wconf 74' lang='lat' dir='ltr'><strong>quod</strong></span> <span class='ocrx_word' id='word_1_594' title='bbox 898 5183 1010 5221; x_wconf 72' lang='lat' dir='ltr'><strong>non</strong></span> <span class='ocrx_word' id='word_1_595' title='bbox 1043 5170 1151 5221; x_wconf 59' lang='lat' dir='ltr'><strong>est,</strong></span> <span class='ocrx_word' id='word_1_596' title='bbox 1187 5166 1429 5230; x_wconf 68' lang='lat' dir='ltr'><strong>Quidam</strong></span> <span class='ocrx_word' id='word_1_597' title='bbox 1463 5164 1617 5220; x_wconf 72' lang='lat' dir='ltr'><strong>enim</strong></span> <span class='ocrx_word' id='word_1_598' title='bbox 1650 5163 1737 5218; x_wconf 75' lang='lat' dir='ltr'><strong>in-</strong></span> <span class='ocrx_word' id='word_1_599' title='bbox 1773 5155 1820 5172; x_wconf 79' lang='lat'><strong><em>&quot;</em></strong></span> <span class='ocrx_word' id='word_1_600' title='bbox 1850 5169 1957 5209; x_wconf 91' lang='lat' dir='ltr'><strong>nec</strong></span> <span class='ocrx_word' id='word_1_601' title='bbox 1987 5155 2223 5225; x_wconf 87' lang='lat' dir='ltr'><strong>propria</strong></span> <span class='ocrx_word' id='word_1_602' title='bbox 2259 5156 2557 5211; x_wconf 88' lang='lat' dir='ltr'><strong>voluntate</strong></span> <span class='ocrx_word' id='word_1_603' title='bbox 2584 5162 2885 5211; x_wconf 77' lang='lat' dir='ltr'><strong>moventur</strong></span> <span class='ocrx_word' id='word_1_604' title='bbox 2915 5163 3008 5225; x_wconf 91' lang='lat' dir='ltr'><strong>;et</strong></span> <span class='ocrx_word' id='word_1_605' title='bbox 3038 5157 3086 5213; x_wconf 87' lang='lat' dir='ltr'><strong>si</strong></span> <span class='ocrx_word' id='word_1_606' title='bbox 3118 5158 3251 5229; x_wconf 89' lang='lat' dir='ltr'><strong>quis</strong></span> <span class='ocrx_word' id='word_1_607' title='bbox 3281 5177 3487 5215; x_wconf 90' lang='lat' dir='ltr'><strong>aurum</strong></span> 
     </span>
    </p>
   </div>
   <div class='ocr_carea' id='block_1_53' title="bbox 72 5244 3488 5333">
    <p class='ocr_par' dir='ltr' id='par_1_53' title="bbox 72 5244 3488 5333">
     <span class='ocr_line' id='line_1_53' title="bbox 72 5244 3488 5333; baseline -0.002 -17"><span class='ocrx_word' id='word_1_608' title='bbox 72 5257 687 5333; x_wconf 87' lang='lat' dir='ltr'><strong>justitiamjustitiam</strong></span> <span class='ocrx_word' id='word_1_609' title='bbox 710 5259 990 5312; x_wconf 90' lang='lat' dir='ltr'><strong>vocantet</strong></span> <span class='ocrx_word' id='word_1_610' title='bbox 1013 5254 1409 5325; x_wconf 76' lang='lat' dir='ltr'><strong>justitiasjura</strong></span> <span class='ocrx_word' id='word_1_611' title='bbox 1438 5252 1737 5309; x_wconf 90' lang='lat' dir='ltr'><strong>salvaesse</strong></span> <span class='ocrx_word' id='word_1_612' title='bbox 1848 5247 1905 5297; x_wconf 70' lang='lat' dir='ltr'><strong>et</strong></span> <span class='ocrx_word' id='word_1_613' title='bbox 1925 5247 2231 5314; x_wconf 77' lang='lat' dir='ltr'><strong>argentum</strong></span> <span class='ocrx_word' id='word_1_614' title='bbox 2263 5244 2402 5300; x_wconf 70' lang='lat' dir='ltr'><strong>deos</strong></span> <span class='ocrx_word' id='word_1_615' title='bbox 2427 5252 2613 5314; x_wconf 70' lang='lat' dir='ltr'><strong>vocat,</strong></span> <span class='ocrx_word' id='word_1_616' title='bbox 2646 5262 2761 5301; x_wconf 81' lang='lat' dir='ltr'><strong>non</strong></span> <span class='ocrx_word' id='word_1_617' title='bbox 2786 5250 2921 5301; x_wconf 68' lang='lat' dir='ltr'><strong>sunt</strong></span> <span class='ocrx_word' id='word_1_618' title='bbox 2967 5247 3069 5312; x_wconf 78' lang='lat' dir='ltr'><strong>dii.</strong></span> <span class='ocrx_word' id='word_1_619' title='bbox 3122 5250 3488 5320; x_wconf 52' lang='lat' dir='ltr'><strong>quandoquic</strong></span> 
     </span>
    </p>
   </div>
   <div class='ocr_carea' id='block_1_54' title="bbox 70 5339 3489 5424">
    <p class='ocr_par' dir='ltr' id='par_1_54' title="bbox 70 5339 3489 5424">
     <span class='ocr_line' id='line_1_54' title="bbox 70 5339 3489 5424; baseline -0.001 -20"><span class='ocrx_word' id='word_1_620' title='bbox 70 5352 300 5424; x_wconf 87' lang='lat' dir='ltr'><strong>putant</strong></span> <span class='ocrx_word' id='word_1_621' title='bbox 322 5348 369 5402; x_wconf 91' lang='lat' dir='ltr'><strong>si</strong></span> <span class='ocrx_word' id='word_1_622' title='bbox 388 5362 521 5402; x_wconf 89' lang='lat' dir='ltr'><strong>cum</strong></span> <span class='ocrx_word' id='word_1_623' title='bbox 547 5345 747 5401; x_wconf 86' lang='lat' dir='ltr'><strong>multis</strong></span> <span class='ocrx_word' id='word_1_624' title='bbox 769 5348 983 5401; x_wconf 90' lang='lat' dir='ltr'><strong>errent.</strong></span> <span class='ocrx_word' id='word_1_625' title='bbox 1018 5344 1171 5407; x_wconf 86' lang='lat' dir='ltr'><strong>Quos</strong></span> <span class='ocrx_word' id='word_1_626' title='bbox 1196 5343 1278 5398; x_wconf 85' lang='lat' dir='ltr'><strong>sic</strong></span> <span class='ocrx_word' id='word_1_627' title='bbox 1312 5346 1617 5399; x_wconf 81' lang='lat' dir='ltr'><strong>excusatos</strong></span> <span class='ocrx_word' id='word_1_628' title='bbox 1644 5341 1737 5396; x_wconf 90' lang='lat' dir='ltr'><strong>ha-</strong></span> <span class='ocrx_word' id='word_1_629' title='bbox 1848 5340 1979 5395; x_wconf 89' lang='lat' dir='ltr'><strong>dem</strong></span> <span class='ocrx_word' id='word_1_630' title='bbox 1994 5340 2077 5395; x_wconf 88' lang='lat' dir='ltr'><strong>eis</strong></span> <span class='ocrx_word' id='word_1_631' title='bbox 2095 5339 2313 5396; x_wconf 88' lang='lat' dir='ltr'><strong>utimur</strong></span> <span class='ocrx_word' id='word_1_632' title='bbox 2336 5343 2405 5396; x_wconf 87' lang='lat' dir='ltr'><strong>ad</strong></span> <span class='ocrx_word' id='word_1_633' title='bbox 2423 5342 2654 5397; x_wconf 89' lang='lat' dir='ltr'><strong>libitum</strong></span> <span class='ocrx_word' id='word_1_634' title='bbox 2677 5348 2942 5399; x_wconf 87' lang='lat' dir='ltr'><strong>nostrum</strong></span> <span class='ocrx_word' id='word_1_635' title='bbox 2965 5345 3111 5411; x_wconf 87' lang='lat' dir='ltr'><strong>;etsi</strong></span> <span class='ocrx_word' id='word_1_636' title='bbox 3138 5343 3363 5417; x_wconf 90' lang='lat' dir='ltr'><strong>lignum</strong></span> <span class='ocrx_word' id='word_1_637' title='bbox 3382 5344 3489 5399; x_wconf 88' lang='lat' dir='ltr'><strong>hoc</strong></span> 
     </span>
    </p>
   </div>
   <div class='ocr_carea' id='block_1_55' title="bbox 68 5428 3484 5507">
    <p class='ocr_par' dir='ltr' id='par_1_55' title="bbox 68 5428 3484 5507">
     <span class='ocr_line' id='line_1_55' title="bbox 68 5428 3484 5507; baseline -0.003 -13"><span class='ocrx_word' id='word_1_638' title='bbox 68 5441 220 5495; x_wconf 88' lang='lat' dir='ltr'><strong>bere</strong></span> <span class='ocrx_word' id='word_1_639' title='bbox 243 5452 359 5492; x_wconf 91' lang='lat' dir='ltr'><strong>non</strong></span> <span class='ocrx_word' id='word_1_640' title='bbox 379 5433 712 5507; x_wconf 88' lang='lat' dir='ltr'><strong>possum.Si</strong></span> <span class='ocrx_word' id='word_1_641' title='bbox 736 5433 891 5489; x_wconf 89' lang='lat' dir='ltr'><strong>enim</strong></span> <span class='ocrx_word' id='word_1_642' title='bbox 920 5432 1095 5488; x_wconf 83' lang='lat' dir='ltr'><strong>unius</strong></span> <span class='ocrx_word' id='word_1_643' title='bbox 1122 5448 1336 5503; x_wconf 86' lang='lat' dir='ltr'><strong>magna</strong></span> <span class='ocrx_word' id='word_1_644' title='bbox 1358 5436 1446 5487; x_wconf 89' lang='lat' dir='ltr'><strong>est</strong></span> <span class='ocrx_word' id='word_1_645' title='bbox 1467 5429 1735 5500; x_wconf 87' lang='lat' dir='ltr'><strong>stultitia,</strong></span> <span class='ocrx_word' id='word_1_646' title='bbox 1848 5428 2004 5500; x_wconf 84' lang='lat' dir='ltr'><strong>quod</strong></span> <span class='ocrx_word' id='word_1_647' title='bbox 2035 5429 2417 5499; x_wconf 87' lang='lat' dir='ltr'><strong>comburitur,</strong></span> <span class='ocrx_word' id='word_1_648' title='bbox 2468 5431 2517 5486; x_wconf 90' lang='lat' dir='ltr'><strong>si</strong></span> <span class='ocrx_word' id='word_1_649' title='bbox 2558 5431 2780 5503; x_wconf 87' lang='lat' dir='ltr'><strong>lapides</strong></span> <span class='ocrx_word' id='word_1_650' title='bbox 2813 5433 2907 5488; x_wconf 87' lang='lat' dir='ltr'><strong>isti</strong></span> <span class='ocrx_word' id='word_1_651' title='bbox 2964 5434 3063 5504; x_wconf 90' lang='lat' dir='ltr'><strong>qui</strong></span> <span class='ocrx_word' id='word_1_652' title='bbox 3114 5433 3484 5505; x_wconf 86' lang='lat' dir='ltr'><strong>franguntur.</strong></span> 
     </span>
    </p>
   </div>
   <div class='ocr_carea' id='block_1_56' title="bbox 145 5593 3483 5671">
    <p class='ocr_par' dir='ltr' id='par_1_56' title="bbox 145 5593 3483 5671">
     <span class='ocr_line' id='line_1_56' title="bbox 145 5593 3483 5671; baseline 0.001 -16"><span class='ocrx_word' id='word_1_653' title='bbox 145 5602 195 5640; x_wconf 70' lang='lat'><strong>‘7</strong></span> <span class='ocrx_word' id='word_1_654' title='bbox 230 5620 280 5658; x_wconf 94' lang='lat' dir='ltr'><strong>c.</strong></span> <span class='ocrx_word' id='word_1_655' title='bbox 306 5619 421 5668; x_wconf 80' lang='lat' dir='ltr'><strong>XIV,</strong></span> <span class='ocrx_word' id='word_1_656' title='bbox 450 5618 508 5657; x_wconf 87' lang='lat' dir='ltr'><strong>v.</strong></span> <span class='ocrx_word' id='word_1_657' title='bbox 545 5601 629 5659; x_wconf 85' lang='grc'><strong>10.</strong></span> <span class='ocrx_word' id='word_1_658' title='bbox 710 5599 758 5634; x_wconf 75' lang='lat'><strong>‘3</strong></span> <span class='ocrx_word' id='word_1_659' title='bbox 788 5599 942 5671; x_wconf 85' lang='lat' dir='ltr'><strong>Psal.</strong></span> <span class='ocrx_word' id='word_1_660' title='bbox 994 5615 1192 5671; x_wconf 77' lang='lat' dir='ltr'><strong>Lxxvu.</strong></span> <span class='ocrx_word' id='word_1_661' title='bbox 1227 5614 1266 5671; x_wconf 62' lang='grc' dir='ltr'>ξ,</span> <span class='ocrx_word' id='word_1_662' title='bbox 1291 5596 1336 5631; x_wconf 74' lang='grc'><strong>⁸⁹</strong></span> <span class='ocrx_word' id='word_1_663' title='bbox 1358 5597 1497 5671; x_wconf 66' lang='lat' dir='ltr'><strong>gen.</strong></span> <span class='ocrx_word' id='word_1_664' title='bbox 1548 5613 1688 5671; x_wconf 76' lang='lat' dir='ltr'><strong>xm,</strong></span> <span class='ocrx_word' id='word_1_665' title='bbox 1723 5596 1809 5651; x_wconf 86' lang='grc'><strong>12.</strong></span> <span class='ocrx_word' id='word_1_666' title='bbox 1845 5593 1933 5671; x_wconf 41' lang='grc' dir='ltr'><strong>Αξο</strong></span> <span class='ocrx_word' id='word_1_667' title='bbox 1983 5595 2269 5671; x_wconf 25' lang='grc' dir='ltr'><strong>[ι-ιῃοεχιι-ι,</strong></span> <span class='ocrx_word' id='word_1_668' title='bbox 2332 5596 2402 5650; x_wconf 82' lang='grc'><strong>25</strong></span> <span class='ocrx_word' id='word_1_669' title='bbox 2488 5596 2534 5671; x_wconf 50' lang='grc' dir='ltr'><strong>ξι</strong></span> <span class='ocrx_word' id='word_1_670' title='bbox 2597 5614 2660 5671; x_wconf 45' lang='grc' dir='ltr'><strong>(ξε</strong></span> <span class='ocrx_word' id='word_1_671' title='bbox 2695 5616 2815 5671; x_wconf 69' lang='lat' dir='ltr'><strong>vin,</strong></span> <span class='ocrx_word' id='word_1_672' title='bbox 2849 5616 2901 5653; x_wconf 89' lang='lat' dir='ltr'><strong>v.</strong></span> <span class='ocrx_word' id='word_1_673' title='bbox 2968 5602 3019 5655; x_wconf 83' lang='lat' dir='ltr'><strong>l.</strong></span> <span class='ocrx_word' id='word_1_674' title='bbox 3088 5600 3136 5636; x_wconf 70' lang='lat'><strong>5’</strong></span> <span class='ocrx_word' id='word_1_675' title='bbox 3166 5602 3373 5657; x_wconf 88' lang='lat' dir='ltr'><strong>Esther</strong></span> <span class='ocrx_word' id='word_1_676' title='bbox 3424 5620 3483 5671; x_wconf 86' lang='lat' dir='ltr'><strong>x,</strong></span> 
     </span>
    </p>
   </div>
   <div class='ocr_carea' id='block_1_57' title="bbox 60 5666 1609 5741">
    <p class='ocr_par' dir='ltr' id='par_1_57' title="bbox 60 5666 1608 5741">
     <span class='ocr_line' id='line_1_57' title="bbox 60 5666 1608 5741; baseline -0.006 -10"><span class='ocrx_word' id='word_1_677' title='bbox 60 5680 159 5733; x_wconf 89' lang='grc'><strong>12.</strong></span> <span class='ocrx_word' id='word_1_678' title='bbox 246 5675 293 5708; x_wconf 73' lang='grc'><strong><em>⁵³</em></strong></span> <span class='ocrx_word' id='word_1_679' title='bbox 329 5675 351 5728; x_wconf 92' lang='lat' dir='ltr'><strong>l</strong></span> <span class='ocrx_word' id='word_1_680' title='bbox 386 5666 524 5741; x_wconf 78' lang='lat' dir='ltr'><strong>Reg.</strong></span> <span class='ocrx_word' id='word_1_681' title='bbox 585 5690 677 5741; x_wconf 87' lang='lat' dir='ltr'><strong>xv,</strong></span> <span class='ocrx_word' id='word_1_682' title='bbox 733 5673 816 5726; x_wconf 91' lang='grc'><strong>11.</strong></span> <span class='ocrx_word' id='word_1_683' title='bbox 896 5670 943 5705; x_wconf 83' lang='grc'><strong>⁵⁴</strong></span> <span class='ocrx_word' id='word_1_684' title='bbox 976 5668 1119 5741; x_wconf 66' lang='grc' dir='ltr'><strong>ΡειειιιΔ</strong></span> <span class='ocrx_word' id='word_1_685' title='bbox 1156 5672 1211 5734; x_wconf 87' lang='lat'><strong>2,</strong></span> <span class='ocrx_word' id='word_1_686' title='bbox 1236 5670 1289 5724; x_wconf 87' lang='lat'><strong>5.</strong></span> <span class='ocrx_word' id='word_1_687' title='bbox 1366 5667 1415 5701; x_wconf 82' lang='grc'><strong>⁵⁵</strong></span> <span class='ocrx_word' id='word_1_688' title='bbox 1443 5667 1608 5741; x_wconf 56' lang='lat' dir='ltr'><strong>Psal.</strong></span> 
     </span>
    </p>
   </div>
   <div class='ocr_carea' id='block_1_58' title="bbox 1933 5666 3482 5741">
    <p class='ocr_par' dir='ltr' id='par_1_58' title="bbox 2010 5666 3482 5740">
     <span class='ocr_line' id='line_1_58' title="bbox 2010 5666 3482 5740; baseline 0.005 -19"><span class='ocrx_word' id='word_1_689' title='bbox 2010 5666 2056 5702; x_wconf 76' lang='grc'><strong>⁵⁸</strong></span> <span class='ocrx_word' id='word_1_690' title='bbox 2106 5667 2255 5722; x_wconf 83' lang='lat' dir='ltr'><strong>Psal.</strong></span> <span class='ocrx_word' id='word_1_691' title='bbox 2318 5683 2444 5738; x_wconf 82' lang='lat' dir='ltr'><strong>cxx,</strong></span> <span class='ocrx_word' id='word_1_692' title='bbox 2477 5668 2528 5721; x_wconf 80' lang='grc'><strong>4.</strong></span> <span class='ocrx_word' id='word_1_693' title='bbox 2618 5669 2661 5703; x_wconf 83' lang='grc'><strong>⁸⁷</strong></span> <span class='ocrx_word' id='word_1_694' title='bbox 2694 5670 2842 5725; x_wconf 76' lang='lat' dir='ltr'><strong>Psal.</strong></span> <span class='ocrx_word' id='word_1_695' title='bbox 2876 5690 3023 5740; x_wconf 72' lang='lat' dir='ltr'><strong>var,</strong></span> <span class='ocrx_word' id='word_1_696' title='bbox 3074 5676 3125 5728; x_wconf 84' lang='lat'><strong>9.</strong></span> <span class='ocrx_word' id='word_1_697' title='bbox 3228 5672 3275 5706; x_wconf 78' lang='grc'><strong>⁵⁸</strong></span> <span class='ocrx_word' id='word_1_698' title='bbox 3335 5666 3482 5729; x_wconf 76' lang='lat' dir='ltr'><strong>Psal.</strong></span> 
     </span>
    </p>
   </div>
   <div class='ocr_carea' id='block_1_59' title="bbox 57 5737 1632 5817">
    <p class='ocr_par' dir='ltr' id='par_1_59' title="bbox 57 5737 1632 5817">
     <span class='ocr_line' id='line_1_59' title="bbox 57 5737 1632 5817; baseline -0.008 -13"><span class='ocrx_word' id='word_1_699' title='bbox 57 5765 180 5817; x_wconf 80' lang='lat' dir='ltr'><strong>clx,</strong></span> <span class='ocrx_word' id='word_1_700' title='bbox 218 5746 271 5799; x_wconf 82' lang='lat'><strong>1.</strong></span> <span class='ocrx_word' id='word_1_701' title='bbox 354 5746 399 5780; x_wconf 71' lang='grc'>⁵³</span> <span class='ocrx_word' id='word_1_702' title='bbox 428 5737 633 5800; x_wconf 61' lang='grc' dir='ltr'><strong>Εέθοξι.</strong></span> <span class='ocrx_word' id='word_1_703' title='bbox 665 5737 882 5807; x_wconf 79' lang='lat' dir='ltr'><strong>xxxvn,</strong></span> <span class='ocrx_word' id='word_1_704' title='bbox 911 5741 1000 5794; x_wconf 86' lang='lat'><strong>27.</strong></span> <span class='ocrx_word' id='word_1_705' title='bbox 1080 5739 1127 5775; x_wconf 76' lang='grc' dir='ltr'>⁸ο</span> <span class='ocrx_word' id='word_1_706' title='bbox 1157 5741 1405 5797; x_wconf 86' lang='lat' dir='ltr'><strong>IThess.</strong></span> <span class='ocrx_word' id='word_1_707' title='bbox 1439 5756 1512 5808; x_wconf 81' lang='lat' dir='ltr'><strong>iv,</strong></span> <span class='ocrx_word' id='word_1_708' title='bbox 1544 5737 1632 5793; x_wconf 76' lang='lat' dir='ltr'><strong>l5.</strong></span> 
     </span>
    </p>
   </div>
   <div class='ocr_carea' id='block_1_60' title="bbox 361 5859 3203 5922">
    <p class='ocr_par' dir='ltr' id='par_1_60' title="bbox 361 5859 3203 5922">
     <span class='ocr_line' id='line_1_60' title="bbox 361 5859 3203 5922; baseline 0 -3"><span class='ocrx_word' id='word_1_709' title='bbox 361 5862 630 5922; x_wconf 79' lang='lat' dir='ltr'><strong>PATROL.</strong></span> <span class='ocrx_word' id='word_1_710' title='bbox 677 5863 786 5921; x_wconf 81' lang='lat' dir='ltr'><strong>Ga.</strong></span> <span class='ocrx_word' id='word_1_711' title='bbox 836 5859 913 5917; x_wconf 90' lang='lat' dir='ltr'><strong>V.</strong></span> <span class='ocrx_word' id='word_1_712' title='bbox 3124 5862 3203 5920; x_wconf 80' lang='lat'><strong>39</strong></span> 
     </span>
    </p>
   </div>
  </div>
