3922 6304
438 423 592 484 122⁸7

1487 409 1550 468 S.
1598 407 1890 468 MELITO
1934 402 2295 466 SARDIUM
2341 404 2782 467 EPISCOPUS.

3696 410 3845 471 1228

438 554 728 626 quomodo
761 551 881 606 haec
903 549 982 604 dii
1015 545 1218 601 haberi
1240 539 1981 616 possent,quandoquidem
2005 537 2079 628 ad
2111 569 2162 628 Α
2193 537 2648 628 quietediilcavit
2677 540 3333 609 arcemAthenarum,et
3366 541 3614 597 fecitibi
3651 559 3838 614 regem

439 661 584 700 usus
616 647 846 697 nostros
879 638 1248 694 adhibemur.
1273 635 1454 698 Quam
1485 633 1738 704 graviter
1784 646 1916 695 ergo
1944 627 2076 682 cul-

436 734 614 803 pandi
647 736 786 786 sunt
817 728 900 783 illi
931 727 1028 798 qui
1087 724 1180 781 Dei
1218 723 1410 793 magni
1442 724 1567 777 loco
1588 736 1688 776 eas
1719 736 1811 775 res
1861 725 2083 788 ponunt

437 839 585 891 quas
617 819 832 875 creavit
863 818 876 872 ι
911 818 1027 886 Ego
1063 831 1191 868 vero
1228 814 1354 867 dico
1391 828 1404 864 ε
1438 811 1675 876 Quando
1708 806 1932 862 homini
1967 821 2081 859 non

439 917 525 965 est
550 912 887 970 revelatum,
918 922 1022 958 nec
1056 905 1179 974 ipse
1212 898 1595 972 deprehendit
1631 895 2084 952 creaturasistas

439 999 683 1053 Domino
715 996 1236 1065 subjacere,iorsan
1270 989 1444 1061 oulpa
1476 994 1650 1052 caret,
1677 986 1895 1041 nemini
1928 983 2085 1037 enim

443 1087 868 1158 vituperandus
892 1099 1075 1137 caecus
1116 1081 1270 1152 quod
1305 1080 1565 1135 titubans
1620 1075 1874 1143 incedit;
1901 1073 2087 1128 itaho-

443 1179 628 1232 mines
657 1193 786 1230 cum
813 1177 1140 1244 quaererent
1165 1171 1349 1225 Deum
1369 1168 1734 1224 oiienderunt
1767 1166 1826 1220 in
1858 1164 2085 1234 lapides

441 1273 495 1322 et
526 1267 750 1337 lignum
784 1281 798 1331 ;
863 1268 920 1317 et
949 1262 1048 1331 qui
1083 1260 1235 1314 inter
1265 1275 1363 1313 eos
1396 1258 1611 1311 divitiis
1641 1254 1957 1327 pollebant,
2001 1252 2086 1307 of-

444 1354 827 1409 fenderuntin
849 1367 1054 1406 aurum
1089 1358 1142 1403 et
1173 1353 1479 1418 argentum
1517 1351 1612 1412 ;et
1645 1345 1728 1398 sic
1760 1343 2086 1413 quodquet-

439 1448 646 1501 rebant
680 1462 790 1498 non
835 1443 1200 1496 invenerunt.
1236 1439 1400 1494 Nunc
1431 1454 1562 1492 vero
1593 1452 1718 1491 cum
1749 1451 1852 1488 vox
1884 1432 1940 1486 in
1966 1430 2091 1486 uni-

443 1551 608 1587 versa
645 1538 792 1586 terra
825 1527 1249 1583 circumsonuit
1279 1543 1406 1582 esse
1441 1530 1617 1579 Deum
1650 1539 1866 1589 verum,
1909 1526 1965 1576 et
1987 1519 2090 1574 da-

443 1629 537 1680 tus
569 1629 657 1676 est
687 1620 844 1676 omni
880 1619 1098 1674 homini
1134 1617 1337 1672 oculus
1370 1620 1431 1670 ut
1471 1616 1711 1682 videret,
1741 1613 1780 1666 ii
1815 1628 1929 1666 non
1962 1627 2091 1663 am-

445 1710 599 1780 plius
633 1712 772 1762 sunt
819 1705 1135 1760 excusandi
1187 1705 1306 1774 qui,
1342 1703 1492 1773 quod
1529 1701 1698 1755 multi
1751 1715 1885 1753 cum
1944 1697 2090 1768 ipsis

443 1801 659 1865 errant,
693 1796 842 1849 viam
893 1801 1106 1848 rectam
1141 1792 1388 1863 ingredi,
1420 1790 1528 1844 etsi
1574 1789 1853 1854 volentes,
1885 1786 2092 1842 erube-

445 1890 637 1940 scunt.
673 1886 1032 1952 Quapropter
1082 1882 1393 1936 consilium
1458 1880 1666 1932 damus
1721 1877 1804 1930 eis
1840 1880 1903 1928 ut
1951 1890 2084 1944 ape-

445 1978 598 2030 riunt
623 1975 820 2030 oculos
853 1990 991 2027 suos
1022 1979 1080 2027 et
1109 1973 1381 2037 videant;
1415 1986 1549 2026 ecce
1606 1969 1756 2023 enim
1792 1967 1917 2022 luce
1961 1983 2088 2037 qua:

445 2083 560 2120 non
596 2065 742 2120 i'allit
792 2062 1112 2117 illuminati
1144 2077 1351 2115 sumus
1379 2065 1442 2113 ut
1477 2075 1576 2130 per
1605 2074 1732 2112 eam
1763 2055 2086 2110 videamus.

444 2157 504 2210 Si
531 2171 662 2209 vero
713 2157 842 2222 post
890 2156 1072 2206 ortam
1121 2150 1310 2204 lucem
1369 2148 1591 2201 claudit
1650 2147 1824 2201 homo
1889 2146 2088 2200 ocu'os

444 2260 583 2300 suos
616 2259 687 2297 ne
742 2242 954 2307 videat,
1005 2241 1076 2293 ad
1109 2240 1324 2293 fossam
1359 2237 1543 2308 pergit
1574 2235 1842 2307 quamvis
1874 2240 2088 2289 rectam

443 2332 596 2384 viam
648 2345 920 2398 sequens.
955 2327 1140 2390 Quare
1183 2326 1337 2380 enim
1374 2327 1546 2378 homo
1579 2325 1632 2376 in
1664 2325 1748 2378 eis
1798 2322 2090 2377 erubescit

447 2420 544 2490 qui
577 2424 774 2472 errant
805 2434 934 2470 cum
983 2433 1046 2470 eo
1076 2418 1100 2469 ‘1
1132 2414 1333 2469 Potius
1387 2431 1486 2468 eos
1517 2413 1752 2467 inducat
1790 2420 1848 2466 ut
1895 2411 2090 2483 ipsum

446 2511 792 2577 sequantur,
824 2510 879 2559 et
906 2505 951 2559 si
1000 2521 1116 2558 non
1152 2503 1544 2572 acquiescant,
1590 2501 1798 2555 liberet
1829 2500 2087 2555 animam

447 2613 610 2652 suam
643 2613 670 2648 e
699 2595 889 2649 medio
922 2610 1143 2648 eorum.
1169 2593 1404 2646 Terreni
1429 2590 1697 2645 homines
1721 2591 1906 2644 deose
1936 2595 2092 2643 terra

450 2693 630 2742 matre
662 2703 770 2742 sua
803 2687 1168 2740 constituunt
1198 2683 1348 2750 sibi;
1396 2683 1477 2737 rei
1511 2688 1649 2737 sunt
1691 2679 1916 2752 judicio
1948 2681 2086 2734 dum

450 2774 818 2830 immutabile
851 2790 1059 2828 nomen
1094 2773 1270 2827 rebus
1321 2771 1703 2826 mutabilibus
1756 2770 2087 2841 imponunt,

449 2870 505 2919 et
532 2881 648 2918 non
680 2864 1031 2918 erubescunt
1075 2866 1139 2914 ut
1182 2861 1320 2914 deos
1353 2859 1630 2930 ﬁgmenta
1681 2856 1866 2912 colere
1913 2873 2090 2910 manu

452 2953 704 3008 hominis
738 2952 970 3016 facta,et
1000 2950 1216 3004 audent
1265 2949 1582 3019 imaginem
1644 2945 1948 3001 efi'ormare
1980 2950 2092 3000 Deo

450 3060 623 3113 quem
645 3059 759 3096 non
783 3041 1073 3094 viderunt.

523 3131 636 3200 Ego
654 3146 786 3184 vero
821 3145 1023 3183 rursus
1046 3129 1234 3182 dicere
1255 3143 1368 3182 non
1393 3142 1591 3180 vereor
1613 3125 1767 3195 quod
1792 3124 1919 3195 jam
1953 3123 2092 3190 dixi,

450 3221 520 3275 ab
565 3219 647 3273 eis
702 3218 987 3288 imagines
1038 3232 1242 3287 regum
1302 3220 1668 3269 mortuorum
1724 3213 1974 3268 adorari.
2024 3218 2095 3268 Et

2193 627 2585 699 Archetypum
2628 629 2815 684 ﬁlium
2849 647 3046 698 suum,
3072 647 3244 701 quem
3271 631 3562 686 habuerat
3588 649 3661 686 ex
3691 634 3842 688 adul-

2192 714 2336 771 terio
2359 733 2491 772 cum
2524 717 2832 790 Hephaesto
2892 719 3072 787 fabro,
3115 719 3233 774 ﬁlio
3265 720 3466 776 uxoris
3509 721 3703 791 patris
3736 724 3838 776 sui.

2196 803 2259 858 Et
2280 807 2714 878 omnitempore
2745 807 3080 863 societatem
3128 809 3538 865 habebatcum
3575 810 3839 878 Hercule,

2194 894 2332 964 quia
2364 897 2538 950 frater
2589 899 2718 964 ejus
2750 903 2873 951 erat
2915 914 2982 952 ex
3011 905 3168 968 patre
3210 915 3336 953 suo.
3371 900 3519 954 Zeus
3552 900 3719 954 enim
3754 917 3842 954 rex

2195 984 2413 1038 amavit
2441 985 2818 1041 Alcumenam
2877 1003 3110 1042 uxorem
3161 987 3504 1042 Alcumenis
3566 1005 3642 1042 ex
3675 991 3850 1059 Arge,

2195 1078 2253 1126 et.
2280 1073 2479 1142 genuit
2509 1076 2839 1131 Herculem.
2873 1077 3274 1131 Adoraverunt
3307 1076 3618 1132 Pbcenices
3671 1077 3854 1133 Vene-

2199 1165 2607 1233 rem,reginam
2671 1166 2860 1234 Cypri,
2895 1164 3031 1235 quia
3061 1167 3276 1219 amavit
3302 1165 3638 1220 Adonidem
3664 1165 3852 1219 ﬁlium

2197 1250 2456 1321 Cytheri,
2485 1253 2636 1323 regis
2669 1252 3004 1308 thnicum
3040 1270 3054 1321 ;
3082 1269 3232 1324 quae,
3266 1253 3472 1309 relicto
3504 1271 3700 1326 regno
3734 1272 3855 1318 sue,

2197 1339 2482 1396 habitavit
2537 1341 2817 1396 Gabalam
2879 1359 3072 1397 arcem
3126 1342 3488 1410 Phoenicum,
3552 1351 3616 1399 et
3679 1345 3854 1400 sim-.1

2199 1429 2450 1499 subjecit
2505 1430 2703 1485 omnia
2752 1432 2969 1502 oppida
3035 1449 3141 1486 sua
3196 1432 3443 1502 Cythero
3505 1435 3656 1504 regi.
3714 1438 3856 1490 Ante

2201 1517 2523 1574 Adonidem
2581 1535 2713 1575 vero
2747 1520 2960 1574 amavit
2991 1524 3186 1586 Arem,
3209 1528 3265 1575 et
3294 1522 3700 1592 deprehendit
3732 1539 3855 1578 earn

2201 1607 2546 1679 Hephaastus
2583 1610 2830 1664 maritus
2859 1611 3010 1680 ejus,
3067 1617 3122 1664 et
3153 1612 3364 1666 occidit
3412 1613 3763 1668 Adonidem
3806 1615 3860 1668 in

2203 1703 2398 1752 monte
2459 1699 2697 1767 Libano,
2745 1700 3013 1770 Cyniram
3075 1717 3204 1756 vero
3263 1701 3431 1755 vertit
3499 1701 3564 1757 in
3626 1720 3862 1774 aprum.

2201 1791 2410 1842 Postea
2441 1789 2659 1843 mansit
2689 1789 2883 1843 Venus
2941 1788 2999 1842 in
3032 1789 3248 1844 Gabala
3297 1795 3353 1844 et
3403 1795 3648 1845 mortua
3683 1799 3780 1847 est
3811 1794 3860 1845 in

2203 1874 2438 1928 civitate
2461 1876 2719 1947 Aphaca,
2741 1878 2837 1931 ubi
2872 1878 3141 1947 sepultus
3171 1883 3262 1932 est
3289 1878 3530 1933 Adonis.
3573 1880 3866 1935 Adorave-

2204 1970 2341 2019 runt
2383 1965 2638 2020 Elamitae
2688 1966 2828 2034 Noe,
2885 1968 3066 2021 filiam
3099 1968 3252 2037 regis
3283 1967 3450 2023 Elam
3481 1986 3494 2036 ;
3531 1986 3670 2039 qua:
3734 1987 3861 2025 cum

2200 2055 2428 2125 captiva
2478 2056 2550 2110 ab
2586 2056 2856 2111 hostibus
2887 2057 3064 2112 ducta
3095 2057 3414 2118 esset.i'ecit
3445 2059 3495 2113 ei
3531 2065 3711 2128 pater
3744 2060 3862 2113 ido-

2202 2143 2323 2198 lum
2379 2149 2437 2199 et
2459 2144 2740 2215 templum
2778 2145 2965 2209 Susis,
2996 2145 3053 2198 in
3082 2162 3209 2201 arce
3237 2162 3366 2216 qua:
3395 2152 3485 2202 est
3520 2148 3584 2201 in
3620 2149 3859 2219 regione

2199 2233 2792 2290 Elam.Adoraverunt
2817 2234 2944 2304 Syri
2971 2234 3062 2288 Ati
3094 2235 3671 2308 Adiabensem,quw
3707 2240 3864 2293 misit

2201 2323 2378 2376 tiliam
2432 2322 2597 2376 Balat
2639 2323 2949 2391 medicam,
2983 2330 3039 2378 et
3069 2323 3185 2378 haec
3217 2326 3448 2380 sanavit
3478 2328 3642 2382 sime
3679 2328 3854 2382 ﬁliam

2199 2410 2419 2466 Hadadi
2455 2413 2604 2482 regis
2634 2412 2807 2485 Syrias
2840 2433 2854 2480 ;
2888 2416 2944 2466 et
2976 2418 3107 2484 post
3131 2413 3413 2485 temporis
3445 2415 3854 2472 intervallum.

2199 2517 2327 2554 cum
2361 2499 2520 2570 lepra
2538 2507 2838 2570 correptus
2888 2502 3094 2556 fuisset
3128 2503 3584 2573 Hadad,rogavit
3623 2508 3725 2560 Ati
3758 2509 3856 2559 Ei:-

2199 2606 2365 2645 seum
2391 2589 2692 2645 Hebraeum
2714 2592 2807 2658 qui
2830 2591 2985 2646 venit
3016 2596 3072 2646 et
3104 2592 3334 2648 sanavit
3357 2608 3517 2648 eum.
3566 2597 3854 2650 Adorave-

2200 2684 2337 2732 runt
2362 2679 2532 2734 etiam
2557 2683 2761 2749 gentes
2791 2681 3216 2750 Mesopotamia:
3249 2682 3509 2737 Cuteban
3547 2685 3856 2740 Hebraeae:

2201 2781 2328 2836 quae
2350 2764 2618 2820 liberavit
2639 2770 2820 2820 Bacru
2848 2783 3039 2839 regem
3066 2768 3295 2822 Edessa:
3321 2770 3390 2823 de
3415 2769 3688 2826 inimicis
3715 2775 3860 2828 suis.

2202 2854 2282 2908 De
2317 2853 2475 2908 Nebo
2507 2872 2640 2909 vero
2663 2856 2762 2926 qui
2787 2855 2954 2910 estin
2980 2856 3210 2912 civitate
3242 2859 3628 2929 Mabug,quid
3671 2864 3855 2917 dicam

2201 2944 2386 3008 vobis,
2421 2945 2900 3015 quandoquidem
2932 2961 3138 3000 omnes
3169 2948 3507 3002 sacerdotes
3535 2951 3862 3022 Mabugen-

2203 3049 2293 3086 ses
2329 3037 2544 3086 norunt
2602 3051 2734 3088 eum
2787 3051 2914 3089 esse
2981 3034 3205 3088 idolum
3237 3036 3446 3106 Orphei
3495 3041 3663 3109 magi
3697 3042 3863 3094 Thra-

2202 3122 2326 3189 cis;
2361 3126 2416 3177 et
2439 3123 2666 3179 Hedron
2701 3124 2920 3180 idolum
2947 3132 3037 3180 est
3056 3126 3376 3181 Zoroastris
3411 3129 3568 3199 magi
3605 3129 3857 3184 Persici:

2203 3211 2302 3281 qui
2337 3211 2448 3266 duo
2501 3214 2655 3284 magi
2713 3214 2987 3285 spiritum
3036 3215 3335 3286 impurum
3368 3217 3738 3287 expulerunt
3771 3221 3860 3289 qui

449 3310 642 3380 reipsa
700 3287 899 3361 nostro
942 3305 1129 3359 adhuc
1172 3309 1433 3372 tempore
1466 3303 1750 3373 imagines
1796 3307 2088 3358 Caesarum
2132 3287 2176 3349 C
2207 3299 2506 3372 planitiem
2539 3303 2956 3374 Mabugensem
3001 3304 3332 3372 infestabat,
3363 3312 3421 3361 et
3445 3322 3663 3363 eorum
3693 3287 3856 3379 jussu

449 3401 850 3463 adorantur,et
872 3399 1058 3468 magis
1075 3396 1532 3465 colunturquam
1553 3400 1776 3450 veteres
1799 3395 1875 3448 dii
1895 3393 2090 3464 patrii.

448 3489 692 3544 Tributa
722 3489 898 3541 etiam
925 3491 981 3541 et
1023 3502 1232 3540 census
1261 3484 1467 3540 Caesari
1499 3483 1831 3549 solvuntur,
1876 3481 2092 3553 quippe

451 3577 549 3647 qui
585 3578 773 3644 major
803 3581 889 3628 est
922 3573 1030 3629 diis
1055 3571 1210 3639 illis;
1245 3572 1460 3627 idcirco
1494 3571 1710 3644 pariter
1736 3577 1921 3627 morte
1968 3571 2090 3642 ple-

451 3669 692 3719 ctuntur
723 3663 816 3735 qui
852 3667 1135 3734 spernunt
1164 3663 1303 3717 deos
1327 3666 1382 3715 et
1422 3662 1669 3717 decretis
1700 3660 1945 3716 Caesaris
1977 3677 2090 3714 non

453 3752 920 3808 obediunt.Alias
937 3752 1113 3807 etiam
1139 3753 1344 3806 eodem
1367 3751 1598 3806 decreto
1623 3757 1912 3806 statutum
1939 3754 2094 3804 estet

451 3859 620 3914 quem
648 3859 887 3896 censum
934 3840 1342 3912 gazophylacio
1375 3841 1528 3910 regis
1559 3841 1815 3909 pendant
1837 3839 2095 3893 adorato-

451 3949 565 3997 res,
595 3932 820 4003 etquid
856 3931 1119 3984 redditus
1166 3930 1410 3984 afferant
1458 3929 1605 3981 secci
1642 3927 1794 3998 pleni
1831 3944 1982 3998 aqua
2027 3944 2094 3981 ex

454 4022 624 4076 mari.
655 4025 772 4075 Hoc
822 4025 1018 4074 autem
1045 4018 1295 4073 maxime
1327 4015 1643 4072 dolendum
1687 4016 1841 4086 quod
1875 4015 1959 4069 illi
1993 4017 2094 4086 qui

457 4110 659 4164 colunt
687 4115 740 4164 et
771 4118 1042 4162 verentur
1081 4123 1143 4161 ea
1172 4124 1300 4178 qum
1331 4106 1604 4161 sensibus
1637 4121 1749 4158 non
1781 4105 2099 4177 capiuntur

450 4201 530 4266 (et
560 4199 618 4251 hi
654 4197 894 4252 maximi
924 4198 1076 4251 inter
1106 4197 1400 4266 sapientes
1437 4195 1618 4264 sunt),
1651 4195 1770 4250 sive
1804 4194 2097 4262 lucri,sive

449 4305 609 4342 vanae
643 4286 861 4357 gloriw,
905 4287 1024 4340 sive
1055 4286 1324 4356 potentiae
1357 4299 1571 4350 amore,
1607 4285 1677 4337 ab
1709 4283 1914 4340 iisdem
1966 4287 2098 4341 ado-

453 4375 653 4430 randis
688 4374 1092 4446 pusillanimes
1117 4371 1515 4428 dehortantur.
1553 4372 1664 4441 Ego
1703 4389 1831 4427 vero
1865 4378 1928 4427 ut
1973 4391 2097 4430 sen-

457 4465 536 4519 tio
557 4463 747 4517 dicam
780 4469 836 4518 et
860 4461 1170 4533 propalabo
1204 4461 1494 4532 quomodo
1518 4469 1572 4514 et
1613 4461 1831 4531 quibus
1865 4463 1936 4516 de
1959 4479 2093 4518 cau-

458 4554 542 4608 sis
573 4558 773 4606 erectaa
807 4552 921 4607 sint
948 4552 1237 4622 imagines
1298 4550 1532 4620 regibus
1557 4565 1623 4604 ac
1654 4551 1919 4621 tyrannis
1949 4556 2004 4605 et
2037 4557 2099 4606 ut

2205 3392 2363 3446 Sima
2386 3391 2502 3446 [ilia
2525 3392 2744 3447 Hadadi
2779 3410 2932 3464 aqua
2963 3410 2992 3447 e
3045 3395 3191 3448 mari
3226 3395 3436 3450 hausta
3475 3397 3638 3452 hanc
3679 3399 3863 3470 plani-

2209 3482 2344 3537 tiem
2395 3481 2660 3553 implevit
2705 3499 2774 3538 ne
2806 3483 3086 3554 deinceps
3114 3491 3440 3555 exsurgeret
3480 3487 3747 3558 spiritus
3775 3490 3863 3542 ille.

2210 3586 2461 3642 nequam
2483 3571 2549 3624 ad
2579 3571 2789 3625 iterum
2822 3571 3216 3627 iniestandam
3245 3574 3684 3644 regionem.Sic
3719 3579 3863 3647 apud

2206 3657 2398 3712 varias
2429 3663 2631 3727 gentes
2674 3658 2911 3728 regibus
2953 3659 3024 3714 ab
3057 3661 3464 3715 adoratoribus
3499 3678 3722 3718 eorum
3755 3673 3864 3720 sta-

2210 3755 2318 3800 tua?
2343 3747 2543 3818 positae
2569 3753 2704 3802 sunt
2739 3764 2752 3816 ;
2782 3748 2881 3802 sed
2933 3749 3004 3802 de
3055 3747 3146 3803 his
3179 3748 3432 3818 amplius
3482 3752 3753 3808 scribere
3786 3771 3868 3806 sn-

2211 3839 2611 3908 persedemus.

2278 3927 2360 3981 Tu
2396 3943 2527 3981 vero
2559 3927 2659 3997 qui
2695 3931 2886 3982 mente
2919 3926 3103 3983 libera
3135 3927 3488 3998 gloriaris,si
3517 3933 3645 3987 veri
3674 3935 3866 4005 cogni-

2207 4020 2299 4071 tor
2328 4016 2416 4070 vis
2451 4015 2670 4083 haberi,
2719 4018 2890 4073 stude
2924 4023 2988 4072 ut
3016 4017 3154 4073 talis
3186 4019 3265 4073 sis
3294 4017 3451 4073 intus
3490 4035 3503 4074 :
3541 4023 3666 4077 etsi
3701 4040 3866 4078 orna-

2210 4111 2332 4160 tum
2360 4105 2706 4161 muliebrem
2733 4106 2828 4160 ind
2842 4107 3263 4173 ueris,memini
3288 4112 3342 4162 te
3358 4123 3486 4163 esse
3522 4109 3870 4177 hominem;

2209 4197 2378 4252 crede
2409 4195 2466 4250 in
2490 4212 2624 4250 eum
2659 4197 2760 4267 qui
2790 4213 2921 4252 vere
2953 4198 3106 4252 Deus
3126 4203 3214 4252 est
3235 4203 3291 4252 et
3315 4199 3387 4252 ad
3421 4215 3561 4254 eum
3601 4206 3862 4275 expende

2207 4290 2264 4340 et
2321 4288 2669 4340 commenda
2718 4286 2974 4340 animam
3039 4291 3312 4353 tuam;et
3366 4286 3497 4356 ipse
3527 4296 3734 4360 potest
3772 4295 3867 4347 tibi

2209 4374 2346 4429 dare
2367 4375 2544 4429 vitam
2577 4379 2852 4430 aeternam
2900 4392 3025 4444 quae
3059 4391 3170 4430 non
3203 4375 3379 4430 habet
3409 4377 3596 4433 finem
3627 4401 3643 4448 ;
3683 4384 3866 4438 omni-

2209 4470 2414 4536 potens
2447 4464 2600 4519 enim
2633 4469 2739 4519 est.
2767 4463 3160 4535 Reliquavero
3185 4465 3289 4519 tibi
3313 4470 3450 4519 sunt
3478 4485 3590 4538 pro
3629 4488 3700 4525 eo
3723 4473 3865 4543 ῳ]εὲ

2209 4559 2348 4608 sunt
2378 4554 2762 4610 aestimanda:
2798 4553 3081 4624 imagines
3114 4563 3171 4608 ut
3201 4553 3513 4624 imagines,
3570 4561 3868 4630 sculptilis

458 4639 537 4696 dii
562 4641 740 4694 habiti
767 4641 902 4694 sint.
939 4640 1166 4694 Herculi
1210 4638 1687 4693 sacrificaverunt
1715 4639 1932 4709 Argivi,
1967 4641 2102 4710 quia
2135 4649 2180 4711 Ι)
2213 4648 2278 4696 ut
2309 4641 2605 4713 sculptilis
2630 4661 2643 4709 ;
2669 4648 2727 4696 et
2759 4659 2893 4697 cave
2922 4658 2993 4696 ne
3024 4647 3346 4697 creaturam
3385 4661 3580 4713 ponas
3618 4647 3750 4705 loco
3785 4651 3866 4704 Fs.-

463 4729 1031 4802 Argivusipse,quod
1060 4731 1332 4798 praeterea
1358 4743 1568 4798 magno
1600 4727 1858 4796 corporis
1893 4730 2096 4784 robore

458 4820 757 4891 praeditus,
813 4817 1092 4874 animalia
1123 4817 1326 4871 nociva
1355 4819 1567 4870 virtute
1599 4833 1704 4870 sua
1735 4817 1964 4882 occidit,
1999 4820 2092 4872 sed

459 4910 640 4964 multo
674 4909 860 4978 magis
909 4907 1047 4978 quia
1077 4907 1366 4961 timebant
1407 4921 1536 4960 eum
1569 4923 1582 4972 ;
1616 4905 1906 4961 violentus
1937 4907 2092 4963 enim

449 5005 653 5054 eratet
708 4998 984 5052 mulieres
1017 5005 1354 5068 magnatum
1393 4997 1652 5067 rapiebat
1681 4997 1883 5062 ;valde
1937 4998 2091 5053 enim

440 5088 794 5143 libidinosus
817 5091 962 5157 erat,
984 5088 1135 5142 sicut
1173 5095 1220 5142 et
1237 5087 1486 5142 Zarades
1503 5087 1927 5153 Persa,amicus
1943 5089 2090 5157 ejus.

445 5177 788 5250 Dionysium
839 5193 1029 5243 regem
1063 5175 1368 5231 coluerunt
1397 5175 1570 5231 Actaei
1603 5175 1698 5246 (i),
1735 5175 1870 5246 quia
1901 5175 1959 5229 in
1993 5193 2091 5231 eo-

441 5285 573 5324 rum
607 5268 841 5339 regione
865 5267 1036 5322 vitem
1062 5266 1430 5336 plantaverat
1455 5307 1468 5332 ,
1500 5264 1728 5336 Egypti
1765 5263 2089 5336 Josephum

441 5359 769 5421 Hebmum,
829 5356 928 5426 qui
959 5359 1017 5410 et
1062 5355 1314 5426 Serapis,
1363 5353 1502 5425 quia
1547 5354 1942 5425 suppeditavit
1971 5353 2092 5409 illis

454 5447 812 5502 frumentum
846 5445 904 5500 in
938 5445 1108 5499 annis
1155 5444 1451 5516 egestatis.
1485 5443 1879 5499 Adoraverunt
1910 5443 2093 5500 Athe-

452 5536 686 5590 nienes
717 5534 1001 5590 Athenam
1037 5531 1222 5588 filiam
1250 5532 1431 5601 Jovis,
1472 5532 1626 5603 regis
1648 5532 1853 5588 insulsa
1887 5533 2086 5602 Cretae,

513 5729 586 5792 (i)
619 5725 1019 5781 Athenienses.

2204 4731 2396 4790 cteris.
2449 4736 2600 4785 Deus
2623 4731 2782 4784 omni
2808 4735 3066 4800 tempore
3088 4731 3247 4796 vivit,
3282 4731 3662 4792 intellectum
3713 4744 3862 4794 tuum

2207 4823 2432 4894 implet:
2452 4820 2776 4876 intellectus
2791 4819 2944 4874 enim
2966 4837 3114 4874 unus
3130 4820 3446 4891 imaginem
3467 4839 3736 4892 persona
3753 4830 3862 4898 ejus

2207 4915 2608 4984 repraesentat;
2628 4913 2750 4983 ipse
2769 4910 2924 4966 enim
2949 4908 3261 4964 invisibilis
3275 4910 3804 4972 est,immutabilis
3819 4927 3860 4968 εξ

2205 4998 2837 5073 incomprehensibilis,
2863 4999 2998 5053 etad
3021 5000 3369 5068 ejusnutum
3387 5001 3602 5056 omnia
3627 5021 3859 5074 corpora

2205 5095 2525 5145 moventur.
2551 5093 2669 5143 Hoc
2693 5104 2828 5158 ergo
2861 5087 3010 5142 scias
3040 5103 3052 5141 :
3087 5087 3136 5140 si
3162 5102 3294 5142 eum
3329 5087 3430 5158 qui
3464 5089 3857 5148 immutabilis

2203 5183 2292 5234 est
2315 5177 2747 5245 colueris,sicut
2769 5177 2893 5248 ipse
2918 5182 3166 5231 aeternus
3197 5176 3398 5240 est,ita
3431 5182 3489 5232 et
3512 5183 3608 5249 tu,
3630 5199 3770 5238 cum
3803 5185 3857 5236 il-

2202 5267 2303 5321 lud
2336 5265 2566 5322 visibile
2610 5269 2667 5320 et
2698 5263 3078 5336 corruptibile
3107 5264 3358 5332 exseris,
3392 5266 3444 5320 ei
3479 5267 3540 5321 in
3581 5277 3858 5326 aeternum

2203 5355 2426 5410 astabis
2453 5356 2654 5410 vivens
2673 5359 2730 5410 et
2755 5354 2969 5422 sciens,
3003 5359 3059 5409 et
3085 5371 3261 5425 opera
3293 5361 3394 5410 tua
3425 5365 3610 5414 erunt
3642 5361 3755 5415 tibi
3787 5363 3860 5415 di-

2200 5445 2353 5499 vitiae
2377 5462 2502 5516 quis
2536 5459 2649 5499 non
2687 5448 2950 5517 pereunt.
3001 5442 3340 5498 Memineris
3371 5450 3577 5502 autem
3626 5466 3858 5521 operam

2203 5537 2438 5589 tuorum
2467 5533 2748 5590 bonorum
2772 5532 3010 5588 initium
3035 5547 3167 5588 esse
3187 5537 3246 5588 et
3267 5533 3744 5593 fundamentum
3769 5537 3854 5595 Dei
