3922 6304
49 358 211 420 I233

1591 344 1902 407 SPURIA.

3303 349 3465 410 1234

50 498 197 551 Ecce
225 493 377 564 ﬁlius
406 501 550 549 tuus.
583 493 653 547 Et
675 507 742 548 ex
778 490 877 546 illa
906 488 1050 544 hora
1079 489 1282 543 sancta
1313 483 1412 540 Dei
1441 481 1704 539 Genitrix
1731 483 1786 548 Α
1815 481 2182 536 deretautem
2199 497 2333 536 eum
2366 478 2904 552 sauctissimavirgo
2923 479 3126 548 Maria,
3150 480 3460 537 exsultavit

49 586 105 638 in
131 583 383 638 Joannis
411 599 549 637 cura
568 580 882 653 specialius
915 575 1258 650 permansit,
1289 571 1550 645 quandiu
1573 572 1701 625 vita:

49 673 227 727 istius
248 672 562 726 incolatum
587 669 890 740 transegit.
913 670 975 720 Et
994 667 1129 720 dum
1146 661 1390 735 apostoli
1414 660 1701 714 mundum

49 765 175 818 suis
198 761 458 817 sortibus
475 762 531 816 in
547 751 1510 833 praadicationesumpsissent,ipsa
1528 751 1701 804 domo

49 860 358 924 parentum
390 851 570 918 illius,
597 851 766 921 juxta
807 855 1064 903 montem
1103 842 1309 899 Oliveti
1339 839 1622 896 consedit.

698 1007 929 1067 CAPUT
960 1006 1057 1062 Ill.

115 1138 386 1196 Secundo
414 1138 615 1208 itaque
641 1142 698 1192 et
727 1134 1000 1189 vicesimo
1023 1148 1174 1186 anno
1198 1132 1504 1201 postquam
1537 1124 1698 1180 Chri-

49 1234 199 1295 ztus,
253 1228 480 1282 devicta
531 1231 735 1290 morte,
795 1223 1007 1277 coelum
1060 1219 1496 1282 conscenderat,
1555 1217 1693 1270 dum

50 1319 135 1373 iie
195 1317 446 1386 quadam
513 1314 797 1370 desiderio
872 1311 1082 1366 Christi
1153 1323 1433 1363 succensa
1491 1306 1694 1372 Maria,

49 1407 172 1462 sole.
199 1407 352 1460 intra
370 1406 542 1459 domu
555 1421 582 1459 s
599 1403 768 1459 istius
783 1397 1209 1471 receptaculum
1239 1397 1691 1468 Iacrymaretur:

49 1511 181 1552 ecce
215 1493 484 1565 angelus,
518 1491 716 1563 magni
757 1488 998 1544 luminis
1034 1487 1234 1542 habitu
1287 1484 1693 1556 resplendens,

49 1589 182 1640 ante
211 1601 338 1640 eam
371 1581 574 1647 astitit,
627 1587 683 1636 et
731 1577 1095 1634 salutationis
1156 1575 1330 1630 verba
1391 1573 1690 1645 persolvit,

49 1676 291 1730 dicens:
319 1678 456 1736 Ave,
472 1671 776 1726 benedicta
797 1669 1042 1724 Domino
1070 1664 1511 1736 ;suscipeillius
1533 1662 1692 1718 aulu-

49 1771 195 1830 tem,
227 1765 328 1834 qui
378 1760 678 1817 mandavit
706 1758 954 1814 salutem
999 1757 1197 1824 Jacob,
1249 1772 1350 1826 per
1380 1755 1692 1827 pr0phetas

49 1870 213 1909 suos.
246 1853 410 1915 Ecce,
443 1851 655 1920 inquit,
676 1864 906 1904 ramum
942 1847 1168 1917 palmae,
1200 1846 1270 1900 de
1291 1843 1563 1917 paradiso
1591 1843 1688 1898 Dei
1715 1843 1760 1907 B

49 1941 219 1998 attuli
251 1941 377 2008 tibi,
401 1955 570 2010 quem
596 1943 822 2008 portare
844 1937 1020 1992 facies
1042 1940 1176 1990 ante
1205 1935 1482 1990 feretrum
1517 1939 1622 1989 tuu
1653 1954 1686 1991 :1

49 2048 177 2087 :um
206 2031 266 2085 in
290 2030 384 2084 die
415 2029 581 2084 tertia
609 2031 912 2097 assumpta
945 2025 1123 2080 fueris
1152 2025 1222 2079 de
1253 2040 1510 2094 corpore.
1549 2025 1691 2080 Ecce

49 2121 204 2176 enim
233 2122 531 2190 exspectat
553 2121 608 2172 te
637 2115 818 2170 Filius
867 2120 1028 2179 tuus,
1079 2131 1211 2168 cum
1243 2113 1473 2168 thronis
1503 2117 1562 2166 et
1593 2129 1692 2168 an-

49 2210 210 2277 gelis,
239 2213 296 2263 et
327 2206 610 2263 universis
641 2205 769 2260 οωιὶ
791 2204 1120 2259 virtutibus.
1157 2203 1322 2257 Tunc
1349 2202 1528 2257 Maria
1545 2202 1691 2255 dixit

49 2299 124 2354 ad
155 2297 432 2370 angelum
457 2313 470 2350 :
496 2296 632 2350 Peto
655 2297 758 2350 abs
797 2299 852 2349 te
877 2311 1033 2364 ergo,
1067 2299 1133 2347 ut
1163 2297 1586 2362 congregantur
1616 2292 1685 2345 ad

49 2405 141 2444 me
173 2403 379 2442 omnes
411 2383 658 2456 apostoli
711 2382 929 2438 Domini
982 2383 1092 2436 mei
1124 2380 1262 2436 Jesu
1295 2380 1532 2436 Christi.
1586 2378 1687 2433 Cui

49 2477 292 2548 angelus
322 2473 502 2530 dixit:
537 2474 700 2539 Ecce,
733 2471 943 2543 inquit,
971 2471 1138 2526 hodie
1160 2487 1258 2541 per
1277 2469 1550 2524 virtutem
1582 2469 1689 2523 Do-

49 2565 193 2620 mini
227 2565 338 2620 mei
363 2563 501 2618 Jesu
535 2561 773 2630 Christi,
841 2561 1062 2630 omnes}
1093 2559 1342 2630 apostoli
1395 2557 1680 2626 assumpti

49 2671 157 2709 auc
191 2654 261 2708 ad
294 2657 349 2708 te
377 2653 628 2707 venient.
655 2651 822 2706 Etait
852 2649 933 2704 illi
955 2648 1172 2703 Maria:
1209 2648 1366 2719 Rogo
1395 2652 1456 2702 ut
1488 2646 1688 2701 mittas

49 2759 225 2815 super
254 2757 346 2796 me
377 2739 844 2795 benedictionem
897 2742 1084 2804 tuam,
1122 2741 1182 2792 ut
1237 2736 1401 2792 nulla
1433 2741 1686 2807 potestas

49 2831 252 2887 inferni
286 2832 552 2884 occurrat
578 2827 719 2882 mihi
754 2827 810 2881 in
845 2825 944 2881 illa
970 2826 1131 2890 hora,
1167 2842 1282 2896 qua
1332 2824 1529 2880 anima
1561 2841 1688 2880 mea

49 2921 220 2977 fuerit
249 2936 487 2992 egressa
515 2920 584 2974 de
617 2933 876 2989 corpore,
913 2919 969 2970 et
1004 2932 1073 2970 ne
1102 2915 1326 2971 videam
1362 2915 1684 2986 principem

49 3010 432 3067 tenebrarum.
471 3008 568 3063 Ait
598 3012 793 3062 autem
827 3004 1072 3076 angelus
1103 3004 1176 3059 ad
1225 3019 1388 3058 eam:
1423 3004 1686 3060 Potestas

50 3100 282 3172 quidem
313 3098 524 3153 inferni
561 3114 673 3151 non
709 3095 939 3152 nocebit
969 3093 1565 3162 tibi;benedictionem
1588 3110 1686 3148 au-

51 3205 159 3245 .em
192 3193 464 3242 aeternam
504 3185 663 3240 dedit
692 3184 798 3240 tibi
822 3183 1106 3239 Dominus
1136 3189 1289 3238 Deus
1320 3187 1479 3252 tuus,
1513 3183 1684 3252 cujus

51 3295 147 3348 rgo
177 3293 376 3332 servus
399 3293 550 3342 sum,
586 3279 642 3330 et
688 3274 934 3329 nuntius
971 3293 986 3342 ;
1023 3289 1135 3328 non
1194 3271 1426 3327 videndi
1487 3279 1680 3326 autem

53 3366 372 3440 principem
403 3364 1100 3431 tcnebrarum,eﬂ‘ectum
1161 3379 1274 3417 non
1342 3379 1376 3416 a
1432 3377 1524 3416 me
1580 3360 1684 3414 tibi

54 3456 304 3511 landum
338 3453 658 3521 existimes,
693 3453 790 3507 sed
818 3452 889 3507 ab
913 3451 1032 3518 illo,
1067 3468 1241 3522 quem
1275 3455 1334 3505 tu
1379 3452 1435 3506 in
1483 3457 1685 3506 sancto

54 3563 144 3600 ;uo
184 3549 344 3598 utero
378 3543 683 3614 bajulasti;
716 3541 906 3612 ipsius
932 3541 1090 3596 enim
1138 3544 1228 3595 est
1270 3545 1686 3611 potestaspm-

55 3635 211 3690 mium
237 3634 293 3688 in
325 3632 533 3688 saecula
554 3631 1018 3701 saculorum.;Et
1047 3629 1168 3684 haec
1199 3629 1399 3684 dicens
1417 3628 1682 3700 angelus,

55 3739 179 3779 :um
213 3738 423 3794 magno
462 3720 766 3792 splendore
797 3719 1087 3774 discessit.
1120 3717 1318 3773 Palma
1353 3723 1548 3772 autem
1587 3717 1685 3772 illa

57 3811 303 3883 'ulgebat
335 3811 513 3865 nimia
547 3811 693 3864 luce.
727 3814 889 3863 Tunc
911 3807 1089 3862 Maria
1132 3823 1349 3862 exuens
1382 3821 1442 3860 se
1476 3806 1686 3876 priori-

58 3919 152 3956 )us
184 3899 567 3965 indumentis,
594 3898 785 3953 induit
817 3897 1074 3952 meliora.
1126 3897 1191 3950 Et
1242 3895 1533 3966 accipiens
1566 3895 1681 3968 pal-

58 4007 229 4055 nam,
253 4005 422 4060 quam
444 3994 782 4059 susceperat
815 3989 884 4042 de
905 4004 1075 4041 manu
1103 3985 1316 4057 angeli,
1341 4001 1574 4056 egressa
1597 3988 1688 4040 est

69 4098 100 4133 n
137 4083 392 4133 montem
427 4077 653 4143 Oliveti,
687 4083 742 4132 et
773 4077 948 4147 coepit
989 4091 1173 4140 orare,
1207 4083 1258 4128 et
1304 4074 1523 4129 dicere:
1557 4073 1682 4129 Non

59 4186 148 4238 ago
185 4169 405 4222 fueram
437 4167 631 4238 digna,
677 4165 943 4235 Domine,
995 4163 1293 4234 suscipere
1349 4168 1424 4228 te,
1478 4162 1591 4217 nisi
1625 4171 1679 4217 tu

62 4257 319 4312 nisertus
347 4257 563 4313 fuisses
586 4258 691 4310 mei
724 4274 736 4321 ;
764 4255 860 4310 sed
897 4259 1088 4310 tamen
1105 4269 1209 4324 ego
1242 4251 1527 4308 custodivi
1559 4251 1682 4306 the-

61 4362 284 4401 =aurum
316 4351 504 4412 tuum,
547 4362 717 4414 quem
751 4343 1168 4399 commendasti
1230 4342 1396 4396 mihi.
1430 4342 1682 4410 Ideoque

63 4441 172 4488 lr-to
204 4440 337 4505 ate,
372 4435 487 4489 Rex
522 4434 738 4505 glorias,
775 4437 837 4486 ut
868 4449 984 4487 non
1019 4437 1223 4486 noceat
1247 4430 1389 4484 mihi
1426 4434 1682 4500 potestas

63 4524 335 4594 gehennae.
372 4524 432 4579 Si
462 4523 618 4578 enim
648 4523 776 4578 cmli
808 4528 863 4577 et
904 4521 1093 4592 angeli
1154 4525 1287 4574 ante
1336 4525 1390 4574 te
1421 4523 1682 4573 tremunt

63 4612 325 4685 luotidie,
349 4617 566 4684 quanto
601 4611 788 4683 magis
811 4610 983 4666 homo
1002 4610 1070 4663 de
1101 4614 1255 4663 terra
1284 4607 1574 4673 conditus,
1594 4605 1686 4662 cui

65 4702 193 4757 nihil
225 4701 440 4757 residet
470 4701 604 4756 boni
629 4743 642 4768 ,
676 4699 787 4754 nisi
845 4704 1130 4768 quantum
1180 4696 1467 4766 acceperit
1523 4713 1556 4750 a
1585 4700 1684 4750 tua

65 4793 318 4847 lenitate.
346 4791 427 4846 Tu
462 4806 524 4845 es
556 4790 712 4844 enim
755 4789 1038 4843 Dominus
1073 4789 1218 4841 Deus
1250 4801 1478 4854 semper
1507 4785 1681 4838 bene-

77 4882 232 4935 ictus
264 4881 321 4934 in
353 4877 599 4934 saecula!
634 4881 702 4933 Et
735 4894 868 4933 cum
893 4878 1015 4932 haec
1046 4876 1306 4943 dixisset,
1343 4890 1568 4929 reversa
1597 4881 1684 4928 est

67 4988 93 5024 n
121 4969 440 5040 hospitium
475 4984 669 5024 suum.

693 5111 920 5168 CAPUT
949 5111 1039 5168 IV.

115 5242 180 5293 Et
208 5254 336 5294 ecce
367 5237 585 5305 subito,
618 5237 759 5291 dum
792 5237 1135 5308 praedicaret
1190 5235 1398 5290 beatus
1427 5233 1680 5290 Joannes

71 5348 98 5385 n
135 5329 381 5401 Epheso,
413 5328 507 5382 die
554 5325 878 5392 Dominica,
919 5323 1063 5379 hora
1116 5323 1230 5379 diei
1275 5323 1464 5392 tertia,
1514 5329 1682 5378 terrae

71 5423 236 5474 notus
260 5419 446 5472 factus
469 5419 557 5470 est
575 5431 822 5485 magnus
845 5417 934 5481 ;et
964 5413 1149 5468 nubes
1179 5412 1424 5467 elevavit
1449 5429 1607 5482 eum,
1629 5420 1682 5468 et

76 5507 296 5578 uscepit
327 5521 458 5560 eum
495 5505 567 5560 ab
607 5503 791 5560 oculis
837 5502 1126 5566 omnium,
1167 5504 1224 5555 et
1275 5500 1518 5555 adduxit
1548 5516 1681 5557 eum

77 5601 171 5651 nte
198 5595 414 5650 ostium
446 5593 677 5659 domus,
711 5590 810 5646 ubi
842 5595 963 5644 erat
1001 5589 1161 5659 virgo
1201 5586 1448 5657 Deipara
1476 5590 1676 5644 Maria.

73 5687 110 5742 ιι
136 5684 372 5758 pulsans
397 5682 639 5748 ostium,
681 5679 880 5736 statim
912 5678 1214 5748 ingressus
1253 5683 1360 5734 est.
1419 5679 1561 5734 Cum
1593 5679 1679 5735 vi-

1717 4575 1764 4640 D

1811 571 1868 626 in
1902 571 2138 641 gaudio,
2170 577 2226 625 et
2248 571 2431 627 dixit:
2466 571 2623 642 Rogo
2679 577 2750 637 te,
2787 571 2869 624 ﬁli
2906 571 3182 641 Joannes,
3234 589 3460 628 memor

1812 664 1938 716 esto
1968 661 2276 715 verborum
2310 659 2539 715 Domini
2583 659 2718 715 Jesu
2747 659 2983 729 Christi,
3041 661 3308 733 magistri
3349 660 3455 730 tui,

1810 748 2023 820 quibus
2057 766 2150 804 me.
2182 749 2614 804 commendavit
2646 748 2770 803 tibi.
2805 750 2948 804 Ecce
2979 749 3135 805 enim
3171 750 3262 805 die
3288 751 3458 807 tertio

1809 839 2631 910 discessurasumdecorpore
2659 838 2886 905 ;audivi
2917 847 3108 894 autem
3143 838 3455 896 consilium

1807 927 2146 984 Judaaorum
2177 928 2538 982 dicentium:
2565 930 2976 997 Exspectemus
3009 927 3186 996 diem,
3221 930 3455 999 quando

1809 1017 2090 1072 moriatur
2121 1033 2249 1086 quae
2275 1015 2521 1087 portavit
2551 1015 2714 1070 illum
2741 1017 3131 1080 seductorem,
3163 1021 3219 1072 et
3243 1033 3455 1088 corpus

1805 1109 1935 1178 ejus
1965 1107 2537 1178 ignicomburamus.
2572 1106 2810 1161 Vocavit
2851 1123 2987 1178 ergo
3011 1111 3274 1161 sanctum
3309 1123 3447 1178 apo-

1805 1197 2023 1251 stolum
2056 1196 2782 1262 Joannem,etintroduxit
2812 1213 2942 1250 eum
2980 1197 3037 1250 in
3072 1196 3448 1250 secretarium

1802 1287 2034 1354 domus,
2068 1291 2125 1340 et
2153 1286 2476 1340 ostenditei
2508 1286 2918 1341 vestimentum
2955 1284 3268 1354 sepulturae
3300 1303 3440 1351 sum,

1802 1380 1858 1430 et
1889 1374 2141 1446 palmam
2169 1374 2328 1429 illam
2371 1375 2638 1442 luminis,
2685 1391 2858 1445 quam
2910 1381 3208 1444 acceperat
3239 1373 3310 1429 ab
3342 1390 3444 1430 an-

1801 1464 1946 1535 gelo,
1984 1480 2341 1535 prazmonens
2391 1479 2525 1518 eum
2559 1468 2622 1518 ut
2675 1464 2834 1518 illam
2892 1465 3102 1518 faceret
3151 1463 3285 1517 ferri
3318 1467 3450 1518 ante

1801 1552 2012 1608 lectum
2040 1569 2235 1620 suum,
2266 1569 2398 1607 cum
2422 1553 2730 1609 duceretur
2751 1554 2820 1608 ad
2843 1551 3230 1624 sepulturam,
3262 1557 3316 1606 et
3340 1551 3449 1606 iret

1802 1641 1874 1696 ad
1909 1645 2376 1696 monumentum.

2454 1768 2687 1823 CAPUT
2723 1768 2779 1823 V.

1870 1891 1969 1945 Cui
2021 1891 2222 1946 beatus
2250 1895 2307 1946 et
2354 1891 2604 1947 dilectus
2660 1893 2958 1962 apostolus
3013 1891 3270 1946 Joannes
3324 1891 3444 1946 ait:

1798 1981 2098 2044 Quomodo
2155 1998 2261 2053 ego
2320 1982 2480 2037 solus
2513 1983 2727 2053 parabo
2786 1983 2911 2048 tibi,
2974 1982 3235 2047 Domina,
3282 1997 3446 2037 exse-

1799 2071 2131 2142 quias;uisi
2164 2071 2425 2126 venerint
2455 2071 2662 2125 fratres
2687 2072 2821 2136 mei,
2845 2071 3118 2141 discipuli
3145 2077 3203 2126 et.
3234 2087 3446 2142 coapo-

1798 2160 1932 2216 stoli
1974 2160 2202 2214 Domini
2267 2162 2446 2215 nostri
2505 2161 2646 2216 Jesu
2677 2162 2916 2229 Christi,
2953 2163 3021 2216 ad
3083 2163 3442 2218 reddendum

1798 2249 2074 2305 honorem
2127 2248 2472 2320 corpusculo
2505 2254 2603 2303 tuo
2627 2249 2654 2303 ‘I
2700 2251 2767 2303 Et
2798 2250 3013 2305 factum
3046 2256 3170 2305 est:
3217 2257 3272 2304 et
3310 2267 3442 2307 ecce

1798 2339 2014 2407 subito,
2034 2355 2136 2410 per
2165 2339 2476 2412 imperium
2510 2339 2632 2407 Dei,
2656 2357 2860 2394 omnes
2893 2341 3144 2411 apostoli
3174 2342 3243 2394 de
3277 2341 3440 2408 locis,

1798 2431 1855 2486 in
1883 2433 2097 2503 quibus
2127 2433 2517 2504 praedicabant
2541 2434 2780 2486 verbum
2808 2432 2930 2500 Dei,
2963 2432 3166 2488 elevati
3200 2434 3255 2487 in
3291 2435 3444 2488 nube

1797 2521 1945 2591 rapti
1979 2526 2138 2589 sunt,
2172 2526 2230 2576 et
2259 2521 2511 2592 depositi
2543 2526 2674 2575 ante
2712 2522 2925 2576 ostium
2959 2521 3171 2578 domus
3242 2523 3300 2577 in
3335 2541 3448 2593 qua

1797 2610 2099 2666 habitabat
2131 2611 2306 2666 Maria
2358 2611 2583 2666 Domini
2635 2615 2832 2676 Mater,
2895 2616 2950 2666 et
3008 2612 3334 2669 salutantes
3379 2630 3439 2669 se

1796 2699 2068 2766 invicem,
2104 2699 2488 2768 mirabantur,
2522 2699 2815 2754 dicentes:
2851 2703 2981 2765 Quae
3013 2716 3188 2756 causa
3217 2707 3324 2769 est,
3371 2704 3443 2758 ob

1795 2805 1972 2859 quam
2031 2788 2312 2843 Dominus
2359 2804 2464 2841 nos
2511 2787 2605 2841 hic
2669 2788 2723 2841 in
2777 2804 2959 2842 unum
3013 2791 3445 2860 congregavit?

1791 2878 2036 2932 Advenit
2067 2883 2261 2934 autem
2295 2893 2427 2931 cum
2458 2877 2542 2932 eis
2584 2875 2820 2941 Paulus,
2864 2893 2934 2930 ex
2989 2877 3433 2936 circumcisione

1794 2983 2132 3031 conversus,
2172 2967 2275 3036 qui
2301 2969 2641 3038 assumptus
2694 2967 2880 3021 fuerat
2917 2983 3051 3020 cum
3087 2967 3348 3023 Barnaba
3380 2969 3438 3024 in

1795 3055 2184 3114 ministerium
2226 3056 2508 3127 gentium.
2541 3054 2807 3125 Cumque
2837 3055 2990 3110 inter
3037 3072 3132 3110 eos
3161 3061 3315 3112 esset
3346 3057 3441 3129 pia

1795 3145 2112 3212 contentio,
2146 3145 2279 3216 quis
2301 3161 2369 3198 ex
2393 3144 2477 3198 eis
2502 3143 2658 3214 prior
2688 3152 2874 3198 oraret
2909 3145 2979 3199 ad
3013 3144 3351 3212 Dominum,
3377 3150 3441 3202 ut

1715 3208 1757 3274 Ο
1797 3208 2129 3291 ostenderet
2161 3208 2276 3288 illis
2299 3208 2533 3288 causam
2560 3233 2847 3304 ipsorum,
2879 3237 2936 3287 et
2959 3233 3156 3287 Petrus
3190 3208 3434 3290 Paulum

1794 3325 2144 3391 hortaretur,
2181 3327 2244 3377 ut
2275 3323 2432 3393 prior
2471 3326 2683 3390 oraret,
2718 3321 2928 3376 Paulus
2990 3322 3308 3393 respondit,
3342 3323 3432 3378 di-

1794 3429 1970 3469 cens:
2003 3416 2189 3468 Tuum
2217 3419 2306 3468 est
2335 3413 2490 3467 istud
2515 3411 2792 3475 ofﬁcium,
2828 3411 3081 3481 primum
3131 3411 3427 3481 inchoare,

1796 3501 2046 3557 maxime
2075 3518 2207 3558 cum
2233 3501 2315 3557 sis
2345 3500 2562 3556 electus
2601 3518 2633 3555 a
2686 3501 2801 3556 Deo
2839 3499 3110 3556 columna
3140 3500 3428 3573 Ecclesiae,

1793 3596 1850 3646 et
1881 3595 1939 3645 tu
1974 3589 2253 3661 praecedis
2285 3606 2487 3645 omnes
2526 3590 2584 3643 in
2610 3589 2936 3660 apostolatu
2963 3608 2978 3658 ;
3013 3606 3207 3646 meum
3232 3595 3427 3646 autem

1793 3681 2070 3748 minime;
2099 3696 2232 3735 nam
2263 3696 2367 3750 ego
2401 3678 2681 3733 minimus
2706 3695 2836 3734 sum
2870 3680 3136 3734 omnium
3169 3684 3426 3735 vestrum

1792 3774 1848 3824 et
1879 3773 2158 3837 tanquam
2192 3765 2448 3821 abortivo
2480 3765 2640 3820 visus
2690 3772 2779 3820 est
2811 3765 2954 3821 mihi
2991 3767 3275 3836 Christus,
3325 3783 3430 3824 nec

1793 3873 1882 3913 me
1906 3856 2070 3911 vobis
2102 3871 2328 3926 aequare
2358 3871 2665 3926 praesumo,
2713 3860 2907 3910 tamen
2944 3858 3130 3925 gratia
3161 3856 3262 3911 Dei
3295 3873 3427 3911 sum

1790 3944 1846 3998 id
1881 3945 2037 4015 quod
2070 3959 2223 3998 sum.

2427 4049 2662 4104 CAPUT
2698 4051 2788 4106 VI.

1859 4166 2021 4221 Tunc
2043 4182 2246 4220 omnes
2277 4165 2523 4236 apostoli
2545 4169 2864 4237 gaudentes
2897 4185 3072 4240 super
3103 4165 3430 4222 humilitate

1793 4256 2819 4324 Pauli,unanimitereonsummaveru
2833 4265 2893 4314 nt
2911 4261 3225 4314 orationem
3241 4275 3403 4313 suam
3416 4301 3429 4314 .

1791 4347 2001 4400 Etcum
2021 4345 2190 4400 finem
2214 4345 2796 4411 orationisfecissent,
2813 4347 3188 4403 etdixissont.
3224 4349 3427 4414 Amen,

1790 4451 1919 4488 ecce
1951 4433 2146 4487 subito
2165 4435 2318 4488 venit
2349 4434 2413 4487 ad
2449 4433 2676 4488 eosDeo
2699 4436 2913 4505 dignus
2933 4436 3229 4506 apostolus
3257 4437 3429 4492 Joan-

1796 4539 1919 4587 nes,
1952 4528 2009 4577 ει
2040 4523 2414 4578 indicaviteis
2436 4523 2634 4578 omnia
2665 4523 2805 4577 haec.
2837 4525 3092 4595 lngressi
3125 4541 3260 4596 ergo
3292 4542 3431 4596 apo-

1795 4611 1926 4666 stoli
1966 4613 2227 4675 domum,
2275 4611 2623 4666 invenerunt
2678 4614 2914 4667 Matrem
2970 4612 3200 4668 Domini
3252 4615 3432 4668 nostri

1796 4699 2058 4765 Mariam,
2099 4704 2153 4754 et
2184 4700 2584 4754 salutaverunt
2605 4716 2732 4755 eam
2775 4701 3075 4756 dicentes:
3126 4701 3434 4758 Benedicta

1795 4794 1856 4843 tu
1908 4805 1940 4842 a
1977 4789 2238 4853 Domino,
2269 4788 2370 4858 qui
2419 4789 2550 4844 fecit
2581 4788 2790 4844 caelum
2845 4793 2901 4843 et
2949 4794 3182 4844 terram.
3215 4789 3435 4852 Quibus

1794 4877 1895 4931 illa
1924 4878 2042 4933 ait:
2102 4877 2208 4932 Pax
2245 4878 2542 4932 vobiscum
2575 4880 2673 4943 sit,
2735 4879 2940 4933 fratres
2979 4877 3144 4932 electi
3177 4895 3208 4932 a
3237 4877 3433 4934 Domi-

1794 4972 1985 5036 no;et
2017 4967 2391 5038 interrogavit
2425 4983 2526 5022 eos
2557 4968 2794 5023 dicens:
2845 4967 3144 5031 Quomodo
3189 4967 3302 5025 huc
3348 4985 3435 5024 ve-

1791 5055 1962 5111 nistis
1987 5056 2014 5109 ‘I
2039 5055 2144 5122 Qui
2177 5054 2330 5110 illico
2365 5061 2742 5112 narraverunt
2792 5057 2863 5124 ei,
2926 5057 3219 5128 quomodo
3259 5074 3438 5114 unus-

1791 5144 2040 5215 quisque
2062 5159 2129 5198 ex
2162 5143 2306 5214 ipsis
2339 5161 2370 5199 a
2398 5144 2613 5213 Spiritu
2661 5143 2758 5199 Dei
2789 5145 3046 5200 elevatus
3089 5145 3145 5199 in
3183 5147 3358 5216 nube,
3379 5151 3437 5202 et

1791 5234 2089 5302 depositus
2122 5233 2335 5287 ibidem
2386 5232 2778 5288 advenissent.
2821 5233 3044 5296 Quibus
3081 5233 3210 5303 ipsa
3240 5235 3424 5291 dixit:

1790 5321 2071 5378 Dominus
2102 5339 2201 5377 vos
2231 5322 2345 5377 huc
2395 5323 2636 5378 adduxit
2666 5323 2725 5376 in
2784 5321 3062 5377 solatium
3122 5323 3425 5379 ferendum

1791 5413 2102 5484 angustiis,
2137 5431 2260 5483 qua:
2293 5419 2546 5469 venturae
2578 5417 2716 5467 sunt
2757 5413 2922 5467 mihi.
2975 5412 3140 5468 Nunc
3168 5430 3302 5484 ergo
3334 5415 3430 5470 de-

1791 5518 1991 5572 precor
2021 5519 2144 5571 vos,
2180 5509 2242 5558 ut
2271 5503 2396 5558 sine
2429 5501 2860 5558 intermissione
2889 5517 3091 5557 omnes
3143 5504 3433 5560 unanimi-

1791 5596 1877 5645 ter
1907 5589 2233 5661 vigilemus,
2259 5609 2442 5663 usque
2475 5595 2528 5647 in
2553 5591 2708 5648 illam
2731 5591 2956 5659 horam,
2987 5609 3104 5662 qua
3152 5591 3432 5650 Dominus

1790 5684 2070 5736 venturus
2101 5685 2210 5750 est,
2243 5686 2298 5738 et
2319 5698 2423 5753 ego
2450 5683 2520 5739 de
2537 5696 2774 5752 corpore
2806 5679 2914 5735 hoc
2945 5696 3078 5736 sum
3112 5695 3428 5740 recessura.
