3922 6304
412 359 567 420 1235

1046 483 1283 540 CAPUT
1315 481 1441 537 VII.

489 605 756 669 Cumque
775 593 1201 658 consedissent,
1227 595 1284 646 et
1305 588 1674 646 consolantes
1696 603 1846 652 eam,
1869 585 2064 641 triduo

421 695 486 746 in
521 688 620 745 Dei
653 686 930 742 laudibus
962 680 1375 752 perstitissent,
1431 694 1562 734 ecce
1593 675 1686 731 die
1715 676 1885 731 tertia
1917 676 2069 729 circa

422 781 622 835 horam
657 775 888 831 tertiam
907 772 1474 841 diei,superomnes,
1501 767 1598 837 qui
1629 770 1793 821 erant
1814 765 1872 819 in
1897 764 2069 819 domo

421 867 522 923 illa
553 869 789 936 repente
821 878 996 933 sopor
1026 858 1215 926 irruit,
1248 861 1305 912 et
1329 855 1526 911 nullus
1560 854 1798 909 omnino
1827 854 2070 924 vigilare

423 956 637 1029 potuit,
671 951 786 1008 nisi
819 950 924 1006 soli
957 946 1222 1019 apostoli,
1254 952 1310 1001 et
1338 951 1456 1000 tres
1509 943 1916 999 tantummodo
1947 944 2070 996 vir-

425 1045 612 1116 gines,
635 1057 762 1111 quae
793 1054 967 1093 sacrae
1023 1035 1246 1107 Virgini
1307 1034 1550 1089 comites
1591 1037 1773 1087 erant.
1835 1035 1902 1085 Et
1942 1046 2074 1086 ecce

429 1132 622 1187 subito
654 1129 885 1184 advenit
915 1125 1199 1180 Dominus
1221 1125 1391 1179 Jesus
1417 1138 1544 1176 cum
1579 1137 1792 1192 magna
1814 1119 2077 1175 multitu-

429 1222 563 1276 dine
578 1218 942 1289 angelorum,
963 1224 1013 1270 et
1038 1214 1315 1284 splendor
1348 1227 1595 1282 magnus
1618 1211 1675 1264 in
1692 1209 1882 1264 locum
1909 1208 2075 1263 illum

431 1309 754 1376 descendit,
798 1315 850 1360 et
881 1307 1048 1358 erant
1101 1302 1289 1373 angeli
1351 1302 1632 1372 hymnum
1687 1300 1964 1364 dicentes,
2024 1303 2079 1352 et

433 1397 833 1454 collaudantes
864 1393 1198 1448 Dominum.
1225 1395 1384 1444 Tunc
1415 1391 1675 1444 Salvator
1719 1388 1948 1444 locutus
1994 1392 2081 1442 est

435 1487 633 1542 dicens
661 1502 672 1538 :
700 1483 856 1552 Veni,
889 1482 1072 1537 electa
1105 1496 1252 1548 mea,
1288 1478 1713 1550 pretiosissima
1743 1477 2079 1550 margarita,

433 1576 590 1630 intra
618 1573 676 1627 in
711 1569 1141 1643 receptaculum
1172 1569 1304 1624 vitae
1334 1576 1578 1624 aeternae.

1059 1706 1289 1760 CAPUT
1333 1705 1474 1760 VIII.

1463 349 1526 407 S.
1575 342 1875 406 MELITO
1920 340 2286 405 SARDIUM
2328 332 2774 396 EPISCOPUS.

2089 478 2142 543 Α
2176 473 2391 542 Marias,
2423 474 2480 527 et
2511 469 2776 524 laverunt
2805 465 2952 520 illud
2982 465 3254 519 funerum
3315 475 3502 518 more.
3564 461 3833 531 Cumque

3675 325 3832 386 1236

2173 563 2472 618 exuissent
2502 558 2662 613 illam
2678 556 2941 612 vestibus
2972 554 3132 610 suis:
3168 569 3400 608 sacrum
3435 567 3660 622 corpus
3688 550 3831 603 illud

2173 659 2336 708 tanta
2363 649 2626 705 claritate
2659 643 3041 714 respleuduit,
3077 653 3136 698 ut
3164 643 3320 714 tangi
3355 641 3601 712 quidem
3636 646 3831 710 posset

2177 759 2280 814 pro
2312 736 2803 809 obsequio,videri
2835 742 3028 790 autem
3059 732 3282 804 species
3314 748 3429 801 prie
3483 729 3678 784 nimia
3709 729 3834 783 lues

2177 833 2543 896 coruscante,
2577 842 2691 881 non
2723 829 2920 896 posset
2945 827 3034 891 ;et
3062 821 3340 892 splendor
3394 818 3680 890 apparuit
3710 834 3830 870 ma-

2179 939 2350 992 gnus,
2384 925 2439 974 et
2469 917 2612 972 nihil
2638 915 3022 979 sentiebatur,
3073 913 3210 965 dum
3272 909 3577 964 lavaretur
3625 924 3837 976 corpus

2180 1007 2658 1071 mundissimum,
2691 1009 2747 1058 et
2788 1002 2946 1057 nullo
2994 1001 3235 1056 horrore
3282 997 3476 1054 sordis
3524 998 3835 1052 infectum.

2181 1099 2444 1167 Cumque
2461 1094 2775 1149 vestisscnt
2799 1106 2924 1145 eam
2960 1088 3155 1144 linteis
3187 1092 3244 1142 et
3287 1086 3671 1141 indumentis
3697 1101 3838 1139 mor-

2181 1187 2422 1246 talibus,
2460 1181 2738 1254 paulatim
2766 1179 2867 1233 lux
2905 1178 3007 1232 illa
3050 1177 3306 1230 evanuit.
3370 1178 3436 1227 Et
3473 1178 3605 1228 erat
3662 1172 3838 1226 facies

2183 1277 2364 1330 beatae
2393 1270 2702 1327 Genitricis
2735 1267 3041 1324 DeiMariaa
3074 1265 3286 1321 similis
3318 1264 3571 1318 floribus
3615 1261 3757 1326 lilii,
3790 1266 3839 1314 et

2184 1366 2326 1420 odor
2355 1362 2660 1418 suavitatis
2686 1375 2909 1430 magna;
2941 1356 3344 1428 egrediebatur
3374 1370 3444 1408 ex
3477 1352 3667 1422 ea,ita
3694 1357 3755 1404 ut
3793 1349 3838 1403 ei

2186 1454 2395 1512 similis
2427 1450 2680 1508 suavitas
2703 1445 2948 1502 inveniri
2973 1445 3134 1500 nulla
3157 1451 3368 1516 posset.

2824 1552 3052 1608 CAPUT
3091 1551 3184 1605 XI.

2260 1669 2424 1723 Tunc
2451 1658 3576 1735 igitursanctumcorpusimposuerunt
3607 1655 3844 1717 feretro,

2192 1761 2580 1826 dixeruntque
2602 1755 2670 1809 ad
2727 1754 2973 1807 invicem
3019 1748 3311 1818 apostoli:
3365 1748 3508 1811 Quis
3583 1745 3844 1815 palmam

507 1819 671 1913 Tque
704 1817 886 1872 Maria
917 1815 1329 1913 P’9F‘FM’iE“
1458 1812 1805 1913 Pawmemo’
1831 1811 2082 1913 “9”?”
2115 1850 2158 1913 Β
2364 1811 2500 1902 ante
2522 1849 2796 1899 feretrum
2831 1841 2960 1912 ejus
3019 1811 3270 1910 portabit
3293 1838 3319 1892 ?
3378 1838 3547 1892 Tune
3584 1811 3845 1891 doannes

434 1909 768 1973 Dominum,
817 1922 943 1976 quae
976 1904 1117 1958 dixit
1153 1920 1165 1957 :
1220 1902 1592 1957 Benedictum
1649 1917 1859 1956 nomen
1887 1899 2082 1972 gloriaa

432 2005 567 2064 tuae,
597 1995 836 2052 Domine
862 2001 1015 2051 Deus
1047 2009 1232 2056 meus,
1285 1993 1386 2063 qui
1431 1992 1705 2062 dignatus
1748 2008 1806 2045 es
1853 2006 1944 2045 me
1974 1990 2084 2044 hu-

434 2087 741 2142 millimam
776 2085 1048 2140 ancillam
1081 2089 1242 2137 tuam
1271 2083 1506 2166 eligere,
1562 2087 1618 2136 et
1664 2098 1944 2136 arcanum
2000 2079 2086 2134 tui

441 2175 704 2247 mysterii
753 2173 898 2228 mihi
959 2173 1392 2227 commendart.
1466 2171 1687 2226 Memor
1731 2170 1908 2242 igitur
1962 2173 2086 2225 esto

439 2264 575 2319 mei.
612 2268 725 2318 Rex
755 2261 972 2334 gloriae.
1007 2261 1094 2314 Tu
1127 2260 1281 2314 enim
1315 2259 1429 2314 scis
1489 2259 1625 2329 quia
1668 2260 1728 2314 in
1760 2263 1881 2313 toto
1915 2259 2088 2314 corde

442 2369 570 2406 meo
604 2350 778 2406 dilexi
829 2354 905 2417 te,
963 2353 1018 2405 et
1049 2349 1334 2404 custodivi
1380 2347 1723 2403 thesaurum
1772 2364 1804 2402 a
1844 2351 1900 2402 te
1941 2348 2086 2402 mihi

440 2440 747 2496 creditum.
799 2437 1042 2508 Suscipe
1083 2437 1280 2507 itaque
1330 2453 1443 2505 me,
1497 2438 1756 2503 Domine,
1815 2436 2085 2492 ancillam

440 2536 626 2594 tuam,
657 2532 714 2582 et
743 2527 926 2582 libera
957 2543 1049 2582 me
1072 2544 1104 2580 a
1132 2531 1413 2596 potestate
1437 2526 1828 2592 tenebrarum,
1867 2530 1931 2580 ut
1963 2525 2090 2580 nul-

441 2619 535 2674 lus
557 2619 780 2673 Satanas
811 2616 1068 2687 impetus
1097 2620 1360 2670 occurrat
1415 2614 1578 2684 mihi,
1614 2631 1716 2670 nec
1750 2615 1971 2670 videam
2014 2619 2092 2670 te-

442 2714 567 2764 tros
597 2707 841 2778 spiritus
871 2710 1267 2762 occursantes.
1309 2706 1412 2760 Cui
1441 2705 1704 2760 Salvator
1745 2705 2047 2775 respondit
2073 2729 2087 2761 :

439 2800 582 2853 Cum
616 2813 725 2870 ego
750 2797 969 2852 missus
1003 2813 1032 2850 a
1056 2796 1221 2850 Patre
1255 2811 1356 2867 pro
1390 2797 1574 2851 salute
1609 2795 1812 2850 mundi
1845 2793 2089 2850 fuissem

443 2903 769 2957 suspensus
801 2886 860 2940 in
892 2902 1083 2952 cruce,
1135 2886 1205 2940 ad
1241 2902 1333 2940 me
1394 2885 1662 2956 princeps
1711 2886 2087 2940 tenebrarum

444 2978 620 3045 venit,
645 2975 748 3031 sed
780 2976 920 3030 dum
954 2974 1182 3030 nullum
1218 2974 1308 3030 sui
1342 2974 1400 3029 in
1436 2990 1524 3029 me
1555 2975 1746 3044 operis
1775 2974 2089 3042 vestigium

436 3065 696 3120 invenire
729 3063 1050 3135 praevaluit,
1085 3065 1272 3119 victus
1303 3069 1359 3119 et
1379 3063 1751 3120 conculcatus
1781 3063 2086 3118 abscessit.

437 3154 590 3222 Vidi,
623 3157 760 3208 ettu
793 3170 929 3224 ergo
954 3153 1181 3208 videbis
1207 3170 1339 3207 eum
1367 3153 1600 3221 quidem
1632 3152 1928 3207 communi
1963 3152 2091 3222 lege

445 3241 684 3297 humani
720 3241 970 3312 generis,
1016 3257 1116 3312 per
1157 3258 1331 3312 quam
1379 3241 1606 3296 sortii-is
1655 3241 1829 3295 ﬁnem
1866 3241 2090 3307 mortis,

447 3348 654 3387 nocere
684 3335 885 3386 autem
917 3347 1035 3386 non
1063 3331 1275 3400 poterit
1304 3330 1434 3396 tibi,
1468 3332 1606 3402 quia
1631 3331 1777 3387 nihil
1809 3333 1868 3386 in
1901 3337 1956 3388 te
1987 3333 2098 3387 ba-

449 3421 566 3485 bet,
600 3425 656 3474 et
687 3421 825 3490 quia
871 3423 1066 3474 tecum
1099 3436 1255 3487 sum,
1289 3426 1354 3475 ut
1384 3436 1580 3475 eruam
1613 3429 1686 3477 te.
1749 3422 1887 3476 Veni
1918 3422 2098 3491 igitur

444 3515 569 3582 jam
605 3526 830 3578 secura,
864 3511 1003 3580 quia
1029 3514 1323 3581 exspectat
1345 3515 1399 3566 te
1429 3509 1680 3565 ccelestis
1711 3511 1838 3564 vitae
1862 3510 2092 3578 militia,

454 3605 518 3653 ut
542 3605 595 3652 te
616 3598 981 3654 introducam
1008 3597 1068 3652 in
1090 3597 1346 3668 paradisi
1372 3599 1604 3669 gaudia.
1632 3603 1704 3654 Et
1727 3598 1847 3652 haec
1870 3599 2094 3652 dicente

449 3686 721 3756 Domino,
754 3703 1074 3758 exsurgens
1100 3687 1441 3743 beatissima
1469 3686 1642 3758 Virgo
1674 3689 1744 3743 de
1768 3689 2096 3759 pavimento

449 3777 720 3834 accubuit
746 3794 920 3848 super
950 3778 1163 3832 lectum
1199 3794 1398 3844 suum,
1431 3783 1485 3833 et
1515 3779 1730 3850 gratias
1775 3795 1951 3848 agens
1984 3779 2096 3834 Do-

453 3866 606 3922 mino
638 3867 774 3937 Deo,
827 3867 1019 3922 emisit
1049 3867 1343 3940 spiritum.
1390 3867 1676 3922 Viderunt
1720 3875 1914 3923 autem
1967 3884 2099 3939 apo-

449 3957 582 4012 stoli
619 3961 846 4011 tantum
885 3955 1033 4011 lucis
1064 3960 1398 4022 candorem,
1432 3962 1496 4011 ut
1539 3955 1704 4011 nulla
1759 3956 2093 4012 mortalium

451 4046 656 4118 lingua
679 4046 855 4118 digne
898 4045 1082 4116 possit
1111 4045 1294 4100 eﬂ‘ari.
1336 4044 1617 4100 Vincebat
1674 4045 1827 4099 enim
1865 4062 2094 4100 omnem

451 4135 760 4190 candorem
786 4134 960 4201 nivis,
991 4139 1048 4189 et
1095 4135 1348 4190 universi
1387 4134 1626 4202 metalli,
1659 4139 1715 4189 et
1745 4137 1969 4206 argenti
2002 4152 2093 4189 ra-

451 4223 667 4280 diantis
695 4239 906 4294 magna
936 4223 1218 4278 claritate.

1082 4329 1313 4384 CAPUT
1351 4331 1453 4385 1X.

524 4437 689 4491 Tunc
717 4435 973 4492 Salvator
1000 4436 1236 4492 loeutus
1257 4441 1365 4507 est,
1398 4437 1638 4493 dicens:
1672 4438 1874 4510 Surge,
1913 4439 2094 4506 Petre,

455 4530 515 4578 tu
540 4528 596 4579 et
617 4523 824 4595 reliqui
857 4525 1128 4596 apostoli,
1151 4531 1208 4581 et
1237 4542 1449 4598 corpus
1480 4527 1671 4582 Mariae
1701 4526 1924 4582 dilectae
1956 4544 2095 4583 meae
2127 4547 2174 4610 ι)

455 4614 722 4685 accipite,
756 4619 813 4668 et
841 4614 1058 4670 deferte
1089 4615 1232 4669 illud
1264 4617 1323 4668 in
1365 4615 1661 4670 dexteram
1703 4621 1926 4688 partem
1959 4616 2095 4671 civi-

454 4702 593 4756 tatis
625 4703 695 4756 ad
727 4702 1030 4773 orientem,
1063 4707 1120 4757 et
1149 4702 1454 4758 invenietis
1502 4709 1952 4759 monumentum
1994 4719 2098 4759 no-

455 4807 617 4859 vum,
639 4792 699 4846 in
715 4809 828 4864 quo
859 4800 1138 4863 ponentes
1156 4808 1304 4861 eam,
1326 4798 1654 4862 exspectate
1667 4794 1849 4849 donec
1870 4794 2095 4849 veniam

458 4881 533 4937 ad
561 4898 681 4937 vos.
717 4882 784 4935 Et
814 4882 933 4936 hac
965 4881 1162 4936 dicens
1221 4882 1502 4937 Dominus
1554 4883 1793 4938 tradidit
1837 4883 2096 4938 animam

459 4975 675 5026 sanctae
706 4971 908 5025 matris
939 4975 1148 5026 nostras
1173 4971 1384 5038 Marias,
1437 4971 1702 5027 Michaeli
1748 4971 2096 5043 archangelo

459 5076 587 5125 suo,
621 5059 721 5130 qui
746 5067 834 5115 est
851 5061 1193 5132 praepositus
1219 5061 1496 5131 paradisi,
1519 5067 1576 5116 et
1605 5063 1877 5133 princeps
1905 5062 2094 5134 gentis

456 5149 832 5205 Hebraeorum
859 5166 872 5204 :
905 5154 964 5203 et
992 5149 1220 5205 Gabriel
1261 5149 1646 5222 archangelus
1682 5152 1806 5207 ibat
1841 5169 1976 5206 cum
2007 5169 2094 5207 ea.

454 5237 743 5295 Dominus
775 5241 969 5293 autem
1017 5238 1278 5294 Salvator
1307 5243 1506 5294 noster
1561 5239 1762 5295 statim
1792 5240 1851 5295 in
1887 5239 2098 5298 caelum

458 5343 591 5384 eum
630 5327 855 5398 angelis
890 5332 1154 5399 receptus
1185 5334 1292 5382 est.

1117 5433 1349 5489 CAPUT
1379 5434 1442 5491 X.

530 5544 674 5598 Tres
705 5545 900 5598 autem
932 5541 1186 5612 virgines
1236 5559 1361 5613 quae
1403 5543 1619 5600 ibidem
1650 5549 1837 5617 erant,
1871 5549 1927 5602 et
1956 5547 2099 5619 vigi-

460 5629 697 5698 labant;
731 5635 1117 5701 susceperunt
1172 5647 1383 5701 corpus
1444 5632 1795 5691 beatissima:
1840 5637 2130 5716 parentis.

2194 1939 2363 1995 aitad
2397 1937 2664 1992 Petrum:
2697 1939 2778 1988 Tu
2804 1933 2903 2004 qui
2936 1930 3212 2003 praecedis
3247 1946 3352 1984 nos
3381 1929 3441 1982 in
3476 1925 3842 1998 apostolatu,

2197 2030 2370 2083 debes
2403 2025 2656 2097 palmam
2692 2023 2842 2077 hanc
2873 2028 3004 2076 ante
3031 2021 3305 2075 feretrum
3335 2015 3548 2072 merito
3563 2015 3846 2070 ferre.Cui

2195 2119 2399 2172 Petrus
2429 2113 2732 2184 respondit
2767 2130 2778 2167 :
2813 2112 2899 2165 Tu
2932 2110 3092 2165 solus
3122 2125 3190 2164 ex
3222 2107 3390 2162 nobis
3424 2107 3598 2175 virgo
3630 2121 3700 2159 es
3740 2105 3852 2158 ele-

2196 2211 2382 2261 ctusa
2411 2201 2656 2258 Domino
2690 2217 2702 2253 :
2738 2209 2790 2255 et
2838 2205 3057 2254 tantam
3120 2197 3368 2268 gratiam
3430 2195 3742 2258 invenisti,
3792 2198 3848 2245 ut

2196 2310 2371 2363 super
2399 2297 2602 2364 pectus
2625 2292 2756 2361 ejus
2809 2288 3198 2344 reeumberes.
3229 2287 3476 2355 Insuper
3506 2285 3660 2338 dum
3731 2284 3850 2352 ipse

2199 2401 2300 2456 pro
2332 2381 2519 2437 salute
2555 2389 2744 2435 nostra
2775 2378 2831 2432 in
2866 2376 3053 2432 crucis
3084 2375 3282 2447 stipite
3324 2374 3636 2445 penderet,
3707 2371 3849 2425 hanc

2199 2472 2303 2527 tibi
2333 2488 2431 2526 ore
2462 2469 2694 2541 proprie
2753 2465 3204 2522 commendavit.
3255 2464 3341 2517 Tu
3391 2462 3574 2531 igitur
3624 2470 3850 2531 portam

2199 2564 2375 2618 debes
2407 2560 2558 2616 hanc
2593 2558 2870 2630 palmam,
2903 2559 2960 2610 et
2975 2570 3077 2624 ego
3109 2552 3426 2622 suscipiam
3449 2551 3519 2605 ad
3549 2550 3847 2605 sustinen-

2199 2653 2340 2707 dum
2374 2653 2812 2706 sacrosanctum
2849 2645 2955 2699 hoc
2979 2652 3033 2698 et
3061 2642 3387 2698 venerabile
3418 2657 3638 2712 corpus
3675 2654 3850 2709 usque

2200 2743 2268 2796 ad
2296 2741 2484 2796 locum
2518 2734 2904 2793 monumenti.
2934 2732 3036 2788 Cui
3071 2730 3284 2787 Paulus
3313 2731 3393 2785 ait
3422 2747 3435 2785 :
3470 2730 3542 2784 Et
3591 2745 3706 2800 ego
3762 2729 3849 2798 qui

2197 2831 2397 2904 junior
2440 2845 2572 2884 sum
2629 2825 2892 2880 omnium
2952 2825 3235 2891 vestrum,
3295 2819 3538 2890 portabo
3635 2823 3846 2872 tecum-

2200 2925 2459 2992 Cumque
2492 2915 2929 2973 consensissent
2978 2928 3196 2968 omnes.
3264 2916 3463 2966 Petrus
3556 2909 3797 2965 elevans
3826 2926 3854 2961 a

2201 3008 2387 3079 capite
2446 3006 2719 3060 feretrum
2780 3000 2956 3070 coepit
3001 2999 3265 3069 psallere,
3321 3003 3377 3053 et
3429 2999 3671 3053 dicere:
3708 2997 3852 3050 Exit!

2201 3098 2374 3154 Israel
2403 3096 2468 3152 de
2497 3096 2744 3164 Afgyplo,
2777 3088 3046 3145 Alleluia.
3079 3089 3419 3145 Sustinebat
3477 3093 3691 3141 autem
3728 3102 3848 3141 cum

2121 3201 2164 3266 ί]
2204 3205 2269 3243 eo
2304 3187 2537 3256 Paulus,
2572 3200 2801 3241 sacrum
2833 3189 3010 3242 beatae
3070 3201 3302 3256 semper
3354 3179 3603 3251 virginis
3673 3176 3850 3234 Maria

2204 3294 2438 3349 corpus,
2470 3282 2525 3331 et
2572 3276 2831 3332 Joannes
2889 3281 3025 3331 ante
3056 3276 3331 3330 feretrum
3359 3266 3722 3341 praeferebat
3754 3262 3852 3336 pal-

2206 3385 2356 3424 mam
2389 3367 2650 3424 luminis.
2681 3367 2879 3422 Ceteri
2911 3383 3045 3422 vero
3077 3361 3324 3436 apostoli
3357 3357 3707 3430 psallebant
3736 3368 3852 3409 voce

2203 3473 2574 3514 suav1331ma.

2803 3565 3037 3622 CAPUT
3113 3562 3238 3616 XII.

2271 3681 2339 3733 Et
2373 3693 2502 3734 ecce
2523 3693 2739 3732 novum
2772 3675 2992 3730 factum
3020 3675 3109 3727 est
3141 3664 3513 3724 miraculum.
3575 3661 3851 3734 Apparuit

2203 3767 2357 3822 enim
2391 3783 2603 3823 corona
2642 3764 2814 3820 nubis
2857 3778 3035 3833 super
3087 3762 3361 3815 feretrum
3399 3770 3622 3825 magna
3674 3750 3848 3814 valde,

2202 3859 2654 3928 sicutapparere
2677 3855 2824 3910 solet
2852 3866 3101 3922 magnus
3135 3845 3390 3904 circulus
3432 3845 3614 3914 juxta
3649 3839 3842 3913 splen-

2203 3947 2403 4002 dorem
2439 3948 2608 4001 lunae.
2641 3945 2710 3999 Et
2732 3941 3073 4013 angelorum
3105 3937 3388 3993 exercitus
3422 3933 3654 4001 eratin
3685 3932 3846 3985 nubi-

2203 4033 2634 4103 bus,canticum
2667 4029 2971 4086 suavitatis
3013 4023 3503 4090 emittentium,et
3537 4019 3847 4074 resonabat

2203 4131 2360 4180 terra
2389 4124 2582 4180 sonitu
2603 4121 2930 4177 dulcedinis
2964 4133 3208 4189 magna.
3233 4115 3395 4169 Tunc
3458 4124 3752 4181 egressus
3792 4107 3849 4159 de

2203 4215 2434 4270 civitate
2461 4213 2712 4284 pepulus
2745 4211 2861 4264 fere
2893 4206 3229 4278 quindecim
3267 4201 3450 4256 millia
3512 4200 3848 4259 hominum,

2204 4303 2588 4369 mirabantur,
2620 4300 2878 4355 dicentes
2909 4315 2927 4352 :
2958 4296 3097 4359 Quis
3123 4298 3212 4349 est
3235 4291 3464 4347 sonitus
3492 4295 3678 4344 tanta:
3731 4304 3849 4342 sua-

2203 4393 2443 4450 vitatis?
2473 4394 2634 4448 Tunc
2665 4389 2822 4446 stetit
2853 4403 3027 4456 unus,
3065 4385 3168 4456 qui
3215 4384 3428 4438 diceret
3473 4380 3636 4435 illis:
3686 4381 3850 4434 Maria

2205 4485 2386 4539 Mater
2415 4483 2556 4536 Jesu
2589 4480 2726 4534 exiit
2745 4479 2915 4533 modo
2949 4477 3018 4530 de
3050 4490 3306 4546 corpore,
3332 4477 3385 4526 et
3409 4470 3699 4541 discipuli
3730 4473 3847 4526 Jesu

2207 4574 2361 4628 circa
2379 4587 2508 4627 eam
2537 4570 2743 4625 laudes
2774 4569 2996 4622 dicunt.
3038 4565 3104 4620 Et
3151 4561 3530 4634 respicientes
3584 4561 3848 4615 viderunt

2207 4665 2549 4717 coronatum
2577 4657 2769 4713 feretri
2794 4653 3068 4710 lectulum
3103 4668 3317 4724 magna
3373 4647 3589 4722 gloria,
3623 4655 3686 4705 et
3733 4666 3848 4720 ape-

2206 4751 2384 4807 stolos
2415 4751 2714 4804 cantantes
2745 4761 2880 4801 voce
2912 4758 3141 4814 magna.
3174 4741 3238 4796 Et
3268 4756 3398 4796 ecce
3425 4756 3583 4794 unus
3620 4757 3694 4794 ex
3726 4739 3845 4804 illis,

2205 4839 2304 4911 qui
2327 4842 2451 4894 erat
2481 4837 2753 4909 princeps
2785 4833 3152 4889 sacerdotum
3184 4829 3518 4886 Judteorum
3548 4828 3616 4883 in
3662 4829 3849 4884 οτάιαε

2205 4946 2310 4984 suo
2342 4926 2599 4998 repletus
2631 4929 2718 4980 est
2750 4924 2943 4978 furore
2969 4927 3024 4976 et
3054 4921 3160 4988 ira,
3192 4925 3248 4976 et
3278 4919 3420 4975 dixit
3453 4919 3526 4973 ad
3563 4919 3846 4990 reliquiis:

2206 5019 2345 5073 Ecce
2377 5012 2822 5070 tabernaculum
2858 5011 3016 5066 illius
3047 5011 3146 5081 qui
3180 5027 3284 5065 nos
3309 5006 3578 5065 turbavit
3623 5017 3846 5066 etemue

2205 5123 2390 5178 genus
2422 5109 2714 5172 nostrum,
2755 5101 2988 5172 qualem
3016 5100 3262 5171 gloriam
3318 5116 3476 5155 nunc
3501 5103 3769 5175 accipit?
3800 5099 3847 5152 Et

2205 5196 2490 5252 accedens
2546 5192 2729 5248 voluit
2757 5196 3007 5247 evertere
3056 5191 3355 5257 feretrum,
3403 5197 3463 5245 et
3514 5207 3743 5264 corpus
3790 5190 3843 5244 ad

2206 5289 2415 5341 terram
2449 5281 2718 5352 dejicere.
2755 5283 2820 5334 Et
2852 5279 3048 5335 statim
3079 5283 3357 5334 aruerunt
3388 5295 3612 5335 manus
3676 5283 3799 5352 ejus
3824 5295 3846 5331 ε

2207 5374 2436 5440 cubitis,
2471 5375 2528 5427 et
2556 5370 2926 5426 adhaeserunt
2957 5367 3191 5424 lectulo.
3223 5371 3290 5421 Et
3320 5366 3703 5425 elevantibus
3737 5384 3846 5439 ape-

2210 5461 2376 5518 stolis
2408 5462 2709 5527 feretrum,
2743 5475 2877 5528 pars
2900 5457 3027 5527 ejus
3061 5458 3371 5529 pendebat,
3399 5462 3458 5512 et
3503 5474 3652 5528 pars
3686 5459 3842 5514 hisre-

2209 5551 2396 5607 batad
2429 5547 2626 5604 feretri
2655 5545 2956 5616 lectulum,
3012 5550 3069 5601 et
3127 5546 3516 5616 torquebatur
3569 5546 3836 5620 supplicis

2207 5639 2556 5710 vehementi,
2590 5636 3032 5694 ambulantibus
3064 5635 3430 5709 apostolis,et
3459 5638 3838 5709 psallentibus
