  <div class='ocr_page' id='page_1' title='image "/cluster/home/n/w/nwhite01/storage/ocr_20150623/5/pst.000005711819/628.png"; bbox 0 0 3922 6304; ppageno 0'>
   <div class='ocr_carea' id='block_1_1' title="bbox 78 401 259 460">
    <p class='ocr_par' dir='ltr' id='par_1_1' title="bbox 78 401 259 460">
     <span class='ocr_line' id='line_1_1' title="bbox 78 401 259 460; baseline 0.006 -2"><span class='ocrx_word' id='word_1_1' title='bbox 78 401 259 460; x_wconf 74' lang='grc'><strong>1237</strong></span> 
     </span>
    </p>
   </div>
   <div class='ocr_carea' id='block_1_2' title="bbox 1633 399 1952 461">
    <p class='ocr_par' dir='ltr' id='par_1_2' title="bbox 1633 399 1952 461">
     <span class='ocr_line' id='line_1_2' title="bbox 1633 399 1952 461; baseline -0.006 -1"><span class='ocrx_word' id='word_1_2' title='bbox 1633 399 1952 461; x_wconf 84' lang='lat' dir='ltr'><strong>SPURIA.</strong></span> 
     </span>
    </p>
   </div>
   <div class='ocr_carea' id='block_1_3' title="bbox 3358 399 3513 460">
    <p class='ocr_par' dir='ltr' id='par_1_3' title="bbox 3358 399 3513 460">
     <span class='ocr_line' id='line_1_3' title="bbox 3358 399 3513 460; baseline -0.006 -1"><span class='ocrx_word' id='word_1_3' title='bbox 3358 399 3513 460; x_wconf 73' lang='grc'><strong>1238</strong></span> 
     </span>
    </p>
   </div>
   <div class='ocr_carea' id='block_1_4' title="bbox 83 531 3509 604">
    <p class='ocr_par' dir='ltr' id='par_1_4' title="bbox 83 531 3509 604">
     <span class='ocr_line' id='line_1_4' title="bbox 83 531 3509 604; baseline -0.001 -14"><span class='ocrx_word' id='word_1_4' title='bbox 83 534 383 590; x_wconf 91' lang='lat' dir='ltr'><strong>Domino:</strong></span> <span class='ocrx_word' id='word_1_5' title='bbox 407 554 433 582; x_wconf 86' lang='lat'><strong>«</strong></span> <span class='ocrx_word' id='word_1_6' title='bbox 452 533 647 602; x_wconf 71' lang='grc' dir='ltr'><strong>Ληρειί</strong></span> <span class='ocrx_word' id='word_1_7' title='bbox 668 547 793 588; x_wconf 81' lang='lat' dir='ltr'><strong>vero</strong></span> <span class='ocrx_word' id='word_1_8' title='bbox 813 532 1086 604; x_wconf 78' lang='lat' dir='ltr'><strong>quierant</strong></span> <span class='ocrx_word' id='word_1_9' title='bbox 1114 531 1178 587; x_wconf 77' lang='lat' dir='ltr'><strong>in</strong></span> <span class='ocrx_word' id='word_1_10' title='bbox 1205 534 1350 588; x_wconf 81' lang='lat' dir='ltr'><strong>nube</strong></span> <span class='ocrx_word' id='word_1_11' title='bbox 1373 536 1756 603; x_wconf 72' lang='lat' dir='ltr'><strong>percusserunt</strong></span> <span class='ocrx_word' id='word_1_12' title='bbox 1783 537 1838 602; x_wconf 73' lang='grc' dir='ltr'><strong>Α</strong></span> <span class='ocrx_word' id='word_1_13' title='bbox 1867 547 2020 588; x_wconf 87' lang='lat' dir='ltr'><strong>mam</strong></span> <span class='ocrx_word' id='word_1_14' title='bbox 2058 547 2234 604; x_wconf 82' lang='lat' dir='ltr'><strong>super</strong></span> <span class='ocrx_word' id='word_1_15' title='bbox 2263 533 2461 587; x_wconf 90' lang='lat' dir='ltr'><strong>oculos</strong></span> <span class='ocrx_word' id='word_1_16' title='bbox 2493 547 2718 598; x_wconf 90' lang='lat' dir='ltr'><strong>eorum,</strong></span> <span class='ocrx_word' id='word_1_17' title='bbox 2747 536 3090 603; x_wconf 85' lang='lat' dir='ltr'><strong>receperunt</strong></span> <span class='ocrx_word' id='word_1_18' title='bbox 3128 531 3340 589; x_wconf 90' lang='lat' dir='ltr'><strong>visum.</strong></span> <span class='ocrx_word' id='word_1_19' title='bbox 3367 534 3509 596; x_wconf 86' lang='lat' dir='ltr'><strong>Qui-</strong></span> 
     </span>
    </p>
   </div>
   <div class='ocr_carea' id='block_1_5' title="bbox 85 625 667 697">
    <p class='ocr_par' dir='ltr' id='par_1_5' title="bbox 85 625 667 697">
     <span class='ocr_line' id='line_1_5' title="bbox 85 625 667 697; baseline 0.002 -16"><span class='ocrx_word' id='word_1_20' title='bbox 85 625 375 697; x_wconf 81' lang='lat' dir='ltr'><strong>papulum</strong></span> <span class='ocrx_word' id='word_1_21' title='bbox 402 626 667 682; x_wconf 67' lang='lat' dir='ltr'><strong>comitate.</strong></span> 
     </span>
    </p>
   </div>
   <div class='ocr_carea' id='block_1_6' title="bbox 727 728 1143 784">
    <p class='ocr_par' dir='ltr' id='par_1_6' title="bbox 727 728 1143 784">
     <span class='ocr_line' id='line_1_6' title="bbox 727 728 1143 784; baseline 0.005 -2"><span class='ocrx_word' id='word_1_22' title='bbox 727 728 958 784; x_wconf 90' lang='lat' dir='ltr'><strong>CAPUT</strong></span> <span class='ocrx_word' id='word_1_23' title='bbox 999 728 1143 784; x_wconf 83' lang='lat' dir='ltr'><strong>XIII.</strong></span> 
     </span>
    </p>
   </div>
   <div class='ocr_carea' id='block_1_7' title="bbox 175 833 1759 909">
    <p class='ocr_par' dir='ltr' id='par_1_7' title="bbox 175 833 1759 909">
     <span class='ocr_line' id='line_1_7' title="bbox 175 833 1759 909; baseline -0.002 -16"><span class='ocrx_word' id='word_1_24' title='bbox 175 838 347 893; x_wconf 90' lang='lat' dir='ltr'><strong>Tunc</strong></span> <span class='ocrx_word' id='word_1_25' title='bbox 371 836 642 909; x_wconf 81' lang='lat' dir='ltr'><strong>princeps</strong></span> <span class='ocrx_word' id='word_1_26' title='bbox 667 834 762 890; x_wconf 92' lang='lat' dir='ltr'><strong>ille</strong></span> <span class='ocrx_word' id='word_1_27' title='bbox 785 833 1076 891; x_wconf 86' lang='lat' dir='ltr'><strong>clamabat</strong></span> <span class='ocrx_word' id='word_1_28' title='bbox 1105 835 1306 891; x_wconf 89' lang='lat' dir='ltr'><strong>dicens</strong></span> <span class='ocrx_word' id='word_1_29' title='bbox 1340 853 1352 892; x_wconf 90' lang='lat'><strong>:</strong></span> <span class='ocrx_word' id='word_1_30' title='bbox 1381 835 1663 907; x_wconf 83' lang='lat' dir='ltr'><strong>Deprecor</strong></span> <span class='ocrx_word' id='word_1_31' title='bbox 1684 838 1759 901; x_wconf 91' lang='lat' dir='ltr'><strong>te,</strong></span> 
     </span>
    </p>
   </div>
   <div class='ocr_carea' id='block_1_8' title="bbox 96 924 1762 996">
    <p class='ocr_par' dir='ltr' id='par_1_8' title="bbox 96 924 1762 996">
     <span class='ocr_line' id='line_1_8' title="bbox 96 924 1762 996; baseline -0.002 -13"><span class='ocrx_word' id='word_1_32' title='bbox 96 928 324 983; x_wconf 87' lang='lat' dir='ltr'><strong>dilecte</strong></span> <span class='ocrx_word' id='word_1_33' title='bbox 356 927 470 981; x_wconf 92' lang='lat' dir='ltr'><strong>Deo</strong></span> <span class='ocrx_word' id='word_1_34' title='bbox 494 929 680 992; x_wconf 90' lang='lat' dir='ltr'><strong>Petre,</strong></span> <span class='ocrx_word' id='word_1_35' title='bbox 731 937 803 979; x_wconf 91' lang='lat' dir='ltr'><strong>ne</strong></span> <span class='ocrx_word' id='word_1_36' title='bbox 835 939 928 980; x_wconf 86' lang='lat' dir='ltr'><strong>me</strong></span> <span class='ocrx_word' id='word_1_37' title='bbox 958 924 1246 996; x_wconf 83' lang='lat' dir='ltr'><strong>despicias</strong></span> <span class='ocrx_word' id='word_1_38' title='bbox 1280 925 1338 979; x_wconf 92' lang='lat' dir='ltr'><strong>in</strong></span> <span class='ocrx_word' id='word_1_39' title='bbox 1371 929 1526 980; x_wconf 85' lang='lat' dir='ltr'><strong>tanta</strong></span> <span class='ocrx_word' id='word_1_40' title='bbox 1559 941 1762 980; x_wconf 85' lang='lat' dir='ltr'><strong>neces-</strong></span> 
     </span>
    </p>
   </div>
   <div class='ocr_carea' id='block_1_9' title="bbox 97 1017 1766 1090">
    <p class='ocr_par' dir='ltr' id='par_1_9' title="bbox 97 1017 1766 1090">
     <span class='ocr_line' id='line_1_9' title="bbox 97 1017 1766 1090; baseline -0.002 -14"><span class='ocrx_word' id='word_1_41' title='bbox 97 1021 310 1086; x_wconf 84' lang='lat' dir='ltr'><strong>sitate,</strong></span> <span class='ocrx_word' id='word_1_42' title='bbox 343 1019 481 1090; x_wconf 86' lang='lat' dir='ltr'><strong>quia</strong></span> <span class='ocrx_word' id='word_1_43' title='bbox 510 1019 816 1072; x_wconf 82' lang='lat' dir='ltr'><strong>tormentis</strong></span> <span class='ocrx_word' id='word_1_44' title='bbox 837 1019 1068 1087; x_wconf 85' lang='lat' dir='ltr'><strong>magnis</strong></span> <span class='ocrx_word' id='word_1_45' title='bbox 1092 1017 1319 1073; x_wconf 91' lang='lat' dir='ltr'><strong>crucior</strong></span> <span class='ocrx_word' id='word_1_46' title='bbox 1335 1017 1520 1072; x_wconf 82' lang='lat' dir='ltr'><strong>valde.</strong></span> <span class='ocrx_word' id='word_1_47' title='bbox 1543 1018 1766 1073; x_wconf 83' lang='lat' dir='ltr'><strong>Memor</strong></span> 
     </span>
    </p>
   </div>
   <div class='ocr_carea' id='block_1_10' title="bbox 99 1105 1761 1180">
    <p class='ocr_par' dir='ltr' id='par_1_10' title="bbox 99 1105 1761 1180">
     <span class='ocr_line' id='line_1_10' title="bbox 99 1105 1761 1180; baseline -0.001 -15"><span class='ocrx_word' id='word_1_48' title='bbox 99 1113 238 1166; x_wconf 84' lang='lat' dir='ltr'><strong>esto</strong></span> <span class='ocrx_word' id='word_1_49' title='bbox 259 1110 412 1180; x_wconf 91' lang='lat' dir='ltr'><strong>quod</strong></span> <span class='ocrx_word' id='word_1_50' title='bbox 438 1109 674 1179; x_wconf 84' lang='lat' dir='ltr'><strong>quando</strong></span> <span class='ocrx_word' id='word_1_51' title='bbox 696 1108 754 1162; x_wconf 91' lang='lat' dir='ltr'><strong>in</strong></span> <span class='ocrx_word' id='word_1_52' title='bbox 781 1107 1048 1178; x_wconf 78' lang='lat' dir='ltr'><strong>praetorio</strong></span> <span class='ocrx_word' id='word_1_53' title='bbox 1089 1105 1301 1162; x_wconf 89' lang='lat' dir='ltr'><strong>ancilla</strong></span> <span class='ocrx_word' id='word_1_54' title='bbox 1333 1108 1572 1163; x_wconf 90' lang='lat' dir='ltr'><strong>ostiaria</strong></span> <span class='ocrx_word' id='word_1_55' title='bbox 1601 1112 1656 1162; x_wconf 88' lang='lat' dir='ltr'><strong>te</strong></span> <span class='ocrx_word' id='word_1_56' title='bbox 1680 1123 1761 1163; x_wconf 91' lang='lat' dir='ltr'><strong>re-</strong></span> 
     </span>
    </p>
   </div>
   <div class='ocr_carea' id='block_1_11' title="bbox 101 1191 1762 1266">
    <p class='ocr_par' dir='ltr' id='par_1_11' title="bbox 101 1191 1762 1266">
     <span class='ocr_line' id='line_1_11' title="bbox 101 1191 1762 1266; baseline -0.003 -12"><span class='ocrx_word' id='word_1_57' title='bbox 101 1198 405 1266; x_wconf 76' lang='lat' dir='ltr'><strong>cognovit,</strong></span> <span class='ocrx_word' id='word_1_58' title='bbox 456 1201 512 1250; x_wconf 90' lang='lat' dir='ltr'><strong>et</strong></span> <span class='ocrx_word' id='word_1_59' title='bbox 553 1195 697 1250; x_wconf 87' lang='lat' dir='ltr'><strong>dixit</strong></span> <span class='ocrx_word' id='word_1_60' title='bbox 743 1195 986 1262; x_wconf 74' lang='lat' dir='ltr'><strong>casteria,</strong></span> <span class='ocrx_word' id='word_1_61' title='bbox 1021 1191 1603 1251; x_wconf 87' lang='lat' dir='ltr'><strong>utcalumnlarentur</strong></span> <span class='ocrx_word' id='word_1_62' title='bbox 1632 1193 1762 1262; x_wconf 84' lang='lat' dir='ltr'><strong>tibi,</strong></span> 
     </span>
    </p>
   </div>
   <div class='ocr_carea' id='block_1_12' title="bbox 103 1284 1764 1357">
    <p class='ocr_par' dir='ltr' id='par_1_12' title="bbox 103 1284 1764 1357">
     <span class='ocr_line' id='line_1_12' title="bbox 103 1284 1764 1357; baseline -0.001 -15"><span class='ocrx_word' id='word_1_63' title='bbox 103 1295 252 1342; x_wconf 90' lang='lat' dir='ltr'><strong>tunc</strong></span> <span class='ocrx_word' id='word_1_64' title='bbox 285 1302 391 1357; x_wconf 85' lang='lat' dir='ltr'><strong>ego</strong></span> <span class='ocrx_word' id='word_1_65' title='bbox 414 1285 647 1340; x_wconf 91' lang='lat' dir='ltr'><strong>locutus</strong></span> <span class='ocrx_word' id='word_1_66' title='bbox 668 1301 800 1340; x_wconf 88' lang='lat' dir='ltr'><strong>sum</strong></span> <span class='ocrx_word' id='word_1_67' title='bbox 826 1301 928 1354; x_wconf 90' lang='lat' dir='ltr'><strong>pro</strong></span> <span class='ocrx_word' id='word_1_68' title='bbox 961 1288 1016 1338; x_wconf 93' lang='lat' dir='ltr'><strong>te</strong></span> <span class='ocrx_word' id='word_1_69' title='bbox 1037 1284 1384 1340; x_wconf 90' lang='lat' dir='ltr'><strong>bona.Tuno</strong></span> <span class='ocrx_word' id='word_1_70' title='bbox 1403 1285 1764 1356; x_wconf 86' lang='lat' dir='ltr'><strong>respondens</strong></span> 
     </span>
    </p>
   </div>
   <div class='ocr_carea' id='block_1_13' title="bbox 100 1371 1762 1440">
    <p class='ocr_par' dir='ltr' id='par_1_13' title="bbox 100 1371 1762 1440">
     <span class='ocr_line' id='line_1_13' title="bbox 100 1371 1762 1440; baseline -0.003 -8"><span class='ocrx_word' id='word_1_71' title='bbox 100 1379 320 1433; x_wconf 82' lang='lat' dir='ltr'><strong>Petrus</strong></span> <span class='ocrx_word' id='word_1_72' title='bbox 345 1376 425 1430; x_wconf 85' lang='lat' dir='ltr'><strong>ait</strong></span> <span class='ocrx_word' id='word_1_73' title='bbox 456 1391 470 1429; x_wconf 87' lang='lat'><strong>:</strong></span> <span class='ocrx_word' id='word_1_74' title='bbox 507 1375 627 1428; x_wconf 88' lang='lat' dir='ltr'><strong>Non</strong></span> <span class='ocrx_word' id='word_1_75' title='bbox 652 1378 740 1428; x_wconf 90' lang='lat' dir='ltr'><strong>est</strong></span> <span class='ocrx_word' id='word_1_76' title='bbox 772 1389 966 1428; x_wconf 91' lang='lat' dir='ltr'><strong>meum</strong></span> <span class='ocrx_word' id='word_1_77' title='bbox 998 1371 1267 1427; x_wconf 80' lang='lat' dir='ltr'><strong>auxiliari</strong></span> <span class='ocrx_word' id='word_1_78' title='bbox 1301 1372 1406 1427; x_wconf 86' lang='lat' dir='ltr'><strong>tibi</strong></span> <span class='ocrx_word' id='word_1_79' title='bbox 1433 1387 1447 1440; x_wconf 90' lang='lat'><strong>;</strong></span> <span class='ocrx_word' id='word_1_80' title='bbox 1481 1373 1530 1427; x_wconf 90' lang='lat' dir='ltr'><strong>si</strong></span> <span class='ocrx_word' id='word_1_81' title='bbox 1568 1377 1762 1428; x_wconf 90' lang='lat' dir='ltr'><strong>autem</strong></span> 
     </span>
    </p>
   </div>
   <div class='ocr_carea' id='block_1_14' title="bbox 104 1461 1764 1531">
    <p class='ocr_par' dir='ltr' id='par_1_14' title="bbox 104 1461 1764 1531">
     <span class='ocr_line' id='line_1_14' title="bbox 104 1461 1764 1531; baseline -0.002 -11"><span class='ocrx_word' id='word_1_82' title='bbox 104 1463 433 1520; x_wconf 84' lang='lat' dir='ltr'><strong>credideris</strong></span> <span class='ocrx_word' id='word_1_83' title='bbox 456 1467 576 1517; x_wconf 87' lang='lat' dir='ltr'><strong>toto</strong></span> <span class='ocrx_word' id='word_1_84' title='bbox 594 1462 766 1517; x_wconf 89' lang='lat' dir='ltr'><strong>corde</strong></span> <span class='ocrx_word' id='word_1_85' title='bbox 795 1462 855 1517; x_wconf 90' lang='lat' dir='ltr'><strong>in</strong></span> <span class='ocrx_word' id='word_1_86' title='bbox 879 1461 1190 1516; x_wconf 86' lang='lat' dir='ltr'><strong>Dominum</strong></span> <span class='ocrx_word' id='word_1_87' title='bbox 1217 1461 1420 1516; x_wconf 87' lang='lat' dir='ltr'><strong>Jesum</strong></span> <span class='ocrx_word' id='word_1_88' title='bbox 1442 1461 1764 1531; x_wconf 85' lang='lat' dir='ltr'><strong>Christum,</strong></span> 
     </span>
    </p>
   </div>
   <div class='ocr_carea' id='block_1_15' title="bbox 108 1549 1764 1625">
    <p class='ocr_par' dir='ltr' id='par_1_15' title="bbox 108 1549 1764 1625">
     <span class='ocr_line' id='line_1_15' title="bbox 108 1549 1764 1625; baseline -0.001 -17"><span class='ocrx_word' id='word_1_89' title='bbox 108 1570 296 1625; x_wconf 86' lang='lat' dir='ltr'><strong>quem</strong></span> <span class='ocrx_word' id='word_1_90' title='bbox 328 1553 386 1606; x_wconf 93' lang='lat' dir='ltr'><strong>in</strong></span> <span class='ocrx_word' id='word_1_91' title='bbox 419 1568 524 1607; x_wconf 89' lang='lat' dir='ltr'><strong>suo</strong></span> <span class='ocrx_word' id='word_1_92' title='bbox 556 1555 756 1606; x_wconf 91' lang='lat' dir='ltr'><strong>sancto</strong></span> <span class='ocrx_word' id='word_1_93' title='bbox 791 1554 953 1605; x_wconf 89' lang='lat' dir='ltr'><strong>utero</strong></span> <span class='ocrx_word' id='word_1_94' title='bbox 985 1549 1104 1604; x_wconf 76' lang='lat' dir='ltr'><strong>haec</strong></span> <span class='ocrx_word' id='word_1_95' title='bbox 1137 1551 1228 1605; x_wconf 90' lang='lat' dir='ltr'><strong>cui</strong></span> <span class='ocrx_word' id='word_1_96' title='bbox 1261 1549 1652 1606; x_wconf 88' lang='lat' dir='ltr'><strong>calumniatus</strong></span> <span class='ocrx_word' id='word_1_97' title='bbox 1678 1568 1764 1620; x_wconf 91' lang='lat' dir='ltr'><strong>es,</strong></span> 
     </span>
    </p>
   </div>
   <div class='ocr_carea' id='block_1_16' title="bbox 105 1639 1762 1714">
    <p class='ocr_par' dir='ltr' id='par_1_16' title="bbox 105 1639 1762 1714">
     <span class='ocr_line' id='line_1_16' title="bbox 105 1639 1762 1714; baseline 0.001 -19"><span class='ocrx_word' id='word_1_98' title='bbox 105 1642 295 1714; x_wconf 85' lang='lat' dir='ltr'><strong>Virgo</strong></span> <span class='ocrx_word' id='word_1_99' title='bbox 319 1639 588 1712; x_wconf 85' lang='lat' dir='ltr'><strong>portavit,</strong></span> <span class='ocrx_word' id='word_1_100' title='bbox 621 1643 678 1694; x_wconf 91' lang='lat' dir='ltr'><strong>et</strong></span> <span class='ocrx_word' id='word_1_101' title='bbox 726 1644 856 1708; x_wconf 85' lang='lat' dir='ltr'><strong>post</strong></span> <span class='ocrx_word' id='word_1_102' title='bbox 905 1644 1136 1710; x_wconf 87' lang='lat' dir='ltr'><strong>partum</strong></span> <span class='ocrx_word' id='word_1_103' title='bbox 1200 1639 1362 1710; x_wconf 86' lang='lat' dir='ltr'><strong>virgo</strong></span> <span class='ocrx_word' id='word_1_104' title='bbox 1417 1641 1762 1712; x_wconf 89' lang='lat' dir='ltr'><strong>permansit,</strong></span> 
     </span>
    </p>
   </div>
   <div class='ocr_carea' id='block_1_17' title="bbox 111 1727 1766 1800">
    <p class='ocr_par' dir='ltr' id='par_1_17' title="bbox 111 1727 1766 1800">
     <span class='ocr_line' id='line_1_17' title="bbox 111 1727 1766 1800; baseline -0.001 -14"><span class='ocrx_word' id='word_1_105' title='bbox 111 1730 429 1787; x_wconf 87' lang='lat' dir='ltr'><strong>clementia</strong></span> <span class='ocrx_word' id='word_1_106' title='bbox 460 1727 692 1784; x_wconf 90' lang='lat' dir='ltr'><strong>Domini</strong></span> <span class='ocrx_word' id='word_1_107' title='bbox 725 1732 781 1782; x_wconf 91' lang='lat' dir='ltr'><strong>et</strong></span> <span class='ocrx_word' id='word_1_108' title='bbox 809 1727 972 1798; x_wconf 88' lang='lat' dir='ltr'><strong>larga</strong></span> <span class='ocrx_word' id='word_1_109' title='bbox 1019 1728 1146 1798; x_wconf 86' lang='lat' dir='ltr'><strong>ejus</strong></span> <span class='ocrx_word' id='word_1_110' title='bbox 1186 1728 1390 1798; x_wconf 90' lang='lat' dir='ltr'><strong>pietas,</strong></span> <span class='ocrx_word' id='word_1_111' title='bbox 1423 1746 1548 1800; x_wconf 74' lang='lat' dir='ltr'><strong>quas</strong></span> <span class='ocrx_word' id='word_1_112' title='bbox 1581 1730 1766 1785; x_wconf 87' lang='lat' dir='ltr'><strong>salvat</strong></span> 
     </span>
    </p>
   </div>
   <div class='ocr_carea' id='block_1_18' title="bbox 109 1816 1758 1890">
    <p class='ocr_par' dir='ltr' id='par_1_18' title="bbox 109 1816 1758 1890">
     <span class='ocr_line' id='line_1_18' title="bbox 109 1816 1758 1890; baseline -0.001 -14"><span class='ocrx_word' id='word_1_113' title='bbox 109 1819 411 1889; x_wconf 88' lang='lat' dir='ltr'><strong>indignos,</strong></span> <span class='ocrx_word' id='word_1_114' title='bbox 447 1817 612 1873; x_wconf 87' lang='lat' dir='ltr'><strong>dabit</strong></span> <span class='ocrx_word' id='word_1_115' title='bbox 641 1817 748 1872; x_wconf 90' lang='lat' dir='ltr'><strong>tibi</strong></span> <span class='ocrx_word' id='word_1_116' title='bbox 767 1816 1133 1872; x_wconf 87' lang='lat' dir='ltr'><strong>salutem.Ad</strong></span> <span class='ocrx_word' id='word_1_117' title='bbox 1160 1819 1280 1873; x_wconf 72' lang='lat' dir='ltr'><strong>haec</strong></span> <span class='ocrx_word' id='word_1_118' title='bbox 1305 1817 1718 1890; x_wconf 88' lang='lat' dir='ltr'><strong>illerespondit</strong></span> <span class='ocrx_word' id='word_1_119' title='bbox 1745 1836 1758 1874; x_wconf 87' lang='lat'><strong>:</strong></span> 
     </span>
    </p>
   </div>
   <div class='ocr_carea' id='block_1_19' title="bbox 103 1895 1835 1979">
    <p class='ocr_par' dir='ltr' id='par_1_19' title="bbox 103 1895 1835 1979">
     <span class='ocr_line' id='line_1_19' title="bbox 103 1895 1835 1979; baseline -0.003 -15"><span class='ocrx_word' id='word_1_120' title='bbox 103 1909 390 1979; x_wconf 89' lang='lat' dir='ltr'><strong>Nunquid</strong></span> <span class='ocrx_word' id='word_1_121' title='bbox 425 1923 540 1961; x_wconf 91' lang='lat' dir='ltr'><strong>non</strong></span> <span class='ocrx_word' id='word_1_122' title='bbox 575 1906 870 1961; x_wconf 88' lang='lat' dir='ltr'><strong>credimus</strong></span> <span class='ocrx_word' id='word_1_123' title='bbox 900 1904 928 1958; x_wconf 85' lang='lat'><strong>?</strong></span> <span class='ocrx_word' id='word_1_124' title='bbox 958 1906 1060 1960; x_wconf 91' lang='lat' dir='ltr'><strong>sed</strong></span> <span class='ocrx_word' id='word_1_125' title='bbox 1112 1907 1252 1976; x_wconf 91' lang='lat' dir='ltr'><strong>quid</strong></span> <span class='ocrx_word' id='word_1_126' title='bbox 1283 1906 1588 1974; x_wconf 85' lang='lat' dir='ltr'><strong>faciemus,</strong></span> <span class='ocrx_word' id='word_1_127' title='bbox 1623 1908 1759 1978; x_wconf 89' lang='lat' dir='ltr'><strong>quia</strong></span> <span class='ocrx_word' id='word_1_128' title='bbox 1788 1895 1835 1959; x_wconf 89' lang='lat' dir='ltr'><strong>B</strong></span> 
     </span>
    </p>
   </div>
   <div class='ocr_carea' id='block_1_20' title="bbox 105 1993 1760 2067">
    <p class='ocr_par' dir='ltr' id='par_1_20' title="bbox 105 1993 1760 2067">
     <span class='ocr_line' id='line_1_20' title="bbox 105 1993 1760 2067; baseline -0.001 -14"><span class='ocrx_word' id='word_1_129' title='bbox 105 1997 394 2054; x_wconf 90' lang='lat' dir='ltr'><strong>inimicus</strong></span> <span class='ocrx_word' id='word_1_130' title='bbox 416 1993 661 2050; x_wconf 85' lang='lat' dir='ltr'><strong>humani</strong></span> <span class='ocrx_word' id='word_1_131' title='bbox 691 1994 920 2067; x_wconf 83' lang='lat' dir='ltr'><strong>generis</strong></span> <span class='ocrx_word' id='word_1_132' title='bbox 945 1996 1246 2050; x_wconf 66' lang='lat' dir='ltr'><strong>excaecavit</strong></span> <span class='ocrx_word' id='word_1_133' title='bbox 1275 1995 1448 2051; x_wconf 87' lang='lat' dir='ltr'><strong>corda</strong></span> <span class='ocrx_word' id='word_1_134' title='bbox 1475 2000 1760 2059; x_wconf 90' lang='lat' dir='ltr'><strong>nostra,et</strong></span> 
     </span>
    </p>
   </div>
   <div class='ocr_carea' id='block_1_21' title="bbox 108 2081 1760 2156">
    <p class='ocr_par' dir='ltr' id='par_1_21' title="bbox 108 2081 1760 2156">
     <span class='ocr_line' id='line_1_21' title="bbox 108 2081 1760 2156; baseline -0.001 -14"><span class='ocrx_word' id='word_1_135' title='bbox 108 2086 383 2143; x_wconf 82' lang='lat' dir='ltr'><strong>confusio</strong></span> <span class='ocrx_word' id='word_1_136' title='bbox 413 2085 640 2156; x_wconf 87' lang='lat' dir='ltr'><strong>operuit</strong></span> <span class='ocrx_word' id='word_1_137' title='bbox 677 2081 902 2138; x_wconf 90' lang='lat' dir='ltr'><strong>vultum</strong></span> <span class='ocrx_word' id='word_1_138' title='bbox 935 2091 1222 2152; x_wconf 85' lang='lat' dir='ltr'><strong>nostrum,</strong></span> <span class='ocrx_word' id='word_1_139' title='bbox 1265 2101 1334 2139; x_wconf 89' lang='lat' dir='ltr'><strong>ne</strong></span> <span class='ocrx_word' id='word_1_140' title='bbox 1379 2085 1760 2140; x_wconf 80' lang='lat' dir='ltr'><strong>confiteamur</strong></span> 
     </span>
    </p>
   </div>
   <div class='ocr_carea' id='block_1_22' title="bbox 111 2173 1762 2249">
    <p class='ocr_par' dir='ltr' id='par_1_22' title="bbox 111 2173 1762 2249">
     <span class='ocr_line' id='line_1_22' title="bbox 111 2173 1762 2249; baseline -0.001 -17"><span class='ocrx_word' id='word_1_141' title='bbox 111 2175 414 2249; x_wconf 88' lang='lat' dir='ltr'><strong>magnalia</strong></span> <span class='ocrx_word' id='word_1_142' title='bbox 431 2174 546 2241; x_wconf 92' lang='lat' dir='ltr'><strong>Dei,</strong></span> <span class='ocrx_word' id='word_1_143' title='bbox 572 2173 822 2228; x_wconf 82' lang='lat' dir='ltr'><strong>maxime</strong></span> <span class='ocrx_word' id='word_1_144' title='bbox 845 2191 977 2229; x_wconf 88' lang='lat' dir='ltr'><strong>cum</strong></span> <span class='ocrx_word' id='word_1_145' title='bbox 1004 2173 1115 2245; x_wconf 90' lang='lat' dir='ltr'><strong>ipsi</strong></span> <span class='ocrx_word' id='word_1_146' title='bbox 1134 2174 1539 2230; x_wconf 86' lang='lat' dir='ltr'><strong>malediximus</strong></span> <span class='ocrx_word' id='word_1_147' title='bbox 1561 2180 1762 2231; x_wconf 88' lang='lat' dir='ltr'><strong>contra</strong></span> 
     </span>
    </p>
   </div>
   <div class='ocr_carea' id='block_1_23' title="bbox 110 2261 1763 2334">
    <p class='ocr_par' dir='ltr' id='par_1_23' title="bbox 110 2261 1763 2334">
     <span class='ocr_line' id='line_1_23' title="bbox 110 2261 1763 2334; baseline -0.001 -14"><span class='ocrx_word' id='word_1_148' title='bbox 110 2264 417 2322; x_wconf 90' lang='lat' dir='ltr'><strong>Christum</strong></span> <span class='ocrx_word' id='word_1_149' title='bbox 471 2263 665 2334; x_wconf 85' lang='lat' dir='ltr'><strong>palam</strong></span> <span class='ocrx_word' id='word_1_150' title='bbox 719 2261 1084 2318; x_wconf 88' lang='lat' dir='ltr'><strong>clamantes:</strong></span> <span class='ocrx_word' id='word_1_151' title='bbox 1141 2262 1380 2332; x_wconf 77' lang='lat' dir='ltr'><strong>Sanguis</strong></span> <span class='ocrx_word' id='word_1_152' title='bbox 1435 2264 1555 2331; x_wconf 77' lang='lat' dir='ltr'><strong>eius</strong></span> <span class='ocrx_word' id='word_1_153' title='bbox 1599 2279 1763 2334; x_wconf 74' lang='lat' dir='ltr'><strong>super</strong></span> 
     </span>
    </p>
   </div>
   <div class='ocr_carea' id='block_1_24' title="bbox 110 2351 1762 2423">
    <p class='ocr_par' dir='ltr' id='par_1_24' title="bbox 110 2351 1762 2423">
     <span class='ocr_line' id='line_1_24' title="bbox 110 2351 1762 2423; baseline -0.001 -13"><span class='ocrx_word' id='word_1_154' title='bbox 110 2371 238 2421; x_wconf 82' lang='lat' dir='ltr'><strong>nos,</strong></span> <span class='ocrx_word' id='word_1_155' title='bbox 268 2362 320 2409; x_wconf 76' lang='lat' dir='ltr'><strong>et</strong></span> <span class='ocrx_word' id='word_1_156' title='bbox 345 2368 508 2423; x_wconf 81' lang='lat' dir='ltr'><strong>super</strong></span> <span class='ocrx_word' id='word_1_157' title='bbox 536 2353 682 2422; x_wconf 76' lang='lat' dir='ltr'><strong>ﬁlios</strong></span> <span class='ocrx_word' id='word_1_158' title='bbox 702 2354 911 2407; x_wconf 76' lang='lat' dir='ltr'><strong>nostra:</strong></span> <span class='ocrx_word' id='word_1_159' title='bbox 941 2353 1015 2421; x_wconf 81' lang='grc' dir='ltr'><strong>(α)</strong></span> <span class='ocrx_word' id='word_1_160' title='bbox 1048 2351 1254 2406; x_wconf 75' lang='lat' dir='ltr'><strong>PTunc</strong></span> <span class='ocrx_word' id='word_1_161' title='bbox 1277 2353 1572 2409; x_wconf 85' lang='lat' dir='ltr'><strong>Petrusait</strong></span> <span class='ocrx_word' id='word_1_162' title='bbox 1596 2371 1609 2407; x_wconf 91' lang='lat'>:</span> <span class='ocrx_word' id='word_1_163' title='bbox 1636 2353 1762 2408; x_wconf 65' lang='lat' dir='ltr'><strong>Haec</strong></span> 
     </span>
    </p>
   </div>
   <div class='ocr_carea' id='block_1_25' title="bbox 113 2440 1766 2514">
    <p class='ocr_par' dir='ltr' id='par_1_25' title="bbox 113 2440 1766 2514">
     <span class='ocr_line' id='line_1_25' title="bbox 113 2440 1766 2514; baseline -0.002 -14"><span class='ocrx_word' id='word_1_164' title='bbox 113 2443 454 2500; x_wconf 87' lang='lat' dir='ltr'><strong>maledictio</strong></span> <span class='ocrx_word' id='word_1_165' title='bbox 487 2441 558 2496; x_wconf 91' lang='lat' dir='ltr'><strong>iis</strong></span> <span class='ocrx_word' id='word_1_166' title='bbox 589 2440 730 2496; x_wconf 89' lang='lat' dir='ltr'><strong>solis</strong></span> <span class='ocrx_word' id='word_1_167' title='bbox 762 2441 1012 2508; x_wconf 87' lang='lat' dir='ltr'><strong>nocebit,</strong></span> <span class='ocrx_word' id='word_1_168' title='bbox 1045 2441 1145 2513; x_wconf 90' lang='lat' dir='ltr'><strong>qui</strong></span> <span class='ocrx_word' id='word_1_169' title='bbox 1190 2441 1456 2497; x_wconf 86' lang='lat' dir='ltr'><strong>inﬁdeles</strong></span> <span class='ocrx_word' id='word_1_170' title='bbox 1501 2458 1766 2514; x_wconf 85' lang='lat' dir='ltr'><strong>perman-</strong></span> 
     </span>
    </p>
   </div>
   <div class='ocr_carea' id='block_1_26' title="bbox 116 2533 1764 2604">
    <p class='ocr_par' dir='ltr' id='par_1_26' title="bbox 116 2533 1764 2604">
     <span class='ocr_line' id='line_1_26' title="bbox 116 2533 1764 2604; baseline -0.002 -9"><span class='ocrx_word' id='word_1_171' title='bbox 116 2537 327 2595; x_wconf 87' lang='lat' dir='ltr'><strong>serint.</strong></span> <span class='ocrx_word' id='word_1_172' title='bbox 361 2533 845 2590; x_wconf 88' lang='lat' dir='ltr'><strong>Convertentibus</strong></span> <span class='ocrx_word' id='word_1_173' title='bbox 877 2542 1070 2588; x_wconf 89' lang='lat' dir='ltr'><strong>autem</strong></span> <span class='ocrx_word' id='word_1_174' title='bbox 1105 2550 1167 2589; x_wconf 90' lang='lat' dir='ltr'><strong>se</strong></span> <span class='ocrx_word' id='word_1_175' title='bbox 1199 2534 1268 2589; x_wconf 88' lang='lat' dir='ltr'><strong>ad</strong></span> <span class='ocrx_word' id='word_1_176' title='bbox 1301 2535 1504 2604; x_wconf 86' lang='lat' dir='ltr'><strong>Deum,</strong></span> <span class='ocrx_word' id='word_1_177' title='bbox 1542 2535 1764 2592; x_wconf 88' lang='lat' dir='ltr'><strong>miseri-</strong></span> 
     </span>
    </p>
   </div>
   <div class='ocr_carea' id='block_1_27' title="bbox 115 2622 1766 2696">
    <p class='ocr_par' dir='ltr' id='par_1_27' title="bbox 115 2622 1766 2696">
     <span class='ocr_line' id='line_1_27' title="bbox 115 2622 1766 2696; baseline 0 -13"><span class='ocrx_word' id='word_1_178' title='bbox 115 2627 322 2684; x_wconf 89' lang='lat' dir='ltr'><strong>cordia</strong></span> <span class='ocrx_word' id='word_1_179' title='bbox 352 2643 467 2681; x_wconf 88' lang='lat' dir='ltr'><strong>non</strong></span> <span class='ocrx_word' id='word_1_180' title='bbox 501 2629 766 2695; x_wconf 87' lang='lat' dir='ltr'><strong>negatur.</strong></span> <span class='ocrx_word' id='word_1_181' title='bbox 799 2624 870 2679; x_wconf 91' lang='lat' dir='ltr'><strong>Et</strong></span> <span class='ocrx_word' id='word_1_182' title='bbox 894 2622 993 2678; x_wconf 92' lang='lat' dir='ltr'><strong>ille</strong></span> <span class='ocrx_word' id='word_1_183' title='bbox 1023 2623 1105 2678; x_wconf 91' lang='lat' dir='ltr'><strong>ait</strong></span> <span class='ocrx_word' id='word_1_184' title='bbox 1141 2641 1154 2680; x_wconf 92' lang='lat'>:</span> <span class='ocrx_word' id='word_1_185' title='bbox 1189 2625 1400 2680; x_wconf 88' lang='lat' dir='ltr'><strong>Omnia</strong></span> <span class='ocrx_word' id='word_1_186' title='bbox 1447 2625 1616 2681; x_wconf 88' lang='lat' dir='ltr'><strong>credo</strong></span> <span class='ocrx_word' id='word_1_187' title='bbox 1639 2642 1766 2696; x_wconf 64' lang='lat' dir='ltr'><strong>qua</strong></span> 
     </span>
    </p>
   </div>
   <div class='ocr_carea' id='block_1_28' title="bbox 115 2713 1395 2785">
    <p class='ocr_par' dir='ltr' id='par_1_28' title="bbox 115 2713 1395 2785">
     <span class='ocr_line' id='line_1_28' title="bbox 115 2713 1395 2785; baseline -0.002 -12"><span class='ocrx_word' id='word_1_188' title='bbox 115 2717 292 2784; x_wconf 92' lang='lat' dir='ltr'><strong>dicis,</strong></span> <span class='ocrx_word' id='word_1_189' title='bbox 320 2719 548 2772; x_wconf 88' lang='lat' dir='ltr'><strong>tantum</strong></span> <span class='ocrx_word' id='word_1_190' title='bbox 580 2729 783 2785; x_wconf 87' lang='lat' dir='ltr'><strong>precor</strong></span> <span class='ocrx_word' id='word_1_191' title='bbox 812 2713 1024 2768; x_wconf 91' lang='lat' dir='ltr'><strong>misere</strong></span> <span class='ocrx_word' id='word_1_192' title='bbox 1057 2727 1128 2768; x_wconf 93' lang='lat' dir='ltr'><strong>ne</strong></span> <span class='ocrx_word' id='word_1_193' title='bbox 1161 2714 1395 2770; x_wconf 86' lang='lat' dir='ltr'><strong>moriar.</strong></span> 
     </span>
    </p>
   </div>
   <div class='ocr_carea' id='block_1_29' title="bbox 723 2821 1154 2879">
    <p class='ocr_par' dir='ltr' id='par_1_29' title="bbox 723 2821 1154 2879">
     <span class='ocr_line' id='line_1_29' title="bbox 723 2821 1154 2879; baseline 0.002 -1"><span class='ocrx_word' id='word_1_194' title='bbox 723 2821 961 2878; x_wconf 80' lang='lat' dir='ltr'>CAPUT</span> <span class='ocrx_word' id='word_1_195' title='bbox 1001 2821 1154 2879; x_wconf 88' lang='lat' dir='ltr'><strong>XIV.</strong></span> 
     </span>
    </p>
   </div>
   <div class='ocr_carea' id='block_1_30' title="bbox 191 2925 1763 2994">
    <p class='ocr_par' dir='ltr' id='par_1_30' title="bbox 191 2925 1763 2994">
     <span class='ocr_line' id='line_1_30' title="bbox 191 2925 1763 2994; baseline -0.003 -8"><span class='ocrx_word' id='word_1_196' title='bbox 191 2933 358 2986; x_wconf 91' lang='lat' dir='ltr'><strong>Tunc</strong></span> <span class='ocrx_word' id='word_1_197' title='bbox 390 2932 595 2984; x_wconf 86' lang='lat' dir='ltr'><strong>Petrus</strong></span> <span class='ocrx_word' id='word_1_198' title='bbox 640 2927 777 2982; x_wconf 90' lang='lat' dir='ltr'><strong>fecit</strong></span> <span class='ocrx_word' id='word_1_199' title='bbox 823 2933 972 2982; x_wconf 87' lang='lat' dir='ltr'><strong>stare</strong></span> <span class='ocrx_word' id='word_1_200' title='bbox 1003 2925 1308 2994; x_wconf 88' lang='lat' dir='ltr'><strong>lectulum,</strong></span> <span class='ocrx_word' id='word_1_201' title='bbox 1342 2931 1398 2981; x_wconf 91' lang='lat' dir='ltr'><strong>et</strong></span> <span class='ocrx_word' id='word_1_202' title='bbox 1425 2927 1506 2983; x_wconf 89' lang='lat' dir='ltr'><strong>ait</strong></span> <span class='ocrx_word' id='word_1_203' title='bbox 1535 2927 1618 2981; x_wconf 91' lang='lat' dir='ltr'><strong>illi</strong></span> <span class='ocrx_word' id='word_1_204' title='bbox 1657 2943 1669 2982; x_wconf 91' lang='lat'><strong>:</strong></span> <span class='ocrx_word' id='word_1_205' title='bbox 1704 2928 1763 2983; x_wconf 90' lang='lat' dir='ltr'><strong>Si</strong></span> 
     </span>
    </p>
   </div>
   <div class='ocr_carea' id='block_1_31' title="bbox 119 3015 1763 3078">
    <p class='ocr_par' dir='ltr' id='par_1_31' title="bbox 119 3015 1763 3078">
     <span class='ocr_line' id='line_1_31' title="bbox 119 3015 1763 3078; baseline -0.003 -1"><span class='ocrx_word' id='word_1_206' title='bbox 119 3019 442 3078; x_wconf 86' lang='lat' dir='ltr'><strong>credideris</strong></span> <span class='ocrx_word' id='word_1_207' title='bbox 473 3022 592 3072; x_wconf 88' lang='lat' dir='ltr'><strong>toto</strong></span> <span class='ocrx_word' id='word_1_208' title='bbox 623 3017 796 3072; x_wconf 91' lang='lat' dir='ltr'><strong>corde</strong></span> <span class='ocrx_word' id='word_1_209' title='bbox 826 3017 883 3070; x_wconf 92' lang='lat' dir='ltr'><strong>in</strong></span> <span class='ocrx_word' id='word_1_210' title='bbox 921 3015 1228 3070; x_wconf 90' lang='lat' dir='ltr'><strong>Dominum</strong></span> <span class='ocrx_word' id='word_1_211' title='bbox 1250 3017 1448 3072; x_wconf 86' lang='lat' dir='ltr'><strong>Jesum</strong></span> <span class='ocrx_word' id='word_1_212' title='bbox 1468 3016 1763 3072; x_wconf 88' lang='lat' dir='ltr'><strong>Christum</strong></span> 
     </span>
    </p>
   </div>
   <div class='ocr_carea' id='block_1_32' title="bbox 117 3106 1764 3167">
    <p class='ocr_par' dir='ltr' id='par_1_32' title="bbox 117 3106 1764 3167">
     <span class='ocr_line' id='line_1_32' title="bbox 117 3106 1764 3167; baseline -0.002 -1"><span class='ocrx_word' id='word_1_213' title='bbox 117 3110 421 3167; x_wconf 85' lang='lat' dir='ltr'><strong>solventur</strong></span> <span class='ocrx_word' id='word_1_214' title='bbox 452 3125 485 3162; x_wconf 92' lang='lat' dir='ltr'><strong>a</strong></span> <span class='ocrx_word' id='word_1_215' title='bbox 518 3107 724 3163; x_wconf 86' lang='lat' dir='ltr'><strong>feretro</strong></span> <span class='ocrx_word' id='word_1_216' title='bbox 755 3121 963 3161; x_wconf 91' lang='lat' dir='ltr'><strong>manus</strong></span> <span class='ocrx_word' id='word_1_217' title='bbox 1021 3110 1156 3161; x_wconf 69' lang='lat' dir='ltr'><strong>tuae.</strong></span> <span class='ocrx_word' id='word_1_218' title='bbox 1197 3106 1267 3161; x_wconf 91' lang='lat' dir='ltr'><strong>Et</strong></span> <span class='ocrx_word' id='word_1_219' title='bbox 1315 3123 1444 3162; x_wconf 91' lang='lat' dir='ltr'><strong>cum</strong></span> <span class='ocrx_word' id='word_1_220' title='bbox 1479 3107 1718 3162; x_wconf 87' lang='lat' dir='ltr'><strong>dixisset</strong></span> <span class='ocrx_word' id='word_1_221' title='bbox 1750 3124 1764 3164; x_wconf 90' lang='lat'><strong>:</strong></span> 
     </span>
    </p>
   </div>
   <div class='ocr_carea' id='block_1_33' title="bbox 114 3195 1762 3266">
    <p class='ocr_par' dir='ltr' id='par_1_33' title="bbox 114 3195 1762 3266">
     <span class='ocr_line' id='line_1_33' title="bbox 114 3195 1762 3266; baseline -0.002 -11"><span class='ocrx_word' id='word_1_222' title='bbox 114 3201 238 3256; x_wconf 91' lang='lat' dir='ltr'><strong>Hoc</strong></span> <span class='ocrx_word' id='word_1_223' title='bbox 269 3199 461 3264; x_wconf 88' lang='lat' dir='ltr'><strong>credo,</strong></span> <span class='ocrx_word' id='word_1_224' title='bbox 496 3197 694 3252; x_wconf 80' lang='lat' dir='ltr'><strong>statim</strong></span> <span class='ocrx_word' id='word_1_225' title='bbox 718 3195 920 3251; x_wconf 82' lang='lat' dir='ltr'><strong>solutae</strong></span> <span class='ocrx_word' id='word_1_226' title='bbox 942 3200 1079 3250; x_wconf 89' lang='lat' dir='ltr'><strong>sunt</strong></span> <span class='ocrx_word' id='word_1_227' title='bbox 1097 3211 1308 3251; x_wconf 87' lang='lat' dir='ltr'><strong>manus</strong></span> <span class='ocrx_word' id='word_1_228' title='bbox 1330 3197 1456 3266; x_wconf 86' lang='lat' dir='ltr'><strong>ejus</strong></span> <span class='ocrx_word' id='word_1_229' title='bbox 1477 3214 1511 3251; x_wconf 91' lang='lat' dir='ltr'><strong>a</strong></span> <span class='ocrx_word' id='word_1_230' title='bbox 1533 3197 1762 3265; x_wconf 87' lang='lat' dir='ltr'><strong>feretro,</strong></span> 
     </span>
    </p>
   </div>
   <div class='ocr_carea' id='block_1_34' title="bbox 113 3262 1842 3357">
    <p class='ocr_par' dir='ltr' id='par_1_34' title="bbox 113 3262 1842 3357">
     <span class='ocr_line' id='line_1_34' title="bbox 113 3262 1842 3357; baseline -0.003 -12"><span class='ocrx_word' id='word_1_231' title='bbox 113 3294 178 3346; x_wconf 84' lang='lat' dir='ltr'><strong>et</strong></span> <span class='ocrx_word' id='word_1_232' title='bbox 209 3288 378 3357; x_wconf 75' lang='lat' dir='ltr'><strong>coepit</strong></span> <span class='ocrx_word' id='word_1_233' title='bbox 409 3262 566 3342; x_wconf 87' lang='lat' dir='ltr'><strong>stare</strong></span> <span class='ocrx_word' id='word_1_234' title='bbox 596 3285 846 3356; x_wconf 89' lang='lat' dir='ltr'><strong>pedibus</strong></span> <span class='ocrx_word' id='word_1_235' title='bbox 876 3284 1024 3352; x_wconf 89' lang='lat' dir='ltr'><strong>suis,</strong></span> <span class='ocrx_word' id='word_1_236' title='bbox 1051 3285 1154 3340; x_wconf 89' lang='lat' dir='ltr'><strong>sed</strong></span> <span class='ocrx_word' id='word_1_237' title='bbox 1185 3262 1624 3340; x_wconf 37' lang='lat' dir='ltr'><strong>erant&#39;brachia</strong></span> <span class='ocrx_word' id='word_1_238' title='bbox 1639 3262 1764 3355; x_wconf 83' lang='lat' dir='ltr'><strong>ejus</strong></span> <span class='ocrx_word' id='word_1_239' title='bbox 1795 3262 1842 3326; x_wconf 66' lang='grc' dir='ltr'>Ο</span> 
     </span>
    </p>
   </div>
   <div class='ocr_carea' id='block_1_35' title="bbox 117 3373 1770 3445">
    <p class='ocr_par' dir='ltr' id='par_1_35' title="bbox 117 3373 1770 3445">
     <span class='ocr_line' id='line_1_35' title="bbox 117 3373 1770 3445; baseline 0 -13"><span class='ocrx_word' id='word_1_240' title='bbox 117 3376 306 3444; x_wconf 88' lang='lat' dir='ltr'><strong>arida,</strong></span> <span class='ocrx_word' id='word_1_241' title='bbox 366 3381 425 3431; x_wconf 88' lang='lat' dir='ltr'><strong>et</strong></span> <span class='ocrx_word' id='word_1_242' title='bbox 479 3392 592 3430; x_wconf 92' lang='lat' dir='ltr'><strong>non</strong></span> <span class='ocrx_word' id='word_1_243' title='bbox 655 3373 923 3430; x_wconf 90' lang='lat' dir='ltr'><strong>discessit</strong></span> <span class='ocrx_word' id='word_1_244' title='bbox 971 3373 1042 3428; x_wconf 89' lang='lat' dir='ltr'><strong>ab</strong></span> <span class='ocrx_word' id='word_1_245' title='bbox 1092 3389 1157 3428; x_wconf 92' lang='lat' dir='ltr'><strong>eo</strong></span> <span class='ocrx_word' id='word_1_246' title='bbox 1191 3373 1568 3445; x_wconf 88' lang='lat' dir='ltr'><strong>supplicium.</strong></span> <span class='ocrx_word' id='word_1_247' title='bbox 1603 3376 1770 3432; x_wconf 90' lang='lat' dir='ltr'><strong>Tunc</strong></span> 
     </span>
    </p>
   </div>
   <div class='ocr_carea' id='block_1_36' title="bbox 114 3462 1770 3534">
    <p class='ocr_par' dir='ltr' id='par_1_36' title="bbox 114 3462 1770 3534">
     <span class='ocr_line' id='line_1_36' title="bbox 114 3462 1770 3534; baseline -0.002 -12"><span class='ocrx_word' id='word_1_248' title='bbox 114 3470 329 3522; x_wconf 86' lang='lat' dir='ltr'><strong>Petrus</strong></span> <span class='ocrx_word' id='word_1_249' title='bbox 389 3465 468 3519; x_wconf 89' lang='lat' dir='ltr'><strong>ait</strong></span> <span class='ocrx_word' id='word_1_250' title='bbox 518 3462 601 3518; x_wconf 89' lang='lat' dir='ltr'><strong>illi</strong></span> <span class='ocrx_word' id='word_1_251' title='bbox 656 3479 669 3519; x_wconf 87' lang='lat'><strong>:</strong></span> <span class='ocrx_word' id='word_1_252' title='bbox 731 3462 952 3518; x_wconf 88' lang='lat' dir='ltr'><strong>Accede</strong></span> <span class='ocrx_word' id='word_1_253' title='bbox 1008 3463 1080 3517; x_wconf 85' lang='lat' dir='ltr'><strong>ad</strong></span> <span class='ocrx_word' id='word_1_254' title='bbox 1140 3478 1374 3534; x_wconf 90' lang='lat' dir='ltr'><strong>corpus,</strong></span> <span class='ocrx_word' id='word_1_255' title='bbox 1416 3468 1473 3518; x_wconf 90' lang='lat' dir='ltr'><strong>et</strong></span> <span class='ocrx_word' id='word_1_256' title='bbox 1504 3463 1770 3520; x_wconf 90' lang='lat' dir='ltr'><strong>osculare</strong></span> 
     </span>
    </p>
   </div>
   <div class='ocr_carea' id='block_1_37' title="bbox 119 3551 1771 3624">
    <p class='ocr_par' dir='ltr' id='par_1_37' title="bbox 119 3551 1771 3624">
     <span class='ocr_line' id='line_1_37' title="bbox 119 3551 1771 3624; baseline -0.001 -14"><span class='ocrx_word' id='word_1_257' title='bbox 119 3554 405 3611; x_wconf 85' lang='lat' dir='ltr'><strong>lectulum</strong></span> <span class='ocrx_word' id='word_1_258' title='bbox 436 3568 686 3624; x_wconf 88' lang='lat' dir='ltr'><strong>quoque,</strong></span> <span class='ocrx_word' id='word_1_259' title='bbox 719 3556 777 3607; x_wconf 89' lang='lat' dir='ltr'><strong>et</strong></span> <span class='ocrx_word' id='word_1_260' title='bbox 805 3553 898 3606; x_wconf 89' lang='lat' dir='ltr'><strong>dic</strong></span> <span class='ocrx_word' id='word_1_261' title='bbox 932 3568 944 3605; x_wconf 90' lang='lat'><strong>:</strong></span> <span class='ocrx_word' id='word_1_262' title='bbox 979 3551 1164 3607; x_wconf 91' lang='lat' dir='ltr'><strong>Credo</strong></span> <span class='ocrx_word' id='word_1_263' title='bbox 1184 3552 1243 3606; x_wconf 93' lang='lat' dir='ltr'><strong>in</strong></span> <span class='ocrx_word' id='word_1_264' title='bbox 1277 3551 1549 3621; x_wconf 87' lang='lat' dir='ltr'><strong>Deum,et</strong></span> <span class='ocrx_word' id='word_1_265' title='bbox 1579 3553 1637 3608; x_wconf 90' lang='lat' dir='ltr'><strong>in</strong></span> <span class='ocrx_word' id='word_1_266' title='bbox 1667 3553 1771 3610; x_wconf 91' lang='lat' dir='ltr'><strong>Dei</strong></span> 
     </span>
    </p>
   </div>
   <div class='ocr_carea' id='block_1_38' title="bbox 120 3639 1770 3712">
    <p class='ocr_par' dir='ltr' id='par_1_38' title="bbox 120 3639 1770 3712">
     <span class='ocr_line' id='line_1_38' title="bbox 120 3639 1770 3712; baseline -0.001 -14"><span class='ocrx_word' id='word_1_267' title='bbox 120 3642 542 3712; x_wconf 90' lang='lat' dir='ltr'><strong>Filium,quem</strong></span> <span class='ocrx_word' id='word_1_268' title='bbox 577 3641 685 3696; x_wconf 88' lang='lat' dir='ltr'><strong>ista</strong></span> <span class='ocrx_word' id='word_1_269' title='bbox 711 3640 1167 3711; x_wconf 84' lang='lat' dir='ltr'><strong>portavitJesum</strong></span> <span class='ocrx_word' id='word_1_270' title='bbox 1186 3639 1569 3708; x_wconf 89' lang='lat' dir='ltr'><strong>Christum,et</strong></span> <span class='ocrx_word' id='word_1_271' title='bbox 1599 3642 1770 3697; x_wconf 85' lang='lat' dir='ltr'><strong>credo</strong></span> 
     </span>
    </p>
   </div>
   <div class='ocr_carea' id='block_1_39' title="bbox 121 3728 1772 3801">
    <p class='ocr_par' dir='ltr' id='par_1_39' title="bbox 121 3728 1772 3801">
     <span class='ocr_line' id='line_1_39' title="bbox 121 3728 1772 3801; baseline -0.001 -14"><span class='ocrx_word' id='word_1_272' title='bbox 121 3731 325 3788; x_wconf 91' lang='lat' dir='ltr'><strong>omnia</strong></span> <span class='ocrx_word' id='word_1_273' title='bbox 341 3729 948 3801; x_wconf 69' lang='lat' dir='ltr'><strong>quaecunquelocutus</strong></span> <span class='ocrx_word' id='word_1_274' title='bbox 961 3733 1049 3783; x_wconf 91' lang='lat' dir='ltr'><strong>est</strong></span> <span class='ocrx_word' id='word_1_275' title='bbox 1072 3728 1214 3783; x_wconf 91' lang='lat' dir='ltr'><strong>mihi</strong></span> <span class='ocrx_word' id='word_1_276' title='bbox 1238 3733 1448 3785; x_wconf 89' lang='lat' dir='ltr'><strong>Petrus</strong></span> <span class='ocrx_word' id='word_1_277' title='bbox 1470 3730 1772 3800; x_wconf 89' lang='lat' dir='ltr'><strong>apostolus</strong></span> 
     </span>
    </p>
   </div>
   <div class='ocr_carea' id='block_1_40' title="bbox 124 3815 1770 3884">
    <p class='ocr_par' dir='ltr' id='par_1_40' title="bbox 124 3815 1770 3884">
     <span class='ocr_line' id='line_1_40' title="bbox 124 3815 1770 3884; baseline -0.001 -9"><span class='ocrx_word' id='word_1_278' title='bbox 124 3821 251 3876; x_wconf 90' lang='lat' dir='ltr'><strong>Dei.</strong></span> <span class='ocrx_word' id='word_1_279' title='bbox 285 3820 350 3874; x_wconf 89' lang='lat' dir='ltr'><strong>Et</strong></span> <span class='ocrx_word' id='word_1_280' title='bbox 372 3818 676 3884; x_wconf 84' lang='lat' dir='ltr'><strong>accedens,</strong></span> <span class='ocrx_word' id='word_1_281' title='bbox 709 3816 1006 3873; x_wconf 88' lang='lat' dir='ltr'><strong>osculatus</strong></span> <span class='ocrx_word' id='word_1_282' title='bbox 1032 3822 1120 3872; x_wconf 90' lang='lat' dir='ltr'><strong>est</strong></span> <span class='ocrx_word' id='word_1_283' title='bbox 1150 3815 1456 3884; x_wconf 90' lang='lat' dir='ltr'><strong>lectulum,</strong></span> <span class='ocrx_word' id='word_1_284' title='bbox 1491 3821 1546 3871; x_wconf 91' lang='lat' dir='ltr'><strong>et</strong></span> <span class='ocrx_word' id='word_1_285' title='bbox 1575 3819 1770 3874; x_wconf 88' lang='lat' dir='ltr'><strong>statim</strong></span> 
     </span>
    </p>
   </div>
   <div class='ocr_carea' id='block_1_41' title="bbox 128 3906 1774 3973">
    <p class='ocr_par' dir='ltr' id='par_1_41' title="bbox 128 3906 1774 3973">
     <span class='ocr_line' id='line_1_41' title="bbox 128 3906 1774 3973; baseline -0.001 -9"><span class='ocrx_word' id='word_1_286' title='bbox 128 3908 323 3965; x_wconf 89' lang='lat' dir='ltr'><strong>omnis</strong></span> <span class='ocrx_word' id='word_1_287' title='bbox 345 3906 510 3962; x_wconf 91' lang='lat' dir='ltr'><strong>dolor</strong></span> <span class='ocrx_word' id='word_1_288' title='bbox 531 3906 814 3962; x_wconf 87' lang='lat' dir='ltr'><strong>abscessit</strong></span> <span class='ocrx_word' id='word_1_289' title='bbox 846 3906 917 3960; x_wconf 90' lang='lat' dir='ltr'><strong>ab</strong></span> <span class='ocrx_word' id='word_1_290' title='bbox 949 3922 1038 3973; x_wconf 90' lang='lat' dir='ltr'><strong>eo,</strong></span> <span class='ocrx_word' id='word_1_291' title='bbox 1063 3909 1120 3960; x_wconf 91' lang='lat' dir='ltr'><strong>et</strong></span> <span class='ocrx_word' id='word_1_292' title='bbox 1149 3910 1363 3961; x_wconf 69' lang='lat' dir='ltr'><strong>sanatis</strong></span> <span class='ocrx_word' id='word_1_293' title='bbox 1397 3916 1532 3962; x_wconf 90' lang='lat' dir='ltr'><strong>sunt</strong></span> <span class='ocrx_word' id='word_1_294' title='bbox 1565 3923 1774 3963; x_wconf 85' lang='lat' dir='ltr'><strong>manus</strong></span> 
     </span>
    </p>
   </div>
   <div class='ocr_carea' id='block_1_42' title="bbox 127 3995 1772 4067">
    <p class='ocr_par' dir='ltr' id='par_1_42' title="bbox 127 3995 1772 4067">
     <span class='ocr_line' id='line_1_42' title="bbox 127 3995 1772 4067; baseline -0.002 -13"><span class='ocrx_word' id='word_1_295' title='bbox 127 3999 446 4066; x_wconf 83' lang='lat' dir='ltr'><strong>ejus.Tunc</strong></span> <span class='ocrx_word' id='word_1_296' title='bbox 476 3997 650 4067; x_wconf 62' lang='lat' dir='ltr'><strong>saepit</strong></span> <span class='ocrx_word' id='word_1_297' title='bbox 682 3997 920 4051; x_wconf 89' lang='lat' dir='ltr'><strong>laudare</strong></span> <span class='ocrx_word' id='word_1_298' title='bbox 950 4001 1008 4050; x_wconf 89' lang='lat' dir='ltr'><strong>et</strong></span> <span class='ocrx_word' id='word_1_299' title='bbox 1048 3995 1390 4051; x_wconf 89' lang='lat' dir='ltr'><strong>benedicere</strong></span> <span class='ocrx_word' id='word_1_300' title='bbox 1425 3996 1608 4051; x_wconf 91' lang='lat' dir='ltr'><strong>Deum</strong></span> <span class='ocrx_word' id='word_1_301' title='bbox 1658 3996 1772 4053; x_wconf 83' lang='lat' dir='ltr'><strong>lar-</strong></span> 
     </span>
    </p>
   </div>
   <div class='ocr_carea' id='block_1_43' title="bbox 131 4086 1774 4159">
    <p class='ocr_par' dir='ltr' id='par_1_43' title="bbox 131 4086 1774 4159">
     <span class='ocr_line' id='line_1_43' title="bbox 131 4086 1774 4159; baseline -0.001 -17"><span class='ocrx_word' id='word_1_302' title='bbox 131 4089 280 4159; x_wconf 90' lang='lat' dir='ltr'><strong>giter</strong></span> <span class='ocrx_word' id='word_1_303' title='bbox 315 4104 328 4154; x_wconf 87' lang='lat'><strong>;</strong></span> <span class='ocrx_word' id='word_1_304' title='bbox 358 4093 414 4142; x_wconf 89' lang='lat' dir='ltr'><strong>et</strong></span> <span class='ocrx_word' id='word_1_305' title='bbox 443 4087 512 4141; x_wconf 92' lang='lat' dir='ltr'><strong>de</strong></span> <span class='ocrx_word' id='word_1_306' title='bbox 539 4087 704 4141; x_wconf 86' lang='lat' dir='ltr'><strong>libris</strong></span> <span class='ocrx_word' id='word_1_307' title='bbox 738 4088 916 4157; x_wconf 80' lang='lat' dir='ltr'><strong>Moysi</strong></span> <span class='ocrx_word' id='word_1_308' title='bbox 947 4086 1350 4142; x_wconf 84' lang='lat' dir='ltr'><strong>testimonium</strong></span> <span class='ocrx_word' id='word_1_309' title='bbox 1381 4087 1621 4142; x_wconf 81' lang='lat' dir='ltr'><strong>redu‘ere</strong></span> <span class='ocrx_word' id='word_1_310' title='bbox 1648 4086 1774 4142; x_wconf 77' lang='lat' dir='ltr'><strong>lau~</strong></span> 
     </span>
    </p>
   </div>
   <div class='ocr_carea' id='block_1_44' title="bbox 133 4175 1773 4247">
    <p class='ocr_par' dir='ltr' id='par_1_44' title="bbox 133 4175 1773 4247">
     <span class='ocr_line' id='line_1_44' title="bbox 133 4175 1773 4247; baseline -0.001 -15"><span class='ocrx_word' id='word_1_311' title='bbox 133 4178 308 4232; x_wconf 91' lang='lat' dir='ltr'><strong>dibus</strong></span> <span class='ocrx_word' id='word_1_312' title='bbox 330 4176 541 4230; x_wconf 90' lang='lat' dir='ltr'><strong>Christi</strong></span> <span class='ocrx_word' id='word_1_313' title='bbox 567 4192 579 4229; x_wconf 91' lang='lat'><strong>:</strong></span> <span class='ocrx_word' id='word_1_314' title='bbox 602 4176 685 4231; x_wconf 88' lang='lat' dir='ltr'><strong>ita</strong></span> <span class='ocrx_word' id='word_1_315' title='bbox 707 4185 766 4231; x_wconf 93' lang='lat' dir='ltr'><strong>ut</strong></span> <span class='ocrx_word' id='word_1_316' title='bbox 792 4177 966 4231; x_wconf 88' lang='lat' dir='ltr'><strong>etiam</strong></span> <span class='ocrx_word' id='word_1_317' title='bbox 992 4176 1102 4247; x_wconf 89' lang='lat' dir='ltr'><strong>ipsi</strong></span> <span class='ocrx_word' id='word_1_318' title='bbox 1125 4175 1374 4247; x_wconf 86' lang='lat' dir='ltr'><strong>apostoli</strong></span> <span class='ocrx_word' id='word_1_319' title='bbox 1397 4177 1773 4244; x_wconf 86' lang='lat' dir='ltr'><strong>mirarentur,</strong></span> 
     </span>
    </p>
   </div>
   <div class='ocr_carea' id='block_1_45' title="bbox 129 4264 1773 4336">
    <p class='ocr_par' dir='ltr' id='par_1_45' title="bbox 129 4264 1773 4336">
     <span class='ocr_line' id='line_1_45' title="bbox 129 4264 1773 4336; baseline -0.001 -14"><span class='ocrx_word' id='word_1_320' title='bbox 129 4266 530 4336; x_wconf 73' lang='lat' dir='ltr'><strong>etﬂerentprzs</strong></span> <span class='ocrx_word' id='word_1_321' title='bbox 543 4265 754 4336; x_wconf 82' lang='lat' dir='ltr'><strong>gaudio</strong></span> <span class='ocrx_word' id='word_1_322' title='bbox 769 4264 1072 4320; x_wconf 86' lang='lat' dir='ltr'><strong>laudantes</strong></span> <span class='ocrx_word' id='word_1_323' title='bbox 1085 4266 1199 4321; x_wconf 88' lang='lat' dir='ltr'><strong>sub</strong></span> <span class='ocrx_word' id='word_1_324' title='bbox 1215 4265 1312 4320; x_wconf 87' lang='lat' dir='ltr'><strong>illa</strong></span> <span class='ocrx_word' id='word_1_325' title='bbox 1329 4266 1773 4322; x_wconf 88' lang='lat' dir='ltr'><strong>nomenDomini.</strong></span> 
     </span>
    </p>
   </div>
   <div class='ocr_carea' id='block_1_46' title="bbox 752 4372 1152 4432">
    <p class='ocr_par' dir='ltr' id='par_1_46' title="bbox 752 4372 1152 4432">
     <span class='ocr_line' id='line_1_46' title="bbox 752 4372 1152 4432; baseline 0.008 -5"><span class='ocrx_word' id='word_1_326' title='bbox 752 4372 999 4428; x_wconf 83' lang='lat' dir='ltr'><strong>CAPUT</strong></span> <span class='ocrx_word' id='word_1_327' title='bbox 1037 4373 1152 4432; x_wconf 88' lang='lat' dir='ltr'><strong>XV.</strong></span> 
     </span>
    </p>
   </div>
   <div class='ocr_carea' id='block_1_47' title="bbox 211 4479 1776 4554">
    <p class='ocr_par' dir='ltr' id='par_1_47' title="bbox 211 4479 1776 4554">
     <span class='ocr_line' id='line_1_47' title="bbox 211 4479 1776 4554; baseline 0.003 -18"><span class='ocrx_word' id='word_1_328' title='bbox 211 4480 413 4536; x_wconf 89' lang='lat' dir='ltr'><strong>Petrus</strong></span> <span class='ocrx_word' id='word_1_329' title='bbox 444 4495 576 4534; x_wconf 92' lang='lat' dir='ltr'><strong>vero</strong></span> <span class='ocrx_word' id='word_1_330' title='bbox 605 4479 750 4535; x_wconf 83' lang='lat' dir='ltr'><strong>dixit</strong></span> <span class='ocrx_word' id='word_1_331' title='bbox 781 4481 850 4534; x_wconf 91' lang='lat' dir='ltr'><strong>ad</strong></span> <span class='ocrx_word' id='word_1_332' title='bbox 885 4496 1018 4535; x_wconf 89' lang='lat' dir='ltr'><strong>eum</strong></span> <span class='ocrx_word' id='word_1_333' title='bbox 1053 4497 1066 4534; x_wconf 89' lang='lat'>:</span> <span class='ocrx_word' id='word_1_334' title='bbox 1101 4483 1312 4554; x_wconf 83' lang='lat' dir='ltr'><strong>Accipe</strong></span> <span class='ocrx_word' id='word_1_335' title='bbox 1343 4483 1599 4554; x_wconf 88' lang='lat' dir='ltr'><strong>palmam</strong></span> <span class='ocrx_word' id='word_1_336' title='bbox 1625 4484 1776 4540; x_wconf 89' lang='lat' dir='ltr'><strong>hanc</strong></span> 
     </span>
    </p>
   </div>
   <div class='ocr_carea' id='block_1_48' title="bbox 136 4568 1775 4644">
    <p class='ocr_par' dir='ltr' id='par_1_48' title="bbox 136 4568 1775 4644">
     <span class='ocr_line' id='line_1_48' title="bbox 136 4568 1775 4644; baseline 0.002 -18"><span class='ocrx_word' id='word_1_337' title='bbox 136 4571 208 4626; x_wconf 93' lang='lat' dir='ltr'><strong>de</strong></span> <span class='ocrx_word' id='word_1_338' title='bbox 241 4585 415 4624; x_wconf 88' lang='lat' dir='ltr'><strong>manu</strong></span> <span class='ocrx_word' id='word_1_339' title='bbox 450 4569 644 4623; x_wconf 82' lang='lat' dir='ltr'><strong>fratris</strong></span> <span class='ocrx_word' id='word_1_340' title='bbox 679 4571 856 4624; x_wconf 89' lang='lat' dir='ltr'><strong>nostri</strong></span> <span class='ocrx_word' id='word_1_341' title='bbox 878 4568 1125 4626; x_wconf 85' lang='lat' dir='ltr'><strong>Joannis</strong></span> <span class='ocrx_word' id='word_1_342' title='bbox 1161 4587 1173 4626; x_wconf 91' lang='lat'><strong>:</strong></span> <span class='ocrx_word' id='word_1_343' title='bbox 1210 4580 1259 4626; x_wconf 92' lang='lat' dir='ltr'><strong>et</strong></span> <span class='ocrx_word' id='word_1_344' title='bbox 1286 4571 1618 4644; x_wconf 90' lang='lat' dir='ltr'><strong>ingrediens</strong></span> <span class='ocrx_word' id='word_1_345' title='bbox 1641 4574 1775 4629; x_wconf 89' lang='lat' dir='ltr'><strong>civi-</strong></span> 
     </span>
    </p>
   </div>
   <div class='ocr_carea' id='block_1_49' title="bbox 133 4657 1772 4730">
    <p class='ocr_par' dir='ltr' id='par_1_49' title="bbox 133 4657 1772 4730">
     <span class='ocr_line' id='line_1_49' title="bbox 133 4657 1772 4730; baseline 0.003 -16"><span class='ocrx_word' id='word_1_346' title='bbox 133 4663 310 4714; x_wconf 83' lang='lat' dir='ltr'><strong>tatem</strong></span> <span class='ocrx_word' id='word_1_347' title='bbox 360 4659 611 4713; x_wconf 86' lang='lat' dir='ltr'><strong>invenies</strong></span> <span class='ocrx_word' id='word_1_348' title='bbox 657 4657 939 4729; x_wconf 82' lang='lat' dir='ltr'><strong>populum</strong></span> <span class='ocrx_word' id='word_1_349' title='bbox 973 4659 1222 4716; x_wconf 90' lang='lat' dir='ltr'><strong>multum</strong></span> <span class='ocrx_word' id='word_1_350' title='bbox 1251 4667 1547 4730; x_wconf 74' lang='lat' dir='ltr'><strong>czscatum,</strong></span> <span class='ocrx_word' id='word_1_351' title='bbox 1581 4667 1638 4718; x_wconf 88' lang='lat' dir='ltr'><strong>et</strong></span> <span class='ocrx_word' id='word_1_352' title='bbox 1669 4681 1772 4720; x_wconf 87' lang='lat' dir='ltr'><strong>an-</strong></span> 
     </span>
    </p>
   </div>
   <div class='ocr_carea' id='block_1_50' title="bbox 138 4746 1783 4822">
    <p class='ocr_par' dir='ltr' id='par_1_50' title="bbox 138 4746 1783 4822">
     <span class='ocr_line' id='line_1_50' title="bbox 138 4746 1783 4822; baseline 0.003 -19"><span class='ocrx_word' id='word_1_353' title='bbox 138 4746 347 4803; x_wconf 88' lang='lat' dir='ltr'><strong>nuntia</strong></span> <span class='ocrx_word' id='word_1_354' title='bbox 378 4747 463 4802; x_wconf 89' lang='lat' dir='ltr'><strong>eis</strong></span> <span class='ocrx_word' id='word_1_355' title='bbox 497 4747 790 4818; x_wconf 86' lang='lat' dir='ltr'><strong>magnalia</strong></span> <span class='ocrx_word' id='word_1_356' title='bbox 822 4749 941 4816; x_wconf 90' lang='lat' dir='ltr'><strong>Dei,</strong></span> <span class='ocrx_word' id='word_1_357' title='bbox 975 4754 1032 4803; x_wconf 91' lang='lat' dir='ltr'><strong>et</strong></span> <span class='ocrx_word' id='word_1_358' title='bbox 1063 4751 1397 4822; x_wconf 88' lang='lat' dir='ltr'><strong>quicunque</strong></span> <span class='ocrx_word' id='word_1_359' title='bbox 1429 4753 1783 4808; x_wconf 89' lang='lat' dir='ltr'><strong>crediderint</strong></span> 
     </span>
    </p>
   </div>
   <div class='ocr_carea' id='block_1_51' title="bbox 131 4836 1779 4913">
    <p class='ocr_par' dir='ltr' id='par_1_51' title="bbox 131 4836 1779 4913">
     <span class='ocr_line' id='line_1_51' title="bbox 131 4836 1779 4913; baseline 0.004 -21"><span class='ocrx_word' id='word_1_360' title='bbox 131 4836 196 4892; x_wconf 88' lang='lat' dir='ltr'><strong>in</strong></span> <span class='ocrx_word' id='word_1_361' title='bbox 227 4836 534 4891; x_wconf 91' lang='lat' dir='ltr'><strong>Dominum</strong></span> <span class='ocrx_word' id='word_1_362' title='bbox 588 4836 791 4892; x_wconf 90' lang='lat' dir='ltr'><strong>Jesum</strong></span> <span class='ocrx_word' id='word_1_363' title='bbox 853 4837 1174 4908; x_wconf 90' lang='lat' dir='ltr'><strong>Christum,</strong></span> <span class='ocrx_word' id='word_1_364' title='bbox 1220 4839 1490 4913; x_wconf 89' lang='lat' dir='ltr'><strong>impones</strong></span> <span class='ocrx_word' id='word_1_365' title='bbox 1524 4841 1779 4913; x_wconf 88' lang='lat' dir='ltr'><strong>palmam</strong></span> 
     </span>
    </p>
   </div>
   <div class='ocr_carea' id='block_1_52' title="bbox 137 4925 1782 5002">
    <p class='ocr_par' dir='ltr' id='par_1_52' title="bbox 137 4925 1782 5002">
     <span class='ocr_line' id='line_1_52' title="bbox 137 4925 1782 5002; baseline 0.003 -21"><span class='ocrx_word' id='word_1_366' title='bbox 137 4927 286 4981; x_wconf 88' lang='lat' dir='ltr'><strong>hanc</strong></span> <span class='ocrx_word' id='word_1_367' title='bbox 317 4941 494 4996; x_wconf 90' lang='lat' dir='ltr'><strong>super</strong></span> <span class='ocrx_word' id='word_1_368' title='bbox 523 4925 723 4981; x_wconf 89' lang='lat' dir='ltr'><strong>oculos</strong></span> <span class='ocrx_word' id='word_1_369' title='bbox 752 4941 976 4993; x_wconf 89' lang='lat' dir='ltr'><strong>eorum,</strong></span> <span class='ocrx_word' id='word_1_370' title='bbox 1029 4932 1084 4982; x_wconf 88' lang='lat' dir='ltr'><strong>et</strong></span> <span class='ocrx_word' id='word_1_371' title='bbox 1131 4927 1415 4983; x_wconf 91' lang='lat' dir='ltr'><strong>videbunt</strong></span> <span class='ocrx_word' id='word_1_372' title='bbox 1469 4930 1602 4986; x_wconf 61' lang='lat' dir='ltr'><strong>caeci</strong></span> <span class='ocrx_word' id='word_1_373' title='bbox 1632 4947 1645 4985; x_wconf 93' lang='lat'>:</span> <span class='ocrx_word' id='word_1_374' title='bbox 1681 4931 1782 5002; x_wconf 79' lang='lat' dir='ltr'><strong>qui</strong></span> 
     </span>
    </p>
   </div>
   <div class='ocr_carea' id='block_1_53' title="bbox 139 5014 1778 5086">
    <p class='ocr_par' dir='ltr' id='par_1_53' title="bbox 139 5014 1778 5086">
     <span class='ocr_line' id='line_1_53' title="bbox 139 5014 1778 5086; baseline 0.002 -15"><span class='ocrx_word' id='word_1_375' title='bbox 139 5020 330 5071; x_wconf 89' lang='lat' dir='ltr'><strong>autem</strong></span> <span class='ocrx_word' id='word_1_376' title='bbox 355 5032 470 5070; x_wconf 90' lang='lat' dir='ltr'><strong>non</strong></span> <span class='ocrx_word' id='word_1_377' title='bbox 494 5014 1299 5086; x_wconf 78' lang='lat' dir='ltr'><strong>crediderint,permanebunt</strong></span> <span class='ocrx_word' id='word_1_378' title='bbox 1321 5018 1475 5073; x_wconf 71' lang='lat' dir='ltr'><strong>caeci.</strong></span> <span class='ocrx_word' id='word_1_379' title='bbox 1502 5019 1610 5083; x_wconf 88' lang='lat' dir='ltr'><strong>Qui</strong></span> <span class='ocrx_word' id='word_1_380' title='bbox 1645 5037 1778 5075; x_wconf 91' lang='lat' dir='ltr'><strong>cum</strong></span> 
     </span>
    </p>
   </div>
   <div class='ocr_carea' id='block_1_54' title="bbox 141 5102 1776 5180">
    <p class='ocr_par' dir='ltr' id='par_1_54' title="bbox 141 5102 1776 5180">
     <span class='ocr_line' id='line_1_54' title="bbox 141 5102 1776 5180; baseline 0.004 -23"><span class='ocrx_word' id='word_1_381' title='bbox 141 5103 373 5158; x_wconf 86' lang='lat' dir='ltr'><strong>fecisset</strong></span> <span class='ocrx_word' id='word_1_382' title='bbox 404 5102 506 5171; x_wconf 93' lang='lat' dir='ltr'><strong>ita,</strong></span> <span class='ocrx_word' id='word_1_383' title='bbox 538 5102 760 5158; x_wconf 89' lang='lat' dir='ltr'><strong>invenit</strong></span> <span class='ocrx_word' id='word_1_384' title='bbox 788 5103 1070 5174; x_wconf 90' lang='lat' dir='ltr'><strong>populum</strong></span> <span class='ocrx_word' id='word_1_385' title='bbox 1097 5104 1343 5160; x_wconf 91' lang='lat' dir='ltr'><strong>multum</strong></span> <span class='ocrx_word' id='word_1_386' title='bbox 1379 5106 1776 5180; x_wconf 88' lang='lat' dir='ltr'><strong>plangentem,</strong></span> 
     </span>
    </p>
   </div>
   <div class='ocr_carea' id='block_1_55' title="bbox 140 5191 1779 5262">
    <p class='ocr_par' dir='ltr' id='par_1_55' title="bbox 140 5191 1779 5262">
     <span class='ocr_line' id='line_1_55' title="bbox 140 5191 1779 5262; baseline 0.003 -13"><span class='ocrx_word' id='word_1_387' title='bbox 140 5198 199 5249; x_wconf 91' lang='lat' dir='ltr'><strong>et</strong></span> <span class='ocrx_word' id='word_1_388' title='bbox 231 5192 516 5247; x_wconf 88' lang='lat' dir='ltr'><strong>dicentem</strong></span> <span class='ocrx_word' id='word_1_389' title='bbox 548 5209 560 5247; x_wconf 91' lang='lat'>:</span> <span class='ocrx_word' id='word_1_390' title='bbox 614 5191 711 5246; x_wconf 72' lang='lat' dir='ltr'><strong>Vae</strong></span> <span class='ocrx_word' id='word_1_391' title='bbox 761 5193 950 5261; x_wconf 92' lang='lat' dir='ltr'><strong>nobis,</strong></span> <span class='ocrx_word' id='word_1_392' title='bbox 983 5194 1115 5262; x_wconf 86' lang='lat' dir='ltr'><strong>quia</strong></span> <span class='ocrx_word' id='word_1_393' title='bbox 1146 5194 1373 5250; x_wconf 90' lang='lat' dir='ltr'><strong>similes</strong></span> <span class='ocrx_word' id='word_1_394' title='bbox 1404 5197 1538 5250; x_wconf 85' lang='lat' dir='ltr'><strong>facti</strong></span> <span class='ocrx_word' id='word_1_395' title='bbox 1571 5214 1779 5254; x_wconf 88' lang='lat' dir='ltr'><strong>sumus</strong></span> 
     </span>
    </p>
   </div>
   <div class='ocr_carea' id='block_1_56' title="bbox 145 5279 1780 5355">
    <p class='ocr_par' dir='ltr' id='par_1_56' title="bbox 145 5279 1780 5355">
     <span class='ocr_line' id='line_1_56' title="bbox 145 5279 1780 5355; baseline 0.002 -17"><span class='ocrx_word' id='word_1_396' title='bbox 145 5281 458 5338; x_wconf 90' lang='lat' dir='ltr'><strong>Sodomitis</strong></span> <span class='ocrx_word' id='word_1_397' title='bbox 473 5279 727 5336; x_wconf 67' lang='lat' dir='ltr'><strong>caecitate</strong></span> <span class='ocrx_word' id='word_1_398' title='bbox 743 5282 1036 5350; x_wconf 86' lang='lat' dir='ltr'><strong>percussis</strong></span> <span class='ocrx_word' id='word_1_399' title='bbox 1052 5280 1064 5336; x_wconf 83' lang='grc' dir='ltr'>ι</span> <span class='ocrx_word' id='word_1_400' title='bbox 1087 5282 1176 5336; x_wconf 90' lang='lat' dir='ltr'><strong>Nil</strong></span> <span class='ocrx_word' id='word_1_401' title='bbox 1201 5289 1460 5353; x_wconf 90' lang='lat' dir='ltr'><strong>superest</strong></span> <span class='ocrx_word' id='word_1_402' title='bbox 1473 5285 1594 5355; x_wconf 89' lang='lat' dir='ltr'><strong>jam</strong></span> <span class='ocrx_word' id='word_1_403' title='bbox 1612 5285 1780 5342; x_wconf 91' lang='lat' dir='ltr'><strong>nobis</strong></span> 
     </span>
    </p>
   </div>
   <div class='ocr_carea' id='block_1_57' title="bbox 142 5371 1777 5446">
    <p class='ocr_par' dir='ltr' id='par_1_57' title="bbox 142 5371 1777 5446">
     <span class='ocr_line' id='line_1_57' title="bbox 142 5371 1777 5446; baseline 0.002 -20"><span class='ocrx_word' id='word_1_404' title='bbox 142 5371 252 5427; x_wconf 88' lang='lat' dir='ltr'><strong>nisi</strong></span> <span class='ocrx_word' id='word_1_405' title='bbox 281 5376 340 5425; x_wconf 92' lang='lat' dir='ltr'><strong>ut</strong></span> <span class='ocrx_word' id='word_1_406' title='bbox 373 5371 850 5439; x_wconf 85' lang='lat' dir='ltr'><strong>pereamus.Cum</strong></span> <span class='ocrx_word' id='word_1_407' title='bbox 883 5376 1080 5426; x_wconf 90' lang='lat' dir='ltr'><strong>autem</strong></span> <span class='ocrx_word' id='word_1_408' title='bbox 1105 5371 1412 5428; x_wconf 88' lang='lat' dir='ltr'><strong>audissent</strong></span> <span class='ocrx_word' id='word_1_409' title='bbox 1435 5375 1777 5446; x_wconf 85' lang='lat' dir='ltr'><strong>verbaprln-</strong></span> 
     </span>
    </p>
   </div>
   <div class='ocr_carea' id='block_1_58' title="bbox 139 5459 1778 5532">
    <p class='ocr_par' dir='ltr' id='par_1_58' title="bbox 139 5459 1778 5532">
     <span class='ocr_line' id='line_1_58' title="bbox 139 5459 1778 5532; baseline 0.001 -15"><span class='ocrx_word' id='word_1_410' title='bbox 139 5462 285 5532; x_wconf 86' lang='lat' dir='ltr'><strong>cipis</strong></span> <span class='ocrx_word' id='word_1_411' title='bbox 337 5459 653 5531; x_wconf 87' lang='lat' dir='ltr'><strong>loquentis,</strong></span> <span class='ocrx_word' id='word_1_412' title='bbox 704 5460 803 5532; x_wconf 89' lang='lat' dir='ltr'><strong>qui</strong></span> <span class='ocrx_word' id='word_1_413' title='bbox 854 5479 1034 5517; x_wconf 90' lang='lat' dir='ltr'><strong>sanus</strong></span> <span class='ocrx_word' id='word_1_414' title='bbox 1081 5462 1286 5531; x_wconf 88' lang='lat' dir='ltr'><strong>fuerat,</strong></span> <span class='ocrx_word' id='word_1_415' title='bbox 1318 5463 1691 5520; x_wconf 88' lang='lat' dir='ltr'><strong>crediderunt</strong></span> <span class='ocrx_word' id='word_1_416' title='bbox 1721 5465 1778 5520; x_wconf 90' lang='lat' dir='ltr'><strong>in</strong></span> 
     </span>
    </p>
   </div>
   <div class='ocr_carea' id='block_1_59' title="bbox 142 5551 1781 5627">
    <p class='ocr_par' dir='ltr' id='par_1_59' title="bbox 142 5551 1781 5627">
     <span class='ocr_line' id='line_1_59' title="bbox 142 5551 1781 5627; baseline 0.002 -19"><span class='ocrx_word' id='word_1_417' title='bbox 142 5551 451 5608; x_wconf 86' lang='lat' dir='ltr'><strong>Dominum</strong></span> <span class='ocrx_word' id='word_1_418' title='bbox 485 5553 688 5606; x_wconf 89' lang='lat' dir='ltr'><strong>Jesum</strong></span> <span class='ocrx_word' id='word_1_419' title='bbox 721 5551 1012 5609; x_wconf 88' lang='lat' dir='ltr'><strong>Christum</strong></span> <span class='ocrx_word' id='word_1_420' title='bbox 1049 5571 1064 5622; x_wconf 86' lang='lat'><strong>;</strong></span> <span class='ocrx_word' id='word_1_421' title='bbox 1099 5558 1155 5608; x_wconf 89' lang='lat' dir='ltr'><strong>et</strong></span> <span class='ocrx_word' id='word_1_422' title='bbox 1193 5553 1528 5624; x_wconf 89' lang='lat' dir='ltr'><strong>imponente</strong></span> <span class='ocrx_word' id='word_1_423' title='bbox 1567 5571 1630 5610; x_wconf 92' lang='lat' dir='ltr'><strong>eo</strong></span> <span class='ocrx_word' id='word_1_424' title='bbox 1663 5555 1781 5627; x_wconf 86' lang='lat' dir='ltr'><strong>pal-</strong></span> 
     </span>
    </p>
   </div>
   <div class='ocr_carea' id='block_1_60' title="bbox 217 5677 836 5751">
    <p class='ocr_par' dir='ltr' id='par_1_60' title="bbox 217 5677 836 5751">
     <span class='ocr_line' id='line_1_60' title="bbox 217 5677 836 5751; baseline 0.003 -17"><span class='ocrx_word' id='word_1_425' title='bbox 217 5679 293 5751; x_wconf 87' lang='lat' dir='ltr'><strong>(a)</strong></span> <span class='ocrx_word' id='word_1_426' title='bbox 317 5677 516 5734; x_wconf 86' lang='lat' dir='ltr'><strong>Matth.</strong></span> <span class='ocrx_word' id='word_1_427' title='bbox 551 5694 723 5745; x_wconf 83' lang='lat' dir='ltr'><strong>xxvu,</strong></span> <span class='ocrx_word' id='word_1_428' title='bbox 744 5680 836 5736; x_wconf 86' lang='lat'><strong>25.</strong></span> 
     </span>
    </p>
   </div>
   <div class='ocr_carea' id='block_1_61' title="bbox 1869 621 3514 692">
    <p class='ocr_par' dir='ltr' id='par_1_61' title="bbox 1869 621 3514 692">
     <span class='ocr_line' id='line_1_61' title="bbox 1869 621 3514 692; baseline 0.001 -16"><span class='ocrx_word' id='word_1_429' title='bbox 1869 637 2102 692; x_wconf 90' lang='lat' dir='ltr'><strong>cunque</strong></span> <span class='ocrx_word' id='word_1_430' title='bbox 2131 626 2356 676; x_wconf 82' lang='lat' dir='ltr'><strong>tantum</strong></span> <span class='ocrx_word' id='word_1_431' title='bbox 2389 638 2457 676; x_wconf 89' lang='lat' dir='ltr'><strong>ex</strong></span> <span class='ocrx_word' id='word_1_432' title='bbox 2485 621 2568 676; x_wconf 91' lang='lat' dir='ltr'><strong>eis</strong></span> <span class='ocrx_word' id='word_1_433' title='bbox 2599 626 3012 692; x_wconf 87' lang='lat' dir='ltr'><strong>permanentes</strong></span> <span class='ocrx_word' id='word_1_434' title='bbox 3045 622 3104 677; x_wconf 91' lang='lat' dir='ltr'><strong>in</strong></span> <span class='ocrx_word' id='word_1_435' title='bbox 3137 622 3354 678; x_wconf 87' lang='lat' dir='ltr'><strong>duritia</strong></span> <span class='ocrx_word' id='word_1_436' title='bbox 3392 639 3514 678; x_wconf 86' lang='lat' dir='ltr'><strong>cor-</strong></span> 
     </span>
    </p>
   </div>
   <div class='ocr_carea' id='block_1_62' title="bbox 1869 708 3510 782">
    <p class='ocr_par' dir='ltr' id='par_1_62' title="bbox 1869 708 3510 782">
     <span class='ocr_line' id='line_1_62' title="bbox 1869 708 3510 782; baseline 0.001 -18"><span class='ocrx_word' id='word_1_437' title='bbox 1869 710 1978 775; x_wconf 91' lang='lat' dir='ltr'><strong>dis,</strong></span> <span class='ocrx_word' id='word_1_438' title='bbox 2011 708 2144 764; x_wconf 76' lang='lat' dir='ltr'><strong>caaci</strong></span> <span class='ocrx_word' id='word_1_439' title='bbox 2178 711 2394 765; x_wconf 90' lang='lat' dir='ltr'><strong>mortui</strong></span> <span class='ocrx_word' id='word_1_440' title='bbox 2428 715 2589 767; x_wconf 88' lang='lat' dir='ltr'><strong>sunt.</strong></span> <span class='ocrx_word' id='word_1_441' title='bbox 2624 711 2690 764; x_wconf 88' lang='lat' dir='ltr'><strong>Et</strong></span> <span class='ocrx_word' id='word_1_442' title='bbox 2718 726 2993 780; x_wconf 84' lang='lat' dir='ltr'><strong>egressus</strong></span> <span class='ocrx_word' id='word_1_443' title='bbox 3028 711 3295 782; x_wconf 89' lang='lat' dir='ltr'><strong>princeps</strong></span> <span class='ocrx_word' id='word_1_444' title='bbox 3317 727 3510 767; x_wconf 87' lang='lat' dir='ltr'><strong>sacer-</strong></span> 
     </span>
    </p>
   </div>
   <div class='ocr_carea' id='block_1_63' title="bbox 1870 799 3517 872">
    <p class='ocr_par' dir='ltr' id='par_1_63' title="bbox 1870 799 3517 872">
     <span class='ocr_line' id='line_1_63' title="bbox 1870 799 3517 872; baseline 0.001 -17"><span class='ocrx_word' id='word_1_445' title='bbox 1870 800 2071 855; x_wconf 88' lang='lat' dir='ltr'><strong>dotum</strong></span> <span class='ocrx_word' id='word_1_446' title='bbox 2099 801 2168 855; x_wconf 88' lang='lat' dir='ltr'><strong>ad</strong></span> <span class='ocrx_word' id='word_1_447' title='bbox 2183 799 2494 870; x_wconf 86' lang='lat' dir='ltr'><strong>apostolos,</strong></span> <span class='ocrx_word' id='word_1_448' title='bbox 2518 801 2723 856; x_wconf 88' lang='lat' dir='ltr'><strong>retulit</strong></span> <span class='ocrx_word' id='word_1_449' title='bbox 2744 801 3019 872; x_wconf 86' lang='lat' dir='ltr'><strong>palmam,</strong></span> <span class='ocrx_word' id='word_1_450' title='bbox 3044 802 3300 857; x_wconf 85' lang='lat' dir='ltr'><strong>referens</strong></span> <span class='ocrx_word' id='word_1_451' title='bbox 3321 801 3517 856; x_wconf 87' lang='lat' dir='ltr'><strong>omnia</strong></span> 
     </span>
    </p>
   </div>
   <div class='ocr_carea' id='block_1_64' title="bbox 1870 889 2463 962">
    <p class='ocr_par' dir='ltr' id='par_1_64' title="bbox 1870 889 2463 962">
     <span class='ocr_line' id='line_1_64' title="bbox 1870 889 2463 962; baseline 0 -16"><span class='ocrx_word' id='word_1_452' title='bbox 1870 905 1996 962; x_wconf 78' lang='lat' dir='ltr'><strong>quae</strong></span> <span class='ocrx_word' id='word_1_453' title='bbox 2028 891 2266 946; x_wconf 85' lang='lat' dir='ltr'><strong>fuerunt</strong></span> <span class='ocrx_word' id='word_1_454' title='bbox 2296 889 2463 946; x_wconf 86' lang='lat' dir='ltr'><strong>facta.</strong></span> 
     </span>
    </p>
   </div>
   <div class='ocr_carea' id='block_1_65' title="bbox 2491 997 2890 1053">
    <p class='ocr_par' dir='ltr' id='par_1_65' title="bbox 2491 997 2890 1053">
     <span class='ocr_line' id='line_1_65' title="bbox 2491 997 2890 1053; baseline 0.003 -1"><span class='ocrx_word' id='word_1_455' title='bbox 2491 997 2722 1052; x_wconf 87' lang='lat' dir='ltr'><strong>CAPUT</strong></span> <span class='ocrx_word' id='word_1_456' title='bbox 2749 997 2890 1053; x_wconf 89' lang='lat' dir='ltr'><strong>XVI.</strong></span> 
     </span>
    </p>
   </div>
   <div class='ocr_carea' id='block_1_66' title="bbox 1941 1106 3512 1178">
    <p class='ocr_par' dir='ltr' id='par_1_66' title="bbox 1941 1106 3512 1178">
     <span class='ocr_line' id='line_1_66' title="bbox 1941 1106 3512 1178; baseline 0.001 -17"><span class='ocrx_word' id='word_1_457' title='bbox 1941 1106 2184 1162; x_wconf 88' lang='lat' dir='ltr'><strong>Mariam</strong></span> <span class='ocrx_word' id='word_1_458' title='bbox 2218 1108 2413 1160; x_wconf 88' lang='lat' dir='ltr'><strong>autem</strong></span> <span class='ocrx_word' id='word_1_459' title='bbox 2437 1109 2731 1177; x_wconf 89' lang='lat' dir='ltr'><strong>portantes</strong></span> <span class='ocrx_word' id='word_1_460' title='bbox 2760 1106 3005 1178; x_wconf 85' lang='lat' dir='ltr'><strong>apostoli</strong></span> <span class='ocrx_word' id='word_1_461' title='bbox 3039 1114 3419 1177; x_wconf 88' lang='lat' dir='ltr'><strong>pervenerunt</strong></span> <span class='ocrx_word' id='word_1_462' title='bbox 3443 1109 3512 1162; x_wconf 88' lang='lat' dir='ltr'><strong>ad</strong></span> 
     </span>
    </p>
   </div>
   <div class='ocr_carea' id='block_1_67' title="bbox 1868 1193 3514 1266">
    <p class='ocr_par' dir='ltr' id='par_1_67' title="bbox 1868 1193 3514 1266">
     <span class='ocr_line' id='line_1_67' title="bbox 1868 1193 3514 1266; baseline 0.001 -17"><span class='ocrx_word' id='word_1_463' title='bbox 1868 1193 2062 1251; x_wconf 92' lang='lat' dir='ltr'><strong>locum</strong></span> <span class='ocrx_word' id='word_1_464' title='bbox 2086 1194 2254 1250; x_wconf 89' lang='lat' dir='ltr'><strong>vallis</strong></span> <span class='ocrx_word' id='word_1_465' title='bbox 2269 1194 2574 1265; x_wconf 88' lang='lat' dir='ltr'><strong>Josapbat,</strong></span> <span class='ocrx_word' id='word_1_466' title='bbox 2601 1211 2770 1266; x_wconf 87' lang='lat' dir='ltr'><strong>quem</strong></span> <span class='ocrx_word' id='word_1_467' title='bbox 2807 1196 3139 1251; x_wconf 84' lang='lat' dir='ltr'><strong>ostenderat</strong></span> <span class='ocrx_word' id='word_1_468' title='bbox 3171 1195 3289 1251; x_wconf 89' lang='lat' dir='ltr'><strong>illis</strong></span> <span class='ocrx_word' id='word_1_469' title='bbox 3314 1197 3514 1252; x_wconf 90' lang='lat' dir='ltr'><strong>Domi-</strong></span> 
     </span>
    </p>
   </div>
   <div class='ocr_carea' id='block_1_68' title="bbox 1869 1285 3513 1357">
    <p class='ocr_par' dir='ltr' id='par_1_68' title="bbox 1869 1285 3513 1357">
     <span class='ocr_line' id='line_1_68' title="bbox 1869 1285 3513 1357; baseline 0 -16"><span class='ocrx_word' id='word_1_470' title='bbox 1869 1303 2002 1342; x_wconf 90' lang='lat' dir='ltr'><strong>nus.</strong></span> <span class='ocrx_word' id='word_1_471' title='bbox 2037 1286 2103 1340; x_wconf 86' lang='lat' dir='ltr'><strong>Et</strong></span> <span class='ocrx_word' id='word_1_472' title='bbox 2158 1289 2480 1357; x_wconf 88' lang='lat' dir='ltr'><strong>posuerunt</strong></span> <span class='ocrx_word' id='word_1_473' title='bbox 2536 1300 2664 1339; x_wconf 91' lang='lat' dir='ltr'><strong>eam</strong></span> <span class='ocrx_word' id='word_1_474' title='bbox 2718 1285 2776 1338; x_wconf 90' lang='lat' dir='ltr'><strong>in</strong></span> <span class='ocrx_word' id='word_1_475' title='bbox 2833 1290 3211 1340; x_wconf 88' lang='lat' dir='ltr'><strong>monumento</strong></span> <span class='ocrx_word' id='word_1_476' title='bbox 3253 1302 3420 1350; x_wconf 89' lang='lat' dir='ltr'><strong>novo,</strong></span> <span class='ocrx_word' id='word_1_477' title='bbox 3457 1291 3513 1341; x_wconf 88' lang='lat' dir='ltr'><strong>et</strong></span> 
     </span>
    </p>
   </div>
   <div class='ocr_carea' id='block_1_69' title="bbox 1869 1373 3511 1445">
    <p class='ocr_par' dir='ltr' id='par_1_69' title="bbox 1869 1373 3511 1445">
     <span class='ocr_line' id='line_1_69' title="bbox 1869 1373 3511 1445; baseline 0.001 -17"><span class='ocrx_word' id='word_1_478' title='bbox 1869 1373 2206 1430; x_wconf 86' lang='lat' dir='ltr'><strong>clauserunt</strong></span> <span class='ocrx_word' id='word_1_479' title='bbox 2223 1374 2582 1445; x_wconf 89' lang='lat' dir='ltr'><strong>sepulcrum.</strong></span> <span class='ocrx_word' id='word_1_480' title='bbox 2610 1374 2722 1445; x_wconf 84' lang='lat' dir='ltr'><strong>Ipsi</strong></span> <span class='ocrx_word' id='word_1_481' title='bbox 2746 1391 2878 1430; x_wconf 88' lang='lat' dir='ltr'><strong>vero</strong></span> <span class='ocrx_word' id='word_1_482' title='bbox 2911 1375 3187 1430; x_wconf 88' lang='lat' dir='ltr'><strong>sederunt</strong></span> <span class='ocrx_word' id='word_1_483' title='bbox 3205 1375 3274 1429; x_wconf 93' lang='lat' dir='ltr'><strong>ad</strong></span> <span class='ocrx_word' id='word_1_484' title='bbox 3295 1375 3511 1430; x_wconf 84' lang='lat' dir='ltr'><strong>ostium</strong></span> 
     </span>
    </p>
   </div>
   <div class='ocr_carea' id='block_1_70' title="bbox 1872 1463 3516 1531">
    <p class='ocr_par' dir='ltr' id='par_1_70' title="bbox 1872 1463 3516 1531">
     <span class='ocr_line' id='line_1_70' title="bbox 1872 1463 3516 1531; baseline 0 -12"><span class='ocrx_word' id='word_1_485' title='bbox 1872 1464 2260 1531; x_wconf 86' lang='lat' dir='ltr'><strong>monumenti,</strong></span> <span class='ocrx_word' id='word_1_486' title='bbox 2323 1463 2474 1518; x_wconf 89' lang='lat' dir='ltr'><strong>sicut</strong></span> <span class='ocrx_word' id='word_1_487' title='bbox 2527 1465 2905 1518; x_wconf 89' lang='lat' dir='ltr'><strong>mandaverat</strong></span> <span class='ocrx_word' id='word_1_488' title='bbox 2961 1464 3043 1518; x_wconf 91' lang='lat' dir='ltr'><strong>eis</strong></span> <span class='ocrx_word' id='word_1_489' title='bbox 3090 1464 3396 1519; x_wconf 88' lang='lat' dir='ltr'><strong>Dominus.</strong></span> <span class='ocrx_word' id='word_1_490' title='bbox 3447 1465 3516 1519; x_wconf 86' lang='lat' dir='ltr'><strong>Et</strong></span> 
     </span>
    </p>
   </div>
   <div class='ocr_carea' id='block_1_71' title="bbox 1870 1552 3514 1609">
    <p class='ocr_par' dir='ltr' id='par_1_71' title="bbox 1870 1552 3514 1609">
     <span class='ocr_line' id='line_1_71' title="bbox 1870 1552 3514 1609; baseline 0 0"><span class='ocrx_word' id='word_1_491' title='bbox 1870 1571 1999 1609; x_wconf 89' lang='lat' dir='ltr'><strong>ecce</strong></span> <span class='ocrx_word' id='word_1_492' title='bbox 2033 1552 2228 1608; x_wconf 88' lang='lat' dir='ltr'><strong>subito</strong></span> <span class='ocrx_word' id='word_1_493' title='bbox 2257 1552 2492 1608; x_wconf 90' lang='lat' dir='ltr'><strong>advenit</strong></span> <span class='ocrx_word' id='word_1_494' title='bbox 2531 1552 2813 1608; x_wconf 91' lang='lat' dir='ltr'><strong>Dominus</strong></span> <span class='ocrx_word' id='word_1_495' title='bbox 2836 1553 3000 1607; x_wconf 79' lang='lat' dir='ltr'><strong>Iesus</strong></span> <span class='ocrx_word' id='word_1_496' title='bbox 3023 1569 3154 1608; x_wconf 88' lang='lat' dir='ltr'><strong>cum</strong></span> <span class='ocrx_word' id='word_1_497' title='bbox 3177 1553 3514 1609; x_wconf 85' lang='lat' dir='ltr'><strong>innumera-</strong></span> 
     </span>
    </p>
   </div>
   <div class='ocr_carea' id='block_1_72' title="bbox 1871 1639 3514 1713">
    <p class='ocr_par' dir='ltr' id='par_1_72' title="bbox 1871 1639 3514 1713">
     <span class='ocr_line' id='line_1_72' title="bbox 1871 1639 3514 1713; baseline 0 -15"><span class='ocrx_word' id='word_1_498' title='bbox 1871 1642 1972 1698; x_wconf 82' lang='lat' dir='ltr'><strong>bili</strong></span> <span class='ocrx_word' id='word_1_499' title='bbox 2001 1642 2253 1698; x_wconf 84' lang='lat' dir='ltr'><strong>exercitu</strong></span> <span class='ocrx_word' id='word_1_500' title='bbox 2285 1640 2624 1711; x_wconf 77' lang='lat' dir='ltr'><strong>angelorum</strong></span> <span class='ocrx_word' id='word_1_501' title='bbox 2649 1657 2876 1713; x_wconf 68' lang='lat' dir='ltr'><strong>magnis</strong></span> <span class='ocrx_word' id='word_1_502' title='bbox 2907 1639 3192 1697; x_wconf 86' lang='lat' dir='ltr'><strong>claritatis</strong></span> <span class='ocrx_word' id='word_1_503' title='bbox 3221 1643 3383 1698; x_wconf 86' lang='lat' dir='ltr'><strong>radio</strong></span> <span class='ocrx_word' id='word_1_504' title='bbox 3415 1659 3514 1698; x_wconf 90' lang='lat' dir='ltr'><strong>co-</strong></span> 
     </span>
    </p>
   </div>
   <div class='ocr_carea' id='block_1_73' title="bbox 1872 1730 3514 1801">
    <p class='ocr_par' dir='ltr' id='par_1_73' title="bbox 1872 1730 3514 1801">
     <span class='ocr_line' id='line_1_73' title="bbox 1872 1730 3514 1801; baseline -0.001 -15"><span class='ocrx_word' id='word_1_505' title='bbox 1872 1736 2165 1801; x_wconf 89' lang='lat' dir='ltr'><strong>ruscante,</strong></span> <span class='ocrx_word' id='word_1_506' title='bbox 2198 1735 2252 1784; x_wconf 91' lang='lat' dir='ltr'><strong>et</strong></span> <span class='ocrx_word' id='word_1_507' title='bbox 2274 1731 2417 1785; x_wconf 88' lang='lat' dir='ltr'><strong>dixit</strong></span> <span class='ocrx_word' id='word_1_508' title='bbox 2447 1730 2723 1801; x_wconf 89' lang='lat' dir='ltr'><strong>apostolis</strong></span> <span class='ocrx_word' id='word_1_509' title='bbox 2755 1747 2766 1785; x_wconf 91' lang='lat'><strong>:</strong></span> <span class='ocrx_word' id='word_1_510' title='bbox 2805 1732 2917 1786; x_wconf 85' lang='lat' dir='ltr'><strong>Pax</strong></span> <span class='ocrx_word' id='word_1_511' title='bbox 2970 1730 3288 1785; x_wconf 87' lang='lat' dir='ltr'><strong>vobiscum.</strong></span> <span class='ocrx_word' id='word_1_512' title='bbox 3327 1734 3398 1785; x_wconf 83' lang='lat' dir='ltr'><strong>At</strong></span> <span class='ocrx_word' id='word_1_513' title='bbox 3430 1731 3514 1784; x_wconf 89' lang='lat' dir='ltr'><strong>illi</strong></span> 
     </span>
    </p>
   </div>
   <div class='ocr_carea' id='block_1_74' title="bbox 1872 1819 3512 1893">
    <p class='ocr_par' dir='ltr' id='par_1_74' title="bbox 1872 1819 3512 1893">
     <span class='ocr_line' id='line_1_74' title="bbox 1872 1819 3512 1893; baseline -0.002 -15"><span class='ocrx_word' id='word_1_514' title='bbox 1872 1822 2289 1893; x_wconf 86' lang='lat' dir='ltr'><strong>respondentes</strong></span> <span class='ocrx_word' id='word_1_515' title='bbox 2319 1819 2592 1874; x_wconf 90' lang='lat' dir='ltr'><strong>dixerunt</strong></span> <span class='ocrx_word' id='word_1_516' title='bbox 2619 1835 2632 1873; x_wconf 87' lang='lat'><strong>:</strong></span> <span class='ocrx_word' id='word_1_517' title='bbox 2667 1821 2786 1874; x_wconf 87' lang='lat' dir='ltr'><strong>Fiat</strong></span> <span class='ocrx_word' id='word_1_518' title='bbox 2815 1821 3210 1876; x_wconf 72' lang='lat' dir='ltr'><strong>misericordia</strong></span> <span class='ocrx_word' id='word_1_519' title='bbox 3242 1824 3362 1888; x_wconf 89' lang='lat' dir='ltr'><strong>tua,</strong></span> <span class='ocrx_word' id='word_1_520' title='bbox 3397 1820 3512 1874; x_wconf 85' lang='lat' dir='ltr'><strong>Do-</strong></span> 
     </span>
    </p>
   </div>
   <div class='ocr_carea' id='block_1_75' title="bbox 1869 1907 3508 1981">
    <p class='ocr_par' dir='ltr' id='par_1_75' title="bbox 1869 1907 3508 1981">
     <span class='ocr_line' id='line_1_75' title="bbox 1869 1907 3508 1981; baseline -0.001 -15"><span class='ocrx_word' id='word_1_521' title='bbox 1869 1911 2046 1974; x_wconf 89' lang='lat' dir='ltr'><strong>mine,</strong></span> <span class='ocrx_word' id='word_1_522' title='bbox 2078 1925 2256 1981; x_wconf 91' lang='lat' dir='ltr'><strong>super</strong></span> <span class='ocrx_word' id='word_1_523' title='bbox 2278 1925 2405 1976; x_wconf 90' lang='lat' dir='ltr'><strong>nos,</strong></span> <span class='ocrx_word' id='word_1_524' title='bbox 2431 1909 2928 1980; x_wconf 85' lang='lat' dir='ltr'><strong>quemadmodum</strong></span> <span class='ocrx_word' id='word_1_525' title='bbox 2963 1907 3325 1979; x_wconf 85' lang='lat' dir='ltr'><strong>speravimus</strong></span> <span class='ocrx_word' id='word_1_526' title='bbox 3350 1907 3407 1960; x_wconf 90' lang='lat' dir='ltr'><strong>in</strong></span> <span class='ocrx_word' id='word_1_527' title='bbox 3432 1911 3508 1964; x_wconf 90' lang='lat' dir='ltr'><strong>te.</strong></span> 
     </span>
    </p>
   </div>
   <div class='ocr_carea' id='block_1_76' title="bbox 1868 1999 3506 2068">
    <p class='ocr_par' dir='ltr' id='par_1_76' title="bbox 1868 1999 3506 2068">
     <span class='ocr_line' id='line_1_76' title="bbox 1868 1999 3506 2068; baseline -0.002 -11"><span class='ocrx_word' id='word_1_528' title='bbox 1868 2003 2032 2057; x_wconf 90' lang='lat' dir='ltr'><strong>Tunc</strong></span> <span class='ocrx_word' id='word_1_529' title='bbox 2063 1999 2328 2055; x_wconf 82' lang='lat' dir='ltr'><strong>Salvator</strong></span> <span class='ocrx_word' id='word_1_530' title='bbox 2352 1999 2586 2054; x_wconf 89' lang='lat' dir='ltr'><strong>locutus</strong></span> <span class='ocrx_word' id='word_1_531' title='bbox 2632 2004 2721 2053; x_wconf 90' lang='lat' dir='ltr'><strong>est</strong></span> <span class='ocrx_word' id='word_1_532' title='bbox 2759 2001 2865 2063; x_wconf 88' lang='lat' dir='ltr'><strong>eis,</strong></span> <span class='ocrx_word' id='word_1_533' title='bbox 2899 2000 3098 2052; x_wconf 90' lang='lat' dir='ltr'><strong>dicens</strong></span> <span class='ocrx_word' id='word_1_534' title='bbox 3133 2014 3146 2053; x_wconf 90' lang='lat'><strong>:</strong></span> <span class='ocrx_word' id='word_1_535' title='bbox 3175 2003 3506 2068; x_wconf 83' lang='lat' dir='ltr'><strong>Antequam</strong></span> 
     </span>
    </p>
   </div>
   <div class='ocr_carea' id='block_1_77' title="bbox 1869 2087 3510 2159">
    <p class='ocr_par' dir='ltr' id='par_1_77' title="bbox 1869 2087 3510 2159">
     <span class='ocr_line' id='line_1_77' title="bbox 1869 2087 3510 2159; baseline -0.001 -14"><span class='ocrx_word' id='word_1_536' title='bbox 1869 2091 2244 2145; x_wconf 84' lang='lat' dir='ltr'><strong>ascenderem</strong></span> <span class='ocrx_word' id='word_1_537' title='bbox 2279 2089 2346 2142; x_wconf 88' lang='lat' dir='ltr'><strong>ad</strong></span> <span class='ocrx_word' id='word_1_538' title='bbox 2380 2087 2606 2142; x_wconf 87' lang='lat' dir='ltr'><strong>Patrem</strong></span> <span class='ocrx_word' id='word_1_539' title='bbox 2633 2104 2848 2152; x_wconf 90' lang='lat' dir='ltr'><strong>meum,</strong></span> <span class='ocrx_word' id='word_1_540' title='bbox 2882 2087 3175 2159; x_wconf 85' lang='lat' dir='ltr'><strong>pollicitus</strong></span> <span class='ocrx_word' id='word_1_541' title='bbox 3191 2104 3320 2141; x_wconf 88' lang='lat' dir='ltr'><strong>sum</strong></span> <span class='ocrx_word' id='word_1_542' title='bbox 3345 2087 3510 2143; x_wconf 89' lang='lat' dir='ltr'><strong>vobis</strong></span> 
     </span>
    </p>
   </div>
   <div class='ocr_carea' id='block_1_78' title="bbox 1871 2176 3504 2250">
    <p class='ocr_par' dir='ltr' id='par_1_78' title="bbox 1871 2176 3504 2250">
     <span class='ocr_line' id='line_1_78' title="bbox 1871 2176 3504 2250; baseline -0.003 -15"><span class='ocrx_word' id='word_1_543' title='bbox 1871 2181 2090 2246; x_wconf 89' lang='lat' dir='ltr'><strong>dicens,</strong></span> <span class='ocrx_word' id='word_1_544' title='bbox 2124 2177 2280 2250; x_wconf 92' lang='lat' dir='ltr'><strong>quod</strong></span> <span class='ocrx_word' id='word_1_545' title='bbox 2314 2194 2415 2232; x_wconf 81' lang='lat' dir='ltr'><strong>vos</strong></span> <span class='ocrx_word' id='word_1_546' title='bbox 2446 2177 2543 2248; x_wconf 91' lang='lat' dir='ltr'><strong>qui</strong></span> <span class='ocrx_word' id='word_1_547' title='bbox 2577 2176 2756 2232; x_wconf 89' lang='lat' dir='ltr'><strong>secuti</strong></span> <span class='ocrx_word' id='word_1_548' title='bbox 2789 2176 2926 2231; x_wconf 76' lang='lat' dir='ltr'><strong>estis</strong></span> <span class='ocrx_word' id='word_1_549' title='bbox 2959 2194 3070 2244; x_wconf 90' lang='lat' dir='ltr'><strong>me,</strong></span> <span class='ocrx_word' id='word_1_550' title='bbox 3109 2177 3165 2230; x_wconf 91' lang='lat' dir='ltr'><strong>in</strong></span> <span class='ocrx_word' id='word_1_551' title='bbox 3203 2193 3504 2246; x_wconf 81' lang='lat' dir='ltr'><strong>regenera-</strong></span> 
     </span>
    </p>
   </div>
   <div class='ocr_carea' id='block_1_79' title="bbox 1871 2265 3510 2333">
    <p class='ocr_par' dir='ltr' id='par_1_79' title="bbox 1871 2265 3510 2333">
     <span class='ocr_line' id='line_1_79' title="bbox 1871 2265 3510 2333; baseline -0.003 -8"><span class='ocrx_word' id='word_1_552' title='bbox 1871 2272 2030 2326; x_wconf 90' lang='lat' dir='ltr'><strong>tione</strong></span> <span class='ocrx_word' id='word_1_553' title='bbox 2047 2285 2180 2323; x_wconf 90' lang='lat' dir='ltr'><strong>cum</strong></span> <span class='ocrx_word' id='word_1_554' title='bbox 2204 2266 2419 2322; x_wconf 88' lang='lat' dir='ltr'><strong>sederit</strong></span> <span class='ocrx_word' id='word_1_555' title='bbox 2446 2266 2628 2321; x_wconf 88' lang='lat' dir='ltr'><strong>Filius</strong></span> <span class='ocrx_word' id='word_1_556' title='bbox 2651 2265 2907 2320; x_wconf 87' lang='lat' dir='ltr'><strong>hominis</strong></span> <span class='ocrx_word' id='word_1_557' title='bbox 2939 2266 2996 2319; x_wconf 92' lang='lat' dir='ltr'><strong>in</strong></span> <span class='ocrx_word' id='word_1_558' title='bbox 3027 2267 3161 2320; x_wconf 89' lang='lat' dir='ltr'><strong>sede</strong></span> <span class='ocrx_word' id='word_1_559' title='bbox 3185 2266 3510 2333; x_wconf 76' lang='lat' dir='ltr'><strong>maiestatis</strong></span> 
     </span>
    </p>
   </div>
   <div class='ocr_carea' id='block_1_80' title="bbox 1873 2354 3511 2426">
    <p class='ocr_par' dir='ltr' id='par_1_80' title="bbox 1873 2354 3511 2426">
     <span class='ocr_line' id='line_1_80' title="bbox 1873 2354 3511 2426; baseline -0.003 -12"><span class='ocrx_word' id='word_1_560' title='bbox 1873 2373 2014 2423; x_wconf 67' lang='lat' dir='ltr'><strong>sum,</strong></span> <span class='ocrx_word' id='word_1_561' title='bbox 2047 2356 2325 2413; x_wconf 87' lang='lat' dir='ltr'><strong>sedebitis</strong></span> <span class='ocrx_word' id='word_1_562' title='bbox 2356 2361 2414 2410; x_wconf 89' lang='lat' dir='ltr'><strong>et</strong></span> <span class='ocrx_word' id='word_1_563' title='bbox 2445 2371 2542 2409; x_wconf 90' lang='lat' dir='ltr'><strong>vos</strong></span> <span class='ocrx_word' id='word_1_564' title='bbox 2573 2370 2752 2426; x_wconf 86' lang='lat' dir='ltr'><strong>super</strong></span> <span class='ocrx_word' id='word_1_565' title='bbox 2777 2354 3018 2410; x_wconf 88' lang='lat' dir='ltr'><strong>thronos</strong></span> <span class='ocrx_word' id='word_1_566' title='bbox 3059 2354 3386 2421; x_wconf 86' lang='lat' dir='ltr'><strong>duodecim,</strong></span> <span class='ocrx_word' id='word_1_567' title='bbox 3419 2356 3511 2423; x_wconf 83' lang='lat' dir='ltr'><strong>ju-</strong></span> 
     </span>
    </p>
   </div>
   <div class='ocr_carea' id='block_1_81' title="bbox 1875 2442 3520 2513">
    <p class='ocr_par' dir='ltr' id='par_1_81' title="bbox 1875 2442 3520 2513">
     <span class='ocr_line' id='line_1_81' title="bbox 1875 2442 3520 2513; baseline -0.004 -12"><span class='ocrx_word' id='word_1_568' title='bbox 1875 2447 2135 2501; x_wconf 91' lang='lat' dir='ltr'><strong>dicantes</strong></span> <span class='ocrx_word' id='word_1_569' title='bbox 2169 2444 2472 2499; x_wconf 89' lang='lat' dir='ltr'><strong>duodecim</strong></span> <span class='ocrx_word' id='word_1_570' title='bbox 2507 2442 2690 2497; x_wconf 83' lang='lat' dir='ltr'><strong>tribus</strong></span> <span class='ocrx_word' id='word_1_571' title='bbox 2727 2442 2923 2499; x_wconf 90' lang='lat' dir='ltr'><strong>Israel.</strong></span> <span class='ocrx_word' id='word_1_572' title='bbox 2961 2444 3112 2497; x_wconf 87' lang='lat' dir='ltr'><strong>llanc</strong></span> <span class='ocrx_word' id='word_1_573' title='bbox 3145 2458 3280 2513; x_wconf 89' lang='lat' dir='ltr'><strong>ergo</strong></span> <span class='ocrx_word' id='word_1_574' title='bbox 3325 2459 3394 2498; x_wconf 89' lang='lat' dir='ltr'><strong>ex</strong></span> <span class='ocrx_word' id='word_1_575' title='bbox 3419 2442 3520 2496; x_wconf 91' lang='lat' dir='ltr'><strong>tri-</strong></span> 
     </span>
    </p>
   </div>
   <div class='ocr_carea' id='block_1_82' title="bbox 1875 2531 3517 2604">
    <p class='ocr_par' dir='ltr' id='par_1_82' title="bbox 1875 2531 3517 2604">
     <span class='ocr_line' id='line_1_82' title="bbox 1875 2531 3517 2604; baseline -0.003 -13"><span class='ocrx_word' id='word_1_576' title='bbox 1875 2536 2068 2591; x_wconf 89' lang='lat' dir='ltr'><strong>bubus</strong></span> <span class='ocrx_word' id='word_1_577' title='bbox 2102 2533 2278 2589; x_wconf 91' lang='lat' dir='ltr'><strong>Israel</strong></span> <span class='ocrx_word' id='word_1_578' title='bbox 2300 2532 2473 2604; x_wconf 87' lang='lat' dir='ltr'><strong>elegit</strong></span> <span class='ocrx_word' id='word_1_579' title='bbox 2495 2531 2687 2600; x_wconf 88' lang='lat' dir='ltr'><strong>jussio</strong></span> <span class='ocrx_word' id='word_1_580' title='bbox 2721 2531 2904 2587; x_wconf 85' lang='lat' dir='ltr'><strong>Patris</strong></span> <span class='ocrx_word' id='word_1_581' title='bbox 2936 2531 3071 2596; x_wconf 90' lang='lat' dir='ltr'><strong>mei,</strong></span> <span class='ocrx_word' id='word_1_582' title='bbox 3097 2537 3160 2586; x_wconf 88' lang='lat' dir='ltr'><strong>ut</strong></span> <span class='ocrx_word' id='word_1_583' title='bbox 3191 2531 3517 2586; x_wconf 88' lang='lat' dir='ltr'><strong>habitarem</strong></span> 
     </span>
    </p>
   </div>
   <div class='ocr_carea' id='block_1_83' title="bbox 1873 2619 3518 2693">
    <p class='ocr_par' dir='ltr' id='par_1_83' title="bbox 1873 2619 3518 2693">
     <span class='ocr_line' id='line_1_83' title="bbox 1873 2619 3518 2693; baseline -0.004 -14"><span class='ocrx_word' id='word_1_584' title='bbox 1873 2625 1932 2679; x_wconf 92' lang='lat' dir='ltr'><strong>in</strong></span> <span class='ocrx_word' id='word_1_585' title='bbox 1974 2641 2060 2693; x_wconf 90' lang='lat' dir='ltr'><strong>ea,</strong></span> <span class='ocrx_word' id='word_1_586' title='bbox 2097 2623 2234 2693; x_wconf 86' lang='lat' dir='ltr'><strong>quid</strong></span> <span class='ocrx_word' id='word_1_587' title='bbox 2265 2638 2398 2692; x_wconf 85' lang='lat' dir='ltr'><strong>ergo</strong></span> <span class='ocrx_word' id='word_1_588' title='bbox 2429 2619 2604 2675; x_wconf 90' lang='lat' dir='ltr'><strong>vultis</strong></span> <span class='ocrx_word' id='word_1_589' title='bbox 2639 2625 2702 2675; x_wconf 91' lang='lat' dir='ltr'><strong>ut</strong></span> <span class='ocrx_word' id='word_1_590' title='bbox 2734 2621 2939 2676; x_wconf 85' lang='lat' dir='ltr'><strong>faciam</strong></span> <span class='ocrx_word' id='word_1_591' title='bbox 2977 2625 3027 2676; x_wconf 89' lang='lat' dir='ltr'><strong>ei</strong></span> <span class='ocrx_word' id='word_1_592' title='bbox 3054 2623 3076 2675; x_wconf 75' lang='grc' dir='ltr'><em>Ρ</em></span> <span class='ocrx_word' id='word_1_593' title='bbox 3101 2621 3267 2675; x_wconf 90' lang='lat' dir='ltr'><strong>Tunc</strong></span> <span class='ocrx_word' id='word_1_594' title='bbox 3292 2624 3518 2686; x_wconf 88' lang='lat' dir='ltr'><strong>Petrus,</strong></span> 
     </span>
    </p>
   </div>
   <div class='ocr_carea' id='block_1_84' title="bbox 1874 2707 3519 2784">
    <p class='ocr_par' dir='ltr' id='par_1_84' title="bbox 1874 2707 3519 2784">
     <span class='ocr_line' id='line_1_84' title="bbox 1874 2707 3519 2784; baseline -0.004 -15"><span class='ocrx_word' id='word_1_595' title='bbox 1874 2719 1928 2769; x_wconf 90' lang='lat' dir='ltr'><strong>et</strong></span> <span class='ocrx_word' id='word_1_596' title='bbox 1951 2712 2050 2768; x_wconf 90' lang='lat' dir='ltr'><strong>alii</strong></span> <span class='ocrx_word' id='word_1_597' title='bbox 2081 2711 2329 2784; x_wconf 80' lang='lat' dir='ltr'><strong>apostoli</strong></span> <span class='ocrx_word' id='word_1_598' title='bbox 2359 2710 2629 2764; x_wconf 87' lang='lat' dir='ltr'><strong>dixerunt</strong></span> <span class='ocrx_word' id='word_1_599' title='bbox 2655 2727 2666 2763; x_wconf 93' lang='lat'><strong>:</strong></span> <span class='ocrx_word' id='word_1_600' title='bbox 2691 2708 2955 2778; x_wconf 90' lang='lat' dir='ltr'><strong>Domine,</strong></span> <span class='ocrx_word' id='word_1_601' title='bbox 2989 2707 3334 2780; x_wconf 65' lang='lat' dir='ltr'><strong>praeelegisti</strong></span> <span class='ocrx_word' id='word_1_602' title='bbox 3366 2707 3519 2762; x_wconf 88' lang='lat' dir='ltr'><strong>hanc</strong></span> 
     </span>
    </p>
   </div>
   <div class='ocr_carea' id='block_1_85' title="bbox 1875 2795 3516 2865">
    <p class='ocr_par' dir='ltr' id='par_1_85' title="bbox 1875 2795 3516 2865">
     <span class='ocr_line' id='line_1_85' title="bbox 1875 2795 3516 2865; baseline -0.006 -6"><span class='ocrx_word' id='word_1_603' title='bbox 1875 2800 2144 2859; x_wconf 88' lang='lat' dir='ltr'><strong>ancillam</strong></span> <span class='ocrx_word' id='word_1_604' title='bbox 2177 2804 2340 2854; x_wconf 89' lang='lat' dir='ltr'><strong>tuam</strong></span> <span class='ocrx_word' id='word_1_605' title='bbox 2386 2798 2511 2853; x_wconf 88' lang='lat' dir='ltr'><strong>fieri</strong></span> <span class='ocrx_word' id='word_1_606' title='bbox 2553 2796 2997 2852; x_wconf 88' lang='lat' dir='ltr'><strong>immaculatum</strong></span> <span class='ocrx_word' id='word_1_607' title='bbox 3030 2797 3136 2850; x_wconf 85' lang='lat' dir='ltr'><strong>tibi</strong></span> <span class='ocrx_word' id='word_1_608' title='bbox 3169 2795 3516 2865; x_wconf 88' lang='lat' dir='ltr'><strong>thalamum,</strong></span> 
     </span>
    </p>
   </div>
   <div class='ocr_carea' id='block_1_86' title="bbox 1875 2883 3518 2949">
    <p class='ocr_par' dir='ltr' id='par_1_86' title="bbox 1875 2883 3518 2949">
     <span class='ocr_line' id='line_1_86' title="bbox 1875 2883 3518 2949; baseline -0.006 -1"><span class='ocrx_word' id='word_1_609' title='bbox 1875 2898 1929 2949; x_wconf 89' lang='lat' dir='ltr'><strong>et</strong></span> <span class='ocrx_word' id='word_1_610' title='bbox 1961 2909 2066 2947; x_wconf 90' lang='lat' dir='ltr'><strong>nos</strong></span> <span class='ocrx_word' id='word_1_611' title='bbox 2097 2888 2357 2946; x_wconf 80' lang='lat' dir='ltr'><strong>servulos</strong></span> <span class='ocrx_word' id='word_1_612' title='bbox 2385 2891 2520 2942; x_wconf 89' lang='lat' dir='ltr'><strong>tuos</strong></span> <span class='ocrx_word' id='word_1_613' title='bbox 2545 2887 2599 2941; x_wconf 86' lang='lat' dir='ltr'><strong>in</strong></span> <span class='ocrx_word' id='word_1_614' title='bbox 2635 2885 3026 2941; x_wconf 84' lang='lat' dir='ltr'><strong>ministerium</strong></span> <span class='ocrx_word' id='word_1_615' title='bbox 3067 2890 3257 2939; x_wconf 91' lang='lat' dir='ltr'><strong>tuum.</strong></span> <span class='ocrx_word' id='word_1_616' title='bbox 3309 2883 3518 2938; x_wconf 88' lang='lat' dir='ltr'><strong>Omnia</strong></span> 
     </span>
    </p>
   </div>
   <div class='ocr_carea' id='block_1_87' title="bbox 1876 2973 3516 3049">
    <p class='ocr_par' dir='ltr' id='par_1_87' title="bbox 1876 2973 3516 3049">
     <span class='ocr_line' id='line_1_87' title="bbox 1876 2973 3516 3049; baseline -0.007 -12"><span class='ocrx_word' id='word_1_617' title='bbox 1876 2987 2009 3038; x_wconf 89' lang='lat' dir='ltr'><strong>ante</strong></span> <span class='ocrx_word' id='word_1_618' title='bbox 2037 2977 2249 3036; x_wconf 73' lang='lat' dir='ltr'><strong>saecula</strong></span> <span class='ocrx_word' id='word_1_619' title='bbox 2271 2974 2608 3049; x_wconf 66' lang='lat' dir='ltr'><strong>praescivisti</strong></span> <span class='ocrx_word' id='word_1_620' title='bbox 2627 2991 2761 3030; x_wconf 92' lang='lat' dir='ltr'><strong>cum</strong></span> <span class='ocrx_word' id='word_1_621' title='bbox 2781 2975 3030 3041; x_wconf 90' lang='lat' dir='ltr'><strong>Patre,et</strong></span> <span class='ocrx_word' id='word_1_622' title='bbox 3052 2973 3273 3046; x_wconf 90' lang='lat' dir='ltr'><strong>Spiritu</strong></span> <span class='ocrx_word' id='word_1_623' title='bbox 3291 2977 3516 3042; x_wconf 83' lang='lat' dir='ltr'><strong>sancto,</strong></span> 
     </span>
    </p>
   </div>
   <div class='ocr_carea' id='block_1_88' title="bbox 1876 3061 3520 3140">
    <p class='ocr_par' dir='ltr' id='par_1_88' title="bbox 1876 3061 3520 3140">
     <span class='ocr_line' id='line_1_88' title="bbox 1876 3061 3520 3140; baseline -0.006 -14"><span class='ocrx_word' id='word_1_624' title='bbox 1876 3087 2007 3126; x_wconf 89' lang='lat' dir='ltr'><strong>cum</strong></span> <span class='ocrx_word' id='word_1_625' title='bbox 2041 3069 2258 3140; x_wconf 86' lang='lat' dir='ltr'><strong>quibus</strong></span> <span class='ocrx_word' id='word_1_626' title='bbox 2288 3066 2394 3120; x_wconf 85' lang='lat' dir='ltr'><strong>tibi</strong></span> <span class='ocrx_word' id='word_1_627' title='bbox 2427 3069 2517 3120; x_wconf 90' lang='lat' dir='ltr'><strong>est</strong></span> <span class='ocrx_word' id='word_1_628' title='bbox 2548 3081 2664 3119; x_wconf 88' lang='lat' dir='ltr'><strong>una</strong></span> <span class='ocrx_word' id='word_1_629' title='bbox 2694 3063 2900 3131; x_wconf 90' lang='lat' dir='ltr'><strong>deitas,</strong></span> <span class='ocrx_word' id='word_1_630' title='bbox 2937 3063 3176 3133; x_wconf 64' lang='lat' dir='ltr'><strong>aqualis</strong></span> <span class='ocrx_word' id='word_1_631' title='bbox 3207 3072 3260 3116; x_wconf 92' lang='lat' dir='ltr'><strong>et</strong></span> <span class='ocrx_word' id='word_1_632' title='bbox 3290 3061 3520 3116; x_wconf 78' lang='lat' dir='ltr'><strong>infinita</strong></span> 
     </span>
    </p>
   </div>
   <div class='ocr_carea' id='block_1_89' title="bbox 1876 3149 3522 3234">
    <p class='ocr_par' dir='ltr' id='par_1_89' title="bbox 1876 3149 3522 3234">
     <span class='ocr_line' id='line_1_89' title="bbox 1876 3149 3522 3234; baseline -0.006 -19"><span class='ocrx_word' id='word_1_633' title='bbox 1876 3164 2153 3234; x_wconf 87' lang='lat' dir='ltr'><strong>potestas.</strong></span> <span class='ocrx_word' id='word_1_634' title='bbox 2183 3156 2274 3212; x_wconf 92' lang='lat' dir='ltr'><strong>Sic</strong></span> <span class='ocrx_word' id='word_1_635' title='bbox 2313 3171 2444 3226; x_wconf 85' lang='lat' dir='ltr'><strong>ergo</strong></span> <span class='ocrx_word' id='word_1_636' title='bbox 2481 3153 2668 3208; x_wconf 87' lang='lat' dir='ltr'><strong>visum</strong></span> <span class='ocrx_word' id='word_1_637' title='bbox 2714 3153 2883 3207; x_wconf 92' lang='lat' dir='ltr'><strong>nobis</strong></span> <span class='ocrx_word' id='word_1_638' title='bbox 2917 3152 3103 3207; x_wconf 88' lang='lat' dir='ltr'><strong>fuerat</strong></span> <span class='ocrx_word' id='word_1_639' title='bbox 3135 3150 3369 3206; x_wconf 87' lang='lat' dir='ltr'><strong>famulis</strong></span> <span class='ocrx_word' id='word_1_640' title='bbox 3403 3149 3522 3205; x_wconf 87' lang='lat' dir='ltr'><strong>tuis</strong></span> 
     </span>
    </p>
   </div>
   <div class='ocr_carea' id='block_1_90' title="bbox 1880 3241 3524 3312">
    <p class='ocr_par' dir='ltr' id='par_1_90' title="bbox 1880 3241 3524 3312">
     <span class='ocr_line' id='line_1_90' title="bbox 1880 3241 3524 3312; baseline -0.008 -6"><span class='ocrx_word' id='word_1_641' title='bbox 1880 3251 2054 3306; x_wconf 87' lang='lat' dir='ltr'><strong>etiam</strong></span> <span class='ocrx_word' id='word_1_642' title='bbox 2092 3251 2316 3303; x_wconf 91' lang='lat' dir='ltr'><strong>rectum</strong></span> <span class='ocrx_word' id='word_1_643' title='bbox 2349 3261 2475 3300; x_wconf 89' lang='lat' dir='ltr'><strong>esse</strong></span> <span class='ocrx_word' id='word_1_644' title='bbox 2507 3261 2521 3312; x_wconf 85' lang='lat'><strong>;</strong></span> <span class='ocrx_word' id='word_1_645' title='bbox 2557 3247 2620 3298; x_wconf 89' lang='lat' dir='ltr'><strong>ut</strong></span> <span class='ocrx_word' id='word_1_646' title='bbox 2651 3243 2803 3298; x_wconf 78' lang='lat' dir='ltr'><strong>sicut</strong></span> <span class='ocrx_word' id='word_1_647' title='bbox 2834 3246 2920 3308; x_wconf 88' lang='lat' dir='ltr'><strong>tu,</strong></span> <span class='ocrx_word' id='word_1_648' title='bbox 2955 3241 3181 3296; x_wconf 89' lang='lat' dir='ltr'><strong>devicta</strong></span> <span class='ocrx_word' id='word_1_649' title='bbox 3205 3246 3408 3307; x_wconf 90' lang='lat' dir='ltr'><strong>morte,</strong></span> <span class='ocrx_word' id='word_1_650' title='bbox 3433 3254 3524 3293; x_wconf 87' lang='lat' dir='ltr'><strong>re-</strong></span> 
     </span>
    </p>
   </div>
   <div class='ocr_carea' id='block_1_91' title="bbox 1877 3329 3525 3414">
    <p class='ocr_par' dir='ltr' id='par_1_91' title="bbox 1877 3329 3525 3414">
     <span class='ocr_line' id='line_1_91' title="bbox 1877 3329 3525 3414; baseline -0.008 -18"><span class='ocrx_word' id='word_1_651' title='bbox 1877 3356 2026 3414; x_wconf 81' lang='lat' dir='ltr'><strong>gnas</strong></span> <span class='ocrx_word' id='word_1_652' title='bbox 2055 3339 2112 3393; x_wconf 91' lang='lat' dir='ltr'><strong>in</strong></span> <span class='ocrx_word' id='word_1_653' title='bbox 2137 3337 2342 3409; x_wconf 88' lang='lat' dir='ltr'><strong>gloria,</strong></span> <span class='ocrx_word' id='word_1_654' title='bbox 2370 3335 2451 3390; x_wconf 90' lang='lat' dir='ltr'><strong>ita</strong></span> <span class='ocrx_word' id='word_1_655' title='bbox 2473 3333 2828 3389; x_wconf 88' lang='lat' dir='ltr'><strong>recuscitans</strong></span> <span class='ocrx_word' id='word_1_656' title='bbox 2854 3331 3056 3386; x_wconf 87' lang='lat' dir='ltr'><strong>matris</strong></span> <span class='ocrx_word' id='word_1_657' title='bbox 3083 3329 3525 3400; x_wconf 86' lang='lat' dir='ltr'><strong>corpusculum,</strong></span> 
     </span>
    </p>
   </div>
   <div class='ocr_carea' id='block_1_92' title="bbox 1880 3421 3168 3488">
    <p class='ocr_par' dir='ltr' id='par_1_92' title="bbox 1880 3421 3168 3488">
     <span class='ocr_line' id='line_1_92' title="bbox 1880 3421 3168 3488; baseline -0.01 1"><span class='ocrx_word' id='word_1_658' title='bbox 1880 3436 1941 3488; x_wconf 91' lang='lat' dir='ltr'><strong>tu</strong></span> <span class='ocrx_word' id='word_1_659' title='bbox 1974 3435 2165 3486; x_wconf 88' lang='lat' dir='ltr'><strong>tecum</strong></span> <span class='ocrx_word' id='word_1_660' title='bbox 2197 3429 2441 3482; x_wconf 90' lang='lat' dir='ltr'><strong>duceres</strong></span> <span class='ocrx_word' id='word_1_661' title='bbox 2473 3439 2598 3480; x_wconf 87' lang='lat' dir='ltr'><strong>eam</strong></span> <span class='ocrx_word' id='word_1_662' title='bbox 2626 3423 2819 3478; x_wconf 78' lang='lat' dir='ltr'><strong>laatam</strong></span> <span class='ocrx_word' id='word_1_663' title='bbox 2852 3423 2912 3477; x_wconf 90' lang='lat' dir='ltr'><strong>in</strong></span> <span class='ocrx_word' id='word_1_664' title='bbox 2935 3421 3168 3477; x_wconf 68' lang='lat' dir='ltr'><strong>caelum.</strong></span> 
     </span>
    </p>
   </div>
   <div class='ocr_carea' id='block_1_93' title="bbox 2487 3530 2924 3586">
    <p class='ocr_par' dir='ltr' id='par_1_93' title="bbox 2487 3530 2924 3586">
     <span class='ocr_line' id='line_1_93' title="bbox 2487 3530 2924 3586; baseline 0 0"><span class='ocrx_word' id='word_1_665' title='bbox 2487 3530 2711 3586; x_wconf 85' lang='lat' dir='ltr'><strong>CAPUT</strong></span> <span class='ocrx_word' id='word_1_666' title='bbox 2752 3530 2924 3586; x_wconf 82' lang='lat' dir='ltr'><strong>XVII.</strong></span> 
     </span>
    </p>
   </div>
   <div class='ocr_carea' id='block_1_94' title="bbox 1949 3639 3527 3699">
    <p class='ocr_par' dir='ltr' id='par_1_94' title="bbox 1949 3639 3527 3699">
     <span class='ocr_line' id='line_1_94' title="bbox 1949 3639 3527 3699; baseline -0.003 0"><span class='ocrx_word' id='word_1_667' title='bbox 1949 3651 2110 3699; x_wconf 92' lang='lat' dir='ltr'><strong>Tunc</strong></span> <span class='ocrx_word' id='word_1_668' title='bbox 2139 3641 2398 3698; x_wconf 90' lang='lat' dir='ltr'><strong>Salvator</strong></span> <span class='ocrx_word' id='word_1_669' title='bbox 2428 3640 2510 3696; x_wconf 89' lang='lat' dir='ltr'><strong>ait</strong></span> <span class='ocrx_word' id='word_1_670' title='bbox 2541 3655 2554 3694; x_wconf 89' lang='lat'>:</span> <span class='ocrx_word' id='word_1_671' title='bbox 2590 3639 2717 3694; x_wconf 88' lang='lat' dir='ltr'><strong>Fiat</strong></span> <span class='ocrx_word' id='word_1_672' title='bbox 2766 3639 3090 3694; x_wconf 89' lang='lat' dir='ltr'><strong>secundum</strong></span> <span class='ocrx_word' id='word_1_673' title='bbox 3136 3639 3377 3694; x_wconf 91' lang='lat' dir='ltr'><strong>verbum</strong></span> <span class='ocrx_word' id='word_1_674' title='bbox 3427 3654 3527 3694; x_wconf 89' lang='lat' dir='ltr'><strong>ve-</strong></span> 
     </span>
    </p>
   </div>
   <div class='ocr_carea' id='block_1_95' title="bbox 1881 3727 3525 3802">
    <p class='ocr_par' dir='ltr' id='par_1_95' title="bbox 1881 3727 3525 3802">
     <span class='ocr_line' id='line_1_95' title="bbox 1881 3727 3525 3802; baseline -0.005 -11"><span class='ocrx_word' id='word_1_675' title='bbox 1881 3739 2092 3799; x_wconf 87' lang='lat' dir='ltr'><strong>strum,</strong></span> <span class='ocrx_word' id='word_1_676' title='bbox 2125 3737 2183 3787; x_wconf 85' lang='lat' dir='ltr'><strong>et</strong></span> <span class='ocrx_word' id='word_1_677' title='bbox 2215 3730 2485 3802; x_wconf 63' lang='lat' dir='ltr'><strong>praecepit</strong></span> <span class='ocrx_word' id='word_1_678' title='bbox 2515 3727 2760 3782; x_wconf 89' lang='lat' dir='ltr'><strong>Michael</strong></span> <span class='ocrx_word' id='word_1_679' title='bbox 2791 3727 3236 3799; x_wconf 85' lang='lat' dir='ltr'><strong>archangelo,ut</strong></span> <span class='ocrx_word' id='word_1_680' title='bbox 3265 3729 3525 3782; x_wconf 91' lang='lat' dir='ltr'><strong>animam</strong></span> 
     </span>
    </p>
   </div>
   <div class='ocr_carea' id='block_1_96' title="bbox 1882 3815 3528 3886">
    <p class='ocr_par' dir='ltr' id='par_1_96' title="bbox 1882 3815 3528 3886">
     <span class='ocr_line' id='line_1_96' title="bbox 1882 3815 3528 3886; baseline -0.005 -8"><span class='ocrx_word' id='word_1_681' title='bbox 1882 3827 2095 3879; x_wconf 71' lang='lat' dir='ltr'><strong>sancta:</strong></span> <span class='ocrx_word' id='word_1_682' title='bbox 2129 3819 2321 3874; x_wconf 73' lang='lat' dir='ltr'><strong>Mariae</strong></span> <span class='ocrx_word' id='word_1_683' title='bbox 2353 3819 2622 3872; x_wconf 87' lang='lat' dir='ltr'><strong>deferret.</strong></span> <span class='ocrx_word' id='word_1_684' title='bbox 2659 3819 2726 3870; x_wconf 91' lang='lat' dir='ltr'><strong>Et</strong></span> <span class='ocrx_word' id='word_1_685' title='bbox 2758 3833 2888 3870; x_wconf 89' lang='lat' dir='ltr'><strong>ecce</strong></span> <span class='ocrx_word' id='word_1_686' title='bbox 2922 3821 3151 3886; x_wconf 89' lang='lat' dir='ltr'><strong>repente</strong></span> <span class='ocrx_word' id='word_1_687' title='bbox 3188 3815 3415 3871; x_wconf 83' lang='lat' dir='ltr'><strong>Gabriel</strong></span> <span class='ocrx_word' id='word_1_688' title='bbox 3439 3833 3528 3870; x_wconf 89' lang='lat' dir='ltr'><strong>ar-</strong></span> 
     </span>
    </p>
   </div>
   <div class='ocr_carea' id='block_1_97' title="bbox 1883 3905 3526 3981">
    <p class='ocr_par' dir='ltr' id='par_1_97' title="bbox 1883 3905 3526 3981">
     <span class='ocr_line' id='line_1_97' title="bbox 1883 3905 3526 3981; baseline -0.004 -14"><span class='ocrx_word' id='word_1_689' title='bbox 1883 3909 2201 3981; x_wconf 23' lang='lat' dir='ltr'><strong>cvhangelus</strong></span> <span class='ocrx_word' id='word_1_690' title='bbox 2234 3907 2472 3963; x_wconf 86' lang='lat' dir='ltr'><strong>revolvit</strong></span> <span class='ocrx_word' id='word_1_691' title='bbox 2501 3905 2755 3976; x_wconf 89' lang='lat' dir='ltr'><strong>lapidem</strong></span> <span class='ocrx_word' id='word_1_692' title='bbox 2792 3905 2862 3959; x_wconf 89' lang='lat' dir='ltr'><strong>ab</strong></span> <span class='ocrx_word' id='word_1_693' title='bbox 2888 3905 3034 3959; x_wconf 87' lang='lat' dir='ltr'><strong>ostio</strong></span> <span class='ocrx_word' id='word_1_694' title='bbox 3065 3905 3449 3971; x_wconf 89' lang='lat' dir='ltr'><strong>monumenti,</strong></span> <span class='ocrx_word' id='word_1_695' title='bbox 3470 3909 3526 3960; x_wconf 87' lang='lat' dir='ltr'><strong>et</strong></span> 
     </span>
    </p>
   </div>
   <div class='ocr_carea' id='block_1_98' title="bbox 1883 3994 3525 4065">
    <p class='ocr_par' dir='ltr' id='par_1_98' title="bbox 1883 3994 3525 4065">
     <span class='ocr_line' id='line_1_98' title="bbox 1883 3994 3525 4065; baseline -0.006 -7"><span class='ocrx_word' id='word_1_696' title='bbox 1883 4002 1961 4058; x_wconf 81' lang='lat' dir='ltr'><strong>ait</strong></span> <span class='ocrx_word' id='word_1_697' title='bbox 1996 3997 2276 4056; x_wconf 87' lang='lat' dir='ltr'><strong>Dominus</strong></span> <span class='ocrx_word' id='word_1_698' title='bbox 2311 4013 2324 4050; x_wconf 92' lang='lat'><strong>:</strong></span> <span class='ocrx_word' id='word_1_699' title='bbox 2351 3997 2554 4065; x_wconf 85' lang='lat' dir='ltr'><strong>Surge,</strong></span> <span class='ocrx_word' id='word_1_700' title='bbox 2581 3995 2771 4049; x_wconf 82' lang='lat' dir='ltr'><strong>amica</strong></span> <span class='ocrx_word' id='word_1_701' title='bbox 2803 4010 2947 4056; x_wconf 89' lang='lat' dir='ltr'><strong>mea,</strong></span> <span class='ocrx_word' id='word_1_702' title='bbox 2974 3998 3030 4049; x_wconf 89' lang='lat' dir='ltr'><strong>et</strong></span> <span class='ocrx_word' id='word_1_703' title='bbox 3064 3994 3324 4063; x_wconf 84' lang='lat' dir='ltr'><strong>proxima</strong></span> <span class='ocrx_word' id='word_1_704' title='bbox 3350 4011 3477 4048; x_wconf 83' lang='lat' dir='ltr'><strong>mea</strong></span> <span class='ocrx_word' id='word_1_705' title='bbox 3511 4011 3525 4060; x_wconf 90' lang='lat'><strong>;</strong></span> 
     </span>
    </p>
   </div>
   <div class='ocr_carea' id='block_1_99' title="bbox 1884 4081 3526 4161">
    <p class='ocr_par' dir='ltr' id='par_1_99' title="bbox 1884 4081 3526 4161">
     <span class='ocr_line' id='line_1_99' title="bbox 1884 4081 3526 4161; baseline -0.007 -16"><span class='ocrx_word' id='word_1_706' title='bbox 1884 4105 2012 4161; x_wconf 69' lang='lat' dir='ltr'><strong>quas</strong></span> <span class='ocrx_word' id='word_1_707' title='bbox 2046 4104 2160 4142; x_wconf 89' lang='lat' dir='ltr'><strong>non</strong></span> <span class='ocrx_word' id='word_1_708' title='bbox 2190 4083 2428 4141; x_wconf 89' lang='lat' dir='ltr'><strong>sensisti</strong></span> <span class='ocrx_word' id='word_1_709' title='bbox 2459 4083 2892 4154; x_wconf 89' lang='lat' dir='ltr'><strong>corruptionem</strong></span> <span class='ocrx_word' id='word_1_710' title='bbox 2917 4098 3021 4153; x_wconf 89' lang='lat' dir='ltr'><strong>per</strong></span> <span class='ocrx_word' id='word_1_711' title='bbox 3040 4081 3146 4134; x_wconf 90' lang='lat' dir='ltr'><strong>viri</strong></span> <span class='ocrx_word' id='word_1_712' title='bbox 3169 4086 3526 4149; x_wconf 84' lang='lat' dir='ltr'><strong>contactum,</strong></span> 
     </span>
    </p>
   </div>
   <div class='ocr_carea' id='block_1_100' title="bbox 1885 4171 3532 4250">
    <p class='ocr_par' dir='ltr' id='par_1_100' title="bbox 1885 4171 3532 4250">
     <span class='ocr_line' id='line_1_100' title="bbox 1885 4171 3532 4250; baseline -0.005 -15"><span class='ocrx_word' id='word_1_713' title='bbox 1885 4197 2000 4235; x_wconf 90' lang='lat' dir='ltr'><strong>non</strong></span> <span class='ocrx_word' id='word_1_714' title='bbox 2033 4176 2270 4250; x_wconf 90' lang='lat' dir='ltr'><strong>patieris</strong></span> <span class='ocrx_word' id='word_1_715' title='bbox 2303 4173 2716 4228; x_wconf 87' lang='lat' dir='ltr'><strong>resolutionem</strong></span> <span class='ocrx_word' id='word_1_716' title='bbox 2749 4172 3011 4242; x_wconf 89' lang='lat' dir='ltr'><strong>corporis</strong></span> <span class='ocrx_word' id='word_1_717' title='bbox 3044 4173 3104 4226; x_wconf 92' lang='lat' dir='ltr'><strong>in</strong></span> <span class='ocrx_word' id='word_1_718' title='bbox 3135 4171 3427 4242; x_wconf 88' lang='lat' dir='ltr'><strong>sepulcro.</strong></span> <span class='ocrx_word' id='word_1_719' title='bbox 3465 4173 3532 4226; x_wconf 85' lang='lat' dir='ltr'><strong>Et</strong></span> 
     </span>
    </p>
   </div>
   <div class='ocr_carea' id='block_1_101' title="bbox 1884 4261 3533 4330">
    <p class='ocr_par' dir='ltr' id='par_1_101' title="bbox 1884 4261 3533 4330">
     <span class='ocr_line' id='line_1_101' title="bbox 1884 4261 3533 4330; baseline -0.005 -6"><span class='ocrx_word' id='word_1_720' title='bbox 1884 4267 2082 4325; x_wconf 84' lang='lat' dir='ltr'><strong>statim</strong></span> <span class='ocrx_word' id='word_1_721' title='bbox 2116 4263 2367 4322; x_wconf 81' lang='lat' dir='ltr'><strong>surrexit</strong></span> <span class='ocrx_word' id='word_1_722' title='bbox 2419 4262 2602 4318; x_wconf 87' lang='lat' dir='ltr'><strong>Maria</strong></span> <span class='ocrx_word' id='word_1_723' title='bbox 2655 4263 2724 4315; x_wconf 90' lang='lat' dir='ltr'><strong>de</strong></span> <span class='ocrx_word' id='word_1_724' title='bbox 2782 4261 3035 4330; x_wconf 92' lang='lat' dir='ltr'><strong>tumulo,</strong></span> <span class='ocrx_word' id='word_1_725' title='bbox 3068 4268 3121 4316; x_wconf 90' lang='lat' dir='ltr'><strong>et</strong></span> <span class='ocrx_word' id='word_1_726' title='bbox 3151 4261 3533 4316; x_wconf 84' lang='lat' dir='ltr'><strong>benedicebat</strong></span> 
     </span>
    </p>
   </div>
   <div class='ocr_carea' id='block_1_102' title="bbox 1885 4349 3533 4425">
    <p class='ocr_par' dir='ltr' id='par_1_102' title="bbox 1885 4349 3533 4425">
     <span class='ocr_line' id='line_1_102' title="bbox 1885 4349 3533 4425; baseline -0.005 -11"><span class='ocrx_word' id='word_1_727' title='bbox 1885 4358 2223 4425; x_wconf 89' lang='lat' dir='ltr'><strong>Dominum,</strong></span> <span class='ocrx_word' id='word_1_728' title='bbox 2256 4362 2310 4409; x_wconf 89' lang='lat' dir='ltr'><strong>et</strong></span> <span class='ocrx_word' id='word_1_729' title='bbox 2342 4350 2648 4424; x_wconf 85' lang='lat' dir='ltr'><strong>provoluta</strong></span> <span class='ocrx_word' id='word_1_730' title='bbox 2675 4351 2746 4405; x_wconf 88' lang='lat' dir='ltr'><strong>ad</strong></span> <span class='ocrx_word' id='word_1_731' title='bbox 2773 4351 2946 4420; x_wconf 90' lang='lat' dir='ltr'><strong>pedes</strong></span> <span class='ocrx_word' id='word_1_732' title='bbox 2977 4351 3227 4418; x_wconf 90' lang='lat' dir='ltr'><strong>Domini,</strong></span> <span class='ocrx_word' id='word_1_733' title='bbox 3253 4349 3533 4406; x_wconf 83' lang='lat' dir='ltr'><strong>adorabat</strong></span> 
     </span>
    </p>
   </div>
   <div class='ocr_carea' id='block_1_103' title="bbox 1885 4438 3526 4511">
    <p class='ocr_par' dir='ltr' id='par_1_103' title="bbox 1885 4438 3526 4511">
     <span class='ocr_line' id='line_1_103' title="bbox 1885 4438 3526 4511; baseline -0.005 -9"><span class='ocrx_word' id='word_1_734' title='bbox 1885 4463 2042 4511; x_wconf 90' lang='lat' dir='ltr'><strong>eum,</strong></span> <span class='ocrx_word' id='word_1_735' title='bbox 2067 4445 2267 4500; x_wconf 90' lang='lat' dir='ltr'><strong>dicens</strong></span> <span class='ocrx_word' id='word_1_736' title='bbox 2302 4458 2315 4496; x_wconf 92' lang='lat'>:</span> <span class='ocrx_word' id='word_1_737' title='bbox 2350 4440 2475 4496; x_wconf 91' lang='lat' dir='ltr'><strong>Non</strong></span> <span class='ocrx_word' id='word_1_738' title='bbox 2507 4456 2613 4510; x_wconf 87' lang='lat' dir='ltr'><strong>ego</strong></span> <span class='ocrx_word' id='word_1_739' title='bbox 2643 4438 2748 4494; x_wconf 89' lang='lat' dir='ltr'><strong>tibi</strong></span> <span class='ocrx_word' id='word_1_740' title='bbox 2779 4439 3101 4510; x_wconf 85' lang='lat' dir='ltr'><strong>condignas</strong></span> <span class='ocrx_word' id='word_1_741' title='bbox 3144 4442 3358 4509; x_wconf 78' lang='lat' dir='ltr'><strong>gratias</strong></span> <span class='ocrx_word' id='word_1_742' title='bbox 3394 4456 3526 4508; x_wconf 81' lang='lat' dir='ltr'><strong>pos-</strong></span> 
     </span>
    </p>
   </div>
   <div class='ocr_carea' id='block_1_104' title="bbox 1894 4527 3530 4604">
    <p class='ocr_par' dir='ltr' id='par_1_104' title="bbox 1894 4527 3530 4604">
     <span class='ocr_line' id='line_1_104' title="bbox 1894 4527 3530 4604; baseline -0.005 -14"><span class='ocrx_word' id='word_1_743' title='bbox 1894 4552 2028 4590; x_wconf 88' lang='lat' dir='ltr'><strong>sum</strong></span> <span class='ocrx_word' id='word_1_744' title='bbox 2070 4531 2404 4604; x_wconf 84' lang='lat' dir='ltr'><strong>rependere,</strong></span> <span class='ocrx_word' id='word_1_745' title='bbox 2453 4529 2713 4595; x_wconf 88' lang='lat' dir='ltr'><strong>Domine,</strong></span> <span class='ocrx_word' id='word_1_746' title='bbox 2773 4545 2875 4598; x_wconf 92' lang='lat' dir='ltr'><strong>pro</strong></span> <span class='ocrx_word' id='word_1_747' title='bbox 2920 4527 3202 4599; x_wconf 88' lang='lat' dir='ltr'><strong>impensis</strong></span> <span class='ocrx_word' id='word_1_748' title='bbox 3234 4528 3530 4583; x_wconf 78' lang='lat' dir='ltr'><strong>beneﬁciis</strong></span> 
     </span>
    </p>
   </div>
   <div class='ocr_carea' id='block_1_105' title="bbox 1807 4618 3525 4695">
    <p class='ocr_par' dir='ltr' id='par_1_105' title="bbox 1807 4618 3525 4695">
     <span class='ocr_line' id='line_1_105' title="bbox 1807 4618 3525 4695; baseline -0.005 -14"><span class='ocrx_word' id='word_1_749' title='bbox 1807 4621 1862 4686; x_wconf 87' lang='lat' dir='ltr'><strong>D</strong></span> <span class='ocrx_word' id='word_1_750' title='bbox 1892 4626 2032 4689; x_wconf 90' lang='lat' dir='ltr'><strong>tuis,</strong></span> <span class='ocrx_word' id='word_1_751' title='bbox 2093 4639 2220 4695; x_wconf 63' lang='lat' dir='ltr'><strong>quas</strong></span> <span class='ocrx_word' id='word_1_752' title='bbox 2272 4620 2416 4676; x_wconf 90' lang='lat' dir='ltr'><strong>mihi</strong></span> <span class='ocrx_word' id='word_1_753' title='bbox 2467 4618 2688 4674; x_wconf 81' lang='lat' dir='ltr'><strong>ancillas</strong></span> <span class='ocrx_word' id='word_1_754' title='bbox 2710 4621 2822 4673; x_wconf 73' lang='lat' dir='ltr'><strong>tuas</strong></span> <span class='ocrx_word' id='word_1_755' title='bbox 2856 4618 3116 4672; x_wconf 86' lang='lat' dir='ltr'><strong>conferre</strong></span> <span class='ocrx_word' id='word_1_756' title='bbox 3146 4618 3421 4688; x_wconf 80' lang='lat' dir='ltr'><strong>dignatus</strong></span> <span class='ocrx_word' id='word_1_757' title='bbox 3445 4635 3525 4672; x_wconf 91' lang='lat' dir='ltr'><strong>es.</strong></span> 
     </span>
    </p>
   </div>
   <div class='ocr_carea' id='block_1_106' title="bbox 1895 4706 3526 4779">
    <p class='ocr_par' dir='ltr' id='par_1_106' title="bbox 1895 4706 3526 4779">
     <span class='ocr_line' id='line_1_106' title="bbox 1895 4706 3526 4779; baseline -0.006 -9"><span class='ocrx_word' id='word_1_758' title='bbox 1895 4715 1981 4772; x_wconf 91' lang='lat' dir='ltr'><strong>Sit</strong></span> <span class='ocrx_word' id='word_1_759' title='bbox 2011 4728 2222 4768; x_wconf 90' lang='lat' dir='ltr'><strong>nomen</strong></span> <span class='ocrx_word' id='word_1_760' title='bbox 2248 4716 2438 4773; x_wconf 85' lang='lat' dir='ltr'><strong>tuum,</strong></span> <span class='ocrx_word' id='word_1_761' title='bbox 2489 4709 2836 4778; x_wconf 81' lang='lat' dir='ltr'><strong>Redemptor</strong></span> <span class='ocrx_word' id='word_1_762' title='bbox 2885 4706 3112 4774; x_wconf 88' lang='lat' dir='ltr'><strong>mundi,</strong></span> <span class='ocrx_word' id='word_1_763' title='bbox 3145 4707 3295 4760; x_wconf 88' lang='lat' dir='ltr'><strong>Deus</strong></span> <span class='ocrx_word' id='word_1_764' title='bbox 3330 4707 3526 4779; x_wconf 79' lang='lat' dir='ltr'><strong>Israel,</strong></span> 
     </span>
    </p>
   </div>
   <div class='ocr_carea' id='block_1_107' title="bbox 1892 4799 2602 4861">
    <p class='ocr_par' dir='ltr' id='par_1_107' title="bbox 1892 4799 2602 4861">
     <span class='ocr_line' id='line_1_107' title="bbox 1892 4799 2602 4861; baseline -0.007 0"><span class='ocrx_word' id='word_1_765' title='bbox 1892 4803 2262 4861; x_wconf 89' lang='lat' dir='ltr'><strong>benedictum</strong></span> <span class='ocrx_word' id='word_1_766' title='bbox 2293 4800 2353 4856; x_wconf 89' lang='lat' dir='ltr'><strong>in</strong></span> <span class='ocrx_word' id='word_1_767' title='bbox 2376 4799 2602 4856; x_wconf 73' lang='lat' dir='ltr'><strong>szscula.</strong></span> 
     </span>
    </p>
   </div>
   <div class='ocr_carea' id='block_1_108' title="bbox 2468 4906 2946 4962">
    <p class='ocr_par' dir='ltr' id='par_1_108' title="bbox 2468 4906 2946 4962">
     <span class='ocr_line' id='line_1_108' title="bbox 2468 4906 2946 4962; baseline -0.01 0"><span class='ocrx_word' id='word_1_768' title='bbox 2468 4907 2703 4962; x_wconf 88' lang='lat' dir='ltr'><strong>CAPUT</strong></span> <span class='ocrx_word' id='word_1_769' title='bbox 2743 4906 2946 4960; x_wconf 84' lang='lat' dir='ltr'><strong>XVIII.</strong></span> 
     </span>
    </p>
   </div>
   <div class='ocr_carea' id='block_1_109' title="bbox 1965 5009 3536 5075">
    <p class='ocr_par' dir='ltr' id='par_1_109' title="bbox 1965 5009 3536 5075">
     <span class='ocr_line' id='line_1_109' title="bbox 1965 5009 3536 5075; baseline -0.006 0"><span class='ocrx_word' id='word_1_770' title='bbox 1965 5021 2032 5075; x_wconf 85' lang='lat' dir='ltr'><strong>Et</strong></span> <span class='ocrx_word' id='word_1_771' title='bbox 2075 5017 2373 5074; x_wconf 89' lang='lat' dir='ltr'><strong>osculatus</strong></span> <span class='ocrx_word' id='word_1_772' title='bbox 2422 5031 2548 5069; x_wconf 90' lang='lat' dir='ltr'><strong>eam</strong></span> <span class='ocrx_word' id='word_1_773' title='bbox 2595 5012 2879 5068; x_wconf 90' lang='lat' dir='ltr'><strong>Dominus</strong></span> <span class='ocrx_word' id='word_1_774' title='bbox 2913 5009 3174 5074; x_wconf 89' lang='lat' dir='ltr'><strong>recessit,</strong></span> <span class='ocrx_word' id='word_1_775' title='bbox 3214 5013 3270 5062; x_wconf 85' lang='lat' dir='ltr'><strong>et</strong></span> <span class='ocrx_word' id='word_1_776' title='bbox 3301 5010 3536 5065; x_wconf 87' lang='lat' dir='ltr'><strong>tradidit</strong></span> 
     </span>
    </p>
   </div>
   <div class='ocr_carea' id='block_1_110' title="bbox 1895 5099 3540 5178">
    <p class='ocr_par' dir='ltr' id='par_1_110' title="bbox 1895 5099 3540 5178">
     <span class='ocr_line' id='line_1_110' title="bbox 1895 5099 3540 5178; baseline -0.007 -13"><span class='ocrx_word' id='word_1_777' title='bbox 1895 5126 2021 5165; x_wconf 88' lang='lat' dir='ltr'><strong>eam</strong></span> <span class='ocrx_word' id='word_1_778' title='bbox 2082 5106 2326 5178; x_wconf 87' lang='lat' dir='ltr'><strong>angelis,</strong></span> <span class='ocrx_word' id='word_1_779' title='bbox 2379 5107 2442 5158; x_wconf 93' lang='lat' dir='ltr'><strong>ut</strong></span> <span class='ocrx_word' id='word_1_780' title='bbox 2483 5103 2773 5157; x_wconf 89' lang='lat' dir='ltr'><strong>deferrent</strong></span> <span class='ocrx_word' id='word_1_781' title='bbox 2817 5115 2944 5154; x_wconf 90' lang='lat' dir='ltr'><strong>eam</strong></span> <span class='ocrx_word' id='word_1_782' title='bbox 2980 5099 3034 5152; x_wconf 90' lang='lat' dir='ltr'><strong>in</strong></span> <span class='ocrx_word' id='word_1_783' title='bbox 3074 5099 3433 5169; x_wconf 88' lang='lat' dir='ltr'><strong>paradisum.</strong></span> <span class='ocrx_word' id='word_1_784' title='bbox 3469 5099 3540 5153; x_wconf 88' lang='lat' dir='ltr'><strong>Et</strong></span> 
     </span>
    </p>
   </div>
   <div class='ocr_carea' id='block_1_111' title="bbox 1895 5188 3538 5268">
    <p class='ocr_par' dir='ltr' id='par_1_111' title="bbox 1895 5188 3538 5268">
     <span class='ocr_line' id='line_1_111' title="bbox 1895 5188 3538 5268; baseline -0.009 -15"><span class='ocrx_word' id='word_1_785' title='bbox 1895 5197 1976 5254; x_wconf 90' lang='lat' dir='ltr'><strong>ait</strong></span> <span class='ocrx_word' id='word_1_786' title='bbox 2005 5195 2286 5268; x_wconf 89' lang='lat' dir='ltr'><strong>apostolis</strong></span> <span class='ocrx_word' id='word_1_787' title='bbox 2319 5209 2332 5248; x_wconf 90' lang='lat'><strong>:</strong></span> <span class='ocrx_word' id='word_1_788' title='bbox 2359 5189 2623 5248; x_wconf 84' lang='lat' dir='ltr'><strong>Accedite</strong></span> <span class='ocrx_word' id='word_1_789' title='bbox 2651 5190 2720 5244; x_wconf 90' lang='lat' dir='ltr'><strong>ad</strong></span> <span class='ocrx_word' id='word_1_790' title='bbox 2749 5191 2932 5243; x_wconf 89' lang='lat' dir='ltr'><strong>me.Et</strong></span> <span class='ocrx_word' id='word_1_791' title='bbox 2963 5203 3095 5242; x_wconf 91' lang='lat' dir='ltr'><strong>cum</strong></span> <span class='ocrx_word' id='word_1_792' title='bbox 3128 5188 3538 5257; x_wconf 84' lang='lat' dir='ltr'><strong>accessissent,</strong></span> 
     </span>
    </p>
   </div>
   <div class='ocr_carea' id='block_1_112' title="bbox 1895 5275 3537 5349">
    <p class='ocr_par' dir='ltr' id='par_1_112' title="bbox 1895 5275 3537 5349">
     <span class='ocr_line' id='line_1_112' title="bbox 1895 5275 3537 5349; baseline -0.007 -7"><span class='ocrx_word' id='word_1_793' title='bbox 1895 5287 2190 5343; x_wconf 84' lang='lat' dir='ltr'><strong>osculatus</strong></span> <span class='ocrx_word' id='word_1_794' title='bbox 2217 5288 2305 5340; x_wconf 88' lang='lat' dir='ltr'><strong>est</strong></span> <span class='ocrx_word' id='word_1_795' title='bbox 2333 5297 2453 5349; x_wconf 91' lang='lat' dir='ltr'><strong>eos,</strong></span> <span class='ocrx_word' id='word_1_796' title='bbox 2489 5286 2545 5336; x_wconf 90' lang='lat' dir='ltr'><strong>et</strong></span> <span class='ocrx_word' id='word_1_797' title='bbox 2575 5280 2656 5334; x_wconf 91' lang='lat' dir='ltr'><strong>ait</strong></span> <span class='ocrx_word' id='word_1_798' title='bbox 2687 5295 2700 5334; x_wconf 89' lang='lat'><strong>:</strong></span> <span class='ocrx_word' id='word_1_799' title='bbox 2736 5281 2852 5332; x_wconf 85' lang='lat' dir='ltr'><strong>Pax</strong></span> <span class='ocrx_word' id='word_1_800' title='bbox 2882 5276 3045 5330; x_wconf 92' lang='lat' dir='ltr'><strong>vobis</strong></span> <span class='ocrx_word' id='word_1_801' title='bbox 3081 5275 3398 5344; x_wconf 88' lang='lat' dir='ltr'><strong>;quoniam</strong></span> <span class='ocrx_word' id='word_1_802' title='bbox 3432 5292 3537 5347; x_wconf 92' lang='lat' dir='ltr'><strong>ego</strong></span> 
     </span>
    </p>
   </div>
   <div class='ocr_carea' id='block_1_113' title="bbox 1895 5364 3533 5446">
    <p class='ocr_par' dir='ltr' id='par_1_113' title="bbox 1895 5364 3533 5446">
     <span class='ocr_line' id='line_1_113' title="bbox 1895 5364 3533 5446; baseline -0.009 -14"><span class='ocrx_word' id='word_1_803' title='bbox 1895 5392 2127 5446; x_wconf 88' lang='lat' dir='ltr'><strong>semper</strong></span> <span class='ocrx_word' id='word_1_804' title='bbox 2157 5373 2457 5428; x_wconf 89' lang='lat' dir='ltr'><strong>vobiscum</strong></span> <span class='ocrx_word' id='word_1_805' title='bbox 2484 5386 2615 5424; x_wconf 91' lang='lat' dir='ltr'><strong>sum</strong></span> <span class='ocrx_word' id='word_1_806' title='bbox 2649 5383 2832 5438; x_wconf 91' lang='lat' dir='ltr'><strong>usque</strong></span> <span class='ocrx_word' id='word_1_807' title='bbox 2857 5367 2925 5420; x_wconf 89' lang='lat' dir='ltr'><strong>ad</strong></span> <span class='ocrx_word' id='word_1_808' title='bbox 2963 5364 3533 5419; x_wconf 89' lang='lat' dir='ltr'><strong>consummationem</strong></span> 
     </span>
    </p>
   </div>
   <div class='ocr_carea' id='block_1_114' title="bbox 1892 5451 3534 5522">
    <p class='ocr_par' dir='ltr' id='par_1_114' title="bbox 1892 5451 3534 5522">
     <span class='ocr_line' id='line_1_114' title="bbox 1892 5451 3534 5522; baseline -0.009 -2"><span class='ocrx_word' id='word_1_809' title='bbox 1892 5463 2109 5522; x_wconf 62' lang='lat' dir='ltr'><strong>saeculi.</strong></span> <span class='ocrx_word' id='word_1_810' title='bbox 2145 5463 2211 5518; x_wconf 90' lang='lat' dir='ltr'><strong>Et</strong></span> <span class='ocrx_word' id='word_1_811' title='bbox 2251 5462 2447 5516; x_wconf 87' lang='lat' dir='ltr'><strong>statim</strong></span> <span class='ocrx_word' id='word_1_812' title='bbox 2492 5475 2625 5515; x_wconf 91' lang='lat' dir='ltr'><strong>cum</strong></span> <span class='ocrx_word' id='word_1_813' title='bbox 2667 5457 2789 5511; x_wconf 66' lang='lat' dir='ltr'><strong>haec</strong></span> <span class='ocrx_word' id='word_1_814' title='bbox 2820 5454 3060 5508; x_wconf 87' lang='lat' dir='ltr'><strong>dixisset</strong></span> <span class='ocrx_word' id='word_1_815' title='bbox 3094 5452 3393 5516; x_wconf 90' lang='lat' dir='ltr'><strong>Dominus,</strong></span> <span class='ocrx_word' id='word_1_816' title='bbox 3426 5451 3534 5507; x_wconf 93' lang='lat' dir='ltr'><strong>ele-</strong></span> 
     </span>
    </p>
   </div>
   <div class='ocr_carea' id='block_1_115' title="bbox 1890 5540 3529 5619">
    <p class='ocr_par' dir='ltr' id='par_1_115' title="bbox 1890 5540 3529 5619">
     <span class='ocr_line' id='line_1_115' title="bbox 1890 5540 3529 5619; baseline -0.009 -9"><span class='ocrx_word' id='word_1_817' title='bbox 1890 5559 2060 5610; x_wconf 87' lang='lat' dir='ltr'><strong>vatus</strong></span> <span class='ocrx_word' id='word_1_818' title='bbox 2107 5553 2165 5606; x_wconf 91' lang='lat' dir='ltr'><strong>in</strong></span> <span class='ocrx_word' id='word_1_819' title='bbox 2211 5551 2390 5618; x_wconf 89' lang='lat' dir='ltr'><strong>nube,</strong></span> <span class='ocrx_word' id='word_1_820' title='bbox 2436 5553 2702 5619; x_wconf 88' lang='lat' dir='ltr'><strong>receptus</strong></span> <span class='ocrx_word' id='word_1_821' title='bbox 2744 5549 2831 5600; x_wconf 90' lang='lat' dir='ltr'><strong>est</strong></span> <span class='ocrx_word' id='word_1_822' title='bbox 2879 5544 2936 5597; x_wconf 90' lang='lat' dir='ltr'><strong>in</strong></span> <span class='ocrx_word' id='word_1_823' title='bbox 2991 5540 3222 5607; x_wconf 84' lang='lat' dir='ltr'><strong>coelum,</strong></span> <span class='ocrx_word' id='word_1_824' title='bbox 3254 5549 3306 5596; x_wconf 91' lang='lat' dir='ltr'><strong>et</strong></span> <span class='ocrx_word' id='word_1_825' title='bbox 3337 5540 3529 5612; x_wconf 83' lang='lat' dir='ltr'><strong>angeli</strong></span> 
     </span>
    </p>
   </div>
  </div>
