3922 6304
107 394 249 455 12η

1640 390 1950 451 SPURIA.

3344 398 3500 457 4242

101 534 278 604 pietas
309 530 572 598 Domini;
607 535 662 586 et
691 529 791 601 qui
824 545 926 602 per
975 527 1269 600 justitiam
1324 528 1546 599 judicia
1579 529 1731 597 justi
1760 530 1811 593 Α
1844 530 1977 593 test,
2009 526 2088 581 ita
2115 530 2171 582 et
2201 527 2300 597 qui
2336 543 2452 583 non
2487 527 2824 592 fornicatur,
2855 531 3070 601 autqui
3105 549 3220 587 non
3253 531 3496 601 invidet,

105 621 431 693 puniendus
461 621 763 675 exstiterat
793 635 894 690 per
920 617 1382 674 misericordiam
1419 617 1490 672 ad
1551 619 1743 672 indul-

108 710 354 782 gentiam
389 707 774 765 revocabitur.
810 708 958 780 Ergo
991 713 1055 761 ut
1112 723 1243 762 vere
1271 711 1328 762 te
1375 712 1738 779 peccatorum

103 799 392 866 ostendas,
425 799 606 854 Deum
639 801 954 853 creatorem
977 796 1508 861 honora;honoras
1541 801 1737 852 autem

105 889 500 954 Creatorem,si
516 893 571 944 te
604 888 796 943 solum
830 885 876 922 ¹³
899 885 1223 959 culpaveris
1238 902 1371 940 cum
1395 885 1736 956 deliqueris,

104 986 160 1033 et
191 994 298 1033 non
328 977 587 1033 ascribas
617 976 871 1032 Creatori
915 976 1069 1047 quod
1103 990 1325 1044 peccas,
1361 978 1424 1028 ut
1479 991 1548 1030 ex
1578 973 1740 1030 omni

105 1072 262 1140 parte
293 1072 449 1122 tuam
485 1065 996 1137 prwsumptionem
1019 1079 1254 1134 arguas,
1280 1080 1390 1118 no.1
1420 1064 1506 1118 tui
1536 1080 1738 1135 quera-

105 1158 186 1212 ris
211 1173 379 1228 opera
409 1155 732 1212 conditoris
763 1153 828 1208 υ,
856 1153 982 1208 Haec
1019 1154 1198 1208 Leutii
1229 1153 1273 1189 ’⁸
1308 1169 1486 1208 causa
1517 1169 1739 1209 memo-

102 1247 414 1302 raverimus
442 1246 507 1312 ¹⁶,
540 1244 639 1316 qui
664 1243 1030 1300 mendacium
1054 1242 1097 1278 ³⁷
1128 1241 1422 1311 apostolos
1447 1243 1542 1298 Dei
1575 1260 1740 1299 asse-

105 1335 181 1391 rit
209 1335 489 1401 docuisse,
523 1337 892 1404 duorumque
932 1332 979 1366 ‘3
1037 1333 1460 1387 contrariorum
1511 1332 1736 1403 princi-

104 1425 330 1497 piorum
362 1423 406 1458 ¹⁹
427 1423 686 1479 hominis
715 1423 1008 1479 exstitisse
1035 1424 1342 1490 facturam,
1364 1427 1423 1477 et
1479 1421 1736 1477 animam

103 1531 138 1569 a
169 1515 315 1570 bono
349 1514 460 1569 Deo
489 1513 806 1581 conditam,
835 1527 1074 1568 carnem
1105 1527 1238 1568 vero
1271 1529 1304 1566 a
1349 1510 1504 1566 malo
1530 1514 1586 1566 et
1643 1527 1740 1568 ne-

99 1603 362 1658 cessitate
391 1601 585 1658 carnis
617 1601 872 1658 animam
905 1599 1120 1656 involvi
1162 1600 1438 1672 peccatis.
1471 1600 1634 1665 Quod
1687 1601 1736 1656 si

97 1693 180 1746 ita
233 1696 403 1759 esset,
433 1691 534 1763 qui
594 1706 712 1746 non
753 1694 974 1761 peccat,
1025 1689 1264 1744 omnino
1329 1705 1442 1743 non
1500 1689 1733 1746 viveret.

101 1781 423 1838 Sicutenim
447 1781 545 1854 qui
572 1797 686 1836 non
712 1781 1160 1847 manducat,aut
1182 1795 1296 1833 non
1321 1779 1598 1847 hibit,aut
1619 1796 1734 1835 non

100 1870 326 1942 digerit,
358 1875 459 1927 aut
490 1887 605 1927 non
629 1869 864 1936 dormit,
897 1869 1023 1925 sine
1053 1867 1228 1924 dubio
1259 1867 1448 1925 vivere
1479 1885 1592 1925 non
1626 1885 1727 1940 po-
1767 1857 1811 1920 Β

1848 621 1950 672 aut
1981 633 2093 672 non
2128 619 2483 684 furatur,aut
2513 619 2611 689 qui
2647 635 2762 674 non
2795 618 3014 690 aliquid
3038 621 3255 678 crimen
3283 624 3495 679 admit-

1848 707 1941 773 tit,
1971 723 2084 762 non
2114 712 2286 778 posse
2307 706 2500 763 vivere
2527 713 3054 765 monstraretur.At
3083 727 3216 766 vero
3239 729 3373 767 cum
3394 713 3498 768 do-

1849 800 2046 851 ceatur
2070 796 2246 852 homo
2278 796 2407 852 sine
2431 797 2810 852 fornicatione
2845 799 3034 854 vivere
3063 801 3311 871 quisine
3341 803 3497 856 victu

1851 890 1907 940 et
1934 886 2146 941 vestitu
2171 885 2360 942 vivere
2387 902 2500 942 non
2538 891 2747 958 potest,
2781 892 3012 943 constat
3070 905 3204 945 eum
3263 891 3344 948 ita
3366 908 3498 947 con-

1851 975 2040 1030 ditum
2074 993 2108 1030 a
2139 976 2288 1030 bono
2320 976 2639 1042 conditore,
2667 981 2730 1030 ut
2746 975 2872 1031 sine
2909 977 3258 1035 criminibus
3316 985 3496 1052 queat

1850 1064 2193 1132 subsistere,
2226 1080 2356 1120 cum
2387 1066 2609 1136 absque
2639 1064 2931 1122 alimoniis
2976 1083 3090 1124 non
3124 1070 3310 1138 possit
3359 1087 3490 1124 om-

1851 1155 1988 1209 nino
2013 1158 2282 1210 constare
2309 1155 2374 1208 ²⁰.
2406 1153 2664 1225 Denique
2689 1155 2955 1212 clausum
2989 1172 3237 1225 carcere,
3265 1163 3490 1214 tantum

1849 1244 1907 1298 in
1938 1243 2208 1309 vinculis,
2234 1245 2598 1317 deportatum
2630 1247 2833 1302 exsilio
2880 1248 3106 1318 absque
3139 1247 3488 1304 criminibus

1849 1332 2036 1387 vivere
2067 1348 2237 1403 posse
2267 1333 2678 1404 cognoscimus
2693 1350 2822 1389 cum
2851 1335 3066 1406 absque
3087 1335 3216 1390 cibo
3241 1343 3295 1390 et
3326 1341 3488 1407 potu,

1849 1425 1906 1474 et
1925 1420 2266 1491 digestione,
2300 1427 2357 1476 et
2381 1438 2607 1489 somno,
2643 1423 2880 1493 penitus
2941 1422 3126 1478 vivere
3173 1440 3289 1478 non
3321 1440 3493 1494 posse

1849 1512 2315 1584 comprobemus.
2371 1512 2536 1566 Nunc
2587 1514 2709 1583 jam
2761 1514 2831 1568 ad
2879 1519 3150 1568 sanctum
3200 1513 3488 1570 Joannem

1845 1601 2171 1671 apostolum
2195 1607 2253 1657 et
2282 1601 2700 1673 evangelistam
2734 1602 3038 1658 ﬂectamus
3069 1603 3404 1670 articulum,
3437 1611 3492 1659 et

1847 1692 1915 1746 ad
1953 1693 2263 1747 Dominum
2287 1692 2358 1746 de
2391 1691 2493 1747 hac
2515 1691 2642 1746 luce
2673 1691 2923 1762 qualiter
2945 1692 3282 1763 migraverit
3307 1692 3488 1763 expli-

1846 1797 2064 1837 cemus.
2098 1780 2340 1852 Explica
2368 1781 2653 1850 Prologus.

460 2130 816 2228 Incipiunt
853 2133 1076 2206 Actus
1106 2132 1211 2205 V81
1246 2131 1595 2206 Miracula
1635 2133 1860 2207 sancti
1900 2134 2198 2208 Joannis
2238 2134 2538 2231 apostoli
2568 2143 2637 2208 et
2675 2132 3123 2231 evangelistae

172 2311 495 2368 Secundam
530 2313 662 2380 post
698 2309 984 2364 Neronem
1043 2308 1509 2365 Christianorum
1545 2325 1737 2380 perse-

98 2400 393 2456 cutionem
427 2398 796 2453 Domitianus
817 2397 1096 2464 exercuit,
1138 2400 1292 2452 unde
1326 2399 1538 2453 factum
1567 2403 1656 2454 est
1679 2407 1742 2454 ut

95 2496 336 2544 sanctus
396 2488 650 2544 Joannes
709 2491 1106 2557 asportaretur
1161 2489 1232 2541 de
1289 2488 1516 2560 Epheso
1573 2497 1626 2544 et
1680 2488 1738 2543 in

101 2583 336 2637 Patmos
367 2581 564 2636 insula
594 2580 652 2635 in
675 2579 943 2635 exsilium
978 2580 1329 2648 mitteretur,
1386 2580 1446 2634 in
1479 2596 1593 2652 qua
1649 2581 1737 2634 in-

99 2672 233 2726 sula
261 2669 666 2742 Apocalypsim
692 2685 862 2740 quam
884 2670 931 2725 ei
964 2670 1250 2725 Dominus
1270 2669 1540 2725 revelavit
1563 2685 1737 2725 manu

96 2777 205 2814 sua
236 2759 604 2831 conscripsit.
632 2759 998 2814 Domitianus
1022 2763 1215 2813 autem
1238 2759 1438 2813 eodem
1456 2775 1608 2814 anno
1627 2773 1738 2829 quo

90 2844 280 2914 jbssit
306 2849 574 2899 sanctum
606 2847 888 2899 Joannem
921 2842 1222 2898 exsiliaria
1249 2849 1455 2899 senatu
1481 2845 1739 2900 Romano

97 2925 439 2979 interfectus
469 2930 574 2978 est.
622 2928 849 2979 Etcum
883 2924 996 2978 Deo
1040 2941 1176 2978 cura
1212 2925 1322 2979 fuit
1363 2925 1432 2978 de
1475 2924 1738 2994 apostolo

95 3029 299 3083 suo,ex
329 3015 509 3069 totius
541 3018 780 3068 senatus
805 3013 1072 3070 consultu
1101 3013 1210 3069 hoc
1229 3015 1535 3068 definitum
1559 3019 1740 3077 est,ut

94 3103 374 3174 quidquid
417 3103 788 3158 Domitianus
821 3103 943 3158 ﬁeri
973 3102 1155 3158 voluit
1212 3107 1559 3158 cessaretur.
1595 3102 1738 3158 Hinc

90 3194 312 3247 factum
338 3199 427 3247 est
458 3198 516 3246 ut
548 3201 788 3248 sanctus
819 3192 1073 3248 Joannes
1092 3191 1191 3263 qui
1226 3191 1519 3246 voluntate
1542 3192 1738 3247 Domi-

90 3281 238 3336 tiani
269 3281 613 3354 deportatus
644 3297 779 3337 cum
813 3281 1029 3352 injuria
1085 3284 1294 3348 fuerat,
1346 3297 1478 3336 cum
1524 3282 1738 3336 honore

93 3373 166 3427 ad
193 3371 487 3441 Ephesum
522 3377 827 3430 remearet.
861 3370 1127 3426 Occurrit
1174 3376 1369 3426 autem
1431 3371 1512 3426 illi
1546 3372 1738 3428 omnis

100 3463 356 3534 populus
388 3463 642 3518 virorum
679 3479 743 3518 ac
777 3462 1108 3531 mulierum,
1143 3479 1346 3517 omnes
1378 3463 1738 3518 exsultantes

90 3555 147 3605 et
161 3551 422 3607 dicentes
450 3569 462 3606 :
484 3551 806 3607 Benedictus
827 3553 923 3622 qui
940 3554 1084 3606 venit
1099 3553 1158 3605 in
1171 3553 1394 3606 nomine
1405 3553 1628 3608 Domini
1640 3554 1732 3621 (a).

163 3642 310 3696 Cum
340 3644 537 3696 autem
561 3641 967 3712 ingrederetur
987 3640 1592 3709 civitatem,Drusiana
1613 3658 1740 3712 qua:

97 3745 336 3800 semper
364 3744 499 3784 eum
531 3734 732 3785 secuta
766 3731 941 3784 fuerat
969 3737 1023 3784 et
1053 3731 1338 3784 adventus
1381 3729 1510 3798 ejus
1553 3731 1742 3784 fuerat

99 3819 393 3874 desiderio
425 3819 1040 3891 fatigata,etl‘erebatur
1059 3823 1472 3874 mortua.Tunc
1503 3824 1740 3874 sanctus

91 3910 357 3964 Joannes
377 3909 584 3963 videns
615 3908 817 3963 ﬂentes
852 3925 1155 3979 pauperes,
1187 3914 1244 3963 et
1270 3913 1742 3979 parentes,atque

95 4001 307 4054 viduas
331 3998 507 4054 simul
532 4016 662 4054 cum
696 3998 974 4070 orphanis
1006 3999 1326 4054 clamantes
1358 4006 1414 4054 et
1445 4001 1737 4054 dicentes:

90 4090 307 4144 Sancte
327 4089 580 4143 Joannes
606 4089 1024 4159 apostole,ecce
1048 4089 1390 4143 Drusianam
1412 4090 1741 4144 etl‘errimus

92 4195 223 4248 quas
259 4177 478 4232 sanctis
505 4177 622 4232 tuis
657 4177 894 4232 monitis
918 4178 1320 4246 obtemperans
1379 4195 1584 4234 omnes
1637 4196 1741 4234 nos

88 4266 575 4333 alebat,serviens
607 4266 853 4322 Domino
873 4266 931 4320 in
959 4266 1742 4336 castitateethumilitate;et

91 4354 362 4425 quotidie
383 4355 752 4410 desiderabat
781 4355 1032 4410 reditum
1065 4359 1255 4423 tuum,
1289 4354 1524 4410 dicens:
1570 4357 1628 4411 Si
1658 4356 1740 4410 vi-

89 4444 268 4498 deam
303 4444 634 4514 apostolum
669 4443 769 4498 Dei
820 4443 1001 4499 oculis
1060 4444 1225 4512 meis,
1258 4454 1569 4516 antequam
1617 4463 1737 4502 mo-

85 4533 211 4586 riar
237 4550 253 4601 ;
281 4547 412 4586 ecce
441 4537 502 4586 tu
535 4531 744 4587 venisti
769 4537 825 4587 et
856 4537 908 4586 te
941 4533 1134 4587 videre
1176 4550 1284 4588 non
1333 4534 1538 4604 potuit.
1581 4535 1741 4591 Tunc

90 4621 307 4677 beatus
337 4620 594 4676 Joannes
621 4621 796 4689 jussit
854 4622 1065 4692 deponi
1119 4622 1397 4678 feretrum
1432 4628 1488 4678 et
1535 4625 1742 4681 resolvi

86 4727 316 4782 corpus
341 4711 491 4780 ejus,
525 4714 582 4765 et
611 4727 747 4765 voce
772 4710 928 4766 clara
970 4711 1116 4766 dixit
1165 4728 1360 4768 coram
1416 4715 1693 4771 omnibus
1727 4733 1740 4771 :

83 4801 390 4856 Dominus
420 4816 587 4856 meus
612 4801 785 4856 Jesus
812 4801 1081 4856 Christus
1105 4801 1310 4857 excitet
1327 4808 1402 4872 te,
1437 4806 1742 4874 Drusiana,

73 4905 271 4960 surge
304 4895 362 4943 et
387 4890 637 4960 pedibus
668 4889 784 4944 tuis
845 4895 1129 4946 revertere
1161 4892 1400 4947 domum
1462 4898 1621 4949 tuam
1687 4902 1743 4950 et

1852 2327 2058 2366 somno
2097 2311 2410 2366 excitasset
2439 2325 2591 2365 eam.
2636 2311 2848 2366 Factus
2888 2315 2978 2364 est
3033 2315 3224 2364 autem
3285 2307 3502 2364 clamor

1853 2401 2049 2471 pepuli
2082 2418 2184 2471 per
2214 2407 2331 2456 tres
2372 2400 2544 2457 horas
2567 2399 2845 2454 dicentis:
2903 2398 3064 2453 Unus
3105 2404 3256 2454 Deus
3315 2414 3486 2469 quem

1851 2491 2131 2560 praedicat
2157 2490 2433 2556 Joannes,
2469 2507 2623 2545 unus
2652 2494 2708 2545 et
2763 2505 2935 2543 verus
2995 2487 3275 2542 Dominus
3315 2487 3490 2543 Jesus

1849 2578 2139 2634 Christus.
2175 2580 2370 2635 Altera
2402 2596 2534 2635 vero
2564 2579 2657 2633 die
2713 2580 2924 2634 Craton
2984 2577 3374 2649 philosophus
3429 2576 3489 2631 in

1849 2667 1973 2721 foro
2005 2674 2390 2739 proposuerat
2420 2669 2490 2723 de
2520 2671 2856 2736 contemptu
2883 2667 3088 2720 mundi
3147 2665 3490 2735 hujusmodi

1848 2757 2340 2826 spectaculum,ut
2361 2758 2507 2812 duos
2531 2758 2742 2811 fratres
2763 2754 3088 2810 ditissimos
3123 2756 3488 2824 produceret,

1849 2861 1996 2916 quos
2029 2846 2242 2902 fecerat
2268 2847 2546 2901 distracto
2579 2844 2926 2916 patrimonio
2983 2858 3248 2914 gemmas
3297 2859 3491 2900 emere

1849 2935 2132 3005 singulas,
2167 2953 2312 3006 quas
2347 2939 2400 2991 in
2450 2940 2762 3006 conspectu
2812 2933 3077 2989 omnium
3139 2932 3488 3005 populorum

1851 3024 2147 3095 fregerunt
2169 3025 2355 3096 pueri.
2389 3025 2552 3091 Quod
2583 3041 2716 3079 cum
2753 3025 3009 3078 facerent
3031 3022 3273 3093 contigit
3301 3028 3492 3077 trans-

1850 3113 1997 3168 itum
2032 3114 2243 3170 habere
2272 3115 2554 3169 Joannem
2581 3113 2930 3185 apostolum,
2961 3117 3018 3166 et
3043 3127 3366 3166 convocans
3416 3111 3491 3167 ad

1849 3220 1912 3258 se
1968 3202 2272 3258 Cratonem
2336 3203 2754 3275 philosophum
2813 3201 2930 3256 ait:
2979 3201 3206 3256 Stultus
3261 3205 3348 3256 est
3380 3201 3490 3256 iste

1851 3293 2055 3346 mundi
2089 3297 2477 3362 contemptus,
2505 3294 2602 3364 qui
2628 3291 2936 3347 hominum
2960 3307 3056 3345 ore
3088 3289 3489 3357 laudatur,sed

1846 3383 2270 3437 condemnatur
2300 3382 2777 3452 divinojudicio;
2812 3381 2964 3435 sicut
2997 3379 3153 3434 enim
3199 3396 3344 3434 vana
3376 3395 3487 3434 me-

1849 3471 2045 3526 dicina
2071 3476 2178 3535 est,
2203 3487 2266 3526 ex
2299 3488 2414 3542 qua
2447 3488 2560 3526 non
2584 3471 2910 3525 absciditur
2944 3468 3205 3535 morbus,
3239 3469 3320 3522 ita
3341 3485 3491 3523 vana

1772 3594 1814 3659 C
1850 3562 2111 3617 doctrina
2136 3568 2244 3629 est,
2278 3580 2345 3617 ex
2376 3581 2486 3631 qua
2529 3580 2644 3617 non
2690 3565 2968 3617 curantur
2999 3560 3133 3614 vilia
3160 3559 3491 3615 animarum

1845 3655 1902 3703 et
1927 3667 2175 3706 morum.
2202 3652 2691 3722 Magisterilaque
2735 3667 2900 3706 meus
2944 3651 3220 3720 juvenem
3261 3649 3494 3719 cupien-

1852 3742 1964 3793 tem
1998 3741 2067 3794 ad
2099 3741 2278 3794 vitam
2312 3745 2588 3795 aeternam
2622 3739 3029 3810 attingere,his
3062 3739 3250 3794 verbis
3272 3739 3491 3794 instru-

1847 3827 1931 3882 xit
1959 3832 2020 3882 ut
2049 3829 2262 3884 diceret
2283 3833 2574 3899 quatenus
2606 3830 2656 3884 si
2688 3829 2858 3884 vellet
2885 3829 3176 3898 perfectus
3195 3844 3323 3884 esse
3354 3845 3490 3883 ven-

1851 3916 2011 3970 deret
2039 3918 2234 3970 omnia
2262 3934 2369 3972 sua
2430 3923 2488 3971 et
2520 3919 2685 3972 daret
2730 3917 3124 3986 pauperibus;
3175 3933 3291 3986 quo
3341 3917 3490 3971 facto

1851 4006 2195 4060 thesaurum
2227 4007 2286 4060 in
2316 4005 2476 4060 oculis
2508 4007 2818 4074 aquireret,
2843 4011 2898 4060 et
2944 4006 3120 4058 vitam
3155 4019 3284 4074 quae
3318 4004 3490 4060 ﬁnem

1852 4115 1966 4153 non
2004 4097 2177 4153 habet
2226 4099 2521 4154 inveniret.
2574 4097 2678 4152 Cui
2741 4101 2948 4151 Craton
3005 4097 3174 4150 dixit:
3214 4100 3492 4151 Humana;

1849 4186 2182 4258 cupiditatis
2215 4187 2441 4242 fructus
2473 4187 2528 4242 in
2565 4189 2755 4241 medio
2778 4186 3083 4240 hominum
3114 4187 3336 4256 positus
3354 4203 3493 4240 con-

1850 4276 2069 4330 fractus
2096 4280 2223 4341 est;
2255 4277 2353 4330 sed
2386 4277 2435 4330 si
2465 4291 2599 4330 vere
2632 4275 2782 4330 Deus
2815 4279 2904 4330 est
2931 4274 3212 4346 magister
3242 4279 3377 4328 tuus
3435 4279 3492 4330 et

1850 4365 1972 4419 vult
2000 4365 2109 4420 hoc
2133 4365 2255 4419 ﬁeri
2289 4371 2353 4420 ut
2381 4366 2742 4436 pauperibus
2782 4368 3052 4436 erogatur
3078 4381 3290 4418 census
3323 4365 3490 4433 pretii

1850 4453 2055 4507 harum
2081 4454 2329 4508 duarum
2382 4470 2770 4525 gemmarum,
2803 4455 2892 4508 fac
2937 4452 3277 4523 reintegrari
3329 4469 3492 4523 gem-

1852 4559 1997 4610 mas,
2030 4547 2094 4597 ut
2121 4541 2275 4614 quod
2304 4559 2409 4612 ego
2443 4543 2547 4598 feci
2578 4543 2650 4597 ad
2684 4543 2902 4597 famam
2935 4541 3262 4609 hominum,
3297 4546 3359 4596 tu
3404 4543 3487 4597 fa-

1850 4632 1970 4688 cias
2001 4633 2070 4686 ad
2105 4631 2350 4702 gloriam
2383 4631 2512 4701 ejus
2540 4630 2683 4697 fieri,
2727 4647 2895 4703 quem
2919 4637 3085 4686 tuum
3142 4631 3487 4701 magistrum

1849 4737 1978 4775 esse
2007 4737 2456 4777 commemoras.
2489 4720 2647 4776 Tunc
2679 4721 2880 4776 beatus
2910 4721 3159 4775 Joannes
3207 4719 3487 4788 colligens

1851 4809 2171 4881 fragmenta
2201 4826 2591 4881 gemmarum,
2627 4817 2685 4864 et
2730 4825 2952 4880 ponens
2982 4825 3050 4864 ea
3097 4809 3155 4862 in
3217 4809 3492 4862 manibus

1850 4899 1996 4966 suis,
2021 4899 2261 4954 elevavit
2293 4901 2492 4955 oculos
2525 4901 2591 4954 ad
2625 4897 2832 4954 malum
2863 4904 2918 4953 et
2939 4899 3050 4953 ait:
3102 4898 3346 4952 Domine
3391 4896 3495 4950 Je-

69 4994 360 5052 prepara
393 4978 532 5033 mihi
565 4979 956 5034 refectionem.
982 4981 1064 5035 Ad
1093 4981 1239 5036 hanc
1267 4998 1467 5056 vocem
1493 4986 1745 5040 surrexit
1776 4991 1822 5053 D
1856 5004 1922 5042 su
1955 4988 2202 5058 Christe,
2235 4989 2327 5044 cui
2356 4989 2501 5043 nihil
2532 4988 2896 5058 impossibile
2927 4993 3036 5054 est,
3089 4988 3187 5057 qui
3241 4987 3490 5041 fractum

70 5074 138 5124 et
168 5067 355 5138 cmpit
396 5068 500 5137 ire,
533 5067 784 5123 sollicita
827 5069 1192 5139 dejussione
1247 5072 1517 5141 apostoli,
1545 5075 1624 5128 ita
1683 5080 1744 5129 ut

73 5157 393 5213 videretur
421 5155 534 5226 ipsi
565 5155 868 5213 Drusianzs
900 5158 1040 5229 quia
1072 5174 1186 5214 non
1220 5159 1291 5214 de
1323 5163 1639 5233 morte,sed
1671 5163 1742 5218 de

160 5304 188 5337 ι
223 5283 374 5339 Psal.
408 5299 575 5346 cxvu,
608 5283 699 5338 26.

1858 5079 2142 5132 mundum
2169 5095 2271 5150 per
2298 5079 2526 5150 lignum
2559 5077 3046 5148 concupiscentiae
3105 5092 3206 5146 per
3258 5075 3488 5147 lignum

1854 5167 2043 5223 crucis
2074 5173 2186 5224 tuae
2216 5169 2463 5225 interius
2497 5167 2770 5223 fidelibus
2798 5166 3136 5223 restaurasti
3161 5171 3178 5219 ἑ
3208 5166 3309 5238 qui
3359 5172 3494 5220 nato

1461 5389 1697 5446 VARl/E
1726 5391 2132 5452 LECTIONES.

151 5513 202 5549 ¹³
237 5513 417 5593 Ἱξριεά.
446 5529 568 5593 _om._
591 5512 802 5593 solum.
863 5513 926 5593 _“
955 5513 1125 5593 Teled.
1163 5513 1321 5593 add:
1356 5513 1576 5570 Sienim
1599 5533 1728 5593 vera
1747 5519 2152 5593 negligentem
2185 5524 2240 5577 te
2294 5524 2660 5580 accusaveris
2711 5540 2779 5578 ac
2827 5523 3262 5593 delinquentem
3298 5525 3355 5576 et
3385 5537 3480 5575 va-

76 5603 220 5643 ram
257 5586 378 5641 Deo
409 5585 692 5661 obtuleris
726 5586 1143 5661 pcenitentiam,
1179 5586 1249 5661 ad
1282 5602 1476 5661 veram
1505 5589 1714 5661 poteris
1745 5585 2166 5661 indulgentiam
2206 5597 2526 5660 pervenire.
2605 5597 2646 5630 ¹⁸
2683 5597 2858 5651 Ἰοιεά.
2923 5585 3132 5650 Leucii.
3211 5592 3257 5626 ¹⁶
3315 5593 3490 5649 Toled.

81 5659 570 5716 memoraverim.
653 5658 694 5693 ¹⁷
725 5658 896 5714 Toted.
931 5657 1234 5714 mendacio
1265 5657 1472 5729 plenus
1507 5657 1519 5659 ⁷
1548 5660 1590 5696 ¹⁶
1623 5661 1800 5717 Toled.
1835 5657 2106 5720 duorum.
2185 5657 2232 5697 ω
2262 5666 2432 5722 Toled.
2469 5669 2776 5740 principio.
