3922 6304
383 255 542 316 1248

1432 259 1496 318 S.
1544 258 1844 320 MELITO
1887 258 2245 324 SARDIUM
2287 259 2737 324 EPISCOPUS.

3639 269 3782 328 me

385 404 534 446 ceco
564 387 784 454 oculos,
818 403 967 460 quos
1021 392 1232 445 natura
1289 394 1622 462 negaverat,
1669 391 1975 448 reddidisti
2011 412 2027 462 ς
2061 395 2114 459 Α
2143 391 2298 450 enim
2323 393 2384 448 in
2412 396 2742 450 vestrorum
2771 408 3072 451 servorum
3104 397 3379 467 aspectus
3426 400 3487 452 et
3525 412 3629 454 vos
3655 399 3778 454 effe.

391 477 490 548 qui
517 481 814 533 mortuum
840 477 1120 534 Lazarum
1150 484 1209 534 et
1236 481 1533 550 sepultum
1595 486 1722 550 post
1760 485 2036 552 quartum

392 567 547 622 diem
581 567 652 622 ad
709 583 954 637 superos
1005 569 1308 634 revocasti,
1354 573 1414 625 et
1469 584 1675 626 omnes
1725 571 1960 627 morbos
1979 574 2038 626 et

393 673 600 712 omnes
621 657 996 728 aegritudines
1019 657 1379 713 virtutistum
1401 660 2040 725 verbocurasti,adesto

390 763 568 818 super
610 745 835 818 lapides
868 747 1014 803 istos
1065 749 1352 818 pretiosos
1411 754 1476 804 ut
1505 766 1653 820 quos
1702 750 2040 822 ignorantes

389 836 646 891 fructum
679 835 1062 908 eleemosynm
1091 838 1162 891 ad
1201 836 1444 905 plausus
1476 837 1785 894 hominum
1819 838 2041 896 confre-

391 927 625 996 gerunt,
649 928 733 990 tu,
770 925 1034 993 Domine,
1067 941 1167 996 per
1188 941 1401 981 manus
1431 925 1768 996 angelorum
1800 932 2038 984 tuorum

396 1016 568 1068 modo
600 1031 928 1086 recuperes,
955 1021 1017 1071 ut
1035 1015 1220 1087 pretio
1235 1033 1435 1072 eorum
1457 1017 1872 1074 misericordias
1889 1037 2032 1076 usus

395 1103 658 1175 expletus
685 1105 858 1159 faciat
879 1104 1178 1160 credentes
1201 1106 1305 1161 tibi
1335 1105 1654 1176 pervenire,
1677 1109 1830 1179 quod
1866 1112 2035 1164 tuum

392 1191 731 1263 imperium,
754 1193 850 1263 qui
885 1211 1015 1248 cum
1045 1192 1304 1264 ingenito
1323 1193 1486 1249 Patre
1515 1195 1804 1266 etSpiritu
1837 1200 2040 1252 sancto

390 1281 788 1337 illuminatore
823 1291 875 1337 et
902 1283 1331 1340 sanctiﬁcatore
1362 1284 1542 1338 totius
1597 1284 1865 1340 Ecclesiae
1896 1285 2039 1340 vivis

392 1380 441 1426 et
469 1387 700 1442 regnas,
728 1372 952 1427 Deusin
983 1371 1198 1427 saecula
1227 1372 1865 1445 saeculorumﬂumque
1895 1373 2039 1430 ﬁde.

385 1457 471 1515 les
499 1460 593 1530 qui
624 1476 758 1515 cum
791 1459 1054 1530 apostolo
1085 1467 1252 1516 erant
1275 1462 1722 1533 respondissent
1741 1465 2040 1527 Ameu.ita

386 1549 630 1606 solidata
651 1555 793 1606 sunt
813 1550 1144 1621 fragmenta
1173 1557 1646 1622 gemmarum,ut
1675 1567 1780 1608 nec
1802 1553 2038 1623 signum

389 1641 642 1711 alicujus
673 1642 939 1697 fracturae
967 1643 1027 1696 in
1059 1641 1143 1697 eis
1175 1647 1523 1700 remaneret.
1570 1643 1736 1698 Tunc
1784 1642 2040 1714 philoso-

391 1729 547 1803 phus
565 1731 772 1788 Craton
805 1729 981 1786 simul
1030 1747 1159 1786 cum
1192 1731 1616 1802 hisjuveuibus
1646 1736 1862 1787 etcum
1915 1732 2040 1787 uni-
2071 1759 2116 1826 Β

392 1821 578 1876 versis
605 1819 908 1890 discipulis
922 1822 1046 1876 suis
1062 1821 1304 1892 pedibus
1317 1822 1445 1891 ejus
1469 1819 1779 1877 advolutus
1792 1821 2040 1876 credidit

390 1913 448 1965 et
479 1909 798 1980 baptizatus
831 1917 916 1963 est
943 1925 1076 1964 eum
1109 1910 1385 1965 omnibus
1417 1914 1474 1964 et
1503 1909 1679 1980 coepit
1717 1910 1891 1964 ﬁdem
1926 1915 2036 1964 Do—

393 1997 538 2054 mini
591 1998 771 2054 nostri
802 1998 940 2053 Jesu
991 1998 1205 2053 Christi
1237 1998 1476 2068 publica
1511 1999 1844 2069 praedicare.
1880 2003 2042 2054 Tunc

398 2089 512 2144 duo
543 2087 624 2142 illi
657 2087 867 2142 fratres
901 2089 1306 2142 venundantes
1337 2104 1602 2159 gemmas
1619 2105 1767 2158 quas
1804 2089 2040 2144 vendito

397 2178 751 2248 patrimonio
784 2195 923 2233 suos
954 2183 1218 2233 emerant
1248 2178 1607 2250 pauperibus
1637 2183 2039 2249 erogaverunt.

393 2269 464 2323 Et
479 2269 654 2338 cmpit
675 2268 906 2322 infinita
934 2268 1107 2322 turba
1137 2267 1434 2323 adhaerere
1463 2269 1750 2340 apostolo.

465 2359 626 2412 Tunc
657 2358 772 2412 duo
800 2358 1062 2414 honorati
1089 2359 1196 2412 viri
1226 2357 1480 2416 civitatis
1514 2358 1897 2429 Ephesiorum
1931 2358 2040 2416 ho-

394 2463 527 2502 rum
562 2453 869 2518 sequentes
925 2446 1626 2518 exemplum,vendentes
1679 2448 1876 2504 omnia
1932 2463 2042 2504 ua

394 2553 522 2608 quae
556 2537 765 2592 habere
793 2541 1060 2608 poterant
1081 2542 1139 2592 et
1169 2537 1378 2593 dantes
1411 2537 1686 2594 universa
1707 2537 2036 2610 egentibus,

389 2625 792 2698 sequebantur
849 2627 1181 2697 apostolum
1239 2643 1338 2696 per
1394 2625 1656 2682 civitates
1715 2632 1947 2683 euntem
1979 2631 2038 2684 et

386 2716 558 2772 verba
589 2715 820 2770 Domini
854 2716 1288 2788 praedicantem.
1316 2716 1568 2788 Contigit
1599 2721 1797 2771 autem
1857 2726 1918 2771 ut
1949 2715 2037 2770 in-

384 2808 604 2861 trantes
629 2806 836 2860 urbem
871 2805 1221 2876 Pergamum
1255 2803 1516 2862 viderent
1542 2820 1742 2860 servos
1772 2821 1909 2861 suos
1941 2820 2032 2861 se-

386 2893 523 2949 ricis
543 2893 785 2950 indutos
809 2894 1066 2950 vestibus
1115 2895 1494 2966 procedentes
1525 2897 1582 2950 et
1604 2893 1659 2948 in
1691 2893 1877 2965 gloria
1926 2910 2035 2949 saa-

385 2983 570 3039 cuiari
593 2983 904 3054 fulgentes.
925 2983 1088 3038 Unde
1120 2983 1339 3039 factum
1369 2988 1454 3039 est
1478 2988 1543 3038 ut
1571 2984 1787 3053 sagitta
1816 2983 2034 3039 diaboli

384 3074 644 3142 percussi
677 3071 874 3128 tristes
897 3071 1287 3141 efficerentur,
1322 3071 1480 3142 quod
1507 3087 1570 3125 se
1609 3072 1668 3126 in
1701 3088 1820 3128 uno
1851 3071 2030 3144 pallio

381 3161 662 3223 viderent.
694 3169 952 3232 egentes,
985 3178 1124 3216 suos
1155 3177 1286 3215 vero
1338 3176 1538 3215 servos
1594 3161 2032 3230 potentissimos

379 3254 554 3321 atque
576 3249 886 3321 fulgentes.
921 3249 1032 3304 Sed
1066 3249 1174 3304 hos
1205 3249 1369 3303 dolos
1415 3247 1634 3304 diaboli
1693 3249 2034 3320 intelligens

378 3338 675 3410 apostolus
695 3337 804 3393 ait:
840 3337 1016 3392 Video
1044 3353 1140 3392 vos
1171 3341 1230 3392 et
1273 3336 1502 3392 animos
1547 3347 1800 3394 mutasse
1829 3346 1886 3394 et
1917 3338 2035 3394 vul-

381 3435 478 3484 tus
511 3433 746 3500 propter
766 3428 875 3483 hoc
906 3429 1058 3500 quod
1117 3428 1447 3484 doctrinam
1475 3428 1707 3484 Domini
1743 3428 1861 3484 mei
1890 3432 2032 3485 Jesu

381 3517 595 3574 Christi
630 3519 816 3572 secuti
845 3518 1008 3584 estis,
1041 3521 1101 3572 et
1129 3517 1329 3572 omnia
1357 3535 1486 3588 quae
1511 3517 1720 3572 habere
1755 3517 2034 3588 potuistis

381 3607 738 3678 pauperibus
762 3604 1114 3661 contulistis.
1153 3606 1311 3663 Unde
1344 3606 1393 3661 si
1433 3607 1610 3661 vultis
1643 3606 1841 3665 omnia
1867 3623 2032 3663 recu-

391 3713 590 3770 perare
623 3713 750 3767 quas
782 3696 840 3750 in
873 3701 1098 3764 auro,et
1127 3696 1183 3750 in
1220 3702 1479 3766 argento,
1503 3701 1559 3752 et
1587 3696 1885 3768 lapidibus
1909 3712 2034 3768 pre-

387 3787 555 3844 tiosis
587 3786 900 3853 habuistis,
933 3787 1152 3842 deferte
1176 3787 1321 3841 mihi
1356 3785 1544 3856 virgas
1577 3792 1761 3842 rectas
1819 3787 1880 3842 in
1911 3786 2032 3842 sin-

385 3877 539 3949 gulis
569 3877 849 3932 fascibus.
897 3877 1056 3942 Quod
1121 3891 1254 3930 cum
1307 3875 1600 3937 fecissent,
1635 3876 1903 3932 invocato
1937 3891 2036 3930 nov

388 3967 546 4022 mine
578 3966 803 4022 Domini
832 3981 1118 4020 conversae
1153 3971 1291 4020 sunt
1321 3964 1378 4018 in
1449 3981 1681 4020 aurum.
1715 3965 1860 4020 Item
1889 3965 2036 4020 dixit

384 4055 496 4110 eis:
527 4055 755 4110 Deferte
785 4053 928 4108 mihi
953 4053 1177 4124 lapides
1220 4052 1480 4108 minutos
1514 4069 1547 4107 a
1595 4052 1786 4108 littore
1829 4053 2029 4108 maris.

388 4143 552 4206 Quod
597 4159 729 4198 cum
788 4143 1084 4210 fecissent,
1117 4143 1376 4196 invocata
1427 4141 1652 4197 Domini
1707 4142 2030 4212 majestate,

391 4232 653 4287 conversi
684 4237 825 4286 sunt
854 4231 912 4286 in
959 4247 1245 4304 gemmas.
1278 4231 1444 4286 Tunc
1475 4231 1616 4285 dicit
1669 4230 1753 4286 eis
1794 4237 2031 4287 sanctus

385 4319 638 4375 Joannes
669 4320 968 4390 apostolus
995 4337 1008 4375 :
1041 4319 1149 4375 Per
1179 4333 1396 4389 septem
1431 4320 1556 4374 dies
1598 4319 1675 4374 ite
1706 4335 1803 4389 per
1837 4319 2032 4374 auriﬁ-

2143 487 2270 538 ctos
2302 498 2581 555 pauperes
2609 483 3146 554 gemuistis.Estote
3177 501 3308 554 ergo
3333 486 3620 554 floridi,ut
3639 505 3778 543 mar-

2141 575 2601 641 cescatis,estote
2629 574 2837 630 divites
2867 575 3286 646 temporaliter,
3321 582 3386 634 ut
3417 578 3480 634 in
3511 586 3778 636 aeternum

2145 657 2800 734 mendicetis.Nunquid
2831 677 2966 717 nam
3001 662 3291 734 impotens
3321 671 3412 721 est
3439 685 3653 723 manus
3681 667 3778 724 Do-

2145 750 2290 806 mini
2322 755 2386 806 ut
2417 767 2530 806 non
2565 750 2739 806 faciat
2765 768 2964 808 servos
2987 769 3128 810 suos
3149 754 3372 812 divitiis
3400 757 3716 814 afﬂuentes
3737 770 3784 816 et

2145 839 2683 910 incomparabiliter
2697 840 3072 913 splendentes
3089 842 3118 897 ?
3135 843 3245 900 Sed
3271 850 3564 902 certamen
3592 849 3788 903 statuit

2144 927 2476 984 animorum
2510 934 2570 984 ut
2599 929 2700 1000 qui
2731 946 2832 1000 pro
2861 931 2992 1000 ejus
3023 933 3260 988 nomine
3310 936 3672 1006 temporales
3700 937 3787 992 ha-

2148 1019 2276 1072 bere
2306 1035 2444 1089 opes
2479 1018 2772 1073 noluerint
2801 1019 3046 1075 credant
3075 1038 3139 1076 se
3164 1027 3412 1080 aeternas
3461 1025 3784 1082 habituros.

2149 1105 2407 1178 Denique
2439 1107 2694 1162 narravit
2715 1107 2881 1163 nobis
2908 1109 3184 1168 Dominus
3206 1116 3406 1168 noster
3433 1113 3613 1170 Jesus
3634 1114 3785 1170 Chri-

2145 1200 2273 1251 stus
2303 1197 2374 1250 de
2429 1195 2683 1268 quodam
2742 1197 2938 1264 divite,
2985 1199 3088 1270 qui
3147 1201 3495 1273 epulabatur
3532 1207 3793 1276 quotidie

2145 1283 2451 1356 splendide
2482 1292 2534 1340 et
2567 1283 2824 1356 fulgebat
2850 1285 2908 1342 in
2945 1303 3087 1342 auro
3115 1293 3171 1342 et.
3202 1305 3482 1362 purpura,
3517 1293 3590 1346 ad
3627 1296 3793 1362 cujus

2145 1373 2300 1430 fores
2321 1375 2560 1446 jacehat
2590 1375 2895 1432 mendicus
2929 1377 3202 1446 Lazarus,
3235 1381 3336 1450 qui
3395 1384 3688 1452 cupiebat
3715 1382 3799 1438 vel

2146 1463 2328 1520 micas
2358 1481 2485 1533 quae
2511 1465 2582 1520 de
2615 1481 2814 1521 mensa
2871 1467 3000 1537 ejus
3059 1469 3348 1525 cadebant
3395 1471 3687 1542 accipere,
3742 1479 3796 1531 et

2147 1569 2318 1610 nemo
2353 1553 2436 1608 illi
2468 1553 2928 1628 dabat.Contigit
2957 1561 3155 1613 autem
3185 1564 3245 1614 ut
3274 1565 3523 1630 uterque
3541 1578 3798 1619 morere-

2145 1649 2258 1713 tur,
2289 1649 2348 1698 et
2395 1642 2492 1698 ille
2531 1644 2834 1700 mendicus
2867 1645 3192 1703 deferretur
3243 1647 3304 1704 in
3349 1649 3642 1721 requiem,
3671 1669 3799 1722 que

2147 1735 2237 1786 est
2267 1731 2326 1786 in
2350 1733 2482 1787 sinu
2517 1732 2756 1788 Abrahae
2786 1751 2799 1801 ;
2837 1733 2933 1790 ille
2961 1740 3152 1792 autem
3183 1737 3347 1796 dives
3379 1739 3722 1796 mitteretur
3741 1741 3798 1797 in

2147 1821 2442 1876 ﬂammam
2471 1820 2747 1884 incendii,
2783 1824 2935 1877 unde
2966 1823 3197 1880 elevans
3227 1826 3426 1882 oculos
3453 1828 3606 1884 vidit
3641 1829 3800 1884 Laza-

2149 1927 2278 1965 rum
2313 1909 2609 1966 sedentem
2643 1912 2700 1965 in
2733 1911 2862 1966 sinu
2916 1912 3160 1968 Abraha:
3191 1919 3250 1970 et
3303 1915 3658 1972 exclamavit
3717 1921 3800 1974 di-

2149 2015 2288 2056 cens
2315 2016 2329 2054 :
2360 2003 2524 2056 Pater
2554 2000 2835 2056 Abraham
2855 2003 3120 2058 miserere
3135 2005 3244 2060 mei
3262 2013 3314 2061 et
3340 2007 3498 2062 mitte
3515 2007 3799 2063 Lazarum

2150 2097 2208 2144 ut
2233 2089 2473 2156 intingat
2497 2087 2735 2158 digitum
2762 2106 2924 2145 suum
2948 2093 3004 2144 in
3036 2109 3236 2164 aquam
3263 2099 3314 2148 et
3343 2095 3676 2168 refrigeret
3698 2099 3802 2152 lin-

2145 2194 2313 2248 guam
2341 2193 2540 2242 mcam,
2565 2177 2698 2248 quia
2725 2181 2946 2234 crucior
2968 2181 3026 2234 in
3057 2179 3160 2236 hac
3177 2184 3424 2252 ﬂamma.
3469 2183 3580 2240 Cui
3615 2187 3798 2243 Abra-

2148 2266 2284 2322 ham
2319 2269 2680 2338 respondens
2707 2269 2890 2325 dixit:
2945 2270 3256 2340 Memento,
3309 2272 3420 2342 ﬁli,
3451 2275 3606 2345 quod
3667 2294 3807 2332 rece-

2148 2355 2282 2428 pisti
2311 2356 2450 2412 bona
2478 2358 2536 2412 in
2564 2356 2678 2412 vita
2707 2366 2832 2425 tua,
2860 2359 3099 2416 Lazarus
3145 2377 3274 2417 vero
3291 2361 3566 2419 similiter
3602 2367 3803 2434 mala;

2147 2463 2294 2501 nunc
2325 2462 2444 2502 vero
2493 2445 2588 2501 hic
2633 2449 2971 2516 consolatur,
3003 2455 3064 2505 tu
3116 2465 3237 2506 vero
3287 2455 3588 2523 torqueris.
3628 2456 3693 2509 Et
3749 2456 3802 2509 in

2147 2535 2230 2590 his
2259 2537 2511 2591 omnibus
2530 2535 2691 2592 chaos
2713 2553 2974 2608 maguum
2996 2539 3144 2593 inter
3165 2555 3261 2595 nos
3289 2550 3343 2596 et
3367 2557 3461 2598 vos
3511 2545 3800 2614 ﬁrmatum

2144 2628 2240 2691 est,
2275 2631 2336 2682 ut
2367 2625 2715 2697 nequeinde
2748 2625 2862 2682 huc
2909 2643 3098 2698 neque
3147 2627 3283 2682 hinc
3339 2628 3494 2686 illud
3545 2634 3799 2688 transire

2144 2713 2360 2786 aliquis
2391 2715 2595 2785 possit.
2625 2715 2820 2772 Atille
2850 2718 3122 2788 rspondit
3145 2734 3158 2772 :
3184 2717 3334 2774 Sunt
3362 2720 3512 2775 mihi
3535 2723 3796 2793 quinque

2145 2803 2374 2873 fratres,
2406 2803 2649 2859 obsecro
2683 2808 2745 2860 ut
2775 2810 2976 2877 surgat
3001 2806 3216 2877 aliquis
3263 2808 3365 2880 qui
3420 2817 3672 2868 moneat
3703 2829 3796 2868 eos

2144 2907 2216 2948 ne
2250 2892 2361 2948 huc
2391 2893 2627 2948 veniant
2667 2893 2726 2949 in
2766 2892 2919 2950 hanc
2967 2893 3295 2951 ﬂammam.
3328 2897 3434 2952 Cui
3493 2899 3795 2956 Abraham

2145 2979 2223 3036 ait
2251 2997 2264 3036 :
2295 2979 2504 3036 Habent
2530 2984 2759 3052 Moysen
2789 2988 2844 3037 et
2873 2983 3177 3053 propheta:
3235 2983 3474 3040 audiant
3514 2987 3671 3042 illos.
3718 2988 3801 3043 Ad

2144 3070 2264 3125 haec
2294 3069 2392 3125 ille
2425 3070 2766 3142 respondit:
2797 3071 2920 3126 Nisi
2960 3073 3343 3130 resurrexerit
3405 3073 3638 3148 aliquis
3686 3095 3799 3132 non

2142 3160 2400 3216 credent.
2424 3160 2528 3216 Cui
2568 3158 2715 3214 dixit
2743 3159 3042 3216 Abraham
3071 3177 3084 3215 :
3119 3162 3178 3217 Si
3210 3163 3390 3234 Moysi
3451 3171 3510 3220 et
3541 3167 3800 3238 prophe-

2141 3249 2215 3304 tis
2231 3265 2342 3304 non
2355 3249 2623 3316 credunt,
2645 3263 2750 3304 nec
2782 3249 2834 3304 si
2863 3248 3080 3320 aliquis
3114 3253 3796 3324 resurrexeritpoterunt

2139 3336 2190 3394 ei
2221 3335 2456 3392 credere
2487 3337 2583 3408 (b).
2621 3337 2732 3392 Hos
2764 3341 2961 3393 autem
2995 3355 3294 3396 sermones
3343 3357 3480 3397 suos
3507 3341 3795 3399 Dominus

2141 3431 2206 3482 ut
2245 3429 2520 3496 magister
2550 3429 2748 3482 noster
2802 3426 3090 3483 virtutum
3150 3427 3428 3485 ﬁrmabat
3481 3433 3793 3504 exemplis.

2141 3515 2286 3573 Nam
2321 3531 2454 3570 cum
2476 3515 2739 3572 dicerent
2765 3515 2818 3572 ei
2847 3532 2862 3574 :
2896 3517 3036 3583 Quis
3074 3516 3340 3574 iudehuc
3367 3519 3551 3586 venit,
3591 3530 3654 3576 ut
3676 3538 3794 3576 cre-

2139 3606 2352 3660 damus
2381 3605 2456 3674 ei,
2488 3603 2583 3660 ille
2613 3605 2731 3660 ait:
2763 3605 2986 3662 Deferto
3016 3607 3129 3662 huc
3161 3612 3442 3674 mortuos,
3477 3625 3638 3680 quos
3695 3611 3797 3665 ha-

2140 3693 2585 3765 betis.Cumque
2615 3699 3026 3764 apportasseut
3053 3711 3247 3751 coram
3278 3695 3380 3752 illo
3410 3699 3528 3753 tria
3548 3715 3797 3771 corpora

2140 3788 2504 3838 mortuorum
2555 3781 2710 3838 velut
2747 3783 3098 3839 dormientia
3127 3785 3376 3840 excitata
3403 3790 3553 3842 sunt
3601 3788 3678 3842 ab
3711 3805 3796 3852 eo,

2139 3872 2237 3942 qui
2261 3872 2480 3927 dabant
2509 3871 2684 3928 ﬁdem
2730 3871 3022 3928 universis
3054 3875 3431 3931 sermonibus
3461 3876 3620 3945 ejus.
3683 3877 3793 3932 Sed

2138 3961 2207 4015 ad
2231 3959 2368 4032 quid
2401 3977 2508 4032 ego
2533 3959 2604 4015 de
2636 3960 2880 4017 Domino
2941 3979 3069 4019 meo
3128 3963 3313 4020 refero
3370 3963 3514 4033 haec,
3561 3980 3708 4022 cum
3743 3968 3796 4020 in

2137 4050 2404 4120 presenti
2431 4048 2552 4104 sint
2579 4066 2725 4120 quos
2748 4049 2805 4104 in
2855 4051 2985 4120 ejus
3009 4052 3252 4108 nomine
3307 4053 3595 4108 suscitavi
3627 4055 3799 4112 vobis

2137 4137 2607 4208 praesentibuan
2634 4137 2805 4206 cujus
2837 4139 3073 4194 nomine
3101 4145 3157 4194 et
3176 4140 3532 4212 paralyticos
3554 4149 3800 4198 curatos

2136 4227 2365 4282 vidistis
2382 4233 2440 4282 et
2457 4229 2717 4298 leprosos
2737 4229 3093 4284 emundatos
3112 4235 3171 4284 et
3191 4245 3372 4286 caecos
3393 4229 3797 4299 illuminatos,

2135 4324 2190 4372 et
2219 4315 2568 4372 adaemoniis
2583 4315 2856 4372 homines
2885 4315 3210 4373 liberatos?
3232 4317 3467 4374 Sedhas
3497 4321 3796 4377 virtutum

387 4424 485 4464 ces
516 4413 573 4463 et
601 4409 974 4480 gemmarios,
1009 4415 1219 4464 etcum
1256 4409 1639 4479 probaveritis
1669 4425 1869 4464 verum
1904 4425 2032 4465 esse
2068 4479 2073 4480 ί
2133 4421 2274 4478 opes
2303 4405 2512 4460 habere
2537 4422 2648 4460 non
2683 4410 2948 4476 possunt,
2975 4406 3076 4478 qui
3097 4407 3330 4463 divitias
3350 4409 3660 4465 voluerint
3693 4411 3803 4466 ha-

387 4479 685 4553 aurumiet
705 4513 872 4553 veras
891 4513 1177 4568 gemmas,
1204 4497 1470 4552 nuntiate
1490 4497 1650 4552 mihi.
1676 4498 1890 4553 Euntes
1923 4515 2028 4553 au-
2059 4479 2102 4544 Ι)
2135 4494 2268 4549 bere
2299 4497 2582 4548 terrenas.
2608 4493 2871 4566 Denique
2900 4511 3004 4550 vos
3035 4495 3396 4566 ipsiquando
3421 4497 3492 4551 ad
3529 4497 3803 4554 inﬁrmos

386 4591 504 4642 tem
537 4587 709 4642 ambo
741 4594 873 4658 post
893 4593 1112 4657 septem
1141 4587 1264 4642 dies
1291 4585 1508 4641 reversi
1534 4590 1672 4641 sunt
1700 4586 1770 4640 ad
1803 4591 2030 4656 aposto-

385 4675 510 4731 lum
543 4677 840 4732 dicentes:
877 4674 1412 4741 Domine,omnium
1439 4674 1742 4731 auriﬂoum
1764 4673 2032 4731 ofﬁcinae

387 4765 847 4831 oircumivimus,
872 4765 968 4834 qui
999 4779 1202 4819 omnes
1235 4762 1508 4818 dixerunt
1539 4769 1656 4818 tam
1691 4780 1904 4834 purum
1931 4781 2032 4819 au-

387 4871 519 4910 rum
549 4861 605 4910 et
635 4859 756 4910 tam
787 4854 1076 4925 optimum
1102 4867 1402 4923 nunquam
1433 4867 1496 4906 se
1528 4852 1783 4918 vidisse;
1829 4851 1933 4908 sed
1973 4856 2032 4907 et

386 4943 692 5015 gemmarii
715 4943 916 4998 eadem
949 4942 1368 5009 dixerunt,tam
1402 4941 1656 5010 Optimos
1677 4945 1734 4996 et
1753 4945 1871 4996 tam
1897 4957 2030 5011 pre-

382 5033 564 5088 tiosos
594 5031 822 5102 lapides
853 5047 914 5088 se
947 5046 1249 5101 nunquam
1307 5029 1546 5084 vidisse.
1579 5033 1737 5084 Tunc
1791 5033 2030 5085 sanctus

383 5121 638 5178 Joannes
668 5121 813 5176 dixit
836 5121 920 5176 eis
948 5136 961 5175 :
997 5120 1077 5174 Ite
1109 5126 1166 5174 et
1187 5118 1456 5174 redimite
1472 5118 1639 5174 vobis
1671 5123 1860 5174 terras
1883 5134 2028 5189 quas

382 5209 750 5280 venilidistis,
811 5211 946 5280 quia
1011 5207 1290 5264 caelorum
1366 5207 1606 5278 praemia
1665 5207 2024 5280 perdidistis.

382 5303 571 5357 Emito
600 5301 764 5356 vobis
795 5299 1013 5354 sericas
1044 5300 1330 5378 ve_stes,ut
1363 5313 1462 5368 per
1492 5301 1724 5367 tempus
1757 5295 2028 5368 fulgentis

379 5392 534 5446 sicut
555 5406 687 5446 rosa
711 5406 726 5456 ;
759 5405 886 5459 quas
909 5389 1050 5443 dum
1081 5387 1188 5442 ﬂos
1209 5387 1338 5456 ejus
1368 5393 1422 5441 et
1447 5387 1684 5442 odorem
1721 5385 1941 5457 pariter
1959 5402 2028 5442 ac

379 5478 655 5534 ruborem
705 5477 985 5543 ostendit,
1013 5479 1250 5548 repente
1305 5475 1636 5532 marcescit.
1674 5473 2028 5546 Suspirastis

451 5589 526 5658 (ὁ)
554 5591 693 5643 Luc.
722 5605 839 5658 xvx,
869 5589 1055 5646 24ο31.

2139 4582 2692 4650 intrastis,invocato
2718 4584 2951 4638 nomine
2971 4583 3198 4638 Domini
3215 4585 3394 4640 nostri
3417 4585 3557 4641 Jesu
3573 4588 3804 4643 Christi

2140 4671 2344 4728 salvati
2374 4675 2529 4740 sunt,
2566 4672 2814 4742 fugastis
2835 4673 3144 4738 daemonia,
3177 4678 3235 4728 et
3264 4675 3441 4728 etiam
3487 4677 3805 4732 excaecatis

2136 4759 2361 4814 lumina
2395 4758 2905 4814 reddidistis.Ecce
2933 4759 3129 4814 ablata
3149 4767 3236 4815 est
3257 4759 3377 4815 hac
3405 4762 3604 4831 gratia
3638 4780 3679 4818 a
3709 4781 3801 4818 vo-

2138 4847 2230 4903 bis
2260 4851 2317 4902 et
2346 4846 2480 4902 facti
2502 4847 2644 4902 estis
2677 4847 2873 4902 miseri
2899 4847 3190 4918 quieratis
3207 4848 3383 4905 fortes
3405 4853 3458 4904 et
3493 4851 3807 4924 magum-2t

2138 4941 2488 4993 cumtantus
2515 4938 2688 4991 timor
2706 4937 3050 4992 vestriesset
3073 4939 3130 4992 in
3161 4936 3494 5008 daemoniis,
3533 4947 3602 4994 ut
3636 4941 3805 5012 jussu

2141 5029 2331 5081 vestro
2362 5025 2635 5080 obsessos
2669 5024 2938 5080 homines
2967 5025 3570 5098 relinquerent,modo
3591 5046 3708 5086 vos
3731 5031 3800 5084 ti-

2138 5117 2310 5172 metis
2341 5115 2664 5182 daemonia;
2696 5122 2922 5172 amator
2944 5117 3103 5172 enim
3133 5133 3397 5188 pecuniae
3458 5136 3675 5178 servus
3723 5125 3808 5177 est

2137 5221 2510 5261 mammonae.
2547 5209 2875 5260 Mammona
2907 5209 3100 5260 autem
3137 5205 3426 5262 daemonis
3452 5223 3684 5264 nonien
3703 5215 3808 5274 est.

2136 5296 2234 5366 qui
2270 5293 2450 5348 lucris
2475 5292 2813 5348 carnalibus
2845 5297 3053 5362 praeest
3077 5298 3135 5348 et
3163 5293 3507 5351 dominatur
3558 5296 3665 5354 his
3709 5297 3804 5370 qui

2138 5382 2390 5453 diligunt
2404 5380 2864 5438 mundum.Nam
2881 5397 3014 5436 cum
3031 5381 3108 5437 sit
3123 5399 3280 5438 unus
3291 5390 3498 5440 venter
3511 5387 3568 5441 et
3581 5387 3708 5442 sint
3723 5403 3804 5440 re-

2132 5470 2323 5542 posita
2347 5475 2512 5526 tanta
2525 5485 2654 5542 quae
2667 5469 2827 5526 mille
2842 5469 3143 5527 ventribus
3157 5471 3804 5545 sufﬁciant,etcumsit
