3922 6304
185 382 342 441 1249

1731 380 2014 441 SPURIA
2028 421 2046 439 .

3439 376 3597 435 1250

184 514 342 568 dices
372 512 488 567 ita:
511 513 831 585 Apostolus
857 512 1085 568 Domini
1115 511 1296 567 nostri
1325 511 1466 567 Jesu
1496 510 1711 565 Christi
1735 511 1840 565 mi-
1870 527 1926 589 Α
1959 509 2286 566 convivium
2320 513 2488 564 tuum
2532 509 2698 564 venio
2740 508 2961 580 gratias
2991 523 3194 579 agens,
3223 506 3361 577 quia
3386 523 3477 561 me
3506 506 3599 560 di-

184 603 266 659 sit
288 620 381 659 me
409 609 475 660 ut
506 604 565 659 in
596 606 720 674 ejus
743 605 980 659 nomine
1014 602 1362 672 exsurgatis,
1393 611 1453 656 ut
1484 605 1838 673 cognoscant

185 695 561 764 omnes,quia
592 699 649 749 et
665 693 781 748 vita
802 698 1030 749 etmors
1056 693 1417 748 famulantur
1439 690 1684 745 Domino
1709 706 1838 745 meo

184 783 328 838 Jesu
361 784 618 839 Christo.
638 784 800 847 Quod
824 800 959 838 cum
989 783 1218 838 fecisset
1250 781 1646 837 Aristodimus
1677 785 1732 836 et
1748 778 1835 833 vi-

186 872 372 928 disset
418 889 514 928 eos
543 888 875 945 exsurgere,
939 873 1190 927 adorans
1239 873 1539 935 Joannem,
1590 869 1837 925 festinus

185 963 444 1032 porrexit
474 964 544 1018 ad
580 961 988 1034 proconsulem
1005 966 1061 1017 et
1092 961 1268 1032 coepit
1301 961 1558 1015 clamosa
1592 974 1726 1013 voce
1751 957 1832 1011 di-

188 1065 356 1105 cere:
392 1052 535 1106 Audi
557 1067 669 1119 me,
696 1050 1033 1123 proconsul,
1071 1065 1392 1104 memorem
1428 1054 1485 1104 te
1519 1052 1656 1118 puto
1682 1045 1838 1117 quod

189 1144 400 1194 contra
443 1139 730 1195 Joannem
754 1141 900 1194 iram
932 1145 1096 1194 tuam
1132 1139 1466 1209 frequenter
1510 1136 1754 1191 excitavi
1786 1139 1842 1189 et

194 1228 380 1283 multa
410 1227 561 1282 mala
590 1232 793 1283 contra
827 1244 959 1282 eum
1009 1228 1126 1299 egi,
1162 1227 1315 1281 unde
1364 1242 1563 1280 vereor
1593 1241 1664 1279 ne
1696 1224 1842 1278 iram

191 1318 323 1387 ejus
355 1317 639 1387 experiar,
674 1321 765 1371 est
795 1317 949 1371 enim
979 1316 1131 1371 Deus
1163 1315 1221 1369 in
1250 1316 1443 1386 specie
1473 1313 1732 1368 hominis
1763 1312 1842 1366 la-

195 1408 350 1461 tens.
382 1404 528 1460 Nam
560 1420 846 1460 venenum
881 1405 1086 1459 bibens
1112 1421 1222 1458 non
1247 1402 1435 1459 solum
1460 1403 1584 1474 ipse
1615 1401 1840 1457 incolu-

192 1495 305 1549 mis
336 1500 687 1566 perseverat,
746 1496 844 1550 sed
887 1494 1061 1548 etiam
1098 1510 1194 1549 eos
1233 1494 1329 1564 qui
1384 1493 1586 1547 eodem
1620 1507 1839 1546 veneno

193 1582 417 1639 mortui
451 1585 802 1656 fuerantper
826 1600 1037 1638 manus
1067 1598 1227 1637 meas
1254 1582 1465 1637 tunicas
1487 1598 1604 1636 suae
1626 1585 1842 1635 attactu

193 1673 506 1728 suscitavit
531 1674 601 1728 ad
634 1674 837 1741 vitam,
876 1673 1038 1727 nulla
1071 1673 1241 1742 signa
1272 1687 1465 1726 secum
1501 1670 1707 1725 mortis
1742 1672 1842 1723 ha-

194 1763 581 1819 bentes.Dicit
606 1764 657 1819 ei
692 1762 1035 1835 proconsul:
1062 1763 1129 1817 Et
1146 1762 1290 1833 quid
1318 1761 1405 1815 vis
1426 1765 1488 1815 ut
1520 1760 1845 1815 faciamus?

192 1851 519 1923 Respondit
540 1852 936 1907 Aristodimus
959 1853 1205 1907 :Eamus
1230 1856 1285 1905 et
1308 1850 1718 1921 provolvamus
1741 1865 1836 1920 ge-

198 1942 376 1996 nibus
399 1946 526 2009 ejus
559 1943 786 1997 veniam
822 1941 1207 2013 postulantes,
1260 1946 1316 1995 et
1349 1940 1631 2010 quidquid
1669 1939 1836 1993 nobis

190 2030 442 2099 jusserit
472 2032 941 2085 faciamus.Tunc
973 2032 1270 2084 venientes
1302 2028 1476 2083 simul
1514 2033 1837 2098 prostrave-

192 2123 338 2173 runt
370 2135 431 2173 se
454 2119 742 2190 apostolo,
802 2119 1228 2190 indulgentiam
1272 2116 1666 2188 postulantes;
1694 2133 1839 2187 quos

194 2205 298 2261 ille
331 2208 659 2277 suscipiens
689 2223 823 2262 cum
875 2208 1196 2279 gratiarum
1253 2205 1479 2261 actione
1522 2206 1837 2260 orationem

193 2296 414 2351 obtulit
444 2298 582 2361 Deo,
615 2298 1004 2367 praecepitque
1061 2296 1143 2351 eis
1169 2302 1226 2349 ut
1260 2296 1435 2350 unius
1468 2295 1842 2350 hebdomadas

184 2385 484 2456 jejunium
520 2389 776 2457 agerent.
811 2386 933 2448 Quo
963 2384 1187 2456 expleto
1230 2385 1540 2453 baptizavit
1570 2400 1668 2437 eos
1691 2400 1708 2436 :
1742 2383 1842 2453 qui

200 2490 339 2529 eum
371 2473 653 2545 baptizati
698 2474 944 2529 fuissent
975 2490 1108 2529 cum
1151 2473 1425 2528 universa
1464 2472 1758 2543 parentcla
1790 2477 1845 2526 et

209 2562 620 2619 afﬁnitatesua
642 2572 695 2618 et
716 2563 954 2618 famulis
972 2563 1118 2627 suis,
1137 2563 1424 2632 fregerunt
1446 2562 1641 2617 omnia
1660 2564 1845 2615 simu-

207 2651 369 2707 lacra
400 2669 465 2707 ac
498 2652 929 2707 fabricaverunt
961 2650 1266 2707 basilicam
1299 2651 1357 2705 in
1389 2650 1627 2705 nomine
1660 2649 1845 2704 sancti

210 2741 483 2807 Joannis,
506 2741 567 2795 in
588 2757 697 2812 qua
724 2742 849 2812 ipse
873 2749 1111 2796 sanctus
1128 2740 1383 2795 Joannes
1398 2745 1740 2810 assumptus
1764 2744 1849 2793 est

202 2832 318 2888 hoc
348 2832 587 2887 ordine:

278 2924 419 2975 Cum
452 2924 606 2977 esset
636 2936 926 2976 annorum
985 2921 1307 2991 nonaginta
1339 2935 1537 2975 novem
1578 2918 1851 2990 apparuit

215 3010 266 3065 ei
298 3008 771 3065 DominusJesus
802 3010 1071 3065 Christus
1094 3025 1225 3063 cum
1268 3006 1575 3079 discipulis
1607 3007 1732 3062 suis
1763 3006 1849 3061 di-

208 3115 350 3155 cens
383 3099 433 3155 ei
460 3116 473 3153 :
505 3099 649 3154 Veni
682 3100 751 3154 ad
778 3115 870 3154 me
902 3098 1290 3170 quiatempus
1322 3103 1411 3152 est
1442 3096 1771 3168 utepuleris
1794 3095 1852 3150 in

209 3188 473 3245 convivio
507 3204 632 3243 meo
676 3204 809 3243 cum
859 3187 1135 3242 fratribus
1168 3187 1309 3242 tuis.
1370 3186 1628 3257 Surgens
1659 3188 1854 3241 autem

1948 603 2163 671 gnatus
2194 613 2282 664 es,
2312 596 2555 654 Domine
2584 596 2723 653 Jesu
2745 597 2999 662 Christe,
3022 597 3095 652 ad
3126 600 3260 651 tuas
3292 594 3494 667 epulas
3517 595 3601 649 in-

1946 692 2154 753 vitare,
2187 691 2378 745 sciens
2403 689 2558 761 quod
2592 705 2659 744 ex
2691 692 2808 743 tote
2827 689 2998 742 corde
3034 702 3158 742 meo
3182 685 3591 741 desiderabam

1945 787 2032 850 te;
2064 783 2182 838 vidi
2206 782 2411 837 faciem
2457 786 2617 835 tuam
2654 787 2708 835 et
2741 779 2904 850 quasi
2932 780 3002 834 de
3046 777 3313 850 sepulcro
3346 778 3593 833 suscita-

1947 876 2042 927 tus
2072 890 2222 927 sum.
2249 872 2403 927 Odor
2430 874 2569 926 tuus
2600 868 3104 940 concupiscentias
3127 868 3186 923 in
3216 883 3309 922 me
3339 867 3585 922 suscita-

1949 962 2030 1017 vit
2050 968 2318 1017 aeternas.
2369 965 2494 1015 Vox
2526 966 2627 1015 tua
2678 961 2853 1031 plena
2883 961 3171 1014 suavitate
3224 958 3508 1012 melliﬂua
3537 963 3597 1011 et

1947 1052 2223 1107 allocutio
2250 1056 2351 1107 tua
2396 1048 2875 1121 incomparabilis
2932 1048 3181 1120 eloquiis
3214 1047 3581 1118 angelorum.

1948 1142 2184 1204 Quoties
2219 1146 2273 1195 te
2296 1140 2489 1209 rogavi
2523 1145 2589 1195 ut
2614 1139 2870 1194 venirem
2902 1139 2973 1193 ad
2998 1142 3053 1193 te
3085 1142 3141 1192 et
3171 1136 3373 1192 dixisti
3406 1136 3548 1191 mihi
3575 1152 3588 1189 :

1946 1230 2229 1301 Exspecta
2259 1235 2323 1284 ut
2356 1229 2635 1301 populum
2669 1228 2881 1284 liberes
2929 1228 3286 1282 crediturum
3333 1225 3499 1291 mihi,
3535 1230 3593 1280 et

1946 1318 2255 1375 custodisti
2287 1335 2495 1389 corpus
2519 1334 2715 1373 meum
2746 1319 2817 1372 ab
2843 1317 3003 1372 omni
3028 1315 3346 1388 pollutione
3379 1320 3433 1370 et
3466 1314 3590 1370 ani-

1950 1425 2104 1464 mam
2141 1426 2326 1464 meam
2364 1426 2597 1479 semper
2622 1408 3057 1478 illuminasti,et
3090 1425 3201 1463 non
3227 1405 3593 1476 dereliquisti

1951 1515 2042 1553 me
2074 1515 2202 1554 cum
2231 1499 2375 1554 irem
2409 1500 2467 1552 in
2500 1498 2768 1553 exsilium
2805 1503 2860 1552 et
2892 1498 3229 1564 redirem,et
3253 1494 3499 1566 posuisti
3532 1495 3590 1549 in

1949 1604 2047 1643 ore
2079 1604 2205 1642 meo
2236 1589 2477 1642 verbum
2510 1588 2769 1643 veritatis
2793 1592 2927 1655 tuae,
2960 1602 3426 1641 commemorans
3451 1584 3595 1638 mihi

1949 1677 2285 1732 testimonia
2315 1678 2601 1731 virtutum
2654 1681 2909 1730 tuarum.
2956 1675 3024 1729 Et
3072 1674 3281 1745 scripsi
3313 1691 3383 1729 ea
3410 1689 3589 1745 opera

1950 1785 2075 1839 qua
2107 1768 2299 1822 audivi
2332 1785 2399 1823 ex
2431 1783 2528 1822 ore
2561 1772 2659 1821 tuo
2687 1766 2931 1821 auribus
2972 1766 3139 1821 meis.
3191 1766 3258 1819 Et
3288 1770 3450 1831 tunc,
3474 1764 3586 1817 Do-

1952 1858 2129 1927 mine,
2162 1858 2509 1912 commendo
2544 1857 2645 1910 tibi
2682 1856 2830 1910 filios
2863 1860 3173 1925 tuos,quos
3205 1852 3585 1907 tibiEcclesia

1950 1952 2047 2000 tua
2079 1948 2258 2016 virgo,
2295 1964 2426 2001 vera
2462 1955 2644 1999 mater
2678 1962 2777 2016 per
2808 1961 3021 2015 aquam
3055 1953 3106 1997 et
3139 1943 3415 2013 Spiritum
3451 1959 3589 1996 san—

1948 2040 2107 2090 ctum
2140 2034 2517 2105 regeneravit.
2580 2034 2820 2104 Suscipe
2860 2049 2973 2099 me,
3025 2037 3089 2085 ut
3141 2048 3273 2086 cum
3306 2031 3588 2085 fratribus

1950 2124 2096 2178 meis
2128 2126 2262 2189 sim,
2297 2140 2429 2179 cum
2452 2122 2666 2193 quibus
2706 2122 2943 2176 veniens
2995 2120 3252 2176 invitasti
3288 2136 3400 2187 me,
3428 2117 3589 2189 aperi

1949 2213 2092 2268 mihi
2115 2214 2364 2283 januam
2396 2213 2565 2279 vitae;
2596 2211 2884 2282 principes
2933 2211 3305 2265 tenebrarum
3348 2225 3463 2264 non
3492 2225 3593 2263 oc-

1949 2310 2184 2358 currant
2218 2302 2360 2355 mihi
2395 2305 2451 2355 et
2473 2318 2682 2355 manus
2713 2304 2981 2355 extranea
3014 2316 3125 2354 non
3155 2299 3454 2369 contingat
3475 2314 3587 2361 me,

1951 2406 2056 2444 nec
2087 2391 2279 2445 veniat
2297 2390 2442 2445 mihi
2466 2407 2563 2461 pes
2577 2389 2882 2461 superbiae,
2911 2390 3012 2444 sed
3032 2389 3263 2458 suscipe
3278 2402 3369 2442 me
3392 2402 3595 2441 secun-

1952 2477 2091 2532 dum
2124 2479 2366 2534 verbum
2384 2482 2577 2545 tuum,
2603 2478 2892 2549 etjperduc
2913 2493 3003 2531 me
3019 2477 3089 2531 ad
3118 2475 3444 2531 convivium
3461 2492 3597 2545 epu-

1950 2565 2140 2621 larum
2174 2571 2430 2632 tuarum,
2479 2566 2574 2621 ubi
2608 2565 2920 2636 epulantur
2952 2573 3142 2619 tecum
3186 2580 3388 2619 omnes
3421 2562 3595 2618 amici

1952 2656 2056 2709 tui.
2091 2656 2178 2709 Tu
2210 2671 2271 2709 es
2301 2654 2457 2708 enim
2489 2654 2754 2708 Christus
2788 2653 2965 2707 Filius
2999 2653 3099 2707 Dei
3130 2652 3263 2708 vivi.
3299 2653 3392 2722 qui
3429 2670 3579 2722 prae-

1952 2747 2119 2813 cepto
2144 2741 2329 2797 Patris
2359 2742 2445 2795 tui
2480 2743 2765 2795 mundum
2798 2740 3056 2809 salvasti,
3093 2741 3190 2806 qui
3221 2745 3278 2795 et
3300 2740 3585 2810 Spiritum

1954 2837 2220 2889 sanctum
2252 2832 2421 2887 nobis
2477 2832 2777 2887 destinare
2821 2832 3093 2899 dignatus
3142 2846 3227 2895 es,
3261 2834 3324 2884 ut
3372 2846 3477 2884 nos
3516 2832 3586 2884 de

1956 2923 2258 2994 praeceptis
2288 2921 2406 2975 tuis
2436 2920 2981 2987 eommonefaceres,
3023 2936 3124 2991 per
3162 2918 3434 2973 eumdem
3464 2917 3594 2987 Spi-

1958 3011 2133 3065 ritum
2164 3009 2269 3064 tibi
2295 3008 2514 3079 gratias
2546 2996 2853 3064 referimus
2874 3025 2973 3079 per
2998 3006 3227 3062 inﬁnita
3245 3004 3455 3062 saecula
3481 3022 3589 3060 sas-

1959 3099 2250 3155 culorum.
2286 3101 2493 3154 Amen.

2033 3193 2099 3243 Et
2128 3204 2262 3243 cum
2294 3196 2487 3243 omnis
2519 3186 2770 3260 populus
2828 3186 3228 3257 respondisset
3256 3191 3470 3251 Amen,
3505 3182 3602 3238 lux

204 3278 466 3333 Joannes
495 3277 672 3349 ccepit
700 3276 910 3346 ire,sed
930 3276 1217 3332 Dominus
1239 3274 1384 3331 dixit
1412 3274 1463 3329 ei
1492 3290 1504 3330 :
1538 3274 1857 3345 gDominica
1889 3266 1931 3332 C
1971 3282 2136 3334 tanta
2164 3278 2428 3348 apparuit
2476 3293 2654 3348 super
2683 3275 3011 3344 apostolum
3052 3292 3169 3330 una
3199 3274 3316 3329 fere
3348 3273 3513 3342 hora,
3544 3277 3611 3327 ut

207 3366 655 3422 resurrectionis
688 3381 828 3421 mete
873 3366 967 3421 die
987 3381 1110 3435 qua;
1147 3372 1275 3435 post
1307 3364 1564 3435 quinque
1619 3362 1742 3418 dies
1767 3364 1854 3417 fu-

208 3460 345 3510 tura
373 3459 462 3510 est
493 3455 576 3510 ita
623 3454 821 3510 venies
880 3455 950 3509 ad
988 3470 1096 3508 me.
1150 3453 1219 3507 Et
1270 3469 1401 3507 cum
1438 3452 1558 3506 haec
1591 3451 1854 3518 dixisset,

204 3542 352 3598 coelo
394 3547 666 3613 receptus
700 3546 808 3597 est.
865 3542 1145 3597 Veniente
1196 3541 1391 3611 itaque
1434 3540 1735 3594 Dominica
1766 3539 1858 3594 die

202 3631 1180 3688 convenituniversamultitudoin
1214 3630 1459 3685 ecclesia
1490 3646 1611 3699 quas
1636 3632 1694 3684 in
1729 3631 1857 3700 ejus

213 3722 453 3777 nomine
484 3721 671 3776 fuerat
693 3720 995 3782 fabricata,
1016 3724 1071 3775 et
1091 3737 1124 3774 a
1151 3720 1339 3789 primo
1365 3718 1648 3788 gallorum
1682 3722 1854 3773 cantu

204 3825 386 3879 agens
420 3809 696 3881 mysteria
726 3809 826 3863 Dei
850 3825 1082 3863 omnem
1113 3806 1394 3878 populum
1430 3822 1618 3878 usque
1654 3805 1726 3860 ad
1752 3806 1852 3860 ho-

208 3914 336 3954 ram
366 3898 479 3953 diei
498 3899 727 3953 tertiam
759 3897 1049 3953 allocutus
1072 3901 1181 3952 est.
1217 3898 1353 3951 Post
1402 3894 1724 3966 hEBOjUBSit
1760 3896 1846 3949 fo-

204 3988 563 4057 veamjuxta
593 3988 775 4042 altare
807 3986 931 4041 ﬁeri
970 3987 1342 4057 quadratam,
1387 3988 1444 4039 et
1476 3989 1691 4039 terram
1727 3984 1852 4053 ejus

200 4078 361 4132 foras
394 4075 704 4132 ecclesiam
736 4076 963 4147 projici.
1017 4076 1084 4129 Et
1113 4075 1475 4130 descendens
1506 4073 1564 4127 in
1597 4089 1723 4127 eam
1757 4088 1851 4127 ex-

200 4166 411 4239 pandit
434 4183 646 4223 manus
675 4182 814 4222 suas
847 4165 919 4221 ad
946 4167 1126 4221 Deum
1159 4170 1217 4221 et
1249 4165 1431 4220 dixit:
1467 4163 1748 4219 Invitatus
1780 4162 1854 4218 ad

1971 3368 2169 3423 nullus
2198 3366 2350 3422 hanc
2382 3366 2626 3421 sufferre
2654 3365 2871 3421 valeret
2894 3369 3188 3435 aspectus.
3241 3364 3446 3418 Postea
3478 3378 3608 3417 vero

1969 3457 2203 3511 inventa
2228 3459 2318 3511 est
2341 3454 2441 3510 illa
2460 3455 2618 3511 fovea
2638 3453 2988 3526 plena,nihil
3019 3452 3176 3507 aliud
3213 3452 3271 3506 in
3303 3466 3364 3505 se
3391 3449 3612 3505 habens

1967 3546 2079 3601 nisi
2106 3561 2347 3609 manna,
2372 3545 2525 3616 quod
2564 3560 2752 3615 usque
2774 3543 2943 3598 hodie
2979 3541 3347 3614 gignitlocus
3382 3541 3514 3605 iste,
3552 3544 3610 3593 et

1966 3635 2113 3689 ﬁunt
2142 3634 2220 3689 ibi
2253 3633 2494 3688 virtutes
2524 3633 2890 3688 orationibus
2934 3632 3084 3701 ejus,
3122 3635 3180 3686 et
3209 3632 3279 3685 ab
3325 3628 3602 3685 omnibus

1964 3722 2411 3776 inﬁrmitatibus
2432 3726 2489 3775 et
2514 3721 2790 3792 periculis
2812 3720 3138 3775 liberantur
3169 3734 3372 3774 omnes
3403 3723 3603 3787 etpre-

1964 3827 2098 3865 eum
2131 3826 2371 3865 suarum
2404 3810 2660 3865 obtinent
2688 3809 2981 3876 effectum,
3016 3811 3326 3879 praestante
3359 3805 3607 3860 Domino

1964 3904 2161 3955 nostro
2220 3900 2359 3954 Jesu
2393 3898 2621 3953 Christo
2670 3898 2771 3969 qui
2804 3915 2937 3953 eum
2987 3903 3270 3953 coasterno
3323 3900 3488 3949 Patre
3544 3896 3599 3949 in

1961 3990 2186 4044 unitate
2216 3988 2468 4059 Spiritus
2499 3990 2685 4043 sancti
2715 3990 2866 4043 Deus
2896 3987 3031 4042 vivit
3060 3990 3117 4041 et
3137 3988 3413 4055 regnatet
3447 4000 3603 4037 nunc

1961 4082 2020 4135 et
2059 4093 2288 4148 semper
2331 4092 2435 4148 per
2484 4075 2714 4131 inﬁnita
2753 4074 2969 4132 secula
3001 4073 3367 4130 saeculorum.
3407 4073 3608 4127 Amen.
