3922 6304
459 355 612 414 1955

457 497 718 510 .-—-—-——-

1496 351 1556 412 S.
1605 354 1867 414 PAPI/E
1911 353 2529 418 HIERAPOLITANI
2573 359 2818 421 EPISC.

3711 374 3864 432 1256

2061 499 3862 529 .__.__________________—_

1619 662 1799 850 S.
1912 664 2745 851 PAPUE

1319 948 2340 1044 HIERAPOLITANI
2408 949 2988 1044 EPISCOPI

1734 1156 2567 1250 FRAGMENTA-

936 1321 977 1375 E
1016 1319 1329 1383 QUINQUE
1370 1319 1599 1374 LIBRIS
1638 1323 1730 1375 DE
1770 1319 2248 1375 EXPOSITIONE
2290 1317 2777 1377 ORACULORUM
2819 1320 3350 1378 DOMINICORUM.

866 1580 908 1634 E
943 1580 1251 1635 Paoosmo.
1276 1608 1344 1617 —
1371 1577 1526 1648 Apud
1556 1577 1847 1633 Eusebium
1880 1578 1973 1632 tib.
2008 1594 2070 1632 ιιι
2092 1577 2239 1632 Ilist.
2266 1578 2430 1646 eccl.,
2462 1595 2584 1650 cap.
2617 1580 2709 1648 39,
2730 1579 3039 1651 interprete
3069 1581 3134 1635 H.
3165 1579 3416 1637 Valesio.

508 1710 623 1762 Nec
655 1705 872 1778 pigebit
901 1721 968 1760 ea
997 1721 1123 1776 quae
1165 1704 1456 1776 quondam
1519 1720 1550 1757 a
1608 1703 1939 1758 senioribus
1996 1703 2048 1757 di

2265 1704 2381 1760 Οὐκ
2413 1704 2629 1773 ὀκνήσω
2662 1701 2718 1758 δέ
2765 1725 2849 1758 σοι
2907 1705 2998 1759 καὶ
3057 1705 3156 1759 ὅσα
3211 1707 3343 1760 ποτὲ
3401 1707 3557 1781 παρὰ
3586 1713 3705 1761 τῶν
3739 1730 3857 1781 πρε-

440 1796 553 1850 dici
586 1812 652 1851 ac
684 1796 973 1850 memoriae
1008 1793 1302 1861 mandavi,
1334 1808 1467 1847 cum
1502 1791 2079 1863 interpretationibus

438 1883 650 1939 nostris
674 1884 982 1949 ascribere,
1018 1887 1080 1936 ut
1111 1882 1317 1936 veritas
1357 1897 1558 1936 eorum
1600 1886 1799 1936 nostra
1847 1898 2077 1952 quoque

434 1972 756 2028 assertione
788 1972 1072 2026 firmetur.
1106 1971 1228 2026 Non
1264 1971 1442 2038 enim,
1479 1975 1541 2025 ut
1574 1970 1833 2041 plerique
1865 1970 2073 2037 solent,

433 2078 531 2117 eos
565 2077 823 2132 unquam
865 2064 1121 2115 sectatus
1154 2076 1286 2114 sum
1343 2059 1445 2130 qui
1495 2059 1688 2114 verbis
1747 2059 2072 2125 afﬂuerent,

431 2153 530 2206 sed
564 2166 662 2205 eos
696 2151 889 2221 potius
922 2149 1021 2221 qui
1050 2166 1251 2204 verum
1285 2149 1560 2204 docerent
1593 2165 1604 2202 :
1659 2165 1764 2204 nec
1822 2164 1922 2204 eos
1973 2148 2074 2219 qui

431 2256 582 2294 nova
611 2239 877 2310 quaedam
915 2245 972 2293 et
994 2239 1276 2293 inusitata
1311 2242 1616 2308 praecepta,
1672 2237 1774 2292 sed
1809 2238 1939 2292 illos
1971 2237 2069 2308 qui

429 2328 662 2383 Domini
696 2329 971 2382 mandata
1004 2327 1060 2381 in
1095 2327 1302 2396 ﬁguris
1326 2327 1561 2394 tradita,
1594 2331 1652 2381 et
1699 2327 1772 2380 ab
1820 2327 1948 2398 ipsa
1976 2344 2070 2382 ve-

430 2417 600 2472 ritate
629 2417 885 2488 prol‘ecta
908 2416 1330 2471 memorabant.
1349 2415 1508 2478 Quod
1531 2415 1578 2469 si
1611 2415 1744 2486 quis
1769 2415 2068 2470 interdum

430 2507 572 2561 mihi
613 2505 954 2560 occurrebat
987 2504 1083 2574 qui
1111 2521 1242 2559 cum
1276 2503 1606 2559 senioribus
1628 2509 1888 2559 versatus
1914 2505 2066 2560 fuis-

429 2599 537 2664 set,
558 2613 626 2651 ex
655 2611 719 2650 eo
751 2595 979 2650 curiose
1001 2594 1342 2650 sciscitabar
1373 2609 1640 2663 quasnam
1663 2598 1860 2648 essent
1878 2610 2070 2648 senio—

429 2703 560 2741 rum
593 2687 746 2742 dicta
779 2686 958 2756 :quid
992 2686 1269 2753 Andreas,
1302 2684 1441 2754 quid
1475 2689 1698 2750 Petrus,
1755 2683 1896 2754 quid
1940 2683 2071 2738 Phi-

427 2777 648 2848 lippus,
681 2775 821 2846 quid
847 2774 1123 2842 Thomas,
1158 2773 1296 2845 quid
1319 2773 1596 2837 Jacobus,
1630 2774 1767 2844 quid
1791 2772 2066 2842 Joannes,

427 2866 568 2937 quid
589 2865 919 2931 Mattheus,
941 2863 1083 2936 quid
1103 2863 1290 2918 caeteri
1321 2861 1554 2917 Domini
1581 2861 1855 2933 discipuli
1879 2861 2070 2916 dicere

425 2954 584 3009 soliti
617 2962 808 3010 essent
833 2971 845 3008 :
879 2954 1161 3024 quidnam
1195 2951 1451 3007 Aristion
1478 2955 1534 3005 et
1555 2952 1813 3006 Joannes
1831 2951 2067 3022 presby-

423 3048 531 3111 ter,
565 3042 837 3114 discipuli
872 3041 1097 3098 Domini
1123 3041 1518 3112 praedicarent.
1561 3040 1757 3109 Neque
1800 3039 1956 3094 enim
2002 3054 2069 3094 ex

423 3132 711 3187 librorum
773 3131 1017 3187 lectione
1067 3134 1291 3185 tantam
1347 3145 1438 3184 me
1499 3128 1808 3182 utilitatem
1866 3143 2071 3198 capere

429 3237 600 3294 posse
629 3220 1064 3284 existimabam,
1089 3221 1369 3290 quantam
1403 3233 1472 3272 ex
1520 3215 1829 3272 hominum
1881 3217 2071 3272 adhuc

427 3309 816 3381 superstitum
845 3307 973 3363 viva
995 3322 1154 3362 voce.

2185 1786 2454 1867 σϐυτὲρων
2499 1792 2683 1854 καλῶς
2740 1790 2964 1866 ἔμαθον,
3029 1794 3119 1847 καὶ
3172 1793 3356 1855 καλῶς
3433 1793 3852 1868 ἒμνημόνευῖι.

2185 1881 2577 1957 συγκατατάξαι
2636 1884 2710 1953 (1)
2768 1887 2886 1944 ταῖς
2945 1881 3278 1956 ἑρμηνείαις,
3356 1879 3856 1955 διαϐεϐαιούμενος

2187 1971 2316 2044 ὑπὲρ
2348 1969 2520 2025 αὐτῶν
2550 1969 2834 2040 ἀλήθειαν.
2887 1969 2964 2027 Oi:
3022 1972 3125 2046 γὰρ
3174 1978 3290 2027 τοῖς
3320 1973 3386 2026 τὰ
3419 1971 3619 2027 πολλᾶ
3653 1972 3851 2048 λέγου-

2183 2081 2264 2113 σιν
2298 2054 2540 2134 ἔχαιρον,
2575 2058 2756 2132 ὥσπερ
2810 2061 2861 2113 οἱ
2913 2058 3140 2124 πολλοὶ,
3173 2059 3319 2115 ἀλλὰ
3347 2067 3467 2120 τοῖς
3501 2060 3734 2130 τάληθῆ
3772 2059 3847 2114 δι-

2185 2146 2493 2203 δάσκουσιν·
2529 2147 2653 2203 οὐδὲ
2709 2154 2824 2210 τοῖς
2873 2149 2968 2210 τὰς
3019 2146 3316 2223 ἂλλοτρίας
3346 2148 3578 2211 ἐντολὰς
3622 2172 3848 2224 μνημο-

2181 2238 2416 2304 νεύουσι,
2448 2237 2594 2293 ἀλλὰ
2643 2243 2760 2298 τοῖς
2811 2239 2908 2298 τὰς
2968 2239 3110 2312 παρὰ
3166 2239 3262 2292 τοῦ
3305 2239 3507 2311 Κυρίου
3545 2241 3629 2312 (2)
3661 2241 3735 2310 τῇ
3769 2241 3845 2292 πῖς

2182 2335 2291 2382 στέι
2352 2325 2664 2400 δεδομένας,
2723 2327 2812 2380 καὶ
2871 2328 2958 2382 ἀπ’
3025 2327 3193 2396 αὐτῆς
3251 2329 3710 2403 παραγενομένας
3754 2337 3846 2396 τῆς

2178 2415 2457 2485 ἀληθείας.
2513 2415 2574 2471 Εἰ
2635 2413 2691 2469 δὲ
2745 2436 2851 2469 που
2908 2415 2998 2469 καὶ
3059 2413 3584 2489 παρηκολουθηκώς
3617 2437 3704 2477 τις
3738 2423 3846 2476 τοῖς

2178 2501 2561 2579 πρεσϐυτέροις
2614 2502 2784 2575 ἔλθοι,
2817 2505 2944 2566 τοὺς
2990 2508 3096 2558 τῶν
3140 2498 3522 2577 πρεσϐυτέρων
3557 2505 3839 2579 ἀνεκρινοιά

2177 2593 2397 2671 λόγους·
2430 2594 2482 2647 τί
2510 2590 2790 2667 ⁷Ανὸρέας,
2839 2592 2875 2661 ἢ
2927 2591 2978 2646 τί
3023 2594 3222 2664 Πέτρος
3264 2594 3426 2660 εἶπεν,
3529 2596 3586 2647 τί
3623 2592 3839 2649 Φίλιπ-

2176 2705 2298 2753 πος,
2397 2684 2448 2737 τί
2493 2687 2713 2754 Θωμᾶς,
2747 2681 2781 2750 ἢ
2817 2676 3097 2750 Ἰάκωϐος,
3132 2682 3166 2750 ἢ
3197 2682 3248 2735 τί
3297 2682 3581 2749 Ἰωάννης,
3688 2690 3838 2737 Ματ-

2175 2777 2352 2838 Θαῖος,
2384 2773 2419 2842 ἢ
2449 2793 2534 2835 τις
2559 2771 2743 2842 ἓτερος
2791 2775 2896 2825 τῶν
2953 2769 3148 2842 Κυρίου
3205 2775 3490 2843 μαθητῶν·
3525 2773 3562 2824 ἅ
3593 2792 3655 2826 τε
3684 2772 3833 2845 Ἀρι-

2174 2865 2336 2917 στίων
2397 2861 2486 2916 καὶ
2547 2862 2574 2915 ὁ
2636 2853 2997 2934 πρεσϐύτερος
3059 2859 3334 2931 Ἰωάννης,
3369 2860 3419 2912 o't
3461 2864 3562 2914 τοῦ
3630 2860 3826 2936 Κυρίου

2181 2950 2442 3024 μαθηταὶ,
2523 2947 2789 3024 λέγουσιν.
2872 2947 2944 3003 Οὐ
2995 2949 3096 3023 γὰρ
3181 2948 3248 3002 τὰ
3303 2947 3362 3002 ἐκ
3417 2952 3529 3002 τῶν
3600 2944 3835 3023 βιϐλίων

2176 3041 2434 3096 τοσοῦτόν
2499 3060 2564 3111 με
2617 3037 2848 3116 ὠφελεῖν
2904 3031 3314 3108 ὑπελάμϐανον,
3373 3037 3499 3091 ’ὅσον
3570 3038 3643 3092 τὰ
3691 3040 3834 3112 παρὲ

2183 3131 2364 3200 ζώσης
2394 3135 2578 3207 φωνῆς
2615 3128 2705 3182 καὶ
2741 3126 3022 3200 μενούσης.

1902 3405 2090 3474 Ruﬁni
2127 3402 2328 3460 versio.

492 3503 616 3558 Non
652 3500 869 3572 pigebit
898 3506 1092 3555 autem
1138 3516 1242 3554 nos
1273 3499 1378 3554 tibi
1413 3499 1628 3566 omnia,
1663 3517 1788 3570 qua
1821 3503 2119 3571 quondam
2154 3518 2186 3556 a
2218 3496 3604 3572 presbyterisdidicimus,_etbene__retinemus,
3639 3515 3829 3572 recor-

421 3575 628 3628 dantes
652 3568 942 3642 eiponere
973 3589 1105 3626 cum
1133 3568 1711 3641 interpretationibus
1743 3568 1886 3636 suis,
1913 3581 1965 3628 et
1995 3578 2055 3628 ut
2087 3568 2289 3627 eorum
2329 3568 2540 3642 veritas
2573 3568 2800 3642 habeat,
2834 3568 3139 3640 explicare.
3194 3569 3384 3642 Neque
3414 3569 3591 3642 enim
3649 3570 3832 3626 multa

418 3641 767 3709 dicentibus,
802 3645 901 3698 sed
937 3659 1071 3697 vera
1100 3642 1470 3698 tradentibus
1503 3642 1965 3698 auscultavnmus
1988 3659 2006 3699 .'
2031 3660 2216 3715 neque
2248 3643 2342 3698 his
2373 3641 2466 3715 qui
2488 3641 3123 3715 hominumpraacepta,
3145 3641 3245 3696 sed
3273 3641 3380 3715 ‘qui
3411 3641 3645 3715 Domini
3673 3658 3802 3696 man

417 3716 553 3771 data
583 3716 983 3770 memorabant
1005 3715 1074 3769 ab
1100 3715 1229 3785 ipsa
1259 3716 1498 3769 veritate
1529 3721 1822 3785 suscepta.
1851 3717 2010 3780 Quod
2042 3717 2089 3770 si
2123 3712 2357 3786 quando
2376 3713 2706 3786 advenisset
2737 3712 2951 3786 aliquis
2982 3712 3283 3786 ex_his_qui
3306 3713 3491 3786 secuti
3511 3718 3676 3786 sunt
3697 3717 3827 3782 apo'

412 3787 616 3854 stolos,
654 3787 870 3852 abipso
905 3783 1488 3858 seduloexpiscabar,
1510 3787 1649 3856 quid
1682 3783 1968 3855 Andreas,
1993 3783 2354 3858 quid'Petrus
2386 3785 2595 3858 dixerit
2622 3807 2640 3858 _;
2677 3784 2815 3858 quid
2840 3791 3029 3858 autem
3057 3783 3360 3858 Philippus
3385 3783 3476 3838 vel
3509 3784 3780 3858 Thomas
3811 3788 3827 3858 ζ

411 3859 554 3930 quid
584 3851 716 3914 vero
745 3851 1024 3925 Jacobus,
1062 3851 1214 3928 quid
1235 3851 1508 3923 Joannes,
1528 3851 2124 3930 faut_Matthasu's,'vel
2157 3857 2310 3930 alius
2342 3856 2473 3930 quis
2505 3872 2570 3911 ex
2605 3851 3175 3930 discipulis_i)omini
3207 3851 3484 3930 {quasve
3546 3851 3828 3930 Aristioni

408 3925 496 3986 vel
526 3933 778 3986 Joannes
826 3925 1142 4002 presbyter,
1178 3931 1489 4000 creterique
1519 3928 1794 4000 discipuli
1839 3925 2258 3985 dicebant.Nec
2285 3929 2441 3984 enim
2465 3931 2694 3982 tantum
2731 3925 2873 3980 mihi
2904 3925 3184 3982 librorum
3218 3925 3496 3982 lectiones
3525 3928 3830 3996 prodesev

407 4021 739 4092 credebam,
774 4023 1062 4091 quantum
1090 4018 1226 4074 vivae
1257 4019 1416 4074 vocis
1449 4018 1867 4089 praesentisque
1888 4018 2312 4090 magisterium.

2089 4116 2157 4171 II.

1830 4216 2038 4272 Ibidem
2068 4217 2233 4288 paulo
2257 4223 2392 4286 post.

475 4321 641 4373 Nunc
656 4333 789 4374 vero
802 4317 1298 4388 quemadmodum
1317 4317 1526 4388 Papias
1543 4317 1642 4387 qui
1663 4316 1868 4373 iisdem
1897 4325 2042 4371 tem-
2077 4330 2119 4396 ρ

405 4405 647 4476 poribus
674 4405 834 4472 vixit,
870 4404 1192 4462 mirabilem
1225 4405 1543 4475 quamdam
1591 4407 1982 4460 narrationem
2015 4421 2050 4458 a

406 4493 662 4566 Philippi
694 4495 928 4552 ﬁliabus
978 4494 1266 4566 accepisse
1327 4511 1388 4549 se
1445 4494 1618 4549 refert
1667 4509 2047 4565 exponamus.

405 4584 616 4640 Scribit
647 4585 803 4640 enim
838 4589 1130 4640 mortuum
1163 4585 1272 4638 sua
1313 4587 1478 4638 aetate
1509 4584 1579 4638 ad
1603 4583 1778 4639 vitam
1812 4601 1940 4639 esse
1968 4601 2050 4639 re-

402 4678 696 4730 vocatum.
723 4674 982 4730 Alterum
1008 4689 1240 4745 quoque
1270 4673 1482 4742 ingens
1508 4673 1854 4729 miraculum
1874 4677 2048 4732 refert

401 4765 469 4818 de
491 4765 674 4826 Justo,
695 4763 794 4835 qui
814 4763 1100 4818 Barsabas
1138 4762 1588 4832 cognominatus
1611 4767 1740 4829 est;
1763 4764 1861 4834 qui
1914 4781 2046 4820 cum

395 4851 606 4910 lethale
634 4852 913 4925 poculum
944 4850 1248 4915 ebibisset,
1285 4856 1480 4904 tamen
1513 4851 1611 4904 Dei
1646 4852 1890 4921 adjutus
1922 4869 2054 4924 gra-

399 4941 498 5008 tia,
532 4940 757 4996 nullum
784 4941 921 4994 inde
949 4937 1173 5008 accepit
1204 4937 1665 4991 incommodum.

2227 4315 2318 4376 Ὠς
2352 4310 2409 4367 δὲ
2437 4310 2574 4366 κατὰ
2611 4311 2737 4373 τοὺς
2785 4308 2983 4372 αὐτοὺς
3045 4311 3072 4364 ὁ
3125 4309 3338 4372 Παπίας
3367 4309 3681 4384 γενόμενος
3714 4309 3827 4380 διῆ-

2161 4423 2323 4477 γησιν
2355 4399 2747 4476 παρειληφέναι
2807 4399 3107 4471 Θαυμασίαν
3171 4400 3274 4454 ὑπὸ
3328 4402 3438 4453 τῶν
3487 4403 3586 4453 τοῦ
3621 4399 3829 4455 Φιλίπ-

2160 4512 2265 4546 που
2299 4491 2606 4565 θυγατέρων
2647 4486 3004 4560 μνημονεύει,
3062 4487 3130 4541 τὰ
3181 4491 3272 4541 νῦν
3326 4487 3699 4559 σημειωτέον.
3738 4497 3826 4544 3-:-

2159 4584 2294 4652 κροῦ
2352 4580 2452 4654 γὰρ
2510 4576 2790 4631 ἀνάστασιν
2859 4577 2976 4631 κατ’
3035 4576 3196 4631 αὐτὸν
3250 4580 3534 4651 γεγονυῖαν
3592 4578 3823 4653 ἱστορεῖ.

2163 4669 2267 4725 Καὶ
2325 4664 2390 4722 αὖ
2448 4667 2613 4721 πάλιν
2666 4661 2852 4739 ἕτερον
2913 4662 3215 4738 παράδοξον
3277 4665 3401 4739 περὶ
3451 4663 3705 4720 Ἰοῦστον
3746 4669 3827 4720 τὸν

2159 4754 2520 4826 ἐπικληθέντα
2564 4759 2635 4827 (3)
2683 4749 2966 4829 Βαρσαϐἆν
3023 4755 3271 4830 γεγονόςο
3336 4753 3413 4814 ὡς
3472 4750 3822 4828 δηλητήριον

2161 4846 2448 4924 φάρμακον
2484 4842 2797 4915 ἐμπιόντος,
2857 4842 2948 4896 καὶ
3010 4838 3180 4915 μηδὲν
3245 4838 3398 4902 avsa;
3455 4838 3550 4896 διὰ
3597 4845 3707 4913 τήν
3735 4848 3823 4898 τοῦ

2162 4936 2367 5016 Κυρίου
2393 4933 2555 5010 χάριν
2591 4931 3006 5006 ὑπομείναντος.

1903 5039 2091 5109 Ruﬁni
2119 5039 2315 5093 νει-δίο.

469 5128 709 5184 Memini
743 5144 885 5184 sane
916 5127 1073 5184 idem
1102 5127 1228 5199 ipso
1260 5125 1514 5199 (Papiasl
1541 5125 1612 5180 de
1645 5125 1996 5199 quibusdam
2023 5126 2356 5182 mirabilius
2387 5125 2457 5199 in
2488 5139 2685 5199 _oper_e_
2727 5140 2857 5192 suo,
2916 5140 3052 5199 quae
3094 5121 3502 5199 praetereunda
3564 5123 3809 5179 minime

400 5216 628 5257 censeo.
663 5201 768 5256 Per
790 5199 1041 5270 Philippi
1071 5195 1227 5255 enim
1260 5195 1622 5270 evangelista“:
1656 5195 1810 5270 filias
1827 5199 2225 5269 prephetissas
2255 5195 2502 5270 hascsibi
2534 5195 2752 5270 tradita
2777 5212 2914 5270 esse
2931 5195 3201 5270 designat
3225 5211 3246 5270 _:
3283 5198 3588 5270 mortuum
3618 5212 3808 5250 resur-

400 5271 616 5354 rexisse
645 5273 767 5328 suis
799 5265 1164 5354 temporibus
1189 5269 1347 5354 dicit.
1371 5265 1492 5354 “Sed
1517 5337 1531 5354 ἱ
1552 5272 1611 5323 et
1662 5268 1733 5354 de
1774 5265 1974 5354 .Justo'_
1997 5269 2563 5354 cpgn‘omina‘tushest
2593 5267 2901 5354 Barsabas,
2944 5265 3125 5322 refert
3162 5265 3518 5321 miraculum
3573 5266 3806 5339 ingens,

398 5343 538 5414 quia
566 5359 853 5399 venenum
886 5337 1100 5398 biberit
1133 5359 1146 5409 ;
1184 5351 1234 5396 et
1262 5340 1495 5395 nihilex
1517 5337 1626 5394 hoc
1657 5340 1824 5395 triste
1858 5337 2161 5412 pertulerit
2195 5345 2427 5411 propter
2445 5337 2678 5394 Domini
2711 5338 2910 5394 ﬁdem.

475 5460 551 5530 (l)
587 5457 1030 5532 Zuvxararaiﬁat.
1052 5456 1367 5532 Italegitur
1493 5453 1690 5532 codice
1741 5454 1956 5532 Regio;
1991 5462 2048 5514 et

406 5526 559 5612 recte
577 5526 834 5612 quidem,
856 5526 1188 5612 ntepinior.
1210 5526 1380 5612 .Certe
1404 5526 1650 5612 Rufi-nus
1672 5526 1828 5612 hunc
1852 5528 2043 5612 locum

403 5603 482 5656 ita
515 5598 672 5671 legit,
707 5607 772 5657 ut
792 5598 860 5657 ex
890 5598 1154 5657 versione
1171 5601 1569 5670 ejusapparet.
1605 5598 2042 5671 Reliquitamen

401 5668 631 5742 codicés
661 5676 804 5727 Maz.
840 5672 991 5729 Med.
1031 5677 1088 5727 et
1123 5668 1480 5726 Fuketianus
1533 5684 1667 5723 cum
1723 5668 2044 5742 Nicephoro

402 5739 689 5807 scriptum
722 5743 898 5798 habet
919 5742 1185 5811 συντάξαι.
1231 5745 1438 5796 Vanus.

2230 5456 2307 5527 (2)
2349 5455 2432 5525 Τῇ
2491 5448 2991 5527 πίστει-δεδομένας.
3033 5458 3105 5527 ,Ιπ
3135 5453 3355 5527 ﬁguris
3411 5453 3646 5527 trqdita

2158 5523 2245 5583 dit
2289 5523 2576 5581 Valesius.
2619 5524 2730 5591 AL,
2775 5523 2913 5596 ﬁdei
2960 5525 3048 5581 vel
3071 5523 3334 5594 ﬁdelibus
3381 5523 3627 5581 tradita.
3687 5524 3801 5582 Hac

2158 5597 2416 5654 transilit
2447 5597 2717 5652 Rufinus.

2229 5670 2305 5741 (3)
2328 5660 2626 5741 Βαρσαϐἆν.
2664 5668 2723 5721 In
2766 5668 2955 5741 tri_l;_us
2989 5669 3204 5741 nostris
3225 5667 3398 5723 codd.
3432 5671 3583 5722 Μαι.
3662 5667 3796 5727 Med.

2155 5748 2213 5797 et
2236 5733 2368 5796 ‘F'uk
2395 5733 2607 5810 legitur
2637 5733 2974 5810 Βαρσαϐϐᾶν.
3005 5738 3209 5795 Vanus.
