  <div class='ocr_page' id='page_1' title='image "/cluster/home/n/w/nwhite01/storage/ocr_20150623/5/pst.000005711819/641.png"; bbox 0 0 3922 6304; ppageno 0'>
   <div class='ocr_carea' id='block_1_1' title="bbox 386 305 544 369">
    <p class='ocr_par' dir='ltr' id='par_1_1' title="bbox 386 305 544 369">
     <span class='ocr_line' id='line_1_1' title="bbox 386 305 544 369; baseline 0.006 -2"><span class='ocrx_word' id='word_1_1' title='bbox 386 305 544 369; x_wconf 76' lang='grc'><strong>1263</strong></span> 
     </span>
    </p>
   </div>
   <div class='ocr_carea' id='block_1_2' title="bbox 1344 291 2810 365">
    <p class='ocr_par' dir='ltr' id='par_1_2' title="bbox 1344 291 2810 365">
     <span class='ocr_line' id='line_1_2' title="bbox 1344 291 2810 365; baseline -0.004 -5"><span class='ocrx_word' id='word_1_2' title='bbox 1344 296 1414 360; x_wconf 85' lang='grc'><strong>8.</strong></span> <span class='ocrx_word' id='word_1_3' title='bbox 1455 293 1866 365; x_wconf 82' lang='lat' dir='ltr'><strong>QUADRATI</strong></span> <span class='ocrx_word' id='word_1_4' title='bbox 1907 291 2422 357; x_wconf 80' lang='lat' dir='ltr'><strong>ATHENARUM</strong></span> <span class='ocrx_word' id='word_1_5' title='bbox 2461 291 2810 355; x_wconf 82' lang='lat' dir='ltr'><strong>EPISGOPI</strong></span> 
     </span>
    </p>
   </div>
   <div class='ocr_carea' id='block_1_3' title="bbox 457 427 3788 506">
    <p class='ocr_par' dir='ltr' id='par_1_3' title="bbox 457 427 3788 506">
     <span class='ocr_line' id='line_1_3' title="bbox 457 427 3788 506; baseline -0.001 -11"><span class='ocrx_word' id='word_1_6' title='bbox 457 442 500 495; x_wconf 92' lang='grc' dir='ltr'>Ι.</span> <span class='ocrx_word' id='word_1_7' title='bbox 528 440 582 495; x_wconf 92' lang='lat' dir='ltr'><strong>S.</strong></span> <span class='ocrx_word' id='word_1_8' title='bbox 607 433 1206 506; x_wconf 86' lang='lat' dir='ltr'><strong>Quadratum,Publio</strong></span> <span class='ocrx_word' id='word_1_9' title='bbox 1234 431 1587 503; x_wconf 77' lang='lat' dir='ltr'><strong>martyrium</strong></span> <span class='ocrx_word' id='word_1_10' title='bbox 1599 445 1795 502; x_wconf 84' lang='lat' dir='ltr'><strong>passo,</strong></span> <span class='ocrx_word' id='word_1_11' title='bbox 1817 429 1879 484; x_wconf 93' lang='lat' dir='ltr'><strong>in</strong></span> <span class='ocrx_word' id='word_1_12' title='bbox 1925 431 2036 485; x_wconf 84' lang='lat' dir='ltr'><strong>Ec-</strong></span> <span class='ocrx_word' id='word_1_13' title='bbox 2063 433 2120 500; x_wconf 72' lang='grc' dir='ltr'><strong>Α</strong></span> <span class='ocrx_word' id='word_1_14' title='bbox 2146 429 2281 498; x_wconf 85' lang='lat' dir='ltr'><strong>fuit,</strong></span> <span class='ocrx_word' id='word_1_15' title='bbox 2302 434 2370 484; x_wconf 83' lang='lat' dir='ltr'><strong>ut</strong></span> <span class='ocrx_word' id='word_1_16' title='bbox 2387 429 2868 501; x_wconf 80' lang='lat' dir='ltr'><strong>persecutionem</strong></span> <span class='ocrx_word' id='word_1_17' title='bbox 2891 427 3301 502; x_wconf 80' lang='lat' dir='ltr'><strong>gravissimam</strong></span> <span class='ocrx_word' id='word_1_18' title='bbox 3318 429 3478 491; x_wconf 84' lang='lat' dir='ltr'><strong>illius</strong></span> <span class='ocrx_word' id='word_1_19' title='bbox 3501 432 3788 491; x_wconf 80' lang='lat' dir='ltr'><strong>excellens</strong></span> 
     </span>
    </p>
   </div>
   <div class='ocr_carea' id='block_1_4' title="bbox 395 520 2046 596">
    <p class='ocr_par' dir='ltr' id='par_1_4' title="bbox 395 520 2046 596">
     <span class='ocr_line' id='line_1_4' title="bbox 395 520 2046 596; baseline -0.007 -11"><span class='ocrx_word' id='word_1_20' title='bbox 395 528 592 585; x_wconf 68' lang='lat' dir='ltr'><strong>clesiaa</strong></span> <span class='ocrx_word' id='word_1_21' title='bbox 623 525 1006 584; x_wconf 79' lang='lat' dir='ltr'><strong>Atheniensis</strong></span> <span class='ocrx_word' id='word_1_22' title='bbox 1035 523 1323 596; x_wconf 85' lang='lat' dir='ltr'><strong>regimine</strong></span> <span class='ocrx_word' id='word_1_23' title='bbox 1352 520 1728 587; x_wconf 85' lang='lat' dir='ltr'><strong>successisse,</strong></span> <span class='ocrx_word' id='word_1_24' title='bbox 1761 520 1930 576; x_wconf 89' lang='lat' dir='ltr'><strong>testis</strong></span> <span class='ocrx_word' id='word_1_25' title='bbox 1955 523 2046 576; x_wconf 89' lang='lat' dir='ltr'><strong>est</strong></span> 
     </span>
    </p>
   </div>
   <div class='ocr_carea' id='block_1_5' title="bbox 396 609 2042 690">
    <p class='ocr_par' dir='ltr' id='par_1_5' title="bbox 396 609 2042 690">
     <span class='ocr_line' id='line_1_5' title="bbox 396 609 2042 690; baseline -0.005 -17"><span class='ocrx_word' id='word_1_26' title='bbox 396 617 664 690; x_wconf 87' lang='lat' dir='ltr'><strong>locuples</strong></span> <span class='ocrx_word' id='word_1_27' title='bbox 696 615 851 688; x_wconf 90' lang='lat' dir='ltr'><strong>apud</strong></span> <span class='ocrx_word' id='word_1_28' title='bbox 882 613 1201 670; x_wconf 84' lang='lat' dir='ltr'><strong>Eusebium</strong></span> <span class='ocrx_word' id='word_1_29' title='bbox 1231 611 1304 684; x_wconf 71' lang='grc'><strong>(1)</strong></span> <span class='ocrx_word' id='word_1_30' title='bbox 1359 611 1670 683; x_wconf 84' lang='lat' dir='ltr'><strong>Dionysius</strong></span> <span class='ocrx_word' id='word_1_31' title='bbox 1710 609 2042 664; x_wconf 87' lang='lat' dir='ltr'><strong>Corinthio-</strong></span> 
     </span>
    </p>
   </div>
   <div class='ocr_carea' id='block_1_6' title="bbox 389 697 2042 775">
    <p class='ocr_par' dir='ltr' id='par_1_6' title="bbox 389 697 2042 775">
     <span class='ocr_line' id='line_1_6' title="bbox 389 697 2042 775; baseline -0.005 -13"><span class='ocrx_word' id='word_1_32' title='bbox 389 721 524 762; x_wconf 87' lang='lat' dir='ltr'><strong>rum</strong></span> <span class='ocrx_word' id='word_1_33' title='bbox 557 705 869 775; x_wconf 85' lang='lat' dir='ltr'><strong>episcopus</strong></span> <span class='ocrx_word' id='word_1_34' title='bbox 892 703 951 757; x_wconf 89' lang='lat' dir='ltr'><strong>in</strong></span> <span class='ocrx_word' id='word_1_35' title='bbox 985 701 1240 773; x_wconf 90' lang='lat' dir='ltr'><strong>epistola</strong></span> <span class='ocrx_word' id='word_1_36' title='bbox 1261 715 1435 772; x_wconf 88' lang='lat' dir='ltr'><strong>quam</strong></span> <span class='ocrx_word' id='word_1_37' title='bbox 1470 697 1929 754; x_wconf 80' lang='lat' dir='ltr'><strong>Atheniensibus</strong></span> <span class='ocrx_word' id='word_1_38' title='bbox 1951 697 2042 753; x_wconf 88' lang='lat' dir='ltr'><strong>in-</strong></span> 
     </span>
    </p>
   </div>
   <div class='ocr_carea' id='block_1_7' title="bbox 393 787 2044 866">
    <p class='ocr_par' dir='ltr' id='par_1_7' title="bbox 393 787 2044 866">
     <span class='ocr_line' id='line_1_7' title="bbox 393 787 2044 866; baseline -0.005 -16"><span class='ocrx_word' id='word_1_39' title='bbox 393 795 634 866; x_wconf 79' lang='lat' dir='ltr'><strong>scripsit</strong></span> <span class='ocrx_word' id='word_1_40' title='bbox 659 811 674 860; x_wconf 86' lang='lat'><strong>;</strong></span> <span class='ocrx_word' id='word_1_41' title='bbox 713 792 816 848; x_wconf 87' lang='lat' dir='ltr'><strong>ubi</strong></span> <span class='ocrx_word' id='word_1_42' title='bbox 848 797 907 848; x_wconf 90' lang='lat' dir='ltr'><strong>et</strong></span> <span class='ocrx_word' id='word_1_43' title='bbox 925 814 954 843; x_wconf 84' lang='lat'>«</span> <span class='ocrx_word' id='word_1_44' title='bbox 985 792 1114 864; x_wconf 89' lang='lat' dir='ltr'><strong>ejus</strong></span> <span class='ocrx_word' id='word_1_45' title='bbox 1134 789 1339 846; x_wconf 88' lang='lat' dir='ltr'><strong>labore</strong></span> <span class='ocrx_word' id='word_1_46' title='bbox 1371 787 1862 859; x_wconf 89' lang='lat' dir='ltr'><strong>atqueindustria</strong></span> <span class='ocrx_word' id='word_1_47' title='bbox 1890 787 2044 842; x_wconf 85' lang='lat' dir='ltr'><strong>cives</strong></span> 
     </span>
    </p>
   </div>
   <div class='ocr_carea' id='block_1_8' title="bbox 395 875 2042 946">
    <p class='ocr_par' dir='ltr' id='par_1_8' title="bbox 395 875 2042 946">
     <span class='ocr_line' id='line_1_8' title="bbox 395 875 2042 946; baseline -0.004 -7"><span class='ocrx_word' id='word_1_48' title='bbox 395 884 590 940; x_wconf 90' lang='lat' dir='ltr'><strong>denuo</strong></span> <span class='ocrx_word' id='word_1_49' title='bbox 617 884 678 938; x_wconf 92' lang='lat' dir='ltr'><strong>in</strong></span> <span class='ocrx_word' id='word_1_50' title='bbox 708 881 1034 938; x_wconf 89' lang='lat' dir='ltr'><strong>Ecclesiam</strong></span> <span class='ocrx_word' id='word_1_51' title='bbox 1074 881 1442 946; x_wconf 82' lang='lat' dir='ltr'><strong>convenisse,</strong></span> <span class='ocrx_word' id='word_1_52' title='bbox 1475 883 1536 933; x_wconf 88' lang='lat' dir='ltr'><strong>et</strong></span> <span class='ocrx_word' id='word_1_53' title='bbox 1554 877 1877 932; x_wconf 86' lang='lat' dir='ltr'><strong>redivivum</strong></span> <span class='ocrx_word' id='word_1_54' title='bbox 1901 875 2042 932; x_wconf 80' lang='lat' dir='ltr'><strong>fidei</strong></span> 
     </span>
    </p>
   </div>
   <div class='ocr_carea' id='block_1_9' title="bbox 395 967 2046 1041">
    <p class='ocr_par' dir='ltr' id='par_1_9' title="bbox 395 967 2046 1041">
     <span class='ocr_line' id='line_1_9' title="bbox 395 967 2046 1041; baseline -0.007 -12"><span class='ocrx_word' id='word_1_55' title='bbox 395 973 670 1030; x_wconf 81' lang='lat' dir='ltr'><strong>ardorem</strong></span> <span class='ocrx_word' id='word_1_56' title='bbox 698 973 759 1027; x_wconf 91' lang='lat' dir='ltr'><strong>in</strong></span> <span class='ocrx_word' id='word_1_57' title='bbox 799 971 920 1026; x_wconf 87' lang='lat' dir='ltr'><strong>illis</strong></span> <span class='ocrx_word' id='word_1_58' title='bbox 951 976 1291 1041; x_wconf 89' lang='lat' dir='ltr'><strong>reparatum</strong></span> <span class='ocrx_word' id='word_1_59' title='bbox 1317 984 1443 1024; x_wconf 88' lang='lat' dir='ltr'><strong>esse</strong></span> <span class='ocrx_word' id='word_1_60' title='bbox 1474 967 1808 1038; x_wconf 84' lang='lat' dir='ltr'><strong>profitetur.</strong></span> <span class='ocrx_word' id='word_1_61' title='bbox 1841 986 1870 1016; x_wconf 84' lang='lat'>»</span> <span class='ocrx_word' id='word_1_62' title='bbox 1913 972 2046 1022; x_wconf 76' lang='grc' dir='ltr'>Επι-</span> 
     </span>
    </p>
   </div>
   <div class='ocr_carea' id='block_1_10' title="bbox 400 1053 2041 1137">
    <p class='ocr_par' dir='ltr' id='par_1_10' title="bbox 400 1053 2041 1137">
     <span class='ocr_line' id='line_1_10' title="bbox 400 1053 2041 1137; baseline -0.005 -22"><span class='ocrx_word' id='word_1_63' title='bbox 400 1063 711 1137; x_wconf 67' lang='grc' dir='ltr'>μαρτυρῶν,</span> <span class='ocrx_word' id='word_1_64' title='bbox 744 1060 820 1122; x_wconf 87' lang='grc' dir='ltr'>ὡς</span> <span class='ocrx_word' id='word_1_65' title='bbox 852 1057 940 1113; x_wconf 74' lang='grc' dir='ltr'><strong>διὰ</strong></span> <span class='ocrx_word' id='word_1_66' title='bbox 978 1065 1078 1128; x_wconf 80' lang='grc' dir='ltr'><strong>τῆς</strong></span> <span class='ocrx_word' id='word_1_67' title='bbox 1134 1058 1303 1112; x_wconf 74' lang='grc' dir='ltr'>αὐτοῦ</span> <span class='ocrx_word' id='word_1_68' title='bbox 1365 1053 1610 1124; x_wconf 71' lang='grc' dir='ltr'>σπουδῆς</span> <span class='ocrx_word' id='word_1_69' title='bbox 1660 1053 2041 1130; x_wconf 72' lang='grc' dir='ltr'>ἐπισυναχθέν-</span> 
     </span>
    </p>
   </div>
   <div class='ocr_carea' id='block_1_11' title="bbox 391 1141 2036 1221">
    <p class='ocr_par' dir='ltr' id='par_1_11' title="bbox 391 1141 2036 1221">
     <span class='ocr_line' id='line_1_11' title="bbox 391 1141 2036 1221; baseline -0.004 -17"><span class='ocrx_word' id='word_1_70' title='bbox 391 1171 519 1221; x_wconf 84' lang='grc' dir='ltr'>των,</span> <span class='ocrx_word' id='word_1_71' title='bbox 550 1149 640 1204; x_wconf 82' lang='grc' dir='ltr'>καὶ</span> <span class='ocrx_word' id='word_1_72' title='bbox 671 1155 773 1218; x_wconf 82' lang='grc' dir='ltr'><strong>τῆς</strong></span> <span class='ocrx_word' id='word_1_73' title='bbox 812 1147 1046 1210; x_wconf 86' lang='grc' dir='ltr'>πίστεως</span> <span class='ocrx_word' id='word_1_74' title='bbox 1091 1145 1509 1220; x_wconf 76' lang='grc' dir='ltr'><strong>ἀναζωπύρησιν</strong></span> <span class='ocrx_word' id='word_1_75' title='bbox 1557 1141 1891 1219; x_wconf 71' lang='grc' dir='ltr'>εἰληχότων.</span> <span class='ocrx_word' id='word_1_76' title='bbox 1948 1145 2036 1216; x_wconf 82' lang='lat' dir='ltr'><strong>lp-</strong></span> 
     </span>
    </p>
   </div>
   <div class='ocr_carea' id='block_1_12' title="bbox 391 1233 2042 1312">
    <p class='ocr_par' dir='ltr' id='par_1_12' title="bbox 391 1233 2042 1312">
     <span class='ocr_line' id='line_1_12' title="bbox 391 1233 2042 1312; baseline -0.005 -15"><span class='ocrx_word' id='word_1_77' title='bbox 391 1258 522 1297; x_wconf 91' lang='lat' dir='ltr'><strong>sum</strong></span> <span class='ocrx_word' id='word_1_78' title='bbox 557 1255 796 1312; x_wconf 90' lang='lat' dir='ltr'><strong>quoque</strong></span> <span class='ocrx_word' id='word_1_79' title='bbox 838 1237 1182 1310; x_wconf 88' lang='lat' dir='ltr'><strong>prophetica</strong></span> <span class='ocrx_word' id='word_1_80' title='bbox 1233 1237 1422 1308; x_wconf 84' lang='lat' dir='ltr'><strong>gratia</strong></span> <span class='ocrx_word' id='word_1_81' title='bbox 1465 1235 1648 1290; x_wconf 78' lang='lat' dir='ltr'><strong>fuisse</strong></span> <span class='ocrx_word' id='word_1_82' title='bbox 1701 1233 2042 1306; x_wconf 72' lang='lat' dir='ltr'><strong>prmditum,</strong></span> 
     </span>
    </p>
   </div>
   <div class='ocr_carea' id='block_1_13' title="bbox 400 1324 2046 1400">
    <p class='ocr_par' dir='ltr' id='par_1_13' title="bbox 400 1324 2046 1400">
     <span class='ocr_line' id='line_1_13' title="bbox 400 1324 2046 1400; baseline -0.004 -15"><span class='ocrx_word' id='word_1_83' title='bbox 400 1336 652 1385; x_wconf 84' lang='lat' dir='ltr'><strong>testatur</strong></span> <span class='ocrx_word' id='word_1_84' title='bbox 677 1327 830 1400; x_wconf 90' lang='lat' dir='ltr'><strong>apud</strong></span> <span class='ocrx_word' id='word_1_85' title='bbox 863 1327 1140 1382; x_wconf 89' lang='lat' dir='ltr'><strong>eumdem</strong></span> <span class='ocrx_word' id='word_1_86' title='bbox 1179 1324 1499 1380; x_wconf 89' lang='lat' dir='ltr'><strong>Eusebium</strong></span> <span class='ocrx_word' id='word_1_87' title='bbox 1531 1325 1606 1395; x_wconf 87' lang='lat'>(2)</span> <span class='ocrx_word' id='word_1_88' title='bbox 1641 1325 1892 1395; x_wconf 88' lang='lat' dir='ltr'><strong>scriptor</strong></span> <span class='ocrx_word' id='word_1_89' title='bbox 1911 1339 2046 1378; x_wconf 89' lang='lat' dir='ltr'><strong>ano-</strong></span> 
     </span>
    </p>
   </div>
   <div class='ocr_carea' id='block_1_14' title="bbox 388 1411 2043 1491">
    <p class='ocr_par' dir='ltr' id='par_1_14' title="bbox 388 1411 2043 1491">
     <span class='ocr_line' id='line_1_14' title="bbox 388 1411 2043 1491; baseline -0.004 -17"><span class='ocrx_word' id='word_1_90' title='bbox 388 1435 627 1491; x_wconf 79' lang='lat' dir='ltr'><strong>nymus,</strong></span> <span class='ocrx_word' id='word_1_91' title='bbox 661 1416 760 1488; x_wconf 87' lang='lat' dir='ltr'><strong>qui</strong></span> <span class='ocrx_word' id='word_1_92' title='bbox 795 1414 1041 1472; x_wconf 80' lang='lat' dir='ltr'><strong>Rhodon</strong></span> <span class='ocrx_word' id='word_1_93' title='bbox 1069 1415 1256 1470; x_wconf 80' lang='lat' dir='ltr'><strong>fuisse</strong></span> <span class='ocrx_word' id='word_1_94' title='bbox 1287 1413 1502 1468; x_wconf 89' lang='lat' dir='ltr'><strong>dicitur</strong></span> <span class='ocrx_word' id='word_1_95' title='bbox 1528 1413 1622 1484; x_wconf 88' lang='lat'><strong>(3).</strong></span> <span class='ocrx_word' id='word_1_96' title='bbox 1651 1411 1956 1484; x_wconf 87' lang='lat' dir='ltr'><strong>Siquidem</strong></span> <span class='ocrx_word' id='word_1_97' title='bbox 1979 1412 2043 1468; x_wconf 90' lang='lat' dir='ltr'><strong>in</strong></span> 
     </span>
    </p>
   </div>
   <div class='ocr_carea' id='block_1_15' title="bbox 389 1501 2044 1576">
    <p class='ocr_par' dir='ltr' id='par_1_15' title="bbox 389 1501 2044 1576">
     <span class='ocr_line' id='line_1_15' title="bbox 389 1501 2044 1576; baseline -0.004 -13"><span class='ocrx_word' id='word_1_98' title='bbox 389 1524 458 1563; x_wconf 87' lang='lat' dir='ltr'><strong>eo</strong></span> <span class='ocrx_word' id='word_1_99' title='bbox 491 1506 640 1561; x_wconf 92' lang='lat' dir='ltr'><strong>libro</strong></span> <span class='ocrx_word' id='word_1_100' title='bbox 674 1521 848 1576; x_wconf 87' lang='lat' dir='ltr'><strong>quem</strong></span> <span class='ocrx_word' id='word_1_101' title='bbox 902 1503 1312 1560; x_wconf 86' lang='lat' dir='ltr'><strong>innominatus</strong></span> <span class='ocrx_word' id='word_1_102' title='bbox 1360 1501 1457 1556; x_wconf 89' lang='lat' dir='ltr'><strong>hic</strong></span> <span class='ocrx_word' id='word_1_103' title='bbox 1505 1506 1710 1557; x_wconf 83' lang='lat' dir='ltr'><strong>auctor</strong></span> <span class='ocrx_word' id='word_1_104' title='bbox 1760 1501 2044 1557; x_wconf 89' lang='lat' dir='ltr'><strong>adversus</strong></span> 
     </span>
    </p>
   </div>
   <div class='ocr_carea' id='block_1_16' title="bbox 389 1589 2042 1666">
    <p class='ocr_par' dir='ltr' id='par_1_16' title="bbox 389 1589 2042 1666">
     <span class='ocr_line' id='line_1_16' title="bbox 389 1589 2042 1666; baseline -0.004 -16"><span class='ocrx_word' id='word_1_105' title='bbox 389 1594 786 1666; x_wconf 86' lang='lat' dir='ltr'><strong>Cataphrygas</strong></span> <span class='ocrx_word' id='word_1_106' title='bbox 809 1591 1164 1664; x_wconf 90' lang='lat' dir='ltr'><strong>composuit,</strong></span> <span class='ocrx_word' id='word_1_107' title='bbox 1187 1591 1494 1646; x_wconf 91' lang='lat' dir='ltr'><strong>universos</strong></span> <span class='ocrx_word' id='word_1_108' title='bbox 1525 1590 1667 1644; x_wconf 88' lang='lat' dir='ltr'><strong>Novi</strong></span> <span class='ocrx_word' id='word_1_109' title='bbox 1685 1589 2042 1645; x_wconf 85' lang='lat' dir='ltr'><strong>Testamenti</strong></span> 
     </span>
    </p>
   </div>
   <div class='ocr_carea' id='block_1_17' title="bbox 388 1683 2046 1760">
    <p class='ocr_par' dir='ltr' id='par_1_17' title="bbox 388 1683 2046 1760">
     <span class='ocr_line' id='line_1_17' title="bbox 388 1683 2046 1760; baseline -0.003 -18"><span class='ocrx_word' id='word_1_110' title='bbox 388 1686 708 1760; x_wconf 89' lang='lat' dir='ltr'><strong>prophetas</strong></span> <span class='ocrx_word' id='word_1_111' title='bbox 730 1701 1112 1743; x_wconf 79' lang='lat' dir='ltr'><strong>enumerans.</strong></span> <span class='ocrx_word' id='word_1_112' title='bbox 1133 1683 1496 1750; x_wconf 80' lang='lat' dir='ltr'><strong>Quadratum</strong></span> <span class='ocrx_word' id='word_1_113' title='bbox 1516 1699 1752 1754; x_wconf 90' lang='lat' dir='ltr'><strong>quoque</strong></span> <span class='ocrx_word' id='word_1_114' title='bbox 1772 1687 2046 1738; x_wconf 89' lang='lat' dir='ltr'><strong>nostrum</strong></span> 
     </span>
    </p>
   </div>
   <div class='ocr_carea' id='block_1_18' title="bbox 394 1770 2046 1846">
    <p class='ocr_par' dir='ltr' id='par_1_18' title="bbox 394 1770 2046 1846">
     <span class='ocr_line' id='line_1_18' title="bbox 394 1770 2046 1846; baseline -0.002 -16"><span class='ocrx_word' id='word_1_115' title='bbox 394 1779 691 1843; x_wconf 80' lang='lat' dir='ltr'><strong>recenset,</strong></span> <span class='ocrx_word' id='word_1_116' title='bbox 710 1791 967 1846; x_wconf 87' lang='lat' dir='ltr'><strong>eumque</strong></span> <span class='ocrx_word' id='word_1_117' title='bbox 983 1789 1117 1829; x_wconf 90' lang='lat' dir='ltr'><strong>cum</strong></span> <span class='ocrx_word' id='word_1_118' title='bbox 1139 1771 1395 1843; x_wconf 86' lang='lat' dir='ltr'><strong>Philippi</strong></span> <span class='ocrx_word' id='word_1_119' title='bbox 1419 1770 1791 1844; x_wconf 59' lang='lat' dir='ltr'><strong>evangelista</strong></span> <span class='ocrx_word' id='word_1_120' title='bbox 1809 1770 2046 1826; x_wconf 81' lang='lat' dir='ltr'><strong>ﬁliabus</strong></span> 
     </span>
    </p>
   </div>
   <div class='ocr_carea' id='block_1_19' title="bbox 391 1859 2044 1937">
    <p class='ocr_par' dir='ltr' id='par_1_19' title="bbox 391 1859 2044 1937">
     <span class='ocr_line' id='line_1_19' title="bbox 391 1859 2044 1937; baseline -0.002 -18"><span class='ocrx_word' id='word_1_121' title='bbox 391 1864 721 1937; x_wconf 86' lang='lat' dir='ltr'><strong>conjungit,</strong></span> <span class='ocrx_word' id='word_1_122' title='bbox 755 1880 902 1934; x_wconf 89' lang='lat' dir='ltr'><strong>quas</strong></span> <span class='ocrx_word' id='word_1_123' title='bbox 943 1864 1002 1918; x_wconf 92' lang='lat' dir='ltr'><strong>S.</strong></span> <span class='ocrx_word' id='word_1_124' title='bbox 1035 1863 1219 1916; x_wconf 91' lang='lat' dir='ltr'><strong>Lucas</strong></span> <span class='ocrx_word' id='word_1_125' title='bbox 1258 1860 1661 1932; x_wconf 88' lang='lat' dir='ltr'><strong>prophetissas</strong></span> <span class='ocrx_word' id='word_1_126' title='bbox 1711 1860 1973 1932; x_wconf 85' lang='lat' dir='ltr'><strong>appellat</strong></span> <span class='ocrx_word' id='word_1_127' title='bbox 2003 1859 2044 1915; x_wconf 74' lang='grc' dir='ltr'>ί.</span> 
     </span>
    </p>
   </div>
   <div class='ocr_carea' id='block_1_20' title="bbox 391 1949 2046 2024">
    <p class='ocr_par' dir='ltr' id='par_1_20' title="bbox 391 1949 2046 2024">
     <span class='ocr_line' id='line_1_20' title="bbox 391 1949 2046 2024; baseline 0.001 -21"><span class='ocrx_word' id='word_1_128' title='bbox 391 1974 420 2003; x_wconf 80' lang='grc' dir='ltr'><strong>α</strong></span> <span class='ocrx_word' id='word_1_129' title='bbox 455 1955 579 2008; x_wconf 86' lang='lat' dir='ltr'><strong>Non</strong></span> <span class='ocrx_word' id='word_1_130' title='bbox 612 1953 898 2024; x_wconf 86' lang='lat' dir='ltr'><strong>Agabum,</strong></span> <span class='ocrx_word' id='word_1_131' title='bbox 931 1951 1146 2022; x_wconf 88' lang='lat' dir='ltr'><strong>inquit,</strong></span> <span class='ocrx_word' id='word_1_132' title='bbox 1175 1965 1297 2005; x_wconf 92' lang='lat' dir='ltr'><strong>non</strong></span> <span class='ocrx_word' id='word_1_133' title='bbox 1321 1949 1552 2014; x_wconf 76' lang='lat' dir='ltr'><strong>ludam,</strong></span> <span class='ocrx_word' id='word_1_134' title='bbox 1577 1967 1698 2005; x_wconf 88' lang='lat' dir='ltr'><strong>non</strong></span> <span class='ocrx_word' id='word_1_135' title='bbox 1725 1949 2046 2010; x_wconf 86' lang='lat' dir='ltr'><strong>Silam,nec</strong></span> 
     </span>
    </p>
   </div>
   <div class='ocr_carea' id='block_1_21' title="bbox 392 2038 2042 2113">
    <p class='ocr_par' dir='ltr' id='par_1_21' title="bbox 392 2038 2042 2113">
     <span class='ocr_line' id='line_1_21' title="bbox 392 2038 2042 2113; baseline -0.004 -15"><span class='ocrx_word' id='word_1_136' title='bbox 392 2041 654 2113; x_wconf 90' lang='lat' dir='ltr'><strong>Philippi</strong></span> <span class='ocrx_word' id='word_1_137' title='bbox 687 2041 860 2104; x_wconf 83' lang='lat' dir='ltr'><strong>ﬁlias.</strong></span> <span class='ocrx_word' id='word_1_138' title='bbox 921 2056 1032 2095; x_wconf 92' lang='lat' dir='ltr'><strong>nec</strong></span> <span class='ocrx_word' id='word_1_139' title='bbox 1099 2038 1394 2094; x_wconf 85' lang='lat' dir='ltr'><strong>Ammiam</strong></span> <span class='ocrx_word' id='word_1_140' title='bbox 1459 2038 2042 2110; x_wconf 83' lang='lat' dir='ltr'><strong>Philadelphensem,</strong></span> 
     </span>
    </p>
   </div>
   <div class='ocr_carea' id='block_1_22' title="bbox 393 2126 2046 2198">
    <p class='ocr_par' dir='ltr' id='par_1_22' title="bbox 393 2126 2046 2198">
     <span class='ocr_line' id='line_1_22' title="bbox 393 2126 2046 2198; baseline -0.002 -13"><span class='ocrx_word' id='word_1_141' title='bbox 393 2146 502 2186; x_wconf 89' lang='lat' dir='ltr'><strong>nec</strong></span> <span class='ocrx_word' id='word_1_142' title='bbox 540 2129 922 2194; x_wconf 86' lang='lat' dir='ltr'><strong>Quadratum,</strong></span> <span class='ocrx_word' id='word_1_143' title='bbox 952 2144 1062 2182; x_wconf 91' lang='lat' dir='ltr'><strong>nec</strong></span> <span class='ocrx_word' id='word_1_144' title='bbox 1091 2126 1292 2198; x_wconf 87' lang='lat' dir='ltr'><strong>plures</strong></span> <span class='ocrx_word' id='word_1_145' title='bbox 1323 2143 1558 2198; x_wconf 89' lang='lat' dir='ltr'><strong>quoque</strong></span> <span class='ocrx_word' id='word_1_146' title='bbox 1598 2127 1748 2182; x_wconf 88' lang='lat' dir='ltr'><strong>alios</strong></span> <span class='ocrx_word' id='word_1_147' title='bbox 1771 2127 1870 2198; x_wconf 90' lang='lat' dir='ltr'><strong>qui</strong></span> <span class='ocrx_word' id='word_1_148' title='bbox 1890 2127 2046 2182; x_wconf 89' lang='lat' dir='ltr'><strong>nihil</strong></span> 
     </span>
    </p>
   </div>
   <div class='ocr_carea' id='block_1_23' title="bbox 390 2214 2036 2288">
    <p class='ocr_par' dir='ltr' id='par_1_23' title="bbox 390 2214 2036 2288">
     <span class='ocr_line' id='line_1_23' title="bbox 390 2214 2036 2288; baseline -0.002 -16"><span class='ocrx_word' id='word_1_149' title='bbox 390 2218 462 2272; x_wconf 89' lang='lat' dir='ltr'><strong>ad</strong></span> <span class='ocrx_word' id='word_1_150' title='bbox 504 2219 666 2288; x_wconf 88' lang='lat' dir='ltr'><strong>ipsos</strong></span> <span class='ocrx_word' id='word_1_151' title='bbox 707 2216 1030 2286; x_wconf 86' lang='lat' dir='ltr'><strong>pertinent,</strong></span> <span class='ocrx_word' id='word_1_152' title='bbox 1075 2214 1488 2285; x_wconf 67' lang='lat' dir='ltr'><strong>praedicabunt</strong></span> <span class='ocrx_word' id='word_1_153' title='bbox 1533 2215 1970 2288; x_wconf 79' lang='lat' dir='ltr'><strong>(Montanistss).</strong></span> <span class='ocrx_word' id='word_1_154' title='bbox 2005 2235 2036 2268; x_wconf 74' lang='grc' dir='ltr'>ι»</span> 
     </span>
    </p>
   </div>
   <div class='ocr_carea' id='block_1_24' title="bbox 387 2299 2047 2381">
    <p class='ocr_par' dir='ltr' id='par_1_24' title="bbox 387 2299 2047 2381">
     <span class='ocr_line' id='line_1_24' title="bbox 387 2299 2047 2381; baseline -0.001 -20"><span class='ocrx_word' id='word_1_155' title='bbox 387 2305 530 2364; x_wconf 79' lang='grc' dir='ltr'>Οὔτε</span> <span class='ocrx_word' id='word_1_156' title='bbox 556 2300 821 2381; x_wconf 78' lang='grc' dir='ltr'>Ἀγαόον,</span> <span class='ocrx_word' id='word_1_157' title='bbox 867 2303 990 2360; x_wconf 70' lang='grc' dir='ltr'>οὕτε</span> <span class='ocrx_word' id='word_1_158' title='bbox 1045 2301 1272 2377; x_wconf 78' lang='grc' dir='ltr'>Ἰούδαν,</span> <span class='ocrx_word' id='word_1_159' title='bbox 1333 2299 1458 2358; x_wconf 70' lang='grc' dir='ltr'>οὔτε</span> <span class='ocrx_word' id='word_1_160' title='bbox 1514 2302 1714 2372; x_wconf 84' lang='grc' dir='ltr'>Σίλαν,</span> <span class='ocrx_word' id='word_1_161' title='bbox 1775 2301 1898 2358; x_wconf 73' lang='grc' dir='ltr'>οὔτε</span> <span class='ocrx_word' id='word_1_162' title='bbox 1953 2303 2047 2366; x_wconf 74' lang='grc' dir='ltr'>τὰς</span> 
     </span>
    </p>
   </div>
   <div class='ocr_carea' id='block_1_25' title="bbox 388 2389 2046 2470">
    <p class='ocr_par' dir='ltr' id='par_1_25' title="bbox 388 2389 2046 2470">
     <span class='ocr_line' id='line_1_25' title="bbox 388 2389 2046 2470; baseline -0.001 -20"><span class='ocrx_word' id='word_1_163' title='bbox 388 2393 676 2450; x_wconf 81' lang='grc' dir='ltr'>Φιλίππου</span> <span class='ocrx_word' id='word_1_164' title='bbox 704 2391 1019 2469; x_wconf 77' lang='grc' dir='ltr'><strong>θυγατέρας,</strong></span> <span class='ocrx_word' id='word_1_165' title='bbox 1051 2390 1175 2448; x_wconf 71' lang='grc' dir='ltr'>οὔτε</span> <span class='ocrx_word' id='word_1_166' title='bbox 1211 2393 1312 2462; x_wconf 85' lang='grc' dir='ltr'>τὴν</span> <span class='ocrx_word' id='word_1_167' title='bbox 1366 2390 1421 2446; x_wconf 81' lang='grc' dir='ltr'>ἐν</span> <span class='ocrx_word' id='word_1_168' title='bbox 1471 2389 1855 2470; x_wconf 75' lang='grc' dir='ltr'>Φιλαδελφείᾳ</span> <span class='ocrx_word' id='word_1_169' title='bbox 1905 2394 1961 2449; x_wconf 87' lang='lat' dir='ltr'><strong>’A</strong></span> <span class='ocrx_word' id='word_1_170' title='bbox 1975 2415 2046 2465; x_wconf 87' lang='grc' dir='ltr'><strong>μ-</strong></span> 
     </span>
    </p>
   </div>
   <div class='ocr_carea' id='block_1_26' title="bbox 393 2477 2040 2558">
    <p class='ocr_par' dir='ltr' id='par_1_26' title="bbox 393 2477 2040 2558">
     <span class='ocr_line' id='line_1_26' title="bbox 393 2477 2040 2558; baseline -0.002 -20"><span class='ocrx_word' id='word_1_171' title='bbox 393 2482 548 2558; x_wconf 85' lang='grc' dir='ltr'>μίαν,</span> <span class='ocrx_word' id='word_1_172' title='bbox 581 2479 706 2538; x_wconf 68' lang='grc' dir='ltr'>οὔτε</span> <span class='ocrx_word' id='word_1_173' title='bbox 759 2479 1060 2557; x_wconf 70' lang='grc' dir='ltr'>Κοδράπον,</span> <span class='ocrx_word' id='word_1_174' title='bbox 1109 2477 1232 2536; x_wconf 67' lang='grc' dir='ltr'>οὔτε</span> <span class='ocrx_word' id='word_1_175' title='bbox 1280 2482 1426 2543; x_wconf 69' lang='grc' dir='ltr'>τινὰς</span> <span class='ocrx_word' id='word_1_176' title='bbox 1472 2479 1678 2543; x_wconf 75' lang='grc' dir='ltr'>ἄλλους</span> <span class='ocrx_word' id='word_1_177' title='bbox 1734 2478 1900 2554; x_wconf 73' lang='grc' dir='ltr'>μηδὲν</span> <span class='ocrx_word' id='word_1_178' title='bbox 1951 2481 2040 2537; x_wconf 77' lang='grc' dir='ltr'><strong>αὖ-</strong></span> 
     </span>
    </p>
   </div>
   <div class='ocr_carea' id='block_1_27' title="bbox 383 2569 2046 2647">
    <p class='ocr_par' dir='ltr' id='par_1_27' title="bbox 383 2569 2046 2647">
     <span class='ocr_line' id='line_1_27' title="bbox 383 2569 2046 2647; baseline -0.001 -20"><span class='ocrx_word' id='word_1_179' title='bbox 383 2577 508 2635; x_wconf 82' lang='grc' dir='ltr'>τοῖς</span> <span class='ocrx_word' id='word_1_180' title='bbox 546 2573 930 2647; x_wconf 70' lang='grc' dir='ltr'>προσήκοντας</span> <span class='ocrx_word' id='word_1_181' title='bbox 987 2572 1389 2646; x_wconf 75' lang='grc' dir='ltr'>καυχήσονται,</span> <span class='ocrx_word' id='word_1_182' title='bbox 1443 2571 1544 2626; x_wconf 85' lang='lat' dir='ltr'><strong>His</strong></span> <span class='ocrx_word' id='word_1_183' title='bbox 1602 2570 1808 2626; x_wconf 78' lang='lat' dir='ltr'><strong>afﬁniu</strong></span> <span class='ocrx_word' id='word_1_184' title='bbox 1861 2569 2046 2627; x_wconf 81' lang='lat' dir='ltr'><strong>tradit</strong></span> 
     </span>
    </p>
   </div>
   <div class='ocr_carea' id='block_1_28' title="bbox 385 2660 1712 2733">
    <p class='ocr_par' dir='ltr' id='par_1_28' title="bbox 385 2660 1712 2733">
     <span class='ocr_line' id='line_1_28' title="bbox 385 2660 1712 2733; baseline -0.002 -14"><span class='ocrx_word' id='word_1_185' title='bbox 385 2662 526 2719; x_wconf 88' lang='lat' dir='ltr'><strong>alibi</strong></span> <span class='ocrx_word' id='word_1_186' title='bbox 558 2661 832 2718; x_wconf 87' lang='lat' dir='ltr'><strong>laudatus</strong></span> <span class='ocrx_word' id='word_1_187' title='bbox 863 2661 1241 2717; x_wconf 83' lang='lat' dir='ltr'><strong>Caesariensis</strong></span> <span class='ocrx_word' id='word_1_188' title='bbox 1271 2661 1584 2733; x_wconf 91' lang='lat' dir='ltr'><strong>episcopus</strong></span> <span class='ocrx_word' id='word_1_189' title='bbox 1615 2660 1712 2732; x_wconf 74' lang='grc'>(4).</span> 
     </span>
    </p>
   </div>
   <div class='ocr_carea' id='block_1_29' title="bbox 455 2748 2041 2822">
    <p class='ocr_par' dir='ltr' id='par_1_29' title="bbox 455 2748 2041 2822">
     <span class='ocr_line' id='line_1_29' title="bbox 455 2748 2041 2822; baseline -0.002 -16"><span class='ocrx_word' id='word_1_190' title='bbox 455 2753 522 2808; x_wconf 86' lang='lat' dir='ltr'><strong>ll.</strong></span> <span class='ocrx_word' id='word_1_191' title='bbox 560 2751 664 2807; x_wconf 81' lang='lat' dir='ltr'><strong>llic</strong></span> <span class='ocrx_word' id='word_1_192' title='bbox 693 2752 895 2822; x_wconf 87' lang='lat' dir='ltr'><strong>itaque</strong></span> <span class='ocrx_word' id='word_1_193' title='bbox 925 2750 1015 2805; x_wconf 85' lang='lat' dir='ltr'><strong>vir</strong></span> <span class='ocrx_word' id='word_1_194' title='bbox 1033 2749 1393 2822; x_wconf 87' lang='lat' dir='ltr'><strong>apostolicus</strong></span> <span class='ocrx_word' id='word_1_195' title='bbox 1417 2749 1676 2804; x_wconf 84' lang='lat' dir='ltr'><strong>Adriano</strong></span> <span class='ocrx_word' id='word_1_196' title='bbox 1698 2748 2041 2821; x_wconf 88' lang='lat' dir='ltr'><strong>imperatori</strong></span> 
     </span>
    </p>
   </div>
   <div class='ocr_carea' id='block_1_30' title="bbox 387 2837 2042 2914">
    <p class='ocr_par' dir='ltr' id='par_1_30' title="bbox 387 2837 2042 2914">
     <span class='ocr_line' id='line_1_30' title="bbox 387 2837 2042 2914; baseline -0.003 -17"><span class='ocrx_word' id='word_1_197' title='bbox 387 2842 634 2898; x_wconf 89' lang='lat' dir='ltr'><strong>Athenis</strong></span> <span class='ocrx_word' id='word_1_198' title='bbox 657 2840 855 2914; x_wconf 90' lang='lat' dir='ltr'><strong>agenti</strong></span> <span class='ocrx_word' id='word_1_199' title='bbox 880 2839 1149 2895; x_wconf 83' lang='lat' dir='ltr'><strong>libellum</strong></span> <span class='ocrx_word' id='word_1_200' title='bbox 1172 2838 1605 2912; x_wconf 88' lang='lat' dir='ltr'><strong>apologeticum</strong></span> <span class='ocrx_word' id='word_1_201' title='bbox 1627 2837 2012 2906; x_wconf 87' lang='lat' dir='ltr'><strong>obtulit,Chri</strong></span> <span class='ocrx_word' id='word_1_202' title='bbox 2027 2867 2042 2881; x_wconf 84' lang='lat'><strong>-</strong></span> 
     </span>
    </p>
   </div>
   <div class='ocr_carea' id='block_1_31' title="bbox 387 2927 2042 3000">
    <p class='ocr_par' dir='ltr' id='par_1_31' title="bbox 387 2927 2042 3000">
     <span class='ocr_line' id='line_1_31' title="bbox 387 2927 2042 3000; baseline -0.002 -14"><span class='ocrx_word' id='word_1_203' title='bbox 387 2930 716 2986; x_wconf 87' lang='lat' dir='ltr'><strong>stianorum</strong></span> <span class='ocrx_word' id='word_1_204' title='bbox 751 2929 1156 2984; x_wconf 82' lang='lat' dir='ltr'><strong>innocentiam</strong></span> <span class='ocrx_word' id='word_1_205' title='bbox 1184 2933 1243 2984; x_wconf 91' lang='lat' dir='ltr'><strong>et</strong></span> <span class='ocrx_word' id='word_1_206' title='bbox 1264 2928 1526 3000; x_wconf 88' lang='lat' dir='ltr'><strong>iniquam</strong></span> <span class='ocrx_word' id='word_1_207' title='bbox 1560 2943 1764 2984; x_wconf 89' lang='lat' dir='ltr'><strong>eorum</strong></span> <span class='ocrx_word' id='word_1_208' title='bbox 1787 2927 2042 2984; x_wconf 86' lang='lat' dir='ltr'><strong>vexatio-</strong></span> 
     </span>
    </p>
   </div>
   <div class='ocr_carea' id='block_1_32' title="bbox 387 3016 2041 3091">
    <p class='ocr_par' dir='ltr' id='par_1_32' title="bbox 387 3016 2041 3091">
     <span class='ocr_line' id='line_1_32' title="bbox 387 3016 2041 3091; baseline -0.001 -16"><span class='ocrx_word' id='word_1_209' title='bbox 387 3037 525 3075; x_wconf 89' lang='lat' dir='ltr'><strong>nem</strong></span> <span class='ocrx_word' id='word_1_210' title='bbox 558 3019 896 3075; x_wconf 87' lang='lat' dir='ltr'><strong>luculentcr</strong></span> <span class='ocrx_word' id='word_1_211' title='bbox 942 3034 1263 3091; x_wconf 70' lang='lat' dir='ltr'><strong>erponens.</strong></span> <span class='ocrx_word' id='word_1_212' title='bbox 1317 3019 1397 3072; x_wconf 87' lang='lat' dir='ltr'><strong>De</strong></span> <span class='ocrx_word' id='word_1_213' title='bbox 1451 3033 1568 3088; x_wconf 89' lang='lat' dir='ltr'><strong>quo</strong></span> <span class='ocrx_word' id='word_1_214' title='bbox 1621 3016 1862 3088; x_wconf 89' lang='lat' dir='ltr'><strong>quidem</strong></span> <span class='ocrx_word' id='word_1_215' title='bbox 1913 3016 2041 3073; x_wconf 66' lang='lat' dir='ltr'><strong>hanc</strong></span> 
     </span>
    </p>
   </div>
   <div class='ocr_carea' id='block_1_33' title="bbox 385 3105 2042 3180">
    <p class='ocr_par' dir='ltr' id='par_1_33' title="bbox 385 3105 2042 3180">
     <span class='ocr_line' id='line_1_33' title="bbox 385 3105 2042 3180; baseline -0.002 -16"><span class='ocrx_word' id='word_1_216' title='bbox 385 3110 438 3164; x_wconf 91' lang='lat' dir='ltr'><strong>S.</strong></span> <span class='ocrx_word' id='word_1_217' title='bbox 473 3109 867 3180; x_wconf 84' lang='lat' dir='ltr'><strong>Hieronymus</strong></span> <span class='ocrx_word' id='word_1_218' title='bbox 895 3109 1010 3180; x_wconf 87' lang='lat'><strong>(5);</strong></span> <span class='ocrx_word' id='word_1_219' title='bbox 1044 3130 1073 3157; x_wconf 89' lang='grc'><strong>‹‹</strong></span> <span class='ocrx_word' id='word_1_220' title='bbox 1115 3106 1448 3172; x_wconf 87' lang='lat' dir='ltr'><strong>Quadratus</strong></span> <span class='ocrx_word' id='word_1_221' title='bbox 1499 3105 1903 3178; x_wconf 88' lang='lat' dir='ltr'><strong>apostolorum</strong></span> <span class='ocrx_word' id='word_1_222' title='bbox 1958 3105 2042 3162; x_wconf 89' lang='lat' dir='ltr'><strong>di-</strong></span> 
     </span>
    </p>
   </div>
   <div class='ocr_carea' id='block_1_34' title="bbox 2079 1823 2126 1888">
    <p class='ocr_par' dir='ltr' id='par_1_34' title="bbox 2079 1823 2126 1888">
     <span class='ocr_line' id='line_1_34' title="bbox 2079 1823 2126 1888; baseline 0 0"><span class='ocrx_word' id='word_1_223' title='bbox 2079 1823 2126 1888; x_wconf 91' lang='lat' dir='ltr'><strong>B</strong></span> 
     </span>
    </p>
   </div>
   <div class='ocr_carea' id='block_1_35' title="bbox 2152 517 2808 590">
    <p class='ocr_par' dir='ltr' id='par_1_35' title="bbox 2152 517 2808 590">
     <span class='ocr_line' id='line_1_35' title="bbox 2152 517 2808 590; baseline -0.011 -16"><span class='ocrx_word' id='word_1_224' title='bbox 2152 517 2390 574; x_wconf 78' lang='lat' dir='ltr'><strong>sedaret</strong></span> <span class='ocrx_word' id='word_1_225' title='bbox 2417 517 2742 590; x_wconf 86' lang='lat' dir='ltr'><strong>ingenium.</strong></span> <span class='ocrx_word' id='word_1_226' title='bbox 2783 540 2808 567; x_wconf 72' lang='grc' dir='ltr'>η</span> 
     </span>
    </p>
   </div>
   <div class='ocr_carea' id='block_1_36' title="bbox 2225 607 3790 682">
    <p class='ocr_par' dir='ltr' id='par_1_36' title="bbox 2225 607 3790 682">
     <span class='ocr_line' id='line_1_36' title="bbox 2225 607 3790 682; baseline 0.007 -24"><span class='ocrx_word' id='word_1_227' title='bbox 2225 629 2255 658; x_wconf 76' lang='grc' dir='ltr'><strong><em>κ</em></strong></span> <span class='ocrx_word' id='word_1_228' title='bbox 2288 609 2523 664; x_wconf 86' lang='lat' dir='ltr'><strong>Utinam</strong></span> <span class='ocrx_word' id='word_1_229' title='bbox 2556 623 2708 677; x_wconf 86' lang='lat' dir='ltr'><strong>vero,</strong></span> <span class='ocrx_word' id='word_1_230' title='bbox 2742 612 2808 662; x_wconf 93' lang='lat' dir='ltr'><strong>ut</strong></span> <span class='ocrx_word' id='word_1_231' title='bbox 2837 624 2973 662; x_wconf 90' lang='lat' dir='ltr'><strong>cum</strong></span> <span class='ocrx_word' id='word_1_232' title='bbox 3001 607 3211 664; x_wconf 89' lang='lat' dir='ltr'><strong>Grabio</strong></span> <span class='ocrx_word' id='word_1_233' title='bbox 3241 609 3455 682; x_wconf 87' lang='lat' dir='ltr'><strong>loquar</strong></span> <span class='ocrx_word' id='word_1_234' title='bbox 3472 610 3575 680; x_wconf 89' lang='lat'><strong>(8),</strong></span> <span class='ocrx_word' id='word_1_235' title='bbox 3604 611 3677 669; x_wconf 90' lang='lat' dir='ltr'><strong>de</strong></span> <span class='ocrx_word' id='word_1_236' title='bbox 3695 613 3790 669; x_wconf 82' lang='lat' dir='ltr'><strong>hac</strong></span> 
     </span>
    </p>
   </div>
   <div class='ocr_carea' id='block_1_37' title="bbox 2152 697 3788 776">
    <p class='ocr_par' dir='ltr' id='par_1_37' title="bbox 2152 697 3788 776">
     <span class='ocr_line' id='line_1_37' title="bbox 2152 697 3788 776; baseline 0.004 -22"><span class='ocrx_word' id='word_1_237' title='bbox 2152 697 2432 764; x_wconf 89' lang='lat' dir='ltr'><strong>Quadrati</strong></span> <span class='ocrx_word' id='word_1_238' title='bbox 2463 697 2730 769; x_wconf 78' lang='lat' dir='ltr'><strong>Apologia</strong></span> <span class='ocrx_word' id='word_1_239' title='bbox 2761 713 2920 754; x_wconf 90' lang='lat' dir='ltr'><strong>nunc</strong></span> <span class='ocrx_word' id='word_1_240' title='bbox 2950 697 3208 755; x_wconf 87' lang='lat' dir='ltr'><strong>scribere</strong></span> <span class='ocrx_word' id='word_1_241' title='bbox 3251 717 3590 772; x_wconf 90' lang='lat' dir='ltr'><strong>possemus,</strong></span> <span class='ocrx_word' id='word_1_242' title='bbox 3648 704 3788 776; x_wconf 87' lang='lat' dir='ltr'><strong>quod</strong></span> 
     </span>
    </p>
   </div>
   <div class='ocr_carea' id='block_1_38' title="bbox 2154 785 3788 867">
    <p class='ocr_par' dir='ltr' id='par_1_38' title="bbox 2154 785 3788 867">
     <span class='ocr_line' id='line_1_38' title="bbox 2154 785 3788 867; baseline 0.003 -25"><span class='ocrx_word' id='word_1_243' title='bbox 2154 786 2298 842; x_wconf 92' lang='lat' dir='ltr'><strong>olim</strong></span> <span class='ocrx_word' id='word_1_244' title='bbox 2321 785 2612 842; x_wconf 89' lang='lat' dir='ltr'><strong>Eusebius</strong></span> <span class='ocrx_word' id='word_1_245' title='bbox 2632 787 2693 842; x_wconf 88' lang='lat' dir='ltr'><strong>in</strong></span> <span class='ocrx_word' id='word_1_246' title='bbox 2718 787 2847 842; x_wconf 66' lang='lat' dir='ltr'><strong>haec</strong></span> <span class='ocrx_word' id='word_1_247' title='bbox 2893 785 3074 842; x_wconf 85' lang='lat' dir='ltr'><strong>verba</strong></span> <span class='ocrx_word' id='word_1_248' title='bbox 3088 786 3164 851; x_wconf 84' lang='lat'><strong>(9)</strong></span> <span class='ocrx_word' id='word_1_249' title='bbox 3198 805 3212 844; x_wconf 88' lang='lat'><strong>:</strong></span> <span class='ocrx_word' id='word_1_250' title='bbox 3245 785 3427 844; x_wconf 75' lang='grc' dir='ltr'>Εῗσὲτι</span> <span class='ocrx_word' id='word_1_251' title='bbox 3477 786 3539 844; x_wconf 69' lang='grc' dir='ltr'>δὲ</span> <span class='ocrx_word' id='word_1_252' title='bbox 3589 791 3788 867; x_wconf 61' lang='grc' dir='ltr'>φέρεται</span> 
     </span>
    </p>
   </div>
   <div class='ocr_carea' id='block_1_39' title="bbox 2151 871 3793 954">
    <p class='ocr_par' dir='ltr' id='par_1_39' title="bbox 2151 871 3793 954">
     <span class='ocr_line' id='line_1_39' title="bbox 2151 871 3793 954; baseline 0.003 -24"><span class='ocrx_word' id='word_1_253' title='bbox 2151 876 2298 949; x_wconf 81' lang='grc' dir='ltr'>παρὰ</span> <span class='ocrx_word' id='word_1_254' title='bbox 2325 872 2608 936; x_wconf 75' lang='grc' dir='ltr'><strong>πλείστοις</strong></span> <span class='ocrx_word' id='word_1_255' title='bbox 2643 875 2754 929; x_wconf 80' lang='grc' dir='ltr'>τῶν</span> <span class='ocrx_word' id='word_1_256' title='bbox 2814 871 3092 952; x_wconf 76' lang='grc' dir='ltr'>ἀδελφῶν,</span> <span class='ocrx_word' id='word_1_257' title='bbox 3151 875 3283 949; x_wconf 82' lang='grc' dir='ltr'>ἀτὰρ</span> <span class='ocrx_word' id='word_1_258' title='bbox 3341 876 3431 932; x_wconf 83' lang='grc' dir='ltr'>καὶ</span> <span class='ocrx_word' id='word_1_259' title='bbox 3487 881 3620 954; x_wconf 86' lang='grc' dir='ltr'>παρ’</span> <span class='ocrx_word' id='word_1_260' title='bbox 3675 883 3793 954; x_wconf 68' lang='grc' dir='ltr'>ἡμῖν</span> 
     </span>
    </p>
   </div>
   <div class='ocr_carea' id='block_1_40' title="bbox 2152 961 3796 1043">
    <p class='ocr_par' dir='ltr' id='par_1_40' title="bbox 2152 961 3796 1043">
     <span class='ocr_line' id='line_1_40' title="bbox 2152 961 3796 1043; baseline -0.002 -25"><span class='ocrx_word' id='word_1_261' title='bbox 2152 964 2214 1018; x_wconf 84' lang='grc' dir='ltr'>τὸ</span> <span class='ocrx_word' id='word_1_262' title='bbox 2254 963 2601 1039; x_wconf 71' lang='grc' dir='ltr'>σύγγραμμα·</span> <span class='ocrx_word' id='word_1_263' title='bbox 2644 961 2698 1034; x_wconf 82' lang='grc' dir='ltr'>ἐξ</span> <span class='ocrx_word' id='word_1_264' title='bbox 2737 963 2800 1018; x_wconf 74' lang='grc' dir='ltr'><strong>οὗ</strong></span> <span class='ocrx_word' id='word_1_265' title='bbox 2857 961 3096 1018; x_wconf 85' lang='grc' dir='ltr'>κατιδεῖν</span> <span class='ocrx_word' id='word_1_266' title='bbox 3155 963 3266 1018; x_wconf 84' lang='grc' dir='ltr'>ἐστι</span> <span class='ocrx_word' id='word_1_267' title='bbox 3325 964 3562 1043; x_wconf 79' lang='grc' dir='ltr'>λαμπρὰ</span> <span class='ocrx_word' id='word_1_268' title='bbox 3610 974 3796 1042; x_wconf 74' lang='grc' dir='ltr'>τεκμνξ.</span> 
     </span>
    </p>
   </div>
   <div class='ocr_carea' id='block_1_41' title="bbox 2156 1049 3794 1130">
    <p class='ocr_par' dir='ltr' id='par_1_41' title="bbox 2156 1049 3794 1130">
     <span class='ocr_line' id='line_1_41' title="bbox 2156 1049 3794 1130; baseline 0.004 -23"><span class='ocrx_word' id='word_1_269' title='bbox 2156 1073 2244 1130; x_wconf 86' lang='grc' dir='ltr'><strong>ρια</strong></span> <span class='ocrx_word' id='word_1_270' title='bbox 2271 1059 2372 1122; x_wconf 79' lang='grc' dir='ltr'><strong>τῆς</strong></span> <span class='ocrx_word' id='word_1_271' title='bbox 2400 1072 2457 1107; x_wconf 81' lang='grc' dir='ltr'><strong>τε</strong></span> <span class='ocrx_word' id='word_1_272' title='bbox 2486 1055 2584 1108; x_wconf 76' lang='grc' dir='ltr'><strong>τοῦ</strong></span> <span class='ocrx_word' id='word_1_273' title='bbox 2613 1049 2810 1126; x_wconf 79' lang='grc' dir='ltr'>ἀνδρὸς</span> <span class='ocrx_word' id='word_1_274' title='bbox 2843 1049 3084 1115; x_wconf 76' lang='grc' dir='ltr'>διανοίας</span> <span class='ocrx_word' id='word_1_275' title='bbox 3130 1053 3219 1108; x_wconf 74' lang='grc' dir='ltr'>καὶ</span> <span class='ocrx_word' id='word_1_276' title='bbox 3277 1061 3379 1125; x_wconf 75' lang='grc' dir='ltr'>τῆς</span> <span class='ocrx_word' id='word_1_277' title='bbox 3425 1055 3794 1128; x_wconf 71' lang='grc' dir='ltr'>ἀποστολικῆς</span> 
     </span>
    </p>
   </div>
   <div class='ocr_carea' id='block_1_42' title="bbox 2159 1141 3795 1220">
    <p class='ocr_par' dir='ltr' id='par_1_42' title="bbox 2159 1141 3795 1220">
     <span class='ocr_line' id='line_1_42' title="bbox 2159 1141 3795 1220; baseline 0.007 -24"><span class='ocrx_word' id='word_1_278' title='bbox 2159 1141 2515 1216; x_wconf 80' lang='grc' dir='ltr'>ὀρθοτομίας.</span> <span class='ocrx_word' id='word_1_279' title='bbox 2563 1162 2586 1190; x_wconf 76' lang='grc' dir='ltr'><strong>α</strong></span> <span class='ocrx_word' id='word_1_280' title='bbox 2617 1143 2820 1199; x_wconf 82' lang='lat' dir='ltr'><strong>Exstat</strong></span> <span class='ocrx_word' id='word_1_281' title='bbox 2849 1143 3144 1215; x_wconf 90' lang='lat' dir='ltr'><strong>hodieque</strong></span> <span class='ocrx_word' id='word_1_282' title='bbox 3178 1145 3335 1217; x_wconf 89' lang='lat' dir='ltr'><strong>apud</strong></span> <span class='ocrx_word' id='word_1_283' title='bbox 3384 1147 3710 1220; x_wconf 89' lang='lat' dir='ltr'><strong>plerosque</strong></span> <span class='ocrx_word' id='word_1_284' title='bbox 3737 1169 3795 1206; x_wconf 77' lang='lat' dir='ltr'><strong>ex</strong></span> 
     </span>
    </p>
   </div>
   <div class='ocr_carea' id='block_1_43' title="bbox 2157 1232 3795 1304">
    <p class='ocr_par' dir='ltr' id='par_1_43' title="bbox 2157 1232 3795 1304">
     <span class='ocr_line' id='line_1_43' title="bbox 2157 1232 3795 1304; baseline 0.005 -16"><span class='ocrx_word' id='word_1_285' title='bbox 2157 1233 2438 1288; x_wconf 80' lang='lat' dir='ltr'><strong>fratribus</strong></span> <span class='ocrx_word' id='word_1_286' title='bbox 2463 1233 2588 1288; x_wconf 63' lang='lat' dir='ltr'><strong>haec</strong></span> <span class='ocrx_word' id='word_1_287' title='bbox 2619 1232 2832 1298; x_wconf 86' lang='lat' dir='ltr'><strong>oratio,</strong></span> <span class='ocrx_word' id='word_1_288' title='bbox 2863 1249 3042 1304; x_wconf 87' lang='lat' dir='ltr'><strong>quam</strong></span> <span class='ocrx_word' id='word_1_289' title='bbox 3086 1250 3194 1288; x_wconf 90' lang='lat' dir='ltr'><strong>nos</strong></span> <span class='ocrx_word' id='word_1_290' title='bbox 3245 1235 3419 1291; x_wconf 89' lang='lat' dir='ltr'><strong>etiam</strong></span> <span class='ocrx_word' id='word_1_291' title='bbox 3473 1238 3795 1299; x_wconf 86' lang='lat' dir='ltr'><strong>habemus:</strong></span> 
     </span>
    </p>
   </div>
   <div class='ocr_carea' id='block_1_44' title="bbox 2155 1319 3796 1398">
    <p class='ocr_par' dir='ltr' id='par_1_44' title="bbox 2155 1319 3796 1398">
     <span class='ocr_line' id='line_1_44' title="bbox 2155 1319 3796 1398; baseline 0.005 -23"><span class='ocrx_word' id='word_1_292' title='bbox 2155 1338 2224 1376; x_wconf 85' lang='lat' dir='ltr'><strong>ex</strong></span> <span class='ocrx_word' id='word_1_293' title='bbox 2261 1335 2379 1393; x_wconf 88' lang='lat' dir='ltr'><strong>qua</strong></span> <span class='ocrx_word' id='word_1_294' title='bbox 2399 1325 2459 1376; x_wconf 89' lang='lat' dir='ltr'><strong>et</strong></span> <span class='ocrx_word' id='word_1_295' title='bbox 2479 1320 2780 1391; x_wconf 81' lang='lat' dir='ltr'><strong>ingenium</strong></span> <span class='ocrx_word' id='word_1_296' title='bbox 2804 1319 2966 1376; x_wconf 91' lang='lat' dir='ltr'><strong>illius</strong></span> <span class='ocrx_word' id='word_1_297' title='bbox 2996 1321 3124 1390; x_wconf 89' lang='lat' dir='ltr'><strong>viri,</strong></span> <span class='ocrx_word' id='word_1_298' title='bbox 3145 1325 3203 1376; x_wconf 90' lang='lat' dir='ltr'><strong>et</strong></span> <span class='ocrx_word' id='word_1_299' title='bbox 3216 1328 3438 1378; x_wconf 88' lang='lat' dir='ltr'><strong>rectam</strong></span> <span class='ocrx_word' id='word_1_300' title='bbox 3467 1329 3796 1398; x_wconf 65' lang='lat' dir='ltr'><strong>apostolica</strong></span> 
     </span>
    </p>
   </div>
   <div class='ocr_carea' id='block_1_45' title="bbox 2157 1409 3797 1484">
    <p class='ocr_par' dir='ltr' id='par_1_45' title="bbox 2157 1409 3797 1484">
     <span class='ocr_line' id='line_1_45' title="bbox 2157 1409 3797 1484; baseline 0.005 -19"><span class='ocrx_word' id='word_1_301' title='bbox 2157 1410 2294 1466; x_wconf 80' lang='lat' dir='ltr'><strong>ﬁdei</strong></span> <span class='ocrx_word' id='word_1_302' title='bbox 2326 1409 2657 1464; x_wconf 88' lang='lat' dir='ltr'><strong>doctrinam</strong></span> <span class='ocrx_word' id='word_1_303' title='bbox 2689 1411 3000 1482; x_wconf 89' lang='lat' dir='ltr'><strong>perspicue</strong></span> <span class='ocrx_word' id='word_1_304' title='bbox 3031 1426 3388 1484; x_wconf 80' lang='lat' dir='ltr'><strong>cognoscere</strong></span> <span class='ocrx_word' id='word_1_305' title='bbox 3417 1413 3583 1471; x_wconf 88' lang='lat' dir='ltr'><strong>licet.</strong></span> <span class='ocrx_word' id='word_1_306' title='bbox 3623 1439 3650 1466; x_wconf 69' lang='grc' dir='ltr'>ιι</span> <span class='ocrx_word' id='word_1_307' title='bbox 3698 1419 3797 1473; x_wconf 70' lang='lat' dir='ltr'><strong>Sed</strong></span> 
     </span>
    </p>
   </div>
   <div class='ocr_carea' id='block_1_46' title="bbox 2155 1498 3798 1578">
    <p class='ocr_par' dir='ltr' id='par_1_46' title="bbox 2155 1498 3798 1578">
     <span class='ocr_line' id='line_1_46' title="bbox 2155 1498 3798 1578; baseline 0.006 -24"><span class='ocrx_word' id='word_1_308' title='bbox 2155 1499 2333 1572; x_wconf 90' lang='lat' dir='ltr'><strong>periit</strong></span> <span class='ocrx_word' id='word_1_309' title='bbox 2362 1498 2551 1556; x_wconf 87' lang='lat' dir='ltr'><strong>eheu!</strong></span> <span class='ocrx_word' id='word_1_310' title='bbox 2587 1499 2883 1573; x_wconf 87' lang='lat' dir='ltr'><strong>egregium</strong></span> <span class='ocrx_word' id='word_1_311' title='bbox 2911 1499 3070 1554; x_wconf 90' lang='lat' dir='ltr'><strong>istud</strong></span> <span class='ocrx_word' id='word_1_312' title='bbox 3123 1499 3485 1574; x_wconf 75' lang='grc' dir='ltr'>σύγγραμμα,</span> <span class='ocrx_word' id='word_1_313' title='bbox 3535 1505 3798 1578; x_wconf 87' lang='lat' dir='ltr'><strong>nihilque</strong></span> 
     </span>
    </p>
   </div>
   <div class='ocr_carea' id='block_1_47' title="bbox 2159 1589 3798 1667">
    <p class='ocr_par' dir='ltr' id='par_1_47' title="bbox 2159 1589 3798 1667">
     <span class='ocr_line' id='line_1_47' title="bbox 2159 1589 3798 1667; baseline 0.006 -22"><span class='ocrx_word' id='word_1_314' title='bbox 2159 1590 2288 1662; x_wconf 85' lang='lat' dir='ltr'><strong>ejus</strong></span> <span class='ocrx_word' id='word_1_315' title='bbox 2307 1593 2577 1662; x_wconf 84' lang='lat' dir='ltr'><strong>superest</strong></span> <span class='ocrx_word' id='word_1_316' title='bbox 2601 1595 2822 1662; x_wconf 73' lang='lat' dir='ltr'><strong>praeter</strong></span> <span class='ocrx_word' id='word_1_317' title='bbox 2835 1589 3523 1660; x_wconf 88' lang='lat' dir='ltr'><strong>unicum,brevissimum</strong></span> <span class='ocrx_word' id='word_1_318' title='bbox 3541 1597 3798 1667; x_wconf 87' lang='lat' dir='ltr'><strong>quidem,</strong></span> 
     </span>
    </p>
   </div>
   <div class='ocr_carea' id='block_1_48' title="bbox 2155 1679 3804 1753">
    <p class='ocr_par' dir='ltr' id='par_1_48' title="bbox 2155 1679 3804 1753">
     <span class='ocr_line' id='line_1_48' title="bbox 2155 1679 3804 1753; baseline 0.005 -17"><span class='ocrx_word' id='word_1_319' title='bbox 2155 1686 2216 1736; x_wconf 90' lang='lat' dir='ltr'><strong>at</strong></span> <span class='ocrx_word' id='word_1_320' title='bbox 2241 1680 2442 1736; x_wconf 91' lang='lat' dir='ltr'><strong>nobile</strong></span> <span class='ocrx_word' id='word_1_321' title='bbox 2473 1681 2868 1753; x_wconf 81' lang='lat' dir='ltr'><strong>fragmentum</strong></span> <span class='ocrx_word' id='word_1_322' title='bbox 2895 1679 3054 1752; x_wconf 88' lang='lat' dir='ltr'><strong>quod</strong></span> <span class='ocrx_word' id='word_1_323' title='bbox 3085 1680 3258 1736; x_wconf 88' lang='lat' dir='ltr'><strong>nobis</strong></span> <span class='ocrx_word' id='word_1_324' title='bbox 3296 1689 3677 1742; x_wconf 75' lang='lat' dir='ltr'><strong>conservavit</strong></span> <span class='ocrx_word' id='word_1_325' title='bbox 3703 1690 3804 1744; x_wconf 87' lang='lat' dir='ltr'><strong>Eu-</strong></span> 
     </span>
    </p>
   </div>
   <div class='ocr_carea' id='block_1_49' title="bbox 2162 1768 3805 1840">
    <p class='ocr_par' dir='ltr' id='par_1_49' title="bbox 2162 1768 3805 1840">
     <span class='ocr_line' id='line_1_49' title="bbox 2162 1768 3805 1840; baseline 0.004 -14"><span class='ocrx_word' id='word_1_326' title='bbox 2162 1769 2380 1826; x_wconf 88' lang='lat' dir='ltr'><strong>sebius.</strong></span> <span class='ocrx_word' id='word_1_327' title='bbox 2415 1768 2592 1825; x_wconf 82' lang='lat' dir='ltr'><strong>Plura</strong></span> <span class='ocrx_word' id='word_1_328' title='bbox 2612 1768 2916 1837; x_wconf 84' lang='lat' dir='ltr'><strong>darentur,</strong></span> <span class='ocrx_word' id='word_1_329' title='bbox 2937 1769 2984 1824; x_wconf 92' lang='lat' dir='ltr'><strong>si</strong></span> <span class='ocrx_word' id='word_1_330' title='bbox 3017 1770 3366 1840; x_wconf 83' lang='lat' dir='ltr'><strong>superstites</strong></span> <span class='ocrx_word' id='word_1_331' title='bbox 3387 1773 3592 1830; x_wconf 89' lang='lat' dir='ltr'><strong>adhuc</strong></span> <span class='ocrx_word' id='word_1_332' title='bbox 3619 1785 3805 1832; x_wconf 86' lang='lat' dir='ltr'><strong>essent</strong></span> 
     </span>
    </p>
   </div>
   <div class='ocr_carea' id='block_1_50' title="bbox 2156 1857 3803 1932">
    <p class='ocr_par' dir='ltr' id='par_1_50' title="bbox 2156 1857 3803 1932">
     <span class='ocr_line' id='line_1_50' title="bbox 2156 1857 3803 1932; baseline 0.005 -18"><span class='ocrx_word' id='word_1_333' title='bbox 2156 1858 2402 1914; x_wconf 86' lang='lat' dir='ltr'><strong>alterius</strong></span> <span class='ocrx_word' id='word_1_334' title='bbox 2431 1857 2671 1912; x_wconf 80' lang='lat' dir='ltr'><strong>Eusebii</strong></span> <span class='ocrx_word' id='word_1_335' title='bbox 2728 1857 2940 1913; x_wconf 71' lang='lat' dir='ltr'><strong>saeculo</strong></span> <span class='ocrx_word' id='word_1_336' title='bbox 2994 1874 3051 1912; x_wconf 81' lang='grc' dir='ltr'><strong>νι</strong></span> <span class='ocrx_word' id='word_1_337' title='bbox 3110 1859 3370 1932; x_wconf 88' lang='lat' dir='ltr'><strong>episcopi</strong></span> <span class='ocrx_word' id='word_1_338' title='bbox 3428 1863 3803 1922; x_wconf 77' lang='lat' dir='ltr'><strong>Thessaloni-</strong></span> 
     </span>
    </p>
   </div>
   <div class='ocr_carea' id='block_1_51' title="bbox 2149 1945 3802 2028">
    <p class='ocr_par' dir='ltr' id='par_1_51' title="bbox 2149 1945 3802 2028">
     <span class='ocr_line' id='line_1_51' title="bbox 2149 1945 3802 2028; baseline 0.005 -25"><span class='ocrx_word' id='word_1_339' title='bbox 2149 1946 2348 2004; x_wconf 90' lang='lat' dir='ltr'><strong>censis</strong></span> <span class='ocrx_word' id='word_1_340' title='bbox 2378 1945 2516 2000; x_wconf 88' lang='lat' dir='ltr'><strong>libri</strong></span> <span class='ocrx_word' id='word_1_341' title='bbox 2553 1949 2620 2000; x_wconf 89' lang='grc'>10</span> <span class='ocrx_word' id='word_1_342' title='bbox 2644 1953 2838 2002; x_wconf 85' lang='lat' dir='ltr'><strong>contra</strong></span> <span class='ocrx_word' id='word_1_343' title='bbox 2873 1947 3148 2003; x_wconf 79' lang='lat' dir='ltr'><strong>Andream</strong></span> <span class='ocrx_word' id='word_1_344' title='bbox 3192 1951 3520 2007; x_wconf 79' lang='lat' dir='ltr'><strong>monac/mm</strong></span> <span class='ocrx_word' id='word_1_345' title='bbox 3543 1971 3570 2020; x_wconf 85' lang='lat'><strong><em>;</em></strong></span> <span class='ocrx_word' id='word_1_346' title='bbox 3614 1961 3802 2028; x_wconf 80' lang='lat' dir='ltr'><strong>utpote</strong></span> 
     </span>
    </p>
   </div>
   <div class='ocr_carea' id='block_1_52' title="bbox 2148 2035 3801 2115">
    <p class='ocr_par' dir='ltr' id='par_1_52' title="bbox 2148 2035 3801 2115">
     <span class='ocr_line' id='line_1_52' title="bbox 2148 2035 3801 2115; baseline 0.005 -23"><span class='ocrx_word' id='word_1_347' title='bbox 2148 2053 2328 2109; x_wconf 91' lang='lat' dir='ltr'><strong>quem</strong></span> <span class='ocrx_word' id='word_1_348' title='bbox 2362 2035 2696 2092; x_wconf 86' lang='lat' dir='ltr'><strong>adversario</strong></span> <span class='ocrx_word' id='word_1_349' title='bbox 2727 2052 2834 2092; x_wconf 91' lang='lat' dir='ltr'><strong>suo</strong></span> <span class='ocrx_word' id='word_1_350' title='bbox 2877 2036 3158 2102; x_wconf 87' lang='lat' dir='ltr'><strong>Quadrati</strong></span> <span class='ocrx_word' id='word_1_351' title='bbox 3205 2038 3383 2096; x_wconf 84' lang='lat' dir='ltr'><strong>verba</strong></span> <span class='ocrx_word' id='word_1_352' title='bbox 3433 2046 3801 2115; x_wconf 84' lang='lat' dir='ltr'><strong>opposuisse.</strong></span> 
     </span>
    </p>
   </div>
   <div class='ocr_carea' id='block_1_53' title="bbox 2156 2125 3148 2199">
    <p class='ocr_par' dir='ltr' id='par_1_53' title="bbox 2156 2125 3148 2199">
     <span class='ocr_line' id='line_1_53' title="bbox 2156 2125 3148 2199; baseline 0.001 -17"><span class='ocrx_word' id='word_1_353' title='bbox 2156 2141 2432 2199; x_wconf 84' lang='lat' dir='ltr'><strong>expresse</strong></span> <span class='ocrx_word' id='word_1_354' title='bbox 2465 2128 2717 2181; x_wconf 87' lang='lat' dir='ltr'><strong>testatur</strong></span> <span class='ocrx_word' id='word_1_355' title='bbox 2743 2125 2990 2180; x_wconf 90' lang='lat' dir='ltr'><strong>Photius</strong></span> <span class='ocrx_word' id='word_1_356' title='bbox 3019 2127 3148 2190; x_wconf 84' lang='grc'>(10).</span> 
     </span>
    </p>
   </div>
   <div class='ocr_carea' id='block_1_54' title="bbox 2223 2215 3800 2288">
    <p class='ocr_par' dir='ltr' id='par_1_54' title="bbox 2223 2215 3800 2288">
     <span class='ocr_line' id='line_1_54' title="bbox 2223 2215 3800 2288; baseline 0.007 -18"><span class='ocrx_word' id='word_1_357' title='bbox 2223 2217 2317 2272; x_wconf 92' lang='lat' dir='ltr'><strong>llI.</strong></span> <span class='ocrx_word' id='word_1_358' title='bbox 2385 2215 2549 2270; x_wconf 88' lang='lat' dir='ltr'><strong>Hanc</strong></span> <span class='ocrx_word' id='word_1_359' title='bbox 2603 2229 2738 2269; x_wconf 91' lang='lat' dir='ltr'><strong>vero</strong></span> <span class='ocrx_word' id='word_1_360' title='bbox 2796 2217 3118 2286; x_wconf 83' lang='lat' dir='ltr'><strong>Apologiam</strong></span> <span class='ocrx_word' id='word_1_361' title='bbox 3193 2217 3412 2276; x_wconf 83' lang='lat' dir='ltr'><strong>obtulit</strong></span> <span class='ocrx_word' id='word_1_362' title='bbox 3469 2223 3800 2288; x_wconf 83' lang='lat' dir='ltr'><strong>Quadratus</strong></span> 
     </span>
    </p>
   </div>
   <div class='ocr_carea' id='block_1_55' title="bbox 2147 2305 3800 2380">
    <p class='ocr_par' dir='ltr' id='par_1_55' title="bbox 2147 2305 3800 2380">
     <span class='ocr_line' id='line_1_55' title="bbox 2147 2305 3800 2380; baseline 0.005 -20"><span class='ocrx_word' id='word_1_363' title='bbox 2147 2305 2406 2362; x_wconf 87' lang='lat' dir='ltr'><strong>Adriano</strong></span> <span class='ocrx_word' id='word_1_364' title='bbox 2439 2307 2724 2376; x_wconf 86' lang='lat' dir='ltr'><strong>Augusto,</strong></span> <span class='ocrx_word' id='word_1_365' title='bbox 2757 2321 2890 2361; x_wconf 89' lang='lat' dir='ltr'><strong>cum</strong></span> <span class='ocrx_word' id='word_1_366' title='bbox 2921 2312 3212 2378; x_wconf 62' lang='lat' dir='ltr'><strong>provectas</strong></span> <span class='ocrx_word' id='word_1_367' title='bbox 3235 2307 3364 2380; x_wconf 89' lang='lat' dir='ltr'><strong>jam</strong></span> <span class='ocrx_word' id='word_1_368' title='bbox 3395 2315 3564 2366; x_wconf 88' lang='lat' dir='ltr'><strong>esset</strong></span> <span class='ocrx_word' id='word_1_369' title='bbox 3593 2313 3800 2368; x_wconf 65' lang='lat' dir='ltr'><strong>aetatis.</strong></span> 
     </span>
    </p>
   </div>
   <div class='ocr_carea' id='block_1_56' title="bbox 2147 2395 3803 2470">
    <p class='ocr_par' dir='ltr' id='par_1_56' title="bbox 2147 2395 3803 2470">
     <span class='ocr_line' id='line_1_56' title="bbox 2147 2395 3803 2470; baseline 0.005 -21"><span class='ocrx_word' id='word_1_370' title='bbox 2147 2397 2215 2450; x_wconf 87' lang='lat' dir='ltr'><strong>In</strong></span> <span class='ocrx_word' id='word_1_371' title='bbox 2245 2412 2316 2450; x_wconf 90' lang='lat' dir='ltr'><strong>ea</strong></span> <span class='ocrx_word' id='word_1_372' title='bbox 2337 2395 2657 2466; x_wconf 90' lang='lat' dir='ltr'><strong>siquidem,</strong></span> <span class='ocrx_word' id='word_1_373' title='bbox 2689 2395 2886 2467; x_wconf 89' lang='lat' dir='ltr'><strong>inquit</strong></span> <span class='ocrx_word' id='word_1_374' title='bbox 2912 2395 3200 2452; x_wconf 88' lang='lat' dir='ltr'><strong>Eusebius</strong></span> <span class='ocrx_word' id='word_1_375' title='bbox 3241 2399 3369 2468; x_wconf 83' lang='lat' dir='ltr'><strong>(tl),</strong></span> <span class='ocrx_word' id='word_1_376' title='bbox 3391 2401 3632 2470; x_wconf 79' lang='lat' dir='ltr'><strong>ipsemet</strong></span> <span class='ocrx_word' id='word_1_377' title='bbox 3660 2407 3803 2460; x_wconf 81' lang='lat' dir='ltr'><strong>anti-</strong></span> 
     </span>
    </p>
   </div>
   <div class='ocr_carea' id='block_1_57' title="bbox 2144 2483 3802 2560">
    <p class='ocr_par' dir='ltr' id='par_1_57' title="bbox 2144 2483 3802 2560">
     <span class='ocr_line' id='line_1_57' title="bbox 2144 2483 3802 2560; baseline 0.004 -21"><span class='ocrx_word' id='word_1_378' title='bbox 2144 2487 2413 2556; x_wconf 80' lang='lat' dir='ltr'><strong>quitatem</strong></span> <span class='ocrx_word' id='word_1_379' title='bbox 2442 2501 2599 2540; x_wconf 87' lang='lat' dir='ltr'><strong>suam</strong></span> <span class='ocrx_word' id='word_1_380' title='bbox 2636 2487 2768 2542; x_wconf 88' lang='lat' dir='ltr'><strong>satis</strong></span> <span class='ocrx_word' id='word_1_381' title='bbox 2814 2486 3044 2558; x_wconf 81' lang='lat' dir='ltr'><strong>prodit:</strong></span> <span class='ocrx_word' id='word_1_382' title='bbox 3101 2486 3163 2542; x_wconf 91' lang='grc' dir='ltr'>Ὁ</span> <span class='ocrx_word' id='word_1_383' title='bbox 3217 2483 3262 2540; x_wconf 86' lang='grc' dir='ltr'>δ’</span> <span class='ocrx_word' id='word_1_384' title='bbox 3300 2485 3464 2552; x_wconf 74' lang='grc' dir='ltr'>αὓτὸς</span> <span class='ocrx_word' id='word_1_385' title='bbox 3526 2492 3634 2560; x_wconf 80' lang='grc' dir='ltr'>τήν</span> <span class='ocrx_word' id='word_1_386' title='bbox 3693 2497 3802 2558; x_wconf 64' lang='grc' dir='ltr'><strong>καθ’</strong></span> 
     </span>
    </p>
   </div>
   <div class='ocr_carea' id='block_1_58' title="bbox 2152 2570 3802 2651">
    <p class='ocr_par' dir='ltr' id='par_1_58' title="bbox 2152 2570 3802 2651">
     <span class='ocr_line' id='line_1_58' title="bbox 2152 2570 3802 2651; baseline 0.008 -24"><span class='ocrx_word' id='word_1_387' title='bbox 2152 2572 2338 2627; x_wconf 82' lang='grc' dir='ltr'>ἑαυτὸν</span> <span class='ocrx_word' id='word_1_388' title='bbox 2373 2570 2717 2650; x_wconf 78' lang='grc' dir='ltr'>ἀρχαιότητα</span> <span class='ocrx_word' id='word_1_389' title='bbox 2745 2573 3090 2651; x_wconf 67' lang='grc' dir='ltr'>παραφαίνει.</span> <span class='ocrx_word' id='word_1_390' title='bbox 3119 2577 3244 2642; x_wconf 85' lang='lat' dir='ltr'><strong>Qua</strong></span> <span class='ocrx_word' id='word_1_391' title='bbox 3284 2577 3358 2634; x_wconf 88' lang='lat' dir='ltr'><strong>de</strong></span> <span class='ocrx_word' id='word_1_392' title='bbox 3411 2596 3478 2635; x_wconf 86' lang='lat' dir='ltr'><strong>re</strong></span> <span class='ocrx_word' id='word_1_393' title='bbox 3538 2581 3606 2638; x_wconf 87' lang='lat' dir='ltr'><strong>in</strong></span> <span class='ocrx_word' id='word_1_394' title='bbox 3655 2585 3802 2640; x_wconf 66' lang='lat' dir='ltr'><strong>Gra-</strong></span> 
     </span>
    </p>
   </div>
   <div class='ocr_carea' id='block_1_59' title="bbox 2152 2661 3806 2730">
    <p class='ocr_par' dir='ltr' id='par_1_59' title="bbox 2152 2661 3806 2730">
     <span class='ocr_line' id='line_1_59' title="bbox 2152 2661 3806 2730; baseline 0.007 -12"><span class='ocrx_word' id='word_1_395' title='bbox 2152 2663 2238 2719; x_wconf 92' lang='lat' dir='ltr'><strong>cis</strong></span> <span class='ocrx_word' id='word_1_396' title='bbox 2267 2661 2523 2719; x_wconf 73' lang='lat' dir='ltr'><strong>Chronici</strong></span> <span class='ocrx_word' id='word_1_397' title='bbox 2551 2663 2866 2720; x_wconf 90' lang='lat' dir='ltr'><strong>Eusebiani</strong></span> <span class='ocrx_word' id='word_1_398' title='bbox 2897 2665 2972 2720; x_wconf 89' lang='lat' dir='ltr'><strong>ad</strong></span> <span class='ocrx_word' id='word_1_399' title='bbox 3001 2681 3225 2722; x_wconf 88' lang='lat' dir='ltr'><strong>annum</strong></span> <span class='ocrx_word' id='word_1_400' title='bbox 3254 2667 3507 2725; x_wconf 89' lang='lat' dir='ltr'><strong>Adriani</strong></span> <span class='ocrx_word' id='word_1_401' title='bbox 3573 2675 3642 2727; x_wconf 89' lang='grc' dir='ltr'><strong>1ο</strong></span> <span class='ocrx_word' id='word_1_402' title='bbox 3693 2675 3806 2730; x_wconf 69' lang='lat' dir='ltr'><strong>haec</strong></span> 
     </span>
    </p>
   </div>
   <div class='ocr_carea' id='block_1_60' title="bbox 2153 2748 3805 2828">
    <p class='ocr_par' dir='ltr' id='par_1_60' title="bbox 2153 2748 3805 2828">
     <span class='ocr_line' id='line_1_60' title="bbox 2153 2748 3805 2828; baseline 0.005 -21"><span class='ocrx_word' id='word_1_403' title='bbox 2153 2753 2436 2825; x_wconf 86' lang='lat' dir='ltr'><strong>leguntur</strong></span> <span class='ocrx_word' id='word_1_404' title='bbox 2492 2752 2642 2815; x_wconf 82' lang='lat' dir='ltr'><strong>(l2):</strong></span> <span class='ocrx_word' id='word_1_405' title='bbox 2691 2748 3046 2828; x_wconf 79' lang='grc' dir='ltr'>Κουαδρᾶτος</span> <span class='ocrx_word' id='word_1_406' title='bbox 3077 2753 3106 2808; x_wconf 83' lang='grc' dir='ltr'>ὁ</span> <span class='ocrx_word' id='word_1_407' title='bbox 3137 2753 3282 2828; x_wconf 78' lang='grc' dir='ltr'>ἱερὸς</span> <span class='ocrx_word' id='word_1_408' title='bbox 3329 2760 3440 2811; x_wconf 80' lang='grc' dir='ltr'><strong>τῶν</strong></span> <span class='ocrx_word' id='word_1_409' title='bbox 3475 2757 3805 2818; x_wconf 73' lang='grc' dir='ltr'>ἀποστόλων</span> 
     </span>
    </p>
   </div>
   <div class='ocr_carea' id='block_1_61' title="bbox 2146 2837 3805 2926">
    <p class='ocr_par' dir='ltr' id='par_1_61' title="bbox 2146 2837 3805 2926">
     <span class='ocr_line' id='line_1_61' title="bbox 2146 2837 3805 2926; baseline 0.004 -31"><span class='ocrx_word' id='word_1_410' title='bbox 2146 2840 2440 2926; x_wconf 57' lang='grc' dir='ltr'>ἀκουστὴς,</span> <span class='ocrx_word' id='word_1_411' title='bbox 2481 2837 2667 2926; x_wconf 64' lang='grc' dir='ltr'>ᾼῗλίῳ</span> <span class='ocrx_word' id='word_1_412' title='bbox 2724 2837 2996 2916; x_wconf 83' lang='grc' dir='ltr'>Ἀδριανῷ</span> <span class='ocrx_word' id='word_1_413' title='bbox 3049 2847 3129 2915; x_wconf 80' lang='grc' dir='ltr'><strong>τῷ</strong></span> <span class='ocrx_word' id='word_1_414' title='bbox 3185 2843 3552 2920; x_wconf 72' lang='grc' dir='ltr'>αὐτοκράτορι</span> <span class='ocrx_word' id='word_1_415' title='bbox 3606 2849 3805 2926; x_wconf 60' lang='grc' dir='ltr'>λόγους</span> 
     </span>
    </p>
   </div>
   <div class='ocr_carea' id='block_1_62' title="bbox 2145 2923 3809 3007">
    <p class='ocr_par' dir='ltr' id='par_1_62' title="bbox 2145 2923 3809 3007">
     <span class='ocr_line' id='line_1_62' title="bbox 2145 2923 3809 3007; baseline 0 -27"><span class='ocrx_word' id='word_1_416' title='bbox 2145 2923 2449 2999; x_wconf 70' lang='grc' dir='ltr'>ἀπολογίας</span> <span class='ocrx_word' id='word_1_417' title='bbox 2507 2924 2640 2999; x_wconf 74' lang='grc' dir='ltr'>ὑπὲρ</span> <span class='ocrx_word' id='word_1_418' title='bbox 2685 2927 3046 3001; x_wconf 77' lang='grc' dir='ltr'>Χριστιανῶν,</span> <span class='ocrx_word' id='word_1_419' title='bbox 3099 2926 3189 2982; x_wconf 78' lang='grc' dir='ltr'>καὶ</span> <span class='ocrx_word' id='word_1_420' title='bbox 3249 2929 3598 3004; x_wconf 71' lang='grc' dir='ltr'>Ἀριστείδης</span> <span class='ocrx_word' id='word_1_421' title='bbox 3659 2923 3809 3007; x_wconf 67' lang='grc' dir='ltr'>Ἀθη.</span> 
     </span>
    </p>
   </div>
   <div class='ocr_carea' id='block_1_63' title="bbox 2145 3011 3803 3096">
    <p class='ocr_par' dir='ltr' id='par_1_63' title="bbox 2145 3011 3803 3096">
     <span class='ocr_line' id='line_1_63' title="bbox 2145 3011 3803 3096; baseline 0.005 -28"><span class='ocrx_word' id='word_1_422' title='bbox 2145 3019 2295 3074; x_wconf 81' lang='grc' dir='ltr'>ναῖος</span> <span class='ocrx_word' id='word_1_423' title='bbox 2347 3013 2375 3068; x_wconf 86' lang='grc' dir='ltr'>ὁ</span> <span class='ocrx_word' id='word_1_424' title='bbox 2428 3011 2733 3092; x_wconf 71' lang='grc' dir='ltr'>φιλόσοφος</span> <span class='ocrx_word' id='word_1_425' title='bbox 2799 3011 3092 3073; x_wconf 82' lang='grc' dir='ltr'>ἐπέδωκαν.</span> <span class='ocrx_word' id='word_1_426' title='bbox 3177 3017 3352 3092; x_wconf 82' lang='grc' dir='ltr'>Ἀπερ</span> <span class='ocrx_word' id='word_1_427' title='bbox 3421 3017 3726 3096; x_wconf 77' lang='grc' dir='ltr'>δεξάμενος</span> <span class='ocrx_word' id='word_1_428' title='bbox 3781 3029 3803 3079; x_wconf 71' lang='grc' dir='ltr'><strong>ὁ</strong></span> 
     </span>
    </p>
   </div>
   <div class='ocr_carea' id='block_1_64' title="bbox 2149 3101 3800 3190">
    <p class='ocr_par' dir='ltr' id='par_1_64' title="bbox 2149 3101 3800 3190">
     <span class='ocr_line' id='line_1_64' title="bbox 2149 3101 3800 3190; baseline 0.007 -33"><span class='ocrx_word' id='word_1_429' title='bbox 2149 3107 2351 3176; x_wconf 80' lang='grc' dir='ltr'>Καῖσαρ</span> <span class='ocrx_word' id='word_1_430' title='bbox 2385 3101 2478 3157; x_wconf 74' lang='grc' dir='ltr'><strong>σὺν</strong></span> <span class='ocrx_word' id='word_1_431' title='bbox 2509 3109 2628 3167; x_wconf 83' lang='grc' dir='ltr'>τοῖς</span> <span class='ocrx_word' id='word_1_432' title='bbox 2673 3103 2819 3179; x_wconf 77' lang='grc' dir='ltr'>παρὰ</span> <span class='ocrx_word' id='word_1_433' title='bbox 2879 3103 3130 3179; x_wconf 78' lang='grc' dir='ltr'>Σερενίου</span> <span class='ocrx_word' id='word_1_434' title='bbox 3189 3111 3480 3181; x_wconf 72' lang='grc' dir='ltr'>Γρανιανοῦ</span> <span class='ocrx_word' id='word_1_435' title='bbox 3543 3109 3800 3190; x_wconf 64' lang='grc' dir='ltr'>λαμπροο</span> 
     </span>
    </p>
   </div>
   <div class='ocr_carea' id='block_1_65' title="bbox 388 3183 2021 3279">
    <p class='ocr_par' dir='ltr' id='par_1_65' title="bbox 388 3193 2021 3269">
     <span class='ocr_line' id='line_1_65' title="bbox 388 3193 2021 3269; baseline -0.002 -17"><span class='ocrx_word' id='word_1_436' title='bbox 388 3197 670 3269; x_wconf 88' lang='lat' dir='ltr'><strong>scipulus,</strong></span> <span class='ocrx_word' id='word_1_437' title='bbox 701 3196 910 3252; x_wconf 90' lang='lat' dir='ltr'><strong>Publio</strong></span> <span class='ocrx_word' id='word_1_438' title='bbox 945 3197 1308 3250; x_wconf 87' lang='lat' dir='ltr'><strong>Athenarum</strong></span> <span class='ocrx_word' id='word_1_439' title='bbox 1356 3194 1634 3266; x_wconf 89' lang='lat' dir='ltr'><strong>episcopo</strong></span> <span class='ocrx_word' id='word_1_440' title='bbox 1687 3193 1760 3250; x_wconf 93' lang='lat' dir='ltr'><strong>ob</strong></span> <span class='ocrx_word' id='word_1_441' title='bbox 1813 3194 2021 3250; x_wconf 75' lang='lat' dir='ltr'><strong>Christi</strong></span> 
     </span>
    </p>
   </div>
   <div class='ocr_carea' id='block_1_66' title="bbox 2210 3183 3799 3279">
    <p class='ocr_par' dir='ltr' id='par_1_66' title="bbox 2210 3183 3799 3279">
     <span class='ocr_line' id='line_1_66' title="bbox 2210 3183 3799 3279; baseline 0.008 -33"><span class='ocrx_word' id='word_1_442' title='bbox 2210 3211 2312 3246; x_wconf 76' lang='grc' dir='ltr'>ιτου</span> <span class='ocrx_word' id='word_1_443' title='bbox 2346 3189 2680 3268; x_wconf 77' lang='grc' dir='ltr'>ήγουμέοου,</span> <span class='ocrx_word' id='word_1_444' title='bbox 2722 3191 2797 3253; x_wconf 86' lang='grc' dir='ltr'>ὠς</span> <span class='ocrx_word' id='word_1_445' title='bbox 2847 3189 3032 3248; x_wconf 74' lang='grc' dir='ltr'>ἄδικον</span> <span class='ocrx_word' id='word_1_446' title='bbox 3088 3193 3170 3266; x_wconf 68' lang='grc' dir='ltr'>εἴη</span> <span class='ocrx_word' id='word_1_447' title='bbox 3226 3183 3639 3272; x_wconf 32' lang='grc' dir='ltr'>γραψαμένου,-</span> <span class='ocrx_word' id='word_1_448' title='bbox 3671 3183 3799 3279; x_wconf 66' lang='grc' dir='ltr'>Χρι-</span> 
     </span>
    </p>
   </div>
   <div class='ocr_carea' id='block_1_67' title="bbox 390 3283 2042 3356">
    <p class='ocr_par' dir='ltr' id='par_1_67' title="bbox 390 3283 2042 3356">
     <span class='ocr_line' id='line_1_67' title="bbox 390 3283 2042 3356; baseline -0.002 -14"><span class='ocrx_word' id='word_1_449' title='bbox 390 3285 568 3342; x_wconf 83' lang='lat' dir='ltr'><strong>fidem</strong></span> <span class='ocrx_word' id='word_1_450' title='bbox 597 3286 880 3356; x_wconf 87' lang='lat' dir='ltr'><strong>martyrio</strong></span> <span class='ocrx_word' id='word_1_451' title='bbox 910 3290 1214 3351; x_wconf 89' lang='lat' dir='ltr'><strong>coronato,</strong></span> <span class='ocrx_word' id='word_1_452' title='bbox 1256 3283 1317 3338; x_wconf 91' lang='lat' dir='ltr'><strong>in</strong></span> <span class='ocrx_word' id='word_1_453' title='bbox 1347 3283 1546 3338; x_wconf 91' lang='lat' dir='ltr'><strong>locum</strong></span> <span class='ocrx_word' id='word_1_454' title='bbox 1578 3283 1708 3354; x_wconf 88' lang='lat' dir='ltr'><strong>ejus</strong></span> <span class='ocrx_word' id='word_1_455' title='bbox 1739 3283 2042 3338; x_wconf 86' lang='lat' dir='ltr'><strong>substitui-</strong></span> 
     </span>
    </p>
   </div>
   <div class='ocr_carea' id='block_1_68' title="bbox 388 3371 2042 3445">
    <p class='ocr_par' dir='ltr' id='par_1_68' title="bbox 388 3371 2042 3445">
     <span class='ocr_line' id='line_1_68' title="bbox 388 3371 2042 3445; baseline -0.001 -15"><span class='ocrx_word' id='word_1_456' title='bbox 388 3380 504 3442; x_wconf 85' lang='lat' dir='ltr'><strong>tur,</strong></span> <span class='ocrx_word' id='word_1_457' title='bbox 538 3379 598 3430; x_wconf 94' lang='lat' dir='ltr'><strong>et</strong></span> <span class='ocrx_word' id='word_1_458' title='bbox 624 3373 948 3431; x_wconf 86' lang='lat' dir='ltr'><strong>Ecclesiam</strong></span> <span class='ocrx_word' id='word_1_459' title='bbox 983 3372 1190 3445; x_wconf 80' lang='lat' dir='ltr'><strong>grandi</strong></span> <span class='ocrx_word' id='word_1_460' title='bbox 1221 3377 1446 3427; x_wconf 84' lang='lat' dir='ltr'><strong>terrore</strong></span> <span class='ocrx_word' id='word_1_461' title='bbox 1479 3371 1808 3444; x_wconf 89' lang='lat' dir='ltr'><strong>dispersam</strong></span> <span class='ocrx_word' id='word_1_462' title='bbox 1838 3372 1951 3428; x_wconf 77' lang='lat' dir='ltr'><strong>fide</strong></span> <span class='ocrx_word' id='word_1_463' title='bbox 1982 3379 2042 3429; x_wconf 89' lang='lat' dir='ltr'><strong>et</strong></span> 
     </span>
    </p>
   </div>
   <div class='ocr_carea' id='block_1_69' title="bbox 389 3461 2037 3534">
    <p class='ocr_par' dir='ltr' id='par_1_69' title="bbox 389 3461 2037 3534">
     <span class='ocr_line' id='line_1_69' title="bbox 389 3461 2037 3534; baseline 0.001 -18"><span class='ocrx_word' id='word_1_464' title='bbox 389 3462 684 3518; x_wconf 88' lang='lat' dir='ltr'><strong>industria</strong></span> <span class='ocrx_word' id='word_1_465' title='bbox 712 3479 818 3516; x_wconf 78' lang='lat' dir='ltr'><strong>sua</strong></span> <span class='ocrx_word' id='word_1_466' title='bbox 837 3467 1168 3534; x_wconf 80' lang='lat' dir='ltr'><strong>congregat.</strong></span> <span class='ocrx_word' id='word_1_467' title='bbox 1194 3462 1458 3532; x_wconf 88' lang='lat' dir='ltr'><strong>Cumque</strong></span> <span class='ocrx_word' id='word_1_468' title='bbox 1480 3461 1774 3518; x_wconf 88' lang='lat' dir='ltr'><strong>Adrianus</strong></span> <span class='ocrx_word' id='word_1_469' title='bbox 1790 3462 2037 3518; x_wconf 83' lang='lat' dir='ltr'><strong>Athenis</strong></span> 
     </span>
    </p>
   </div>
   <div class='ocr_carea' id='block_1_70' title="bbox 390 3551 2037 3624">
    <p class='ocr_par' dir='ltr' id='par_1_70' title="bbox 390 3551 2037 3624">
     <span class='ocr_line' id='line_1_70' title="bbox 390 3551 2037 3624; baseline 0.001 -18"><span class='ocrx_word' id='word_1_470' title='bbox 390 3551 682 3624; x_wconf 85' lang='lat' dir='ltr'><strong>exegisset</strong></span> <span class='ocrx_word' id='word_1_471' title='bbox 711 3551 993 3622; x_wconf 88' lang='lat' dir='ltr'><strong>hiemem,</strong></span> <span class='ocrx_word' id='word_1_472' title='bbox 1024 3551 1286 3606; x_wconf 83' lang='lat' dir='ltr'><strong>invisens</strong></span> <span class='ocrx_word' id='word_1_473' title='bbox 1305 3551 1585 3606; x_wconf 89' lang='lat' dir='ltr'><strong>Eleusina</strong></span> <span class='ocrx_word' id='word_1_474' title='bbox 1611 3569 1624 3620; x_wconf 88' lang='lat'><strong>;</strong></span> <span class='ocrx_word' id='word_1_475' title='bbox 1657 3555 1717 3608; x_wconf 90' lang='lat' dir='ltr'><strong>et</strong></span> <span class='ocrx_word' id='word_1_476' title='bbox 1759 3551 2037 3608; x_wconf 90' lang='lat' dir='ltr'><strong>omnibus</strong></span> 
     </span>
    </p>
   </div>
   <div class='ocr_carea' id='block_1_71' title="bbox 388 3639 2034 3711">
    <p class='ocr_par' dir='ltr' id='par_1_71' title="bbox 388 3639 2034 3711">
     <span class='ocr_line' id='line_1_71' title="bbox 388 3639 2034 3711; baseline 0.002 -17"><span class='ocrx_word' id='word_1_477' title='bbox 388 3655 557 3711; x_wconf 72' lang='lat' dir='ltr'><strong>paane</strong></span> <span class='ocrx_word' id='word_1_478' title='bbox 589 3641 824 3696; x_wconf 68' lang='lat' dir='ltr'><strong>Graeciaa</strong></span> <span class='ocrx_word' id='word_1_479' title='bbox 857 3639 1040 3696; x_wconf 89' lang='lat' dir='ltr'><strong>sacris</strong></span> <span class='ocrx_word' id='word_1_480' title='bbox 1071 3639 1360 3706; x_wconf 87' lang='lat' dir='ltr'><strong>initiatus,</strong></span> <span class='ocrx_word' id='word_1_481' title='bbox 1380 3639 1642 3696; x_wconf 89' lang='lat' dir='ltr'><strong>dedisset</strong></span> <span class='ocrx_word' id='word_1_482' title='bbox 1661 3642 2034 3698; x_wconf 90' lang='lat' dir='ltr'><strong>occasionem</strong></span> 
     </span>
    </p>
   </div>
   <div class='ocr_carea' id='block_1_72' title="bbox 388 3728 2035 3801">
    <p class='ocr_par' dir='ltr' id='par_1_72' title="bbox 388 3728 2035 3801">
     <span class='ocr_line' id='line_1_72' title="bbox 388 3728 2035 3801; baseline 0 -16"><span class='ocrx_word' id='word_1_483' title='bbox 388 3729 481 3785; x_wconf 90' lang='lat' dir='ltr'><strong>his</strong></span> <span class='ocrx_word' id='word_1_484' title='bbox 513 3729 615 3800; x_wconf 89' lang='lat' dir='ltr'><strong>qui</strong></span> <span class='ocrx_word' id='word_1_485' title='bbox 645 3729 1011 3786; x_wconf 73' lang='lat' dir='ltr'><strong>Christianos</strong></span> <span class='ocrx_word' id='word_1_486' title='bbox 1038 3728 1309 3796; x_wconf 88' lang='lat' dir='ltr'><strong>oderant,</strong></span> <span class='ocrx_word' id='word_1_487' title='bbox 1340 3729 1564 3800; x_wconf 88' lang='lat' dir='ltr'><strong>absque</strong></span> <span class='ocrx_word' id='word_1_488' title='bbox 1605 3735 1898 3801; x_wconf 62' lang='lat' dir='ltr'><strong>praecepto</strong></span> <span class='ocrx_word' id='word_1_489' title='bbox 1929 3731 2035 3785; x_wconf 85' lang='lat' dir='ltr'><strong>im-</strong></span> 
     </span>
    </p>
   </div>
   <div class='ocr_carea' id='block_1_73' title="bbox 385 3817 2032 3891">
    <p class='ocr_par' dir='ltr' id='par_1_73' title="bbox 385 3817 2032 3891">
     <span class='ocr_line' id='line_1_73' title="bbox 385 3817 2032 3891; baseline 0.001 -19"><span class='ocrx_word' id='word_1_490' title='bbox 385 3817 676 3890; x_wconf 88' lang='lat' dir='ltr'><strong>peratoris</strong></span> <span class='ocrx_word' id='word_1_491' title='bbox 707 3833 913 3874; x_wconf 83' lang='lat' dir='ltr'><strong>vexare</strong></span> <span class='ocrx_word' id='word_1_492' title='bbox 935 3817 1246 3874; x_wconf 88' lang='lat' dir='ltr'><strong>credentes</strong></span> <span class='ocrx_word' id='word_1_493' title='bbox 1271 3833 1284 3884; x_wconf 89' lang='lat'><strong>;</strong></span> <span class='ocrx_word' id='word_1_494' title='bbox 1317 3817 1577 3888; x_wconf 89' lang='lat' dir='ltr'><strong>porrexit</strong></span> <span class='ocrx_word' id='word_1_495' title='bbox 1601 3817 1653 3873; x_wconf 92' lang='lat' dir='ltr'><strong>ei</strong></span> <span class='ocrx_word' id='word_1_496' title='bbox 1685 3817 1906 3874; x_wconf 86' lang='lat' dir='ltr'><strong>librum</strong></span> <span class='ocrx_word' id='word_1_497' title='bbox 1928 3835 2032 3891; x_wconf 91' lang='lat' dir='ltr'><strong>pro</strong></span> 
     </span>
    </p>
   </div>
   <div class='ocr_carea' id='block_1_74' title="bbox 385 3907 2034 3980">
    <p class='ocr_par' dir='ltr' id='par_1_74' title="bbox 385 3907 2034 3980">
     <span class='ocr_line' id='line_1_74' title="bbox 385 3907 2034 3980; baseline 0.001 -18"><span class='ocrx_word' id='word_1_498' title='bbox 385 3907 672 3980; x_wconf 81' lang='lat' dir='ltr'><strong>religione</strong></span> <span class='ocrx_word' id='word_1_499' title='bbox 703 3913 929 3976; x_wconf 89' lang='lat' dir='ltr'><strong>nostra,</strong></span> <span class='ocrx_word' id='word_1_500' title='bbox 961 3907 1127 3964; x_wconf 86' lang='lat' dir='ltr'><strong>valde</strong></span> <span class='ocrx_word' id='word_1_501' title='bbox 1159 3907 1368 3963; x_wconf 88' lang='lat' dir='ltr'><strong>utilem</strong></span> <span class='ocrx_word' id='word_1_502' title='bbox 1402 3907 1764 3979; x_wconf 87' lang='lat' dir='ltr'><strong>plenumque</strong></span> <span class='ocrx_word' id='word_1_503' title='bbox 1785 3907 2034 3964; x_wconf 86' lang='lat' dir='ltr'><strong>rationis</strong></span> 
     </span>
    </p>
   </div>
   <div class='ocr_carea' id='block_1_75' title="bbox 387 3994 2036 4068">
    <p class='ocr_par' dir='ltr' id='par_1_75' title="bbox 387 3994 2036 4068">
     <span class='ocr_line' id='line_1_75' title="bbox 387 3994 2036 4068; baseline 0 -18"><span class='ocrx_word' id='word_1_504' title='bbox 387 4000 446 4050; x_wconf 91' lang='lat' dir='ltr'><strong>et</strong></span> <span class='ocrx_word' id='word_1_505' title='bbox 478 3996 636 4065; x_wconf 82' lang='lat' dir='ltr'><strong>fidei,</strong></span> <span class='ocrx_word' id='word_1_506' title='bbox 673 4001 728 4051; x_wconf 86' lang='lat' dir='ltr'><strong>et</strong></span> <span class='ocrx_word' id='word_1_507' title='bbox 761 3995 1088 4067; x_wconf 88' lang='lat' dir='ltr'><strong>apostolica</strong></span> <span class='ocrx_word' id='word_1_508' title='bbox 1119 3994 1392 4050; x_wconf 87' lang='lat' dir='ltr'><strong>doctrina</strong></span> <span class='ocrx_word' id='word_1_509' title='bbox 1422 3994 1701 4068; x_wconf 85' lang='lat' dir='ltr'><strong>dignum;</strong></span> <span class='ocrx_word' id='word_1_510' title='bbox 1735 3995 1796 4050; x_wconf 90' lang='lat' dir='ltr'><strong>in</strong></span> <span class='ocrx_word' id='word_1_511' title='bbox 1827 4013 1942 4067; x_wconf 92' lang='lat' dir='ltr'><strong>quo</strong></span> <span class='ocrx_word' id='word_1_512' title='bbox 1978 4001 2036 4052; x_wconf 89' lang='lat' dir='ltr'><strong>et</strong></span> 
     </span>
    </p>
   </div>
   <div class='ocr_carea' id='block_1_76' title="bbox 383 4084 2036 4157">
    <p class='ocr_par' dir='ltr' id='par_1_76' title="bbox 383 4084 2036 4157">
     <span class='ocr_line' id='line_1_76' title="bbox 383 4084 2036 4157; baseline 0 -16"><span class='ocrx_word' id='word_1_513' title='bbox 383 4086 798 4157; x_wconf 85' lang='lat' dir='ltr'><strong>antiquitatem</strong></span> <span class='ocrx_word' id='word_1_514' title='bbox 836 4103 956 4141; x_wconf 60' lang='lat' dir='ltr'><strong>sua;</strong></span> <span class='ocrx_word' id='word_1_515' title='bbox 989 4085 1177 4140; x_wconf 78' lang='lat' dir='ltr'><strong>aetatis</strong></span> <span class='ocrx_word' id='word_1_516' title='bbox 1209 4084 1530 4140; x_wconf 85' lang='lat' dir='ltr'><strong>ostendens</strong></span> <span class='ocrx_word' id='word_1_517' title='bbox 1554 4085 1636 4139; x_wconf 88' lang='lat' dir='ltr'><strong>ait</strong></span> <span class='ocrx_word' id='word_1_518' title='bbox 1681 4084 1970 4156; x_wconf 87' lang='lat' dir='ltr'><strong>plurimos</strong></span> <span class='ocrx_word' id='word_1_519' title='bbox 2000 4103 2036 4142; x_wconf 90' lang='lat' dir='ltr'><strong>a</strong></span> 
     </span>
    </p>
   </div>
   <div class='ocr_carea' id='block_1_77' title="bbox 382 4173 2034 4246">
    <p class='ocr_par' dir='ltr' id='par_1_77' title="bbox 382 4173 2034 4246">
     <span class='ocr_line' id='line_1_77' title="bbox 382 4173 2034 4246; baseline 0.002 -20"><span class='ocrx_word' id='word_1_520' title='bbox 382 4191 444 4228; x_wconf 83' lang='lat' dir='ltr'><strong>se</strong></span> <span class='ocrx_word' id='word_1_521' title='bbox 472 4174 645 4242; x_wconf 86' lang='lat' dir='ltr'><strong>visos,</strong></span> <span class='ocrx_word' id='word_1_522' title='bbox 681 4175 781 4246; x_wconf 89' lang='lat' dir='ltr'><strong>qui</strong></span> <span class='ocrx_word' id='word_1_523' title='bbox 816 4174 924 4229; x_wconf 90' lang='lat' dir='ltr'><strong>sub</strong></span> <span class='ocrx_word' id='word_1_524' title='bbox 953 4175 1201 4230; x_wconf 90' lang='lat' dir='ltr'><strong>Domino</strong></span> <span class='ocrx_word' id='word_1_525' title='bbox 1235 4173 1410 4229; x_wconf 85' lang='lat' dir='ltr'><strong>variis</strong></span> <span class='ocrx_word' id='word_1_526' title='bbox 1443 4174 1504 4229; x_wconf 90' lang='lat' dir='ltr'><strong>in</strong></span> <span class='ocrx_word' id='word_1_527' title='bbox 1535 4173 1734 4230; x_wconf 79' lang='lat' dir='ltr'><strong>Juda-a</strong></span> <span class='ocrx_word' id='word_1_528' title='bbox 1765 4175 2034 4246; x_wconf 84' lang='lat' dir='ltr'><strong>oppressi</strong></span> 
     </span>
    </p>
   </div>
   <div class='ocr_carea' id='block_1_78' title="bbox 381 4262 2031 4334">
    <p class='ocr_par' dir='ltr' id='par_1_78' title="bbox 381 4262 2031 4334">
     <span class='ocr_line' id='line_1_78' title="bbox 381 4262 2031 4334; baseline 0.001 -16"><span class='ocrx_word' id='word_1_529' title='bbox 381 4262 819 4320; x_wconf 87' lang='lat' dir='ltr'><strong>calamitatibus</strong></span> <span class='ocrx_word' id='word_1_530' title='bbox 852 4265 1042 4320; x_wconf 84' lang='lat' dir='ltr'><strong>sanati</strong></span> <span class='ocrx_word' id='word_1_531' title='bbox 1074 4264 1330 4334; x_wconf 82' lang='lat' dir='ltr'><strong>fuerant,</strong></span> <span class='ocrx_word' id='word_1_532' title='bbox 1366 4267 1426 4319; x_wconf 92' lang='lat' dir='ltr'><strong>et</strong></span> <span class='ocrx_word' id='word_1_533' title='bbox 1467 4262 1568 4334; x_wconf 92' lang='lat' dir='ltr'><strong>qui</strong></span> <span class='ocrx_word' id='word_1_534' title='bbox 1602 4279 1634 4318; x_wconf 90' lang='lat' dir='ltr'><strong>a</strong></span> <span class='ocrx_word' id='word_1_535' title='bbox 1664 4265 1910 4319; x_wconf 90' lang='lat' dir='ltr'><strong>mortuis</strong></span> <span class='ocrx_word' id='word_1_536' title='bbox 1939 4281 2031 4320; x_wconf 89' lang='lat' dir='ltr'><strong>re-</strong></span> 
     </span>
    </p>
   </div>
   <div class='ocr_carea' id='block_1_79' title="bbox 377 4353 2034 4424">
    <p class='ocr_par' dir='ltr' id='par_1_79' title="bbox 377 4353 2034 4424">
     <span class='ocr_line' id='line_1_79' title="bbox 377 4353 2034 4424; baseline 0.001 -16"><span class='ocrx_word' id='word_1_537' title='bbox 377 4359 777 4409; x_wconf 81' lang='lat' dir='ltr'><strong>surrexerant.</strong></span> <span class='ocrx_word' id='word_1_538' title='bbox 818 4376 839 4402; x_wconf 78' lang='grc' dir='ltr'><strong>ι</strong></span> <span class='ocrx_word' id='word_1_539' title='bbox 893 4355 1016 4409; x_wconf 84' lang='lat' dir='ltr'><strong>Huc</strong></span> <span class='ocrx_word' id='word_1_540' title='bbox 1069 4369 1258 4424; x_wconf 87' lang='lat' dir='ltr'><strong>usque</strong></span> <span class='ocrx_word' id='word_1_541' title='bbox 1309 4353 1654 4408; x_wconf 88' lang='lat' dir='ltr'><strong>summatim</strong></span> <span class='ocrx_word' id='word_1_542' title='bbox 1731 4369 1801 4408; x_wconf 87' lang='lat' dir='ltr'><strong>ex</strong></span> <span class='ocrx_word' id='word_1_543' title='bbox 1858 4355 2034 4410; x_wconf 89' lang='lat' dir='ltr'><strong>Euse-</strong></span> 
     </span>
    </p>
   </div>
   <div class='ocr_carea' id='block_1_80' title="bbox 379 4440 2028 4514">
    <p class='ocr_par' dir='ltr' id='par_1_80' title="bbox 379 4440 2028 4514">
     <span class='ocr_line' id='line_1_80' title="bbox 379 4440 2028 4514; baseline 0.002 -19"><span class='ocrx_word' id='word_1_544' title='bbox 379 4440 476 4495; x_wconf 90' lang='lat' dir='ltr'><strong>bio</strong></span> <span class='ocrx_word' id='word_1_545' title='bbox 508 4441 586 4511; x_wconf 85' lang='lat'><strong>(6)</strong></span> <span class='ocrx_word' id='word_1_546' title='bbox 618 4441 825 4496; x_wconf 86' lang='lat' dir='ltr'><strong>doctor</strong></span> <span class='ocrx_word' id='word_1_547' title='bbox 862 4443 1193 4508; x_wconf 83' lang='lat' dir='ltr'><strong>maximus;</strong></span> <span class='ocrx_word' id='word_1_548' title='bbox 1227 4441 1329 4512; x_wconf 88' lang='lat' dir='ltr'><strong>qui</strong></span> <span class='ocrx_word' id='word_1_549' title='bbox 1361 4446 1420 4496; x_wconf 91' lang='lat' dir='ltr'><strong>et</strong></span> <span class='ocrx_word' id='word_1_550' title='bbox 1449 4441 1588 4496; x_wconf 87' lang='lat' dir='ltr'><strong>alibi</strong></span> <span class='ocrx_word' id='word_1_551' title='bbox 1632 4441 1705 4496; x_wconf 89' lang='lat' dir='ltr'><strong>ad</strong></span> <span class='ocrx_word' id='word_1_552' title='bbox 1759 4443 2028 4514; x_wconf 84' lang='lat' dir='ltr'><strong>Magnum</strong></span> 
     </span>
    </p>
   </div>
   <div class='ocr_carea' id='block_1_81' title="bbox 2146 3280 3802 3360">
    <p class='ocr_par' dir='ltr' id='par_1_81' title="bbox 2146 3280 3802 3360">
     <span class='ocr_line' id='line_1_81' title="bbox 2146 3280 3802 3360; baseline 0.001 -25"><span class='ocrx_word' id='word_1_553' title='bbox 2146 3280 2398 3344; x_wconf 78' lang='grc' dir='ltr'>στιανοὺς</span> <span class='ocrx_word' id='word_1_554' title='bbox 2431 3281 2671 3355; x_wconf 80' lang='grc' dir='ltr'>ἀκρίτως</span> <span class='ocrx_word' id='word_1_555' title='bbox 2717 3280 2807 3337; x_wconf 80' lang='grc' dir='ltr'><strong>ἐπὶ</strong></span> <span class='ocrx_word' id='word_1_556' title='bbox 2841 3280 3034 3355; x_wconf 77' lang='grc' dir='ltr'>μηδενὶ</span> <span class='ocrx_word' id='word_1_557' title='bbox 3077 3289 3186 3340; x_wconf 81' lang='grc' dir='ltr'><strong>τῶν</strong></span> <span class='ocrx_word' id='word_1_558' title='bbox 3226 3283 3604 3360; x_wconf 69' lang='grc' dir='ltr'>ἐγκλημάτων</span> <span class='ocrx_word' id='word_1_559' title='bbox 3671 3293 3802 3349; x_wconf 55' lang='lat' dir='ltr'><strong>nsi.</strong></span> 
     </span>
    </p>
   </div>
   <div class='ocr_carea' id='block_1_82' title="bbox 2146 3371 3803 3454">
    <p class='ocr_par' dir='ltr' id='par_1_82' title="bbox 2146 3371 3803 3454">
     <span class='ocr_line' id='line_1_82' title="bbox 2146 3371 3803 3454; baseline 0.008 -29"><span class='ocrx_word' id='word_1_560' title='bbox 2146 3391 2280 3442; x_wconf 80' lang='grc' dir='ltr'>νειν,</span> <span class='ocrx_word' id='word_1_561' title='bbox 2337 3371 2533 3449; x_wconf 77' lang='grc' dir='ltr'>γράφει</span> <span class='ocrx_word' id='word_1_562' title='bbox 2593 3371 2874 3445; x_wconf 84' lang='grc' dir='ltr'>Μινουκίῳ</span> <span class='ocrx_word' id='word_1_563' title='bbox 2957 3371 3254 3447; x_wconf 82' lang='grc' dir='ltr'>Φουνδανῷ</span> <span class='ocrx_word' id='word_1_564' title='bbox 3335 3374 3643 3454; x_wconf 74' lang='grc' dir='ltr'>ἀνθυπάτῳ</span> <span class='ocrx_word' id='word_1_565' title='bbox 3715 3391 3803 3452; x_wconf 72' lang='grc' dir='ltr'>τῆς</span> 
     </span>
    </p>
   </div>
   <div class='ocr_carea' id='block_1_83' title="bbox 2149 3457 3801 3543">
    <p class='ocr_par' dir='ltr' id='par_1_83' title="bbox 2149 3457 3801 3543">
     <span class='ocr_line' id='line_1_83' title="bbox 2149 3457 3801 3543; baseline 0.008 -29"><span class='ocrx_word' id='word_1_566' title='bbox 2149 3460 2352 3532; x_wconf 80' lang='grc' dir='ltr'>Ἀσίας,</span> <span class='ocrx_word' id='word_1_567' title='bbox 2387 3457 2596 3534; x_wconf 74' lang='grc' dir='ltr'>μηδένα</span> <span class='ocrx_word' id='word_1_568' title='bbox 2623 3461 2847 3518; x_wconf 79' lang='grc' dir='ltr'>κτείνειν</span> <span class='ocrx_word' id='word_1_569' title='bbox 2894 3459 3018 3517; x_wconf 78' lang='grc' dir='ltr'>ἄνευ</span> <span class='ocrx_word' id='word_1_570' title='bbox 3066 3461 3429 3538; x_wconf 71' lang='grc' dir='ltr'>ἐγκλημάτων</span> <span class='ocrx_word' id='word_1_571' title='bbox 3483 3470 3580 3524; x_wconf 78' lang='grc' dir='ltr'>καὶ</span> <span class='ocrx_word' id='word_1_572' title='bbox 3635 3491 3801 3543; x_wconf 66' lang='grc' dir='ltr'>κατη-</span> 
     </span>
    </p>
   </div>
   <div class='ocr_carea' id='block_1_84' title="bbox 2141 3549 3802 3626">
    <p class='ocr_par' dir='ltr' id='par_1_84' title="bbox 2141 3549 3802 3626">
     <span class='ocr_line' id='line_1_84' title="bbox 2141 3549 3802 3626; baseline 0.009 -22"><span class='ocrx_word' id='word_1_573' title='bbox 2141 3549 2352 3625; x_wconf 86' lang='grc' dir='ltr'>γορίας.</span> <span class='ocrx_word' id='word_1_574' title='bbox 2389 3551 2635 3608; x_wconf 88' lang='lat' dir='ltr'><strong>Gemina</strong></span> <span class='ocrx_word' id='word_1_575' title='bbox 2662 3552 2874 3608; x_wconf 89' lang='lat' dir='ltr'><strong>recitat</strong></span> <span class='ocrx_word' id='word_1_576' title='bbox 2903 3553 3212 3626; x_wconf 84' lang='lat' dir='ltr'><strong>Syncellus</strong></span> <span class='ocrx_word' id='word_1_577' title='bbox 3238 3558 3369 3626; x_wconf 87' lang='lat' dir='ltr'><strong>(t3),</strong></span> <span class='ocrx_word' id='word_1_578' title='bbox 3399 3558 3568 3614; x_wconf 91' lang='lat' dir='ltr'><strong>unde</strong></span> <span class='ocrx_word' id='word_1_579' title='bbox 3606 3563 3802 3619; x_wconf 75' lang='lat' dir='ltr'><strong>Graeca</strong></span> 
     </span>
    </p>
   </div>
   <div class='ocr_carea' id='block_1_85' title="bbox 2145 3639 3800 3723">
    <p class='ocr_par' dir='ltr' id='par_1_85' title="bbox 2145 3639 3800 3723">
     <span class='ocr_line' id='line_1_85' title="bbox 2145 3639 3800 3723; baseline 0.008 -29"><span class='ocrx_word' id='word_1_580' title='bbox 2145 3656 2254 3696; x_wconf 88' lang='lat' dir='ltr'><strong>sua</strong></span> <span class='ocrx_word' id='word_1_581' title='bbox 2283 3639 2615 3696; x_wconf 87' lang='lat' dir='ltr'><strong>Eusebiana</strong></span> <span class='ocrx_word' id='word_1_582' title='bbox 2643 3641 2902 3714; x_wconf 87' lang='lat' dir='ltr'><strong>Scaliger</strong></span> <span class='ocrx_word' id='word_1_583' title='bbox 2926 3641 3326 3716; x_wconf 79' lang='lat' dir='ltr'><strong>desumpsisse</strong></span> <span class='ocrx_word' id='word_1_584' title='bbox 3358 3646 3605 3704; x_wconf 80' lang='lat' dir='ltr'><strong>videtur</strong></span> <span class='ocrx_word' id='word_1_585' title='bbox 3629 3668 3644 3718; x_wconf 91' lang='lat'><strong>;</strong></span> <span class='ocrx_word' id='word_1_586' title='bbox 3680 3669 3800 3723; x_wconf 65' lang='lat' dir='ltr'><strong>qua:</strong></span> 
     </span>
    </p>
   </div>
   <div class='ocr_carea' id='block_1_86' title="bbox 2144 3729 3802 3813">
    <p class='ocr_par' dir='ltr' id='par_1_86' title="bbox 2144 3729 3802 3813">
     <span class='ocr_line' id='line_1_86' title="bbox 2144 3729 3802 3813; baseline 0.005 -28"><span class='ocrx_word' id='word_1_587' title='bbox 2144 3729 2387 3800; x_wconf 88' lang='lat' dir='ltr'><strong>quidem</strong></span> <span class='ocrx_word' id='word_1_588' title='bbox 2401 3730 2462 3784; x_wconf 89' lang='lat' dir='ltr'><strong>in</strong></span> <span class='ocrx_word' id='word_1_589' title='bbox 2475 3730 2744 3786; x_wconf 86' lang='lat' dir='ltr'><strong>versione</strong></span> <span class='ocrx_word' id='word_1_590' title='bbox 2758 3731 3220 3804; x_wconf 83' lang='lat' dir='ltr'><strong>Hieronymiana</strong></span> <span class='ocrx_word' id='word_1_591' title='bbox 3231 3734 3312 3791; x_wconf 87' lang='lat' dir='ltr'><strong>ita</strong></span> <span class='ocrx_word' id='word_1_592' title='bbox 3326 3737 3698 3813; x_wconf 47' lang='lat' dir='ltr'><strong>eﬂ‘eruntuxi</strong></span> <span class='ocrx_word' id='word_1_593' title='bbox 3709 3746 3726 3795; x_wconf 88' lang='lat' dir='ltr'><strong>t</strong></span> <span class='ocrx_word' id='word_1_594' title='bbox 3737 3745 3802 3804; x_wconf 58' lang='lat' dir='ltr'><strong>if:</strong></span> 
     </span>
    </p>
   </div>
   <div class='ocr_carea' id='block_1_87' title="bbox 2143 3821 3803 3892">
    <p class='ocr_par' dir='ltr' id='par_1_87' title="bbox 2143 3821 3803 3892">
     <span class='ocr_line' id='line_1_87' title="bbox 2143 3821 3803 3892; baseline 0.007 -17"><span class='ocrx_word' id='word_1_595' title='bbox 2143 3821 2480 3890; x_wconf 79' lang='lat' dir='ltr'><strong>Quadratus,</strong></span> <span class='ocrx_word' id='word_1_596' title='bbox 2541 3821 2845 3892; x_wconf 86' lang='lat' dir='ltr'><strong>discipulus</strong></span> <span class='ocrx_word' id='word_1_597' title='bbox 2931 3825 3322 3892; x_wconf 80' lang='lat' dir='ltr'><strong>apostolorum,</strong></span> <span class='ocrx_word' id='word_1_598' title='bbox 3407 3834 3466 3882; x_wconf 87' lang='lat' dir='ltr'><strong>et</strong></span> <span class='ocrx_word' id='word_1_599' title='bbox 3534 3830 3803 3886; x_wconf 72' lang='lat' dir='ltr'><strong>Aristides</strong></span> 
     </span>
    </p>
   </div>
   <div class='ocr_carea' id='block_1_88' title="bbox 2141 3911 3804 3986">
    <p class='ocr_par' dir='ltr' id='par_1_88' title="bbox 2141 3911 3804 3986">
     <span class='ocr_line' id='line_1_88' title="bbox 2141 3911 3804 3986; baseline 0.005 -20"><span class='ocrx_word' id='word_1_600' title='bbox 2141 3911 2503 3980; x_wconf 80' lang='lat' dir='ltr'><strong>Atheniensis,</strong></span> <span class='ocrx_word' id='word_1_601' title='bbox 2543 3919 2726 3968; x_wconf 86' lang='lat' dir='ltr'><strong>noster</strong></span> <span class='ocrx_word' id='word_1_602' title='bbox 2737 3911 3118 3984; x_wconf 83' lang='lat' dir='ltr'><strong>philosophus,</strong></span> <span class='ocrx_word' id='word_1_603' title='bbox 3152 3915 3316 3970; x_wconf 85' lang='lat' dir='ltr'><strong>libros</strong></span> <span class='ocrx_word' id='word_1_604' title='bbox 3331 3933 3446 3986; x_wconf 86' lang='lat' dir='ltr'><strong>pro</strong></span> <span class='ocrx_word' id='word_1_605' title='bbox 3477 3919 3556 3976; x_wconf 73' lang='lat' dir='ltr'><strong>Cia</strong></span> <span class='ocrx_word' id='word_1_606' title='bbox 3567 3924 3804 3976; x_wconf 66' lang='lat' dir='ltr'><strong>n&#39;stiana</strong></span> 
     </span>
    </p>
   </div>
   <div class='ocr_carea' id='block_1_89' title="bbox 2141 4001 3802 4072">
    <p class='ocr_par' dir='ltr' id='par_1_89' title="bbox 2141 4001 3802 4072">
     <span class='ocr_line' id='line_1_89' title="bbox 2141 4001 3802 4072; baseline 0.006 -16"><span class='ocrx_word' id='word_1_607' title='bbox 2141 4001 2411 4071; x_wconf 83' lang='lat' dir='ltr'><strong>religione</strong></span> <span class='ocrx_word' id='word_1_608' title='bbox 2449 4001 2643 4056; x_wconf 79' lang='lat' dir='ltr'><strong>dedere</strong></span> <span class='ocrx_word' id='word_1_609' title='bbox 2699 4004 3042 4072; x_wconf 85' lang='lat' dir='ltr'><strong>compositos.</strong></span> <span class='ocrx_word' id='word_1_610' title='bbox 3097 4003 3164 4058; x_wconf 83' lang='lat' dir='ltr'><strong>Et</strong></span> <span class='ocrx_word' id='word_1_611' title='bbox 3217 4005 3453 4062; x_wconf 86' lang='lat' dir='ltr'><strong>Serenus</strong></span> <span class='ocrx_word' id='word_1_612' title='bbox 3513 4011 3802 4066; x_wconf 63' lang='lat' dir='ltr'><strong>Grunnius</strong></span> 
     </span>
    </p>
   </div>
   <div class='ocr_carea' id='block_1_90' title="bbox 2141 4089 3800 4170">
    <p class='ocr_par' dir='ltr' id='par_1_90' title="bbox 2141 4089 3800 4170">
     <span class='ocr_line' id='line_1_90' title="bbox 2141 4089 3800 4170; baseline 0.007 -27"><span class='ocrx_word' id='word_1_613' title='bbox 2141 4089 2373 4159; x_wconf 83' lang='lat' dir='ltr'><strong>legatus,</strong></span> <span class='ocrx_word' id='word_1_614' title='bbox 2400 4091 2487 4144; x_wconf 74' lang='lat' dir='ltr'><strong>vir</strong></span> <span class='ocrx_word' id='word_1_615' title='bbox 2515 4089 2768 4161; x_wconf 83' lang='lat' dir='ltr'><strong>apprime</strong></span> <span class='ocrx_word' id='word_1_616' title='bbox 2797 4091 3016 4162; x_wconf 82' lang='lat' dir='ltr'><strong>nobilis,</strong></span> <span class='ocrx_word' id='word_1_617' title='bbox 3053 4093 3266 4150; x_wconf 76' lang='lat' dir='ltr'><strong>litteras</strong></span> <span class='ocrx_word' id='word_1_618' title='bbox 3302 4095 3378 4150; x_wconf 89' lang='lat' dir='ltr'><strong>ad</strong></span> <span class='ocrx_word' id='word_1_619' title='bbox 3403 4099 3800 4170; x_wconf 56' lang='lat' dir='ltr'><strong>imperatorem</strong></span> 
     </span>
    </p>
   </div>
   <div class='ocr_carea' id='block_1_91' title="bbox 2141 4179 3808 4259">
    <p class='ocr_par' dir='ltr' id='par_1_91' title="bbox 2141 4179 3808 4259">
     <span class='ocr_line' id='line_1_91' title="bbox 2141 4179 3808 4259; baseline 0.007 -26"><span class='ocrx_word' id='word_1_620' title='bbox 2141 4182 2336 4248; x_wconf 85' lang='lat' dir='ltr'><strong>mittit,</strong></span> <span class='ocrx_word' id='word_1_621' title='bbox 2371 4179 2626 4250; x_wconf 83' lang='lat' dir='ltr'><strong>iniquum</strong></span> <span class='ocrx_word' id='word_1_622' title='bbox 2656 4195 2766 4234; x_wconf 88' lang='lat' dir='ltr'><strong>esse</strong></span> <span class='ocrx_word' id='word_1_623' title='bbox 2795 4181 2998 4250; x_wconf 84' lang='lat' dir='ltr'><strong>dicens,</strong></span> <span class='ocrx_word' id='word_1_624' title='bbox 3057 4183 3389 4240; x_wconf 81' lang='lat' dir='ltr'><strong>clamoribus</strong></span> <span class='ocrx_word' id='word_1_625' title='bbox 3431 4188 3602 4259; x_wconf 67' lang='lat' dir='ltr'><strong>vulgi</strong></span> <span class='ocrx_word' id='word_1_626' title='bbox 3650 4191 3808 4245; x_wconf 68' lang='lat' dir='ltr'><strong>inne—</strong></span> 
     </span>
    </p>
   </div>
   <div class='ocr_carea' id='block_1_92' title="bbox 2143 4266 3806 4340">
    <p class='ocr_par' dir='ltr' id='par_1_92' title="bbox 2143 4266 3806 4340">
     <span class='ocr_line' id='line_1_92' title="bbox 2143 4266 3806 4340; baseline 0.007 -18"><span class='ocrx_word' id='word_1_627' title='bbox 2143 4270 2381 4323; x_wconf 86' lang='lat' dir='ltr'><strong>centium</strong></span> <span class='ocrx_word' id='word_1_628' title='bbox 2413 4266 2694 4323; x_wconf 83' lang='lat' dir='ltr'><strong>hominum</strong></span> <span class='ocrx_word' id='word_1_629' title='bbox 2741 4272 3067 4340; x_wconf 82' lang='lat' dir='ltr'><strong>sanguinem</strong></span> <span class='ocrx_word' id='word_1_630' title='bbox 3108 4273 3367 4338; x_wconf 86' lang='lat' dir='ltr'><strong>concedi;</strong></span> <span class='ocrx_word' id='word_1_631' title='bbox 3413 4283 3467 4331; x_wconf 84' lang='lat' dir='ltr'><strong>et</strong></span> <span class='ocrx_word' id='word_1_632' title='bbox 3512 4279 3650 4336; x_wconf 74' lang='lat' dir='ltr'><strong>sine</strong></span> <span class='ocrx_word' id='word_1_633' title='bbox 3695 4282 3806 4335; x_wconf 59' lang='lat' dir='ltr'><strong>ulla</strong></span> 
     </span>
    </p>
   </div>
   <div class='ocr_carea' id='block_1_93' title="bbox 2141 4355 3810 4436">
    <p class='ocr_par' dir='ltr' id='par_1_93' title="bbox 2141 4355 3810 4436">
     <span class='ocr_line' id='line_1_93' title="bbox 2141 4355 3810 4436; baseline 0.007 -24"><span class='ocrx_word' id='word_1_634' title='bbox 2141 4359 2392 4425; x_wconf 85' lang='lat' dir='ltr'><strong>crimine,</strong></span> <span class='ocrx_word' id='word_1_635' title='bbox 2417 4355 2658 4412; x_wconf 85' lang='lat' dir='ltr'><strong>nominis</strong></span> <span class='ocrx_word' id='word_1_636' title='bbox 2705 4363 2920 4414; x_wconf 86' lang='lat' dir='ltr'><strong>tantum</strong></span> <span class='ocrx_word' id='word_1_637' title='bbox 2951 4365 3003 4414; x_wconf 86' lang='lat' dir='ltr'><strong>et</strong></span> <span class='ocrx_word' id='word_1_638' title='bbox 3029 4367 3190 4418; x_wconf 56' lang='lat' dir='ltr'><strong>serta</strong></span> <span class='ocrx_word' id='word_1_639' title='bbox 3230 4379 3350 4420; x_wconf 88' lang='lat' dir='ltr'><strong>reos</strong></span> <span class='ocrx_word' id='word_1_640' title='bbox 3393 4368 3550 4434; x_wconf 73' lang='lat' dir='ltr'><strong>ﬁeri.</strong></span> <span class='ocrx_word' id='word_1_641' title='bbox 3603 4373 3810 4436; x_wconf 72' lang='lat' dir='ltr'><strong>Quibus</strong></span> 
     </span>
    </p>
   </div>
   <div class='ocr_carea' id='block_1_94' title="bbox 2141 4447 3807 4525">
    <p class='ocr_par' dir='ltr' id='par_1_94' title="bbox 2141 4447 3807 4525">
     <span class='ocr_line' id='line_1_94' title="bbox 2141 4447 3807 4525; baseline 0.007 -25"><span class='ocrx_word' id='word_1_642' title='bbox 2141 4456 2438 4501; x_wconf 88' lang='lat' dir='ltr'><strong>commotus</strong></span> <span class='ocrx_word' id='word_1_643' title='bbox 2493 4447 2778 4502; x_wconf 84' lang='lat' dir='ltr'><strong>Adrianus</strong></span> <span class='ocrx_word' id='word_1_644' title='bbox 2835 4447 3077 4504; x_wconf 75' lang='lat' dir='ltr'><strong>Minucio</strong></span> <span class='ocrx_word' id='word_1_645' title='bbox 3135 4452 3404 4506; x_wconf 84' lang='lat' dir='ltr'><strong>Fundano</strong></span> <span class='ocrx_word' id='word_1_646' title='bbox 3472 4462 3807 4525; x_wconf 67' lang='lat' dir='ltr'><strong>proconsul.</strong></span> 
     </span>
    </p>
   </div>
   <div class='ocr_carea' id='block_1_95' title="bbox 377 4530 3811 4624">
    <p class='ocr_par' dir='ltr' id='par_1_95' title="bbox 377 4530 3811 4624">
     <span class='ocr_line' id='line_1_95' title="bbox 377 4530 3811 4624; baseline 0.006 -40"><span class='ocrx_word' id='word_1_647' title='bbox 377 4535 674 4586; x_wconf 87' lang='lat' dir='ltr'><strong>oratorem</strong></span> <span class='ocrx_word' id='word_1_648' title='bbox 707 4531 993 4597; x_wconf 88' lang='lat' dir='ltr'><strong>scribens,</strong></span> <span class='ocrx_word' id='word_1_649' title='bbox 1025 4532 1086 4586; x_wconf 88' lang='lat' dir='ltr'><strong>in</strong></span> <span class='ocrx_word' id='word_1_650' title='bbox 1105 4530 1376 4586; x_wconf 88' lang='lat' dir='ltr'><strong>eamdem</strong></span> <span class='ocrx_word' id='word_1_651' title='bbox 1397 4531 1754 4588; x_wconf 86' lang='lat' dir='ltr'><strong>sententiam</strong></span> <span class='ocrx_word' id='word_1_652' title='bbox 1778 4533 1904 4588; x_wconf 75' lang='lat' dir='ltr'><strong>haec</strong></span> <span class='ocrx_word' id='word_1_653' title='bbox 1934 4534 2028 4590; x_wconf 88' lang='lat' dir='ltr'><strong>ha-</strong></span> <span class='ocrx_word' id='word_1_654' title='bbox 2058 4555 2105 4624; x_wconf 71' lang='grc' dir='ltr'><strong>Β</strong></span> <span class='ocrx_word' id='word_1_655' title='bbox 2145 4533 2283 4589; x_wconf 74' lang='lat' dir='ltr'><strong>Asiae</strong></span> <span class='ocrx_word' id='word_1_656' title='bbox 2312 4535 2555 4604; x_wconf 84' lang='lat' dir='ltr'><strong>scripsit,</strong></span> <span class='ocrx_word' id='word_1_657' title='bbox 2586 4551 2698 4589; x_wconf 88' lang='lat' dir='ltr'><strong>non</strong></span> <span class='ocrx_word' id='word_1_658' title='bbox 2740 4537 2856 4591; x_wconf 86' lang='lat' dir='ltr'><strong>sine</strong></span> <span class='ocrx_word' id='word_1_659' title='bbox 2912 4538 3124 4610; x_wconf 75' lang='lat' dir='ltr'><strong>objecta</strong></span> <span class='ocrx_word' id='word_1_660' title='bbox 3183 4543 3480 4599; x_wconf 84' lang='lat' dir='ltr'><strong>criminum</strong></span> <span class='ocrx_word' id='word_1_661' title='bbox 3528 4548 3811 4605; x_wconf 75' lang='lat' dir='ltr'><strong>Christi-:-</strong></span> 
     </span>
    </p>
   </div>
   <div class='ocr_carea' id='block_1_96' title="bbox 373 4618 3808 4702">
    <p class='ocr_par' dir='ltr' id='par_1_96' title="bbox 373 4618 3808 4702">
     <span class='ocr_line' id='line_1_96' title="bbox 373 4618 3808 4702; baseline 0.006 -28"><span class='ocrx_word' id='word_1_662' title='bbox 373 4618 474 4674; x_wconf 92' lang='lat' dir='ltr'><strong>bet</strong></span> <span class='ocrx_word' id='word_1_663' title='bbox 504 4619 615 4692; x_wconf 81' lang='lat'><strong>(7):</strong></span> <span class='ocrx_word' id='word_1_664' title='bbox 669 4642 697 4671; x_wconf 79' lang='grc' dir='ltr'><strong><em>κ</em></strong></span> <span class='ocrx_word' id='word_1_665' title='bbox 731 4620 1062 4686; x_wconf 85' lang='lat' dir='ltr'><strong>Quadratus</strong></span> <span class='ocrx_word' id='word_1_666' title='bbox 1109 4619 1516 4692; x_wconf 89' lang='lat' dir='ltr'><strong>apostolorum</strong></span> <span class='ocrx_word' id='word_1_667' title='bbox 1565 4620 1910 4692; x_wconf 81' lang='lat' dir='ltr'><strong>discipulus,</strong></span> <span class='ocrx_word' id='word_1_668' title='bbox 1969 4630 2028 4679; x_wconf 88' lang='lat' dir='ltr'><strong>et</strong></span> <span class='ocrx_word' id='word_1_669' title='bbox 2059 4618 2096 4624; x_wconf 52' lang='grc'>⁷</span> <span class='ocrx_word' id='word_1_670' title='bbox 2134 4640 2232 4679; x_wconf 86' lang='lat' dir='ltr'><strong>nos</strong></span> <span class='ocrx_word' id='word_1_671' title='bbox 2248 4624 2706 4680; x_wconf 62' lang='lat' dir='ltr'><strong>condemnandos.</strong></span> <span class='ocrx_word' id='word_1_672' title='bbox 2732 4624 2978 4682; x_wconf 87' lang='lat' dir='ltr'><strong>Adriani</strong></span> <span class='ocrx_word' id='word_1_673' title='bbox 2997 4630 3352 4702; x_wconf 87' lang='lat' dir='ltr'><strong>rescriptum</strong></span> <span class='ocrx_word' id='word_1_674' title='bbox 3376 4633 3456 4688; x_wconf 87' lang='lat' dir='ltr'><strong>ad</strong></span> <span class='ocrx_word' id='word_1_675' title='bbox 3473 4636 3808 4695; x_wconf 77' lang='lat' dir='ltr'><strong>Minucium</strong></span> 
     </span>
    </p>
   </div>
   <div class='ocr_carea' id='block_1_97' title="bbox 369 4709 2022 4783">
    <p class='ocr_par' dir='ltr' id='par_1_97' title="bbox 369 4709 2022 4783">
     <span class='ocr_line' id='line_1_97' title="bbox 369 4709 2022 4783; baseline 0.002 -20"><span class='ocrx_word' id='word_1_676' title='bbox 369 4709 752 4766; x_wconf 85' lang='lat' dir='ltr'><strong>Atheniensis</strong></span> <span class='ocrx_word' id='word_1_677' title='bbox 771 4709 1037 4781; x_wconf 84' lang='lat' dir='ltr'><strong>pontifex</strong></span> <span class='ocrx_word' id='word_1_678' title='bbox 1055 4709 1558 4770; x_wconf 65' lang='lat' dir='ltr'><strong>Ecclesiasmonne</strong></span> <span class='ocrx_word' id='word_1_679' title='bbox 1581 4709 1840 4766; x_wconf 86' lang='lat' dir='ltr'><strong>Adriano</strong></span> <span class='ocrx_word' id='word_1_680' title='bbox 1859 4711 2022 4783; x_wconf 87' lang='lat' dir='ltr'><strong>prin-</strong></span> 
     </span>
    </p>
   </div>
   <div class='ocr_carea' id='block_1_98' title="bbox 367 4797 2022 4868">
    <p class='ocr_par' dir='ltr' id='par_1_98' title="bbox 367 4797 2022 4868">
     <span class='ocr_line' id='line_1_98' title="bbox 367 4797 2022 4868; baseline 0.002 -16"><span class='ocrx_word' id='word_1_681' title='bbox 367 4798 484 4868; x_wconf 90' lang='lat' dir='ltr'><strong>cipi</strong></span> <span class='ocrx_word' id='word_1_682' title='bbox 517 4798 808 4853; x_wconf 75' lang='lat' dir='ltr'><strong>Eleusium</strong></span> <span class='ocrx_word' id='word_1_683' title='bbox 841 4815 1008 4853; x_wconf 86' lang='lat' dir='ltr'><strong>sacra</strong></span> <span class='ocrx_word' id='word_1_684' title='bbox 1037 4797 1336 4863; x_wconf 86' lang='lat' dir='ltr'><strong>invisenti,</strong></span> <span class='ocrx_word' id='word_1_685' title='bbox 1399 4797 1613 4852; x_wconf 86' lang='lat' dir='ltr'><strong>librum</strong></span> <span class='ocrx_word' id='word_1_686' title='bbox 1663 4815 1770 4868; x_wconf 90' lang='lat' dir='ltr'><strong>pro</strong></span> <span class='ocrx_word' id='word_1_687' title='bbox 1819 4807 2022 4856; x_wconf 89' lang='lat' dir='ltr'><strong>nostra</strong></span> 
     </span>
    </p>
   </div>
   <div class='ocr_carea' id='block_1_99' title="bbox 2131 4712 3810 4784">
    <p class='ocr_par' dir='ltr' id='par_1_99' title="bbox 2131 4712 3810 4784">
     <span class='ocr_line' id='line_1_99' title="bbox 2131 4712 3810 4784; baseline 0.008 -17"><span class='ocrx_word' id='word_1_688' title='bbox 2131 4712 2486 4768; x_wconf 87' lang='lat' dir='ltr'><strong>Fundanum</strong></span> <span class='ocrx_word' id='word_1_689' title='bbox 2510 4729 2627 4782; x_wconf 91' lang='lat' dir='ltr'><strong>quo</strong></span> <span class='ocrx_word' id='word_1_690' title='bbox 2651 4715 3128 4784; x_wconf 85' lang='lat' dir='ltr'><strong>persecutionem</strong></span> <span class='ocrx_word' id='word_1_691' title='bbox 3151 4735 3184 4773; x_wconf 90' lang='lat' dir='ltr'><strong>a</strong></span> <span class='ocrx_word' id='word_1_692' title='bbox 3205 4719 3426 4776; x_wconf 55' lang='lat' dir='ltr'><strong>Graecis</strong></span> <span class='ocrx_word' id='word_1_693' title='bbox 3445 4730 3509 4778; x_wconf 87' lang='lat' dir='ltr'><strong>et</strong></span> <span class='ocrx_word' id='word_1_694' title='bbox 3525 4729 3810 4783; x_wconf 47' lang='lat' dir='ltr'><strong>Asiatica</strong></span> 
     </span>
    </p>
   </div>
   <div class='ocr_carea' id='block_1_100' title="bbox 2133 4801 3810 4874">
    <p class='ocr_par' dir='ltr' id='par_1_100' title="bbox 2133 4801 3810 4874">
     <span class='ocr_line' id='line_1_100' title="bbox 2133 4801 3810 4874; baseline 0.008 -19"><span class='ocrx_word' id='word_1_695' title='bbox 2133 4801 2442 4855; x_wconf 77' lang='lat' dir='ltr'><strong>excitatam</strong></span> <span class='ocrx_word' id='word_1_696' title='bbox 2478 4801 2804 4870; x_wconf 85' lang='lat' dir='ltr'><strong>prohibuit,</strong></span> <span class='ocrx_word' id='word_1_697' title='bbox 2838 4805 3114 4874; x_wconf 75' lang='lat' dir='ltr'><strong>Apologiae</strong></span> <span class='ocrx_word' id='word_1_698' title='bbox 3146 4823 3265 4860; x_wconf 55' lang='lat' dir='ltr'><strong>sua»</strong></span> <span class='ocrx_word' id='word_1_699' title='bbox 3319 4809 3594 4869; x_wconf 79' lang='lat' dir='ltr'><strong>intexuit</strong></span> <span class='ocrx_word' id='word_1_700' title='bbox 3645 4820 3810 4872; x_wconf 78' lang='lat' dir='ltr'><strong>Justi-</strong></span> 
     </span>
    </p>
   </div>
   <div class='ocr_carea' id='block_1_101' title="bbox 367 4885 3803 4970">
    <p class='ocr_par' dir='ltr' id='par_1_101' title="bbox 367 4885 3803 4970">
     <span class='ocr_line' id='line_1_101' title="bbox 367 4885 3803 4970; baseline 0.003 -31"><span class='ocrx_word' id='word_1_701' title='bbox 367 4887 654 4959; x_wconf 84' lang='lat' dir='ltr'><strong>religionc</strong></span> <span class='ocrx_word' id='word_1_702' title='bbox 689 4888 973 4942; x_wconf 73' lang='lat' dir='ltr'><strong>tradidit?</strong></span> <span class='ocrx_word' id='word_1_703' title='bbox 1003 4893 1059 4941; x_wconf 88' lang='lat' dir='ltr'><strong>et</strong></span> <span class='ocrx_word' id='word_1_704' title='bbox 1090 4892 1267 4942; x_wconf 69' lang='lat' dir='ltr'><strong>tantm</strong></span> <span class='ocrx_word' id='word_1_705' title='bbox 1313 4885 1690 4942; x_wconf 87' lang='lat' dir='ltr'><strong>admirationi</strong></span> <span class='ocrx_word' id='word_1_706' title='bbox 1742 4889 2020 4946; x_wconf 88' lang='lat' dir='ltr'><strong>omnibus</strong></span> <span class='ocrx_word' id='word_1_707' title='bbox 2129 4908 2241 4945; x_wconf 84' lang='lat' dir='ltr'><strong>nus</strong></span> <span class='ocrx_word' id='word_1_708' title='bbox 2272 4892 2488 4960; x_wconf 74' lang='lat' dir='ltr'><strong>Martyr</strong></span> <span class='ocrx_word' id='word_1_709' title='bbox 2517 4893 2643 4960; x_wconf 78' lang='grc'>(15).</span> <span class='ocrx_word' id='word_1_710' title='bbox 2678 4894 2759 4946; x_wconf 84' lang='lat' dir='ltr'><strong>Ex</strong></span> <span class='ocrx_word' id='word_1_711' title='bbox 2819 4894 3034 4964; x_wconf 87' lang='lat' dir='ltr'><strong>quibus</strong></span> <span class='ocrx_word' id='word_1_712' title='bbox 3069 4911 3206 4967; x_wconf 79' lang='lat' dir='ltr'><strong>ergo</strong></span> <span class='ocrx_word' id='word_1_713' title='bbox 3237 4901 3650 4970; x_wconf 83' lang='lat' dir='ltr'><strong>perspicuum</strong></span> <span class='ocrx_word' id='word_1_714' title='bbox 3706 4915 3803 4961; x_wconf 65' lang='grc' dir='ltr'>ειςι,</span> 
     </span>
    </p>
   </div>
   <div class='ocr_carea' id='block_1_102' title="bbox 436 5056 846 5126">
    <p class='ocr_par' dir='ltr' id='par_1_102' title="bbox 436 5056 846 5126">
     <span class='ocr_line' id='line_1_102' title="bbox 436 5056 846 5126; baseline 0.002 -14"><span class='ocrx_word' id='word_1_715' title='bbox 436 5056 454 5090; x_wconf 82' lang='grc'>¹</span> <span class='ocrx_word' id='word_1_716' title='bbox 486 5060 612 5112; x_wconf 88' lang='lat' dir='ltr'><strong>Act.</strong></span> <span class='ocrx_word' id='word_1_717' title='bbox 645 5075 762 5126; x_wconf 79' lang='lat' dir='ltr'><strong>xxi,</strong></span> <span class='ocrx_word' id='word_1_718' title='bbox 793 5060 846 5113; x_wconf 85' lang='lat'><strong>9.</strong></span> 
     </span>
    </p>
   </div>
   <div class='ocr_carea' id='block_1_103' title="bbox 429 5234 1700 5309">
    <p class='ocr_par' dir='ltr' id='par_1_103' title="bbox 429 5234 1700 5309">
     <span class='ocr_line' id='line_1_103' title="bbox 429 5234 1700 5309; baseline 0.003 -21"><span class='ocrx_word' id='word_1_719' title='bbox 429 5234 509 5306; x_wconf 88' lang='grc'><strong>(1)</strong></span> <span class='ocrx_word' id='word_1_720' title='bbox 537 5234 930 5309; x_wconf 73' lang='lat' dir='ltr'><strong>Eus_eb._ﬂist.</strong></span> <span class='ocrx_word' id='word_1_721' title='bbox 963 5237 1172 5305; x_wconf 73' lang='lat' dir='ltr'><strong>eccles,</strong></span> <span class='ocrx_word' id='word_1_722' title='bbox 1203 5237 1308 5292; x_wconf 87' lang='lat' dir='ltr'><strong>lib.</strong></span> <span class='ocrx_word' id='word_1_723' title='bbox 1343 5253 1416 5305; x_wconf 85' lang='lat' dir='ltr'><strong>1v,</strong></span> <span class='ocrx_word' id='word_1_724' title='bbox 1449 5253 1575 5309; x_wconf 87' lang='lat' dir='ltr'><strong>cap.</strong></span> <span class='ocrx_word' id='word_1_725' title='bbox 1612 5239 1700 5293; x_wconf 84' lang='lat'><strong>23.</strong></span> 
     </span>
    </p>
   </div>
   <div class='ocr_carea' id='block_1_104' title="bbox 430 5306 1209 5379">
    <p class='ocr_par' dir='ltr' id='par_1_104' title="bbox 430 5306 1209 5379">
     <span class='ocr_line' id='line_1_104' title="bbox 430 5306 1209 5379; baseline -0.003 -17"><span class='ocrx_word' id='word_1_726' title='bbox 430 5310 508 5372; x_wconf 82' lang='lat' dir='ltr'><strong>t2)</strong></span> <span class='ocrx_word' id='word_1_727' title='bbox 539 5307 704 5379; x_wconf 61' lang='lat' dir='ltr'><strong>Ibid,</strong></span> <span class='ocrx_word' id='word_1_728' title='bbox 741 5306 841 5362; x_wconf 92' lang='lat' dir='ltr'><strong>lib.</strong></span> <span class='ocrx_word' id='word_1_729' title='bbox 878 5325 926 5368; x_wconf 84' lang='lat' dir='ltr'><strong>v,</strong></span> <span class='ocrx_word' id='word_1_730' title='bbox 961 5324 1086 5379; x_wconf 87' lang='lat' dir='ltr'><strong>cap.</strong></span> <span class='ocrx_word' id='word_1_731' title='bbox 1125 5312 1209 5362; x_wconf 83' lang='grc'><strong>17.</strong></span> 
     </span>
    </p>
   </div>
   <div class='ocr_carea' id='block_1_105' title="bbox 426 5377 1546 5450">
    <p class='ocr_par' dir='ltr' id='par_1_105' title="bbox 426 5377 1546 5450">
     <span class='ocr_line' id='line_1_105' title="bbox 426 5377 1546 5450; baseline 0 -19"><span class='ocrx_word' id='word_1_732' title='bbox 426 5381 502 5446; x_wconf 86' lang='grc'>(3)</span> <span class='ocrx_word' id='word_1_733' title='bbox 532 5377 770 5450; x_wconf 80' lang='lat' dir='ltr'><strong>Hieron.</strong></span> <span class='ocrx_word' id='word_1_734' title='bbox 809 5381 880 5433; x_wconf 87' lang='lat' dir='ltr'><strong>De</strong></span> <span class='ocrx_word' id='word_1_735' title='bbox 909 5382 996 5433; x_wconf 80' lang='lat' dir='ltr'><strong>vir</strong></span> <span class='ocrx_word' id='word_1_736' title='bbox 1025 5377 1252 5444; x_wconf 81' lang='lat' dir='ltr'><strong>illustr.,</strong></span> <span class='ocrx_word' id='word_1_737' title='bbox 1289 5395 1416 5450; x_wconf 87' lang='lat' dir='ltr'><strong>cap.</strong></span> <span class='ocrx_word' id='word_1_738' title='bbox 1462 5383 1546 5433; x_wconf 86' lang='lat'><strong>37.</strong></span> 
     </span>
    </p>
   </div>
   <div class='ocr_carea' id='block_1_106' title="bbox 423 5449 1698 5522">
    <p class='ocr_par' dir='ltr' id='par_1_106' title="bbox 423 5449 1698 5522">
     <span class='ocr_line' id='line_1_106' title="bbox 423 5449 1698 5522; baseline 0.003 -21"><span class='ocrx_word' id='word_1_739' title='bbox 423 5451 499 5519; x_wconf 79' lang='grc'>(4)</span> <span class='ocrx_word' id='word_1_740' title='bbox 529 5449 739 5522; x_wconf 60' lang='lat' dir='ltr'><strong>Euseb.</strong></span> <span class='ocrx_word' id='word_1_741' title='bbox 772 5451 915 5506; x_wconf 75' lang='lat' dir='ltr'><strong>Hist.</strong></span> <span class='ocrx_word' id='word_1_742' title='bbox 947 5451 1160 5514; x_wconf 76' lang='lat' dir='ltr'><strong>ercles.,</strong></span> <span class='ocrx_word' id='word_1_743' title='bbox 1192 5451 1291 5505; x_wconf 90' lang='lat' dir='ltr'><strong>lib.</strong></span> <span class='ocrx_word' id='word_1_744' title='bbox 1327 5449 1410 5518; x_wconf 68' lang='lat' dir='ltr'><strong>ni,</strong></span> <span class='ocrx_word' id='word_1_745' title='bbox 1445 5467 1572 5522; x_wconf 85' lang='lat' dir='ltr'><strong>cap.</strong></span> <span class='ocrx_word' id='word_1_746' title='bbox 1609 5455 1698 5505; x_wconf 85' lang='lat'><strong>37.</strong></span> 
     </span>
    </p>
   </div>
   <div class='ocr_carea' id='block_1_107' title="bbox 421 5519 1536 5592">
    <p class='ocr_par' dir='ltr' id='par_1_107' title="bbox 421 5519 1536 5592">
     <span class='ocr_line' id='line_1_107' title="bbox 421 5519 1536 5592; baseline 0.006 -21"><span class='ocrx_word' id='word_1_747' title='bbox 421 5521 500 5592; x_wconf 77' lang='lat'><strong>(5)</strong></span> <span class='ocrx_word' id='word_1_748' title='bbox 530 5519 770 5592; x_wconf 69' lang='lat' dir='ltr'><strong>llieron.</strong></span> <span class='ocrx_word' id='word_1_749' title='bbox 803 5523 878 5574; x_wconf 88' lang='lat' dir='ltr'><strong>De</strong></span> <span class='ocrx_word' id='word_1_750' title='bbox 907 5524 995 5576; x_wconf 83' lang='lat' dir='ltr'><strong>vir</strong></span> <span class='ocrx_word' id='word_1_751' title='bbox 1023 5522 1249 5588; x_wconf 85' lang='lat' dir='ltr'><strong>itlustr.,</strong></span> <span class='ocrx_word' id='word_1_752' title='bbox 1282 5538 1409 5592; x_wconf 88' lang='lat' dir='ltr'><strong>cap.</strong></span> <span class='ocrx_word' id='word_1_753' title='bbox 1451 5519 1536 5578; x_wconf 61' lang='grc'><strong>19.</strong></span> 
     </span>
    </p>
   </div>
   <div class='ocr_carea' id='block_1_108' title="bbox 420 5589 1644 5665">
    <p class='ocr_par' dir='ltr' id='par_1_108' title="bbox 420 5589 1644 5665">
     <span class='ocr_line' id='line_1_108' title="bbox 420 5589 1644 5665; baseline 0.004 -25"><span class='ocrx_word' id='word_1_754' title='bbox 420 5591 496 5665; x_wconf 61' lang='grc' dir='ltr'>(ρ)</span> <span class='ocrx_word' id='word_1_755' title='bbox 529 5589 738 5665; x_wconf 58' lang='lat' dir='ltr'><strong>Euseb.</strong></span> <span class='ocrx_word' id='word_1_756' title='bbox 774 5592 915 5665; x_wconf 73' lang='lat' dir='ltr'><strong>Hist.</strong></span> <span class='ocrx_word' id='word_1_757' title='bbox 949 5593 1158 5664; x_wconf 81' lang='lat' dir='ltr'><strong>eceles.,</strong></span> <span class='ocrx_word' id='word_1_758' title='bbox 1187 5593 1288 5646; x_wconf 80' lang='lat' dir='ltr'><strong>lib.</strong></span> <span class='ocrx_word' id='word_1_759' title='bbox 1325 5589 1397 5665; x_wconf 55' lang='grc' dir='ltr'><strong>ιν,</strong></span> <span class='ocrx_word' id='word_1_760' title='bbox 1430 5609 1558 5665; x_wconf 87' lang='lat' dir='ltr'><strong>cap.</strong></span> <span class='ocrx_word' id='word_1_761' title='bbox 1593 5597 1644 5647; x_wconf 79' lang='lat'><strong>5.</strong></span> 
     </span>
    </p>
   </div>
   <div class='ocr_carea' id='block_1_109' title="bbox 423 5659 2002 5737">
    <p class='ocr_par' dir='ltr' id='par_1_109' title="bbox 423 5659 2002 5737">
     <span class='ocr_line' id='line_1_109' title="bbox 423 5659 2002 5737; baseline 0.009 -32"><span class='ocrx_word' id='word_1_762' title='bbox 423 5660 501 5737; x_wconf 55' lang='grc' dir='ltr'>(ἶ)</span> <span class='ocrx_word' id='word_1_763' title='bbox 530 5659 771 5737; x_wconf 56' lang='lat' dir='ltr'><strong>Hieran.</strong></span> <span class='ocrx_word' id='word_1_764' title='bbox 805 5660 975 5729; x_wconf 90' lang='lat' dir='ltr'><strong>epist.</strong></span> <span class='ocrx_word' id='word_1_765' title='bbox 1005 5665 1096 5730; x_wconf 87' lang='lat'><strong>70,</strong></span> <span class='ocrx_word' id='word_1_766' title='bbox 1126 5659 1184 5716; x_wconf 71' lang='grc' dir='ltr'>ἡ.</span> <span class='ocrx_word' id='word_1_767' title='bbox 1229 5665 1282 5734; x_wconf 75' lang='grc'>4,</span> <span class='ocrx_word' id='word_1_768' title='bbox 1327 5664 1471 5734; x_wconf 89' lang='lat' dir='ltr'><strong>Opp.</strong></span> <span class='ocrx_word' id='word_1_769' title='bbox 1505 5659 1670 5720; x_wconf 52' lang='lat' dir='ltr'><strong>&#39;tom.</strong></span> <span class='ocrx_word' id='word_1_770' title='bbox 1707 5667 1750 5733; x_wconf 90' lang='grc' dir='ltr'>Ι,</span> <span class='ocrx_word' id='word_1_771' title='bbox 1781 5682 1838 5737; x_wconf 91' lang='lat' dir='ltr'><strong>p.</strong></span> <span class='ocrx_word' id='word_1_772' title='bbox 1874 5666 2002 5734; x_wconf 60' lang='lat'><strong>426,</strong></span> 
     </span>
    </p>
   </div>
   <div class='ocr_carea' id='block_1_110' title="bbox 357 5722 912 5782">
    <p class='ocr_par' dir='ltr' id='par_1_110' title="bbox 357 5722 912 5782">
     <span class='ocr_line' id='line_1_110' title="bbox 357 5722 912 5782; baseline 0.02 -11"><span class='ocrx_word' id='word_1_773' title='bbox 357 5722 500 5774; x_wconf 89' lang='lat' dir='ltr'><strong>edit.</strong></span> <span class='ocrx_word' id='word_1_774' title='bbox 533 5737 665 5775; x_wconf 84' lang='lat' dir='ltr'><strong>nov.</strong></span> <span class='ocrx_word' id='word_1_775' title='bbox 703 5722 912 5782; x_wconf 41' lang='lat' dir='ltr'><strong>Vero-ri.</strong></span> 
     </span>
    </p>
   </div>
   <div class='ocr_carea' id='block_1_111' title="bbox 2189 5237 3550 5318">
    <p class='ocr_par' dir='ltr' id='par_1_111' title="bbox 2189 5237 3550 5318">
     <span class='ocr_line' id='line_1_111' title="bbox 2189 5237 3550 5318; baseline 0.015 -28"><span class='ocrx_word' id='word_1_776' title='bbox 2189 5241 2264 5318; x_wconf 61' lang='grc' dir='ltr'>(ἐξ)</span> <span class='ocrx_word' id='word_1_777' title='bbox 2291 5238 2470 5318; x_wconf 52' lang='lat' dir='ltr'><strong>grab:</strong></span> <span class='ocrx_word' id='word_1_778' title='bbox 2501 5237 2694 5318; x_wconf 63' lang='lat' dir='ltr'><strong>Spigil.</strong></span> <span class='ocrx_word' id='word_1_779' title='bbox 2729 5241 3161 5318; x_wconf 89' lang='lat' dir='ltr'><strong>SS._PP._,__tom.</strong></span> <span class='ocrx_word' id='word_1_780' title='bbox 3199 5245 3271 5312; x_wconf 88' lang='lat' dir='ltr'><strong>ll,</strong></span> <span class='ocrx_word' id='word_1_781' title='bbox 3305 5263 3367 5318; x_wconf 89' lang='lat' dir='ltr'><strong>p.</strong></span> <span class='ocrx_word' id='word_1_782' title='bbox 3409 5251 3550 5312; x_wconf 64' lang='grc'>124.</span> 
     </span>
    </p>
   </div>
   <div class='ocr_carea' id='block_1_112' title="bbox 2189 5309 3450 5390">
    <p class='ocr_par' dir='ltr' id='par_1_112' title="bbox 2189 5309 3450 5390">
     <span class='ocr_line' id='line_1_112' title="bbox 2189 5309 3450 5390; baseline 0.006 -26"><span class='ocrx_word' id='word_1_783' title='bbox 2189 5309 2512 5390; x_wconf 59' lang='lat' dir='ltr'><strong>(il)__EP_seb.</strong></span> <span class='ocrx_word' id='word_1_784' title='bbox 2724 5312 2941 5390; x_wconf 57' lang='lat' dir='ltr'><strong>coclea,</strong></span> <span class='ocrx_word' id='word_1_785' title='bbox 2964 5314 3070 5390; x_wconf 81' lang='lat' dir='ltr'><strong>lib.</strong></span> <span class='ocrx_word' id='word_1_786' title='bbox 3107 5332 3180 5383; x_wconf 76' lang='grc' dir='ltr'><strong>ιν,</strong></span> <span class='ocrx_word' id='word_1_787' title='bbox 3214 5309 3348 5390; x_wconf 73' lang='lat' dir='ltr'><strong>cap.</strong></span> <span class='ocrx_word' id='word_1_788' title='bbox 3391 5323 3450 5376; x_wconf 88' lang='lat'><strong>3.</strong></span> 
     </span>
    </p>
   </div>
   <div class='ocr_carea' id='block_1_113' title="bbox 2189 5382 3005 5450">
    <p class='ocr_par' dir='ltr' id='par_1_113' title="bbox 2189 5382 3005 5450">
     <span class='ocr_line' id='line_1_113' title="bbox 2189 5382 3005 5450; baseline 0.006 -16"><span class='ocrx_word' id='word_1_789' title='bbox 2189 5385 2304 5450; x_wconf 77' lang='grc'>(10)</span> <span class='ocrx_word' id='word_1_790' title='bbox 2334 5383 2500 5435; x_wconf 86' lang='lat' dir='ltr'><strong>Phot.</strong></span> <span class='ocrx_word' id='word_1_791' title='bbox 2545 5382 2688 5437; x_wconf 76' lang='lat' dir='ltr'><strong>Bibl.</strong></span> <span class='ocrx_word' id='word_1_792' title='bbox 2717 5383 2846 5437; x_wconf 86' lang='lat' dir='ltr'><strong>cod.</strong></span> <span class='ocrx_word' id='word_1_793' title='bbox 2885 5388 3005 5440; x_wconf 82' lang='grc'>126.</span> 
     </span>
    </p>
   </div>
   <div class='ocr_carea' id='block_1_114' title="bbox 2187 5453 3467 5534">
    <p class='ocr_par' dir='ltr' id='par_1_114' title="bbox 2187 5453 3467 5534">
     <span class='ocr_line' id='line_1_114' title="bbox 2187 5453 3467 5534; baseline 0.013 -31"><span class='ocrx_word' id='word_1_794' title='bbox 2323 5453 2535 5534; x_wconf 61' lang='lat' dir='ltr'><strong>Euseb.</strong></span> <span class='ocrx_word' id='word_1_795' title='bbox 2748 5455 2956 5534; x_wconf 62' lang='lat' dir='ltr'><strong>sectos,</strong></span> <span class='ocrx_word' id='word_1_796' title='bbox 2989 5456 3090 5512; x_wconf 87' lang='lat' dir='ltr'><strong>lib.</strong></span> <span class='ocrx_word' id='word_1_797' title='bbox 3125 5475 3199 5534; x_wconf 60' lang='lat' dir='ltr'><strong>iv,</strong></span> <span class='ocrx_word' id='word_1_798' title='bbox 3233 5475 3374 5534; x_wconf 87' lang='lat' dir='ltr'><strong>cap.</strong></span> <span class='ocrx_word' id='word_1_799' title='bbox 3413 5468 3467 5521; x_wconf 86' lang='lat'><strong>3.</strong></span> 
     </span>
    </p>
   </div>
   <div class='ocr_carea' id='block_1_115' title="bbox 2187 5523 3245 5600">
    <p class='ocr_par' dir='ltr' id='par_1_115' title="bbox 2187 5523 3245 5600">
     <span class='ocr_line' id='line_1_115' title="bbox 2187 5523 3245 5600; baseline 0.009 -25"><span class='ocrx_word' id='word_1_800' title='bbox 2187 5524 2297 5600; x_wconf 59' lang='grc'>(12)</span> <span class='ocrx_word' id='word_1_801' title='bbox 2327 5523 2557 5600; x_wconf 36' lang='lat' dir='ltr'><strong>Euseb;</strong></span> <span class='ocrx_word' id='word_1_802' title='bbox 2577 5523 2776 5600; x_wconf 59' lang='lat' dir='ltr'><strong>Cliron.</strong></span> <span class='ocrx_word' id='word_1_803' title='bbox 2803 5527 2922 5593; x_wconf 86' lang='lat' dir='ltr'><strong>Gr.,</strong></span> <span class='ocrx_word' id='word_1_804' title='bbox 2954 5543 3086 5600; x_wconf 82' lang='lat' dir='ltr'><strong>pag.</strong></span> <span class='ocrx_word' id='word_1_805' title='bbox 3117 5523 3245 5586; x_wconf 77' lang='grc'>⁸211.</span> 
     </span>
    </p>
   </div>
   <div class='ocr_carea' id='block_1_116' title="bbox 2183 5593 3274 5672">
    <p class='ocr_par' dir='ltr' id='par_1_116' title="bbox 2183 5593 3274 5672">
     <span class='ocr_line' id='line_1_116' title="bbox 2183 5593 3274 5672; baseline 0.008 -26"><span class='ocrx_word' id='word_1_806' title='bbox 2183 5597 2297 5672; x_wconf 54' lang='grc'>(13)</span> <span class='ocrx_word' id='word_1_807' title='bbox 2318 5593 3109 5672; x_wconf 37' lang='lat' dir='ltr'><strong>§ync_ell.~_0hronogr.,‘pag.</strong></span> <span class='ocrx_word' id='word_1_808' title='bbox 3145 5603 3274 5657; x_wconf 75' lang='grc'>348.</span> 
     </span>
    </p>
   </div>
   <div class='ocr_carea' id='block_1_117' title="bbox 2183 5665 3785 5750">
    <p class='ocr_par' dir='ltr' id='par_1_117' title="bbox 2183 5665 3785 5750">
     <span class='ocr_line' id='line_1_117' title="bbox 2183 5665 3785 5750; baseline 0.001 -29"><span class='ocrx_word' id='word_1_809' title='bbox 2318 5665 2530 5750; x_wconf 73' lang='lat' dir='ltr'><strong>Euseb.</strong></span> <span class='ocrx_word' id='word_1_810' title='bbox 2557 5665 2762 5750; x_wconf 35' lang='lat' dir='ltr'><strong>Clin-on.</strong></span> <span class='ocrx_word' id='word_1_811' title='bbox 2784 5665 2883 5723; x_wconf 85' lang='lat' dir='ltr'><strong>lib.</strong></span> <span class='ocrx_word' id='word_1_812' title='bbox 2909 5665 3785 5750; x_wconf 48' lang='lat' dir='ltr'><strong>_retii,p.t7,m‘7,edit_5cau;_</strong></span> 
     </span>
    </p>
   </div>
   <div class='ocr_carea' id='block_1_118' title="bbox 2179 5736 3871 5812">
    <p class='ocr_par' dir='ltr' id='par_1_118' title="bbox 2179 5736 3871 5812">
     <span class='ocr_line' id='line_1_118' title="bbox 2179 5736 3871 5812; baseline 0.014 -25"><span class='ocrx_word' id='word_1_813' title='bbox 2179 5736 2294 5808; x_wconf 83' lang='grc'>(15)</span> <span class='ocrx_word' id='word_1_814' title='bbox 2324 5737 2538 5792; x_wconf 85' lang='lat' dir='ltr'><strong>Justin.</strong></span> <span class='ocrx_word' id='word_1_815' title='bbox 2573 5737 2802 5808; x_wconf 79' lang='lat' dir='ltr'><strong>Apolog.</strong></span> <span class='ocrx_word' id='word_1_816' title='bbox 2840 5759 2875 5812; x_wconf 86' lang='lat' dir='ltr'><strong>I,</strong></span> <span class='ocrx_word' id='word_1_817' title='bbox 2907 5743 3048 5810; x_wconf 87' lang='lat'><strong>§69.</strong></span> <span class='ocrx_word' id='word_1_818' title='bbox 3083 5736 3123 5743; x_wconf 70' lang='grc'><em>”</em></span> <span class='ocrx_word' id='word_1_819' title='bbox 3251 5736 3263 5744; x_wconf 59' lang='grc'><strong><em>⁷</em></strong></span> <span class='ocrx_word' id='word_1_820' title='bbox 3399 5736 3411 5750; x_wconf 85' lang='grc'><strong>’</strong></span> <span class='ocrx_word' id='word_1_821' title='bbox 3437 5736 3768 5745; x_wconf 34' lang='lat' dir='ltr'><strong>“WHT-—</strong></span> <span class='ocrx_word' id='word_1_822' title='bbox 3870 5739 3871 5812; x_wconf 46' lang='grc' dir='ltr'><strong>ἦ</strong></span> 
     </span>
    </p>
   </div>
  </div>
