3922 6304
164 399 332 460 1973

1712 401 2063 465 ΝΟΤΙΤΙΑ.

3427 402 3585 463 1274

166 535 609 593 mentionem'a
641 539 793 595 Luca
822 539 972 596 forte
1018 540 1233 597 factam
1264 541 1504 611 dixerit,
1562 540 1623 594 in
1662 538 1821 594 Actis
1851 539 1905 606 Α
1937 533 2313 591 doctissimus
2352 533 2750 605 comperitur;
2784 533 2910 588 haec
2945 534 3102 589 enim
3134 536 3429 591 sententia
3458 552 3579 591 non

167 624 406 678 scilicet
446 627 872 699 apostolorum,
906 629 1031 685 bene
1088 631 1245 686 male
1298 631 1370 686 ad
1403 632 1591 702 ipsam
1622 632 1825 699 Dispu-

167 716 442 768 tationem
474 731 602 770 esse
630 717 838 773 relata.
878 742 898 769 ο
936 720 1067 774 Haec
1098 720 1220 774 ille.

242 806 533 860 (ueterum
564 807 736 879 ionge
769 808 869 863 diu
902 815 1037 865 ante
1069 810 1387 866 Maximum
1419 809 1687 865 eamdem
1707 809 1823 863 Dis-

154 897 510 963 putationem
569 896 792 967 legerat
839 899 1041 955 Celsus
1092 902 1434 971 Epicureus,
1485 903 1655 970 cujus
1713 899 1822 953 ini-

162 1001 356 1051 quum
380 985 452 1039 de
484 984 585 1041 illa
607 987 903 1058 judicium
936 991 1145 1045 recitat
1173 992 1265 1046 his
1318 991 1511 1047 verbis
1545 991 1822 1061 Origenes
1878 996 1887 1003 “

159 1076 243 1141 (ὓ)
276 1090 289 1126 :
327 1073 607 1128 ῙΙαπίσκου
629 1076 777 1137 τινὸς
807 1076 899 1131 καὶ
933 1076 1171 1139 ἰἀσονος
1199 1078 1515 1154 ἀντιλογίαν
1545 1076 1818 1151 ἔγνων,οὐ

155 1159 432 1235 γέλωτος,
503 1161 647 1219 ἀλλὰ
708 1164 921 1237 μᾶλλον
975 1165 1163 1230 ἐλὲους
1222 1167 1314 1222 καὶ
1403 1167 1593 1240 μίσους
1651 1167 1815 1238 ἀξίαν.

158 1249 389 1322 Ἔμοιγ’
423 1248 513 1304 οὖν
538 1251 599 1306 οὐ
632 1252 1037 1330 ταῦτ’ὲλέγχειν
1060 1257 1359 1327 πρόκειται’
1392 1253 1507 1312 ἔστε
1535 1256 1637 1331 γὰρ
1659 1254 1815 1310 παττί

156 1358 271 1391 που
304 1334 472 1407 δῆλα.
506 1362 532 1391 ‹‹
574 1343 806 1413 Papisci
838 1346 1148 1417 cujusdam
1180 1352 1240 1401 et
1298 1347 1530 1401 Jasonis
1579 1352 1820 1401 conten-

156 1427 390 1482 tionem
417 1430 571 1499 novi,
606 1447 725 1486 non
754 1432 881 1488 risu
910 1434 1013 1489 sed
1069 1435 1455 1490 miseratione
1506 1436 1701 1507 potius
1735 1435 1820 1489 di-

156 1532 340 1586 gnam
358 1524 414 1572 et
436 1518 734 1575 odio.Hzec
754 1522 952 1591 itaque
974 1523 1279 1579 confutare
1292 1523 1439 1578 mihi
1462 1541 1584 1579 non
1604 1524 1819 1578 estaui-

159 1622 299 1660 mus
332 1626 345 1673 ;
370 1609 588 1679 quippe
616 1627 868 1680 quorum
895 1611 1231 1668 absurditas
1274 1614 1551 1668 omnibus
1575 1619 1751 1685 patet.
1787 1636 1816 1661 ››

156 1694 383 1750 Verum
408 1697 823 1770 Origenes,qui
857 1710 916 1754 et
938 1701 1063 1771 ipse
1085 1702 1381 1757 Aristonis
1398 1702 1690 1772 Dialoyum
1722 1718 1818 1757 no-

162 1789 351 1847 verat.
387 1787 539 1842 Celsi
563 1788 921 1845 calumniam
948 1791 1033 1845 ita
1052 1792 1365 1860 refellit,ut
1382 1792 1538 1847 haud
1559 1792 1815 1846 otiosum

1932 625 2213 693 Aristoni,
2238 623 2343 678 sed
2373 623 2612 695 ipsimet
2667 623 2901 694 Origeni
2934 624 3247 680 tribuenda
3277 645 3291 694 ;
3316 626 3416 695 qui
3447 628 3580 682 effa-

1934 720 2057 771 tum
2075 714 2218 770 illud
2252 714 2725 769 velutcommune
2749 714 3015 768 omnium
3038 714 3312 769 Ecclesiae
3327 715 3572 786 scripto-

1931 821 2064 859 rum
2110 798 2479 875 principium
2526 804 2908 874 pronuntiat;
2966 808 3033 858 ut
3079 804 3190 860 rite
3221 803 3574 859 advertitcl.

1930 896 2202 949 Maranus
2234 895 2328 963 (9).

2000 985 2140 1037 Post
2170 984 2482 1054 Origenem
2535 988 2731 1038 autem
2765 983 3041 1037 meminit
3096 1000 3331 1053 quoque
3390 983 3576 1039 semel

1930 1074 2265 1143 iterumque
2297 1072 2350 1129 ὃ.
2384 1072 2775 1144 Hieronymus
2824 1072 3088 1141 e,usdem
3151 1074 3574 1143 Dis-putationis,

1929 1179 2106 1232 quam
2139 1169 2197 1216 et
2227 1163 2652 1217 Attercationem
2697 1168 2899 1228 vocat;
2929 1162 3163 1232 duoque
3216 1162 3403 1233 ipsius
3442 1162 3574 1218 loca

1926 1252 2175 1307 inferius
2205 1252 2613 1308 retulimus.Et
2640 1252 2703 1306 in
2733 1268 2938 1307 eorum
2969 1251 3211 1322 quidem
3241 1251 3424 1306 altero
3457 1250 3571 1324 (10)

1926 1345 2140 1399 falsum
2171 1361 2303 1398 esse
2334 1344 2546 1399 asserit
2591 1344 2797 1399 doctor
2853 1345 3169 1412 maximus,
3204 1343 3361 1414 quod
3409 1342 3472 1396 in
3504 1360 3572 1397 ea

1926 1434 2213 1505 scriptum
2246 1434 2565 1502 erat,initio
2596 1434 2887 1489 Geneseos
2908 1434 2969 1487 in
2995 1433 3454 1488 Hebraaohaberi
3480 1436 3573 1488 :In

1925 1524 2066 1578 Filio
2096 1525 2231 1590 fecit
2262 1525 2397 1579 Deus
2426 1522 2617 1578 caelum
2644 1529 2695 1577 et
2724 1529 2945 1577 terram.
2968 1522 3082 1577 Sed
3120 1522 3458 1578 Aristonem
3481 1522 3573 1577 de-

1925 1613 2060 1666 fend
2072 1612 2288 1667 endum
2313 1611 2574 1682 suscepit
2588 1610 3036 1682 Bartoloccius(i
3052 1614 3072 1663 1
3087 1618 3159 1679 }:«
3180 1613 3289 1665 Pro
3305 1611 3570 1679 Hebraeo,

1929 1701 2498 1771 inquit,intelligitur
2524 1700 2742 1755 idioma
2765 1700 3384 1770 Hierosolymitanum,
3413 1698 3572 1770 quod

1928 1790 2280 1845 Hebraicum
2336 1791 2456 1845 lato
2507 1788 2681 1845 modo
2750 1790 3076 1858 dicebatur,
3128 1794 3185 1844 et
3226 1789 3437 1844 litteris
3472 1791 3571 1844 Hc-

156 1872 488 1945 fueritejus
512 1880 962 1949 responsionem
982 1881 1074 1935 hic
1088 1880 1421 1936 describere
1449 1898 1462 1949 ;
1488 1899 1555 1935 ex
1573 1880 1813 1936 eaenim
1849 1915 1892 1981 Β
1924 1880 2140 1935 braicis
2165 1880 2553 1936 scribebatur.
2590 1882 2652 1935 in
2684 1879 2794 1934 hoc
2815 1879 3108 1950 siquxdem
3142 1878 3444 1948 idiomate,
3480 1896 3573 1933 cu-

158 1979 301 2016 cum
334 1965 531 2034 operis
554 1965 1027 2038 inscriptionem,
1065 1977 1186 2024 tum
1211 1971 1272 2024 in
1294 1970 1501 2041 primis
1525 1970 1651 2041 ejus
1682 1971 1816 2025 cha-

158 2058 454 2107 racterem
486 2059 667 2125 atque
698 2057 1032 2112 doctrinam
1055 2059 1469 2130 perspicimus.
1501 2060 1594 2115 Sic
1638 2058 1818 2131 igitur

156 2142 261 2196 ille
296 2159 308 2196 :
343 2141 511 2198 Οὐδὲν
544 2142 588 2197 δ’
621 2146 787 2213 ἦττον
820 2141 1135 2219 ἐϐουλόμην
1174 2149 1329 2202 πάνθ’
1387 2149 1631 2203 ὁντινοῦν
1661 2149 1817 2203 tim-3-

155 2249 327 2283 σαντκ
357 2227 798 2307 δεινολογοῦντος
828 2233 1157 2305 Κέλσου,καὶ
1189 2236 1485 2315 φάσκοντος
1516 2238 1577 2292 τὸ
1602 2237 1815 2313 ἐπιγεγ-

156 2317 441 2391 ραμμένον
473 2319 822 2396 σῦγγρςιμμα,
856 2324 1090 2386 Ἰάδονος
1145 2327 1235 2379 καὶ
1293 2325 1577 2383 Ηαπίσκου
1602 2327 1814 2382 ἀντιλο-

154 2406 286 2479 γίαν
317 2407 440 2481 περὶ
471 2409 727 2483 Χριστοῦ,
785 2416 849 2465 ου
909 2412 1175 2488 γέλωτος,
1229 2413 1376 2470 ἀλλὰ
1433 2415 1624 2489 μίσους
1666 2413 1809 2488 ἄξιον

154 2496 324 2567 εἶναι,
359 2492 548 2552 λαϐεῖν
583 2499 659 2563 εἷς
686 2500 881 2576 ’Χεῖρας
930 2503 992 2557 τὸ
1049 2506 1516 2579 συγγραμμάτιον,
1550 2505 1637 2559 καὶ
1671 2507 1811 2561 ὑπο-

160 2591 343 2658 μεῖναι
376 2587 460 2641 κςιῖ
496 2588 813 2663 ἆνεσχέσεεκ
850 2592 1069 2647 imis-1'.
1092 2596 1201 2647 τῶν
1230 2593 1278 2647 ἐν
1314 2592 1571 2667 αὖτῷ·τίν⁹
1592 2594 1807 2659 αὐτίῖοεν

154 2680 411 2751 καταγνῷ
439 2681 535 2730 τοῦ
568 2676 796 2747 Κέλσου,
833 2678 1002 2752 μηδὲν
1039 2682 1303 2755 εὑρίσκων
1339 2686 1531 2757 μίσους
1582 2682 1727 2756 ἄξιον
1760 2682 1811 2737 ἐν

152 2768 239 2835 τῷ
275 2759 501 2837 βιϐλίῳ.
530 2766 650 2823 Ἐὰν
685 2765 732 2822 δ’
764 2767 1075 2832 ἀδεκάστως
1102 2792 1189 2834 τις
1235 2771 1563 2847 ἐντυγχάνῃ,
1590 2773 1808 2847 εὑρήσει

156 2853 244 2909 ὅτι
277 2851 390 2908 οὐδ’
421 2853 508 2908 ἐπὶ
539 2854 757 2930 γέλωτα
786 2865 925 2913 κινεῖ
945 2861 1004 2913 τὸ
1027 2856 1321 2934 βιϐλίον,ἐν
1347 2861 1392 2934 ᾦ
1418 2861 1807 2939 ἀναγέγραπται

157 2944 480 3017 Χριστιανὸς
512 2943 759 3019 Ἰουδαίῳ
790 2945 1181 3024 διαλεγόμενος
1214 2949 1319 3006 ἀπὸ
1344 2956 1451 3006 τῶν
1478 2951 1807 3021 ἰουὸαῖκῶν,

157 3039 410 3109 Γρπφῶν,
442 3035 533 3089 καὶ
566 3035 774 3100 δεικνὺς
801 3038 896 3101 τὰς
923 3039 1047 3113 περὶ
1076 3044 1173 3094 τοῦ
1204 3043 1442 3114 Χριστοῦ
1468 3043 1805 3120 προφητείας

158 3123 488 3197 ἐφαρμόζειν
547 3131 629 3198 τῷ
671 3129 878 3198 Ἰησοῦ·
935 3129 1115 3185 καίτοι
1181 3151 1244 3205 γε
1286 3129 1385 3185 οὐκ.
1434 3130 1662 3207 ἀγεινὸις
1693 3130 1807 3186 οὐδ’

153 3213 413 3286 ἀπρεπῶς
442 3236 521 3286 τῳ
550 3212 836 3289 Ἰουδαῖκῷ
887 3219 1170 3293 προσώπῳ
1221 3225 1323 3274 τοῦ
1373 3218 1559 3292 ἑτέρου
1590 3221 1807 3292 ἱσταμὲ-

1915 1971 2016 2042 jus
2066 1969 2333 2040 reliquias
2389 1970 2582 2025 adhuc
2630 1970 2691 2023 in
2747 1970 2995 2040 Targum
3037 1967 3567 2039 Hierosolymitano

1922 2060 2097 2113 hodie
2127 2065 2466 2131 supersunt,
2535 2059 2840 2114 invenitur
2873 2075 2885 2112 :
2917 2059 2981 2112 In
3032 2058 3321 2128 Sapientia
3359 2060 3567 2112 creavit

1925 2149 2078 2214 Deus,
2112 2153 2223 2202 etc.
2252 2150 2365 2202 Per
2392 2148 2606 2203 Filium
2640 2148 2830 2202 Patris
2861 2147 3088 2213 mterni,
3113 2152 3171 2201 et
3199 2146 3259 2200 in
3290 2146 3432 2200 Filio
3465 2145 3565 2216 qui

1922 2238 2225 2308 Sapientia
2255 2238 2358 2292 Dei
2390 2237 2580 2294 Patris
2611 2243 2721 2305 est,
2755 2241 2952 2292 creata
2976 2240 3121 2290 sunt
3148 2235 3385 2303 omnia;
3412 2235 3566 2289 unde

1920 2326 1983 2380 in
2014 2327 2126 2381 hoc
2151 2326 2276 2381 loco
2306 2332 2365 2381 et
2393 2326 2722 2381 secundum
2748 2326 2907 2380 hunc
2936 2324 3379 2390 sensum,idem
3417 2323 3571 2378 valet

1917 2417 1982 2471 In
2009 2416 2300 2488 Sapientia
2356 2432 2426 2470 ac
2473 2419 2533 2471 In
2583 2416 2748 2472 Filio.
2793 2436 2822 2465 »
2871 2415 3164 2469 Hactenus
3216 2413 3335 2469 ille.
3370 2415 3570 2484 Neque

1919 2506 2157 2574 mirum,
2194 2506 2242 2559 si
2273 2506 2468 2559 Aristo
2497 2505 2746 2559 Pellaeus
2770 2504 2966 2559 locum
3009 2505 3191 2558 istum
3224 2518 3295 2558 ex
3318 2504 3565 2574 Targum

1919 2587 2448 2658 Hierosolymitano
2468 2587 2880 2658 desumpserit,
2908 2586 3154 2640 consilio
3175 2585 3566 2655 institutoque

1919 2693 2024 2732 suo
2054 2676 2210 2731 haud
2244 2692 2455 2747 parum
2487 2681 2912 2747 congruentem
2937 2694 2951 2741 ;
2979 2675 3081 2744 qui
3115 2674 3342 2729 scilicet
3369 2674 3571 2744 dispu-

1918 2765 2206 2820 tationem
2238 2781 2407 2820 suam
2438 2765 2511 2820 De
2544 2764 2756 2819 Christo
2786 2763 2848 2817 in
2868 2763 3079 2834 primis
3102 2762 3423 2833 inscripsit,
3444 2764 3567 2832 qui-

1918 2871 2031 2924 que
2059 2870 2180 2909 non
2208 2854 2398 2909 solum
2418 2854 2692 2908 Iasonem
2727 2851 3125 2907 Christianum
3159 2848 3266 2904 ἀπὸ
3288 2853 3395 2904 τῶν
3426 2852 3567 2904 Ἰου-

1916 2941 2384 3021 ὃχῖκῶνγραφῶν,
2436 2960 2505 2999 ea:
2561 2945 2691 3013 ipsis
2742 2943 3059 2997 ludiarum
3118 2942 3311 2997 litteris
3358 2941 3564 3013 dispu-

1914 3040 2161 3106 tantem,
2215 3051 2419 3090 verum
2465 3035 2645 3090 etiam
2708 3032 3019 3103 Papiscum
3076 3032 3388 3088 Hebraeum
3459 3029 3562 3085 οὐκ

1915 3125 2152 3201 ἀγεννῶς
2178 3121 2292 3178 οὐδ’
2326 3125 2581 3197 ἀπρεπῶς
2608 3126 2687 3195 τῷ
2735 3120 3042 3194 uouemus,
3075 3129 3292 3177 strenue
3319 3125 3559 3192 satisque

1911 3215 2140 3270 Judaiee
2169 3214 2674 3271 contradicentem
2705 3212 2961 3280 induxit,
3011 3217 3076 3266 ut
3134 3210 3308 3267 modo
3341 3227 3561 3267 assere-

152 3322 253 3356 νου
280 3304 414 3378 πρὸς
447 3304 538 3358 τὸν
570 3304 758 3379 Λόγον.
794 3308 855 3363 Id
887 3314 977 3364 est
1005 3326 1017 3364 :
1052 3332 1079 3359 «
1114 3312 1229 3379 Ego
1261 3315 1461 3367 tamen
1502 3327 1792 3383 cuperem1

1982 3309 2014 3358 .t
2033 3304 2336 3376 Origenes.
2369 3303 2534 3359 Haud
2566 3303 2845 3374 equidem
2893 3302 3121 3374 ignoro,
3182 3300 3319 3355 huic
3364 3301 3559 3355 Barto-

154 3410 576 3467 quemcunque
606 3402 739 3468 post
769 3398 972 3455 audita
1008 3399 1257 3471 grandia
1304 3400 1454 3456 Celsi
1503 3401 1696 3467 verba,
1731 3401 1810 3455 di-

152 3484 347 3538 centis
378 3486 730 3556 opusculum
760 3487 1138 3560 inscriptum,
1173 3512 1202 3539 »
1231 3491 1464 3546 Jasonis
1497 3496 1555 3546 et
1579 3492 1808 3562 Papisci

152 3575 455 3630 contentio
482 3575 555 3630 de
578 3576 831 3646 Christo,
867 3599 896 3627 »
931 3594 1102 3633 «non
1134 3579 1257 3634 risu
1289 3581 1393 3635 sed
1422 3580 1557 3635 odio
1610 3581 1808 3652 potius

150 3665 397 3735 dignum
424 3681 575 3735 esse,
610 3673 851 3740 accepto
873 3669 934 3725 in
965 3685 1180 3725 manus
1205 3670 1809 3741 libello,aliquantum

149 3771 347 3825 operae
382 3755 628 3811 lectioni
661 3756 791 3827 ejus
819 3758 1143 3823 insumere,
1177 3765 1262 3826 ut,
1295 3776 1358 3815 re
1407 3760 1537 3832 ipsa
1578 3760 1806 3828 doctus,

143 3843 302 3898 Celsi
326 3846 831 3917 vaniloquentiam
862 3848 1122 3918 damnet,
1143 3850 1294 3905 nihil
1325 3850 1459 3905 odio
1482 3850 1725 3923 dignum
1743 3851 1806 3906 in

144 3948 216 3987 eo
253 3932 403 3988 libro
436 3936 762 4005 reperiens.
799 3939 997 4009 Neque
1032 3939 1211 3993 etiam
1244 3939 1567 4010 quidquam
1586 3939 1807 3995 ridicu-

138 4020 269 4076 lum
304 4022 365 4077 in
394 4023 498 4079 illo
530 4024 790 4081 inveniet
822 4042 835 4094 ;
870 4027 931 4081 in
979 4045 1098 4098 quo
1157 4028 1384 4083 scilicet
1438 4028 1806 4084 Christianus

142 4110 457 4167 inducitur
478 4130 611 4169 cum
641 4115 843 4169 Judan
876 4116 1210 4187 disputans,
1243 4123 1420 4187 atque
1449 4135 1519 4173 ex
1546 4118 1690 4188 ipsis
1718 4120 1807 4173 Ju-

142 4202 409 4257 daeorum
444 4206 768 4276 Scripturis
791 4207 1089 4271 evincens,
1109 4209 1534 4279 prophetarum
1567 4210 1808 4264 oracula

144 4292 222 4347 de
246 4293 476 4347 Christo
506 4295 578 4349 ad
606 4296 803 4350 Jesum
826 4298 1162 4366 pertinere;
1191 4313 1533 4367 quanquam
1566 4306 1805 4353 strenue

142 4380 409 4452 satisque
440 4384 677 4439 iudaice
731 4386 1099 4440 contradicat
1154 4387 1548 4441 adversarius.
1581 4411 1601 4436 ι
1637 4388 1805 4452 Quod

142 4475 348 4525 autem
413 4488 480 4526 ex
538 4472 791 4545 Origene
823 4474 897 4546 (7)
958 4474 1185 4546 colligit
1236 4474 1652 4530 Tillemontius
1703 4476 1799 4543 (8),

142 4559 414 4631 ejusdem
454 4561 637 4616 libelli
673 4569 975 4618 auctorem
1007 4563 1117 4619 hoc
1174 4563 1399 4619 dictum
1451 4565 1692 4633 ursisse,
1727 4566 1801 4620 ad

1912 3392 2081 3448 loceii
2113 3393 2423 3448 sententia:
2455 3392 2555 3447 illa
2583 3392 2839 3454 ofﬁcere,
2879 3407 3009 3462 qua)
3059 3389 3130 3444 de
3163 3389 3334 3444 istius
3390 3404 3566 3460 para-

1912 3483 2168 3553 phrastee
2226 3481 2741 3552 Hierosolymitani
2773 3485 2943 3536 aetate
2974 3497 3009 3536 a
3068 3479 3367 3551 plerisque
3421 3478 3563 3533 viris

1914 3572 2123 3640 doctis,
2147 3573 2523 3643 potissimum
2539 3589 2673 3627 vero
2704 3589 2740 3628 a
2759 3572 2983 3627 Morino
3004 3570 3115 3643 (i2)
3136 3570 3564 3636 edisseruntur,

1915 3661 2312 3717 statuentibus
2342 3662 2511 3717 illum
2560 3661 2773 3717 saeculo
2813 3678 2865 3715 γι
2892 3660 3076 3715 fuisse
3123 3659 3514 3715 recentiorem
3550 3674 3564 3724 ;

1913 3751 2241 3823 utproinde
2264 3751 2613 3822 paraphrasi
2630 3750 2971 3822 hujusmodi
2997 3749 3156 3805 haud
3177 3749 3263 3804 uti
3288 3748 3506 3804 saeculo
3527 3764 3562 3802 ιι

1911 3850 2171 3920 potuerit
2223 3849 2441 3904 Aristo.
2504 3851 2715 3904 Verum
2765 3849 2904 3903 huic
2953 3847 3273 3919 objectioni
3304 3846 3564 3902 occurrit

1910 3938 2214 3994 Waltonus
2253 3941 2383 4009 (13),
2449 3938 2747 4010 duplicem
2814 3938 3111 3994 exstitisse
3164 3935 3560 4007 Paraphrasin

1913 4027 2509 4099 llierosolymitanam
2569 4028 3008 4083 demonstrans.
3062 4027 3187 4092 Qua
3218 4025 3290 4080 de
3322 4041 3384 4079 re
3416 4040 3564 4078 non-

1911 4117 2077 4173 nulla
2100 4118 2344 4189 insuper
2375 4117 2618 4173 Wolﬁus
2636 4117 2870 4188 (14).οω
2882 4124 3069 4172 terum
3091 4115 3361 4172 eamdem
3384 4113 3562 4182 huius

1910 4207 2023 4262 loci
2054 4208 2347 4262 Geneseos
2370 4207 2926 4278 interpretationem
2948 4206 3020 4260 ab
3040 4206 3311 4259 Aristone
3328 4202 3564 4259 adhibi-

1908 4304 2053 4365 tam,
2086 4296 2540 4361 hausititidem,
2599 4301 2667 4349 ut
2722 4296 2973 4360 videtur,
3033 4311 3102 4347 ex
3160 4292 3559 4348 vetustissimo

1908 4385 2416 4458 pseudepigrapho
2469 4385 2888 4439 Praedicationis
2944 4384 3095 4437 Petri
3125 4382 3396 4436 Clemens
3425 4379 3559 4433 Ale—

1908 4474 2235 4530 xandrinus
2264 4474 2397 4543 (15),
2418 4478 2483 4527 ut
2512 4472 2660 4528 alios
2687 4475 2890 4527 Patres
2926 4476 3341 4543 pizetereamus
3367 4485 3379 4533 ;
3402 4467 3560 4538 quod

1911 4564 2152 4634 quidem
2201 4563 2421 4635 fugisse
2453 4561 2729 4618 Grabium
2769 4561 2881 4632 (16)
2913 4558 3115 4614 mirari
3149 4558 3307 4612 subit
3359 4559 3558 4626 Neque

141 4665 345 4705 mores
376 4650 784 4707 informandos
831 4669 1009 4723 quam
1040 4655 1297 4708 maxime
1328 4654 1509 4708 utile:
1537 4676 1565 4703 ‹‹
1597 4655 1798 4710 Omnis
1827 4644 1875 4709 D
1907 4654 2148 4709 omnino
2167 4653 2443 4709 dissentit
2466 4654 2721 4724 ipsemet
2749 4649 3271 4720 liieronymus,qui
3298 4648 3334 4703 l.
3358 4664 3409 4703 c.
3433 4647 3559 4701 haec

143 4739 453 4808 sapientiae
483 4741 706 4796 fontem
733 4757 861 4796 esse
894 4758 960 4795 ac
990 4741 1372 4813 principium,
1395 4760 1602 4798 omnes
1619 4744 1798 4799 actio-

142 4843 255 4882 nes
287 4844 354 4881 eo
378 4828 617 4894 referre,
654 4835 719 4884 ut
743 4831 857 4885 Deo
881 4830 1175 4901 placeant,
1204 4848 1271 4886 ac
1304 4849 1377 4886 ne
1410 4833 1667 4905 cogitare
1682 4834 1801 4904 qui-

144 4916 283 4970 dem
299 4916 621 4987 quidquam
647 4917 803 4988 quod
830 4918 909 4972 illi
932 4918 1243 4990 displiceat
1265 4937 1277 4986 ;
1295 4921 1511 4992 quippe
1525 4938 1660 4977 cum
1678 4939 1798 4977 non

145 5005 343 5060 solum
367 5005 526 5061 dicta
547 5006 909 5075 etfacta,sed
932 5009 1109 5062 etiam
1132 5009 1517 5081 cogitationes
1529 5011 1797 5082 judican-

144 5095 237 5148 daa
259 5096 415 5149 sint:
447 5117 477 5145 ι)
520 5097 581 5151 id
631 5097 871 5167 quidem
923 5099 1122 5153 minus
1165 5107 1325 5155 recte
1373 5101 1681 5173 collegisse
1710 5103 1798 5156 vir

215 5241 293 5321 t6)
315 5239 548 5321 Origen.
574 5244 943 5321 cont1~_._l:'cls.,
973 5241 1073 5296 lib.
1111 5259 1185 5310 ιν,
1217 5246 1243 5311 §
1273 5246 1361 5311 52,
1394 5250 1540 5299 tom.
1578 5246 1623 5312 Ι,
1656 5262 1788 5302 nov.

140 5312 285 5369 edit.
315 5312 477 5365 Paris
511 5353 524 5371 .
558 5328 685 5382 pag.
718 5316 844 5367 544.

210 5385 294 5456 (7)
326 5382 404 5437 id.
441 5383 600 5451 ibid,
634 5388 660 5452 ξ
692 5387 780 5447 53,
812 5388 946 5456 pag.
980 5388 1105 5447 545,
1139 5385 1355 5440 noviss.
1409 5387 1550 5440 edit.
1604 5388 1787 5443 Paris.

139 5425 496 5526 Ubi/tamen
550 5425 780 5525 ubique,
812 5425 1010 5510 ltullius
1067 5427 1179 5510 ms.
1234 5456 1361 5513 cod.
1415 5459 1788 5526 auctoritate,

129 5524 423 5601 ὠφελεέῖςρ
457 5542 562 5595 Pro
592 5526 803 5601 σοφίας,
838 5527 1070 5601 legitur-

201 5588 285 5673 (8)
315 5588 545 5673 ratein.
578 5588 735 5673 ιιιιιὶη.
762 5588 976 5673 pectes,
1008 5606 1151 5673 tom.
1186 5603 1233 5673 ιι
1282 5617 1411 5673 pag.
1450 5603 1569 5655 138.

204 5671 287 5739 (9»
322 5669 815 5744 Μειι-ξιιι-ηνὶεηδν
861 5670 1146 5744 Cypriani,
1180 5669 1308 5743 ejus
1366 5669 1511 5744 Opp.
1560 5674 1784 5743 praaﬂx.

123 5747 153 5812 §
193 5744 284 5805 36,
306 5755 440 5812 pag.
477 5742 599 5805 130,
631 5741 771 5812 edit.
800 5743 986 5796 Paris.
1024 5743 1180 5797 1726.

206 5810 323 5883 (10)
358 5810 597 5883 Hieron.
628 5810 713 5865 lib
768 5814 969 5876 Qua'st.
1006 5813 1163 5867 Hebr.
1198 5817 1253 5869 in
1300 5817 1457 5882 Gem,
1494 5814 1601 5869 sub
1650 5816 1781 5870 i-nit.

204 5882 320 5963 (11)
344 5882 664 5941 Bartolocc.
694 5885 836 5941 Bibl.
865 5885 1124 5957 Rabbin.,
1164 5894 1316 5959 part.
1349 5905 1428 5961 ιιι,
1453 5903 1585 5961 pag.
1617 5889 1671 5943 2.

1914 4743 2128 4798 habet:
2164 4767 2189 4791 ‹‹
2218 4743 2393 4815 Magis
2423 4743 2622 4811 itaque
2673 4741 2997 4795 secundum
3058 4754 3321 4799 sensum,
3379 4752 3556 4804 quam

1910 4832 2234 4887 secundum
2262 4831 2420 4886 verbi
2448 4830 2943 4903 [translationem,
2976 4827 3048 4880 de
3106 4825 3335 4879 Christo
3368 4824 3553 4893 accipi

1908 4929 2141 4995 potest;
2168 4923 2269 4995 qui
2290 4928 2408 4978 tam
2444 4923 2504 4977 in
2527 4923 2655 4993 ipsa
2699 4922 2889 4977 fronte
2910 4921 3201 4975 Geneseos
3222 4933 3351 4987 qum
3379 4920 3555 4984 caput

1909 5014 2176 5068 omnium
2198 5013 2480 5068 librorum
2501 5017 2794 5080 est,quam
2814 5009 2991 5065 etiam
3011 5007 3070 5062 in
3088 5005 3376 5078 principio
3390 5006 3557 5059 Joan-

1907 5103 2002 5157 nis
2025 5101 2561 5176 Evangelistte,ca31i
2577 5107 2634 5156 et
2650 5107 2821 5155 terra)
2845 5099 3118 5155 conditor
3136 5097 3556 5169 approbatur.»

1904 5262 2070 5300 num.
2096 5249 2219 5301 584.

1974 5319 2087 5388 (12)
2119 5318 2325 5375 Morin.
2356 5317 2457 5373 lib.
2494 5334 2555 5380 ιι,
2590 5318 2815 5372 Exarsit
2862 5313 2989 5368 Bibl
3070 5329 3191 5381 vni,
3245 5329 3372 5383 cap.
3407 5314 3459 5378 7,
3493 5327 3548 5381 p.

1902 5391 2363 5531 34ῗ13ῗθίῖδίῖει1ῑοῐι.
2409 5462 2714 5529 Protegom.
2750 5474 2853 5529 xu,
2911 5458 2972 5511 in
3026 5455 3173 5510 Bibl.
3224 5453 3548 5525 potygtott.,

1899 5532 2276 5670 ἓὲδιὶξίιίέιί.
2302 5602 2448 5657 Bibl.
2478 5604 2662 5671 Hebr.,
2695 5608 2835 5657 tom.
2871 5602 2940 5661 ιι,
2973 5615 3102 5671 pag.
3138 5600 3300 5654 1169.

1974 5669 2293 5753 (15)]319ω.
2319 5674 2485 5728 Alex.
2520 5669 2720 5728 Strom.
2755 5674 2860 5727 lib.
2921 5669 2992 5738 vx,
3050 5669 3179 5742 Cap.
3214 5672 3267 5737 ‘7,
3330 5685 3388 5739 p.
3422 5669 3545 5731 769,

1900 5744 2040 5799 edit.
2076 5744 2254 5814 Oxop.

1972 5816 2083 5887 (16)
2109 5815 2278 5869 Grab.
2313 5817 2505 5887 Spicit.
2543 5817 2634 5870 SS.
2673 5818 2770 5872 SS.
2805 5833 2841 5881 ι,
2881 5816 2919 5871 1.
2957 5829 3125 5887 pagg.
3159 5815 3230 5869 62
3257 5812 3347 5871 68.
