3922 6304
411 373 566 434 1275

1729 366 2142 432 ARISTONIS
2185 368 2492 435 PELLIEI

3679 373 3831 433 12Ἳῦ

484 505 556 562 Il.
601 504 786 577 Hujus
843 519 979 558 vero
1026 502 1430 574 Disputationis
1472 500 1830 573 jamdudum
1887 499 2061 574 periit
2092 499 2145 567 Α
2175 503 3206 578 stonianiopusculiversionem,nos
3236 503 3377 560 alibi
3410 505 3834 578 opportunius.

410 601 602 652 textus
634 593 1187 666 Graecus,periitque
1215 591 1390 648 simul
1418 593 1774 665 perantiqua
1790 590 2060 664 ejusdem

411 683 680 756 opusculi
712 683 914 738 Latina
944 681 1158 749 versio,
1183 696 1218 735 a
1247 679 1414 736 Celso
1438 679 1697 752 quodam
1731 696 1872 735 sene
1904 679 2066 733 Chri-

410 774 602 830 stiano
635 773 952 828 elaborata.
989 772 1126 843 Ejus
1147 777 1344 826 tamen
1359 775 1629 842 superest
1659 768 2061 842 epistolasatis

414 863 653 935 elegans
685 867 863 932 atque
895 860 1146 929 erudita,
1181 876 1297 932 qua
1329 858 1533 932 Vigilio
1566 858 1842 932 episcopo
1875 858 2060 912 inter-

413 953 807 1026 pretationem
839 967 1008 1007 suam
1041 951 1425 1022 nuncupavit,
1453 948 1609 1005 inter
1653 965 1834 1021 opera
1864 949 1920 1004 S.
1954 948 2061 1018 Cy-

413 1044 620 1115 priano
645 1043 899 1114 ascripta
931 1041 1042 1114 (17)
1077 1056 1090 1108 ;
1124 1039 1280 1095 unde
1312 1038 1603 1095 nonnulla
1633 1038 1940 1107 discimus,
1990 1035 2065 1092 ad

411 1133 607 1206 ipsum
637 1137 863 1187 textum
896 1130 1272 1203 deperditum
1304 1129 1686 1202 pertinentia,
1719 1145 1850 1200 qua)
1880 1127 1965 1183 sic
2003 1142 2064 1181 se

411 1223 634 1280 habent
664 1222 776 1296 (18)
810 1240 822 1276 :
849 1245 875 1272 ‹‹
909 1221 1063 1278 Illud
1085 1220 1437 1294 praeclarum
1468 1225 1645 1292 atque
1676 1216 2064 1275 memorabile

409 1315 847 1388 gloriosumque
881 1314 1112 1369 Jasonis
1146 1312 1373 1368 Hebraei
1404 1311 1721 1367 Christiani
1749 1315 1807 1365 et
1835 1306 2066 1381 Papisci

415 1404 799 1460 Alexandrini
823 1403 1009 1458 Judaei
1068 1402 1482 1474 disputationis
1513 1401 1807 1468 occurrit;
1837 1397 2065 1455 Judaici

414 1495 610 1551 cordis
633 1494 990 1550 obstinatam
1051 1494 1352 1555 duritiam,
1414 1493 1576 1548 brevi
1633 1492 1744 1562 (19)
1804 1487 2066 1546 admoni.

413 1586 572 1640 tione
626 1601 693 1640 ac
751 1584 860 1639 levi
915 1584 1319 1656 increpatione
1377 1582 1718 1648 mollitam;
1781 1584 1840 1635 et
1869 1578 2066 1634 victri—

414 1692 542 1731 cem
573 1675 634 1729 in
665 1674 893 1745 Papisci
929 1673 1103 1729 corde
1123 1673 1351 1729 Jasonis
1383 1673 1454 1727 de
1479 1671 1730 1744 Spiritus
1762 1669 1952 1725 sancti
1974 1668 2063 1723 in-

412 1766 644 1819 fusione
678 1765 1007 1820 doctrinam
1041 1783 1053 1820 :
1084 1781 1202 1835 qua
1229 1765 1511 1835 Papiscus
1569 1761 1642 1818 ad
1693 1759 2062 1816 intellectum

413 1855 676 1910 veritatis
703 1855 1087 1922 admissus,et
1111 1855 1183 1910 ad
1209 1854 1482 1909 timorem
1510 1851 1766 1916 Domini,
1789 1850 1917 1922 ipso
1951 1849 2064 1903 Do-
2098 1881 2140 1946 Β

415 1945 575 1999 mino
608 1944 950 2010 miserante,
983 1943 1293 2012 formatus,
1325 1948 1384 1998 et
1411 1944 1611 1997 lesum
1643 1940 1942 1996 Christum
1973 1937 2062 1992 Fi-

415 2035 562 2090 lium
593 2035 691 2089 Dei
725 2034 1061 2101 credidit,et
1082 2039 1146 2088 ut
1167 2033 1536 2105 signaculum
1570 2035 1833 2087 sumeret
1863 2028 2068 2100 depre-

413 2130 598 2191 catus,
629 2124 912 2179 Jasonem
967 2122 1300 2195 postulavit.
1361 2121 1579 2177 Probat
1634 2121 1746 2176 hoc
1778 2119 2070 2189 scriptura

412 2214 872 2268 concertationis
904 2215 1330 2283 ipsorum,quaa
1361 2210 1776 2266 collidentium
1804 2209 1960 2262 inter
1981 2221 2064 2272 se,

411 2303 643 2374 Papisci
674 2302 1041 2358 adversantis
1073 2302 1326 2370 veritati,
1358 2307 1418 2356 et
1470 2300 1700 2355 lasonis
1747 2294 2066 2354 asserentis

413 2398 472 2446 et
491 2391 844 2446 vindicantis
871 2391 1325 2461 dispositionem
1357 2395 1414 2444 et
1449 2386 1885 2460 plenitudinem
1907 2385 2067 2442 Chri-

416 2482 511 2550 sti,
544 2483 726 2537 Grai-ci
760 2481 1053 2537 sermonis
1085 2498 1263 2554 opere
1295 2481 1526 2553 signata
1576 2483 1684 2534 est.
1721 2501 1748 2529 υ
1799 2481 1931 2534 Haec
1962 2478 2064 2534 ibi.

483 2571 790 2643 Coniicere
814 2571 1036 2644 placuit
1057 2571 1268 2627 Grabio
1299 2571 1434 2643 (20),
1456 2571 1732 2626 Iasonem
1754 2569 2067 2625 Hebreum

413 2662 817 2718 Christianum
849 2669 908 2719 et
935 2663 1250 2735 Papiscum
1275 2662 1544 2718 Judaaum
1576 2659 2064 2730 Alexandrinum,

415 2752 572 2808 inter
599 2771 659 2809 se
682 2755 1074 2826 disputantes,
1109 2754 1276 2810 fictas
1327 2753 1509 2809 fuisse
1542 2768 1848 2824 personas,
1881 2756 1948 2807 ut
2003 2751 2065 2805 in

417 2843 662 2916 dialogis
696 2843 824 2900 ﬁeri
857 2844 1181 2900 consuevit.
1212 2844 1359 2899 Aliis
1390 2848 1590 2899 tamen
1647 2843 1822 2898 aliter
1849 2841 2063 2896 visum.

419 2933 614 2989 Sixtus
646 2935 928 2990 Senensis
953 2935 1211 3008 primum
1240 2934 1376 3006 (21),
1398 2933 1612 2990 deinde
1635 2932 1934 2988 Pamelius
1955 2930 2064 3004 (22)

415 3039 563 3094 quos
595 3030 833 3080 secutus
865 3031 956 3080 est
977 3023 1376 3080 Bartoloccius
1407 3023 1446 3078 l.
1477 3040 1527 3078 c.
1561 3022 1786 3094 opinati
1807 3021 2063 3088 sunt,.la-

411 3115 814 3171 sonemistum
843 3115 1117 3170 eumdem
1139 3114 1320 3170 fuisse
1352 3131 1486 3169 cum
1516 3115 1726 3169 Iasone
1754 3111 2063 3169 Thessalo-

411 3203 661 3272 nicensi,
693 3205 864 3277 cujus
896 3206 1303 3261 meminerunt
1337 3205 1518 3259 Lucas
1540 3203 1600 3258 in
1632 3203 1790 3259 Actis
1820 3219 1953 3270 xvu,
2003 3204 2056 3270 5,

411 3298 469 3347 et
510 3294 747 3364 Paulus,
800 3297 966 3350 Rom.
1016 3311 1131 3358 xvi,
1187 3293 1278 3359 21,
1328 3293 1491 3348 nullo
1523 3297 1721 3347 tamen
1753 3307 1783 3346 e
1814 3291 2058 3347 vetustis

412 3383 802 3454 scriptoribus
847 3382 1192 3438 testimonio
1243 3383 1305 3436 in
1355 3382 1620 3438 medium
1669 3380 1920 3436 adducto
1955 3385 2065 3447 ;ut

410 3472 656 3542 proinde
685 3473 978 3544 Spencero
1032 3473 1164 3544 (23),
1217 3471 1586 3528 Tillemontio
1643 3471 1754 3544 (24)
1809 3471 2061 3542 aliisque

409 3561 754 3632 conjectura
784 3561 1123 3633 hujusmodi
1158 3561 1316 3617 haud
1359 3561 1661 3634 probetur.
1705 3561 2061 3633 Episcopum

410 3649 606 3720 potius
638 3655 739 3705 aut
767 3651 975 3706 saltem
1034 3650 1447 3723 presbyterum
1479 3651 1643 3707 illum
1699 3651 1883 3706 fuisse
1926 3667 2062 3706 cum

412 3740 651 3794 Marano
679 3741 1005 3811 putaverim
1027 3743 1173 3813 (25);
1207 3741 1442 3798 Celsum
1463 3740 2064 3812 siquideminterpre-

411 3833 530 3883 tem
562 3829 738 3886 modo
770 3830 940 3886 nobis
971 3836 1351 3886 enarrantem
1374 3830 1894 3903 audivimus,quod
1917 3831 2064 3885 «Pa-

409 3920 610 3992 piscus
640 3923 714 3978 ad
740 3923 1114 3979 intellectum
1144 3924 1408 3980 veritatis
1439 3922 1841 3990 admissus,ut
1865 3922 2058 3993 signa-

410 4010 612 4067 culum
643 4017 904 4068 sumeret
931 4011 1583 4085 deprecatus,lasonem
1605 4010 2061 4085 postulaverit.»

413 4103 612 4172 Neque
645 4102 872 4157 dubitat
897 4103 1056 4158 idem
1086 4102 1172 4158 vir
1203 4102 1432 4175 doctus,
1465 4102 1610 4175 quin
1641 4101 1856 4158 saeculo
1887 4117 1928 4157 ii
1959 4099 2063 4155 ille

410 4190 639 4246 vixerit.
673 4193 740 4246 Et
755 4192 892 4262 jure
924 4192 1163 4263 quidem
1189 4209 1200 4247 :
1236 4192 1362 4247 haec
1393 4192 1552 4247 enim
1568 4193 1880 4262 Disputatio
1896 4189 2062 4245 Celso

411 4279 697 4349 Epicureo
717 4285 1024 4350 perspecta
1036 4281 1221 4336 fuisse
1235 4279 1890 4352 comperiturzadeoque
1908 4279 2066 4335 circa

411 4367 677 4438 ejusdem
711 4369 912 4424 saaculi
936 4369 1350 4440 medium,sive
1363 4387 1468 4442 pro
1484 4370 1702 4425 nostris
1732 4368 2064 4425 rationibus

411 4457 568 4512 circa
585 4458 796 4512 Christi
830 4475 1052 4514 annum
1087 4462 1206 4528 136,
1240 4475 1371 4515 eam
1418 4460 1602 4515 fuisse
1626 4459 1840 4514 litteris
1870 4455 2065 4514 consi-

413 4551 652 4619 gnatum
692 4547 1117 4606 existimamus.
1161 4548 1242 4604 De
1276 4548 1446 4605 Celso
1490 4555 1688 4604 autem
1718 4549 2060 4619 interprete,

2241 593 2335 649 Ill.
2356 595 2556 667 Neque
2588 601 2820 653 tantum
2877 598 3094 653 Jasonis
3137 602 3191 652 et
3248 595 3472 666 Papisci
3503 596 3837 651 Altercatio-

2170 699 2312 753 nem,
2362 702 2564 742 verum
2619 688 2798 744 etiam
2853 690 3052 744 Rerum
3121 686 3478 742 orientalium
3541 685 3833 740 historiam

2173 776 2367 832 Aristo
2389 777 2640 836 Pellzeus
2671 778 2982 851 scripsisse
3014 777 3263 833 videtur.
3296 775 3615 848 Siquidem
3651 777 3834 830 Moses

2175 866 2589 940 Chorenensis,
2620 870 2972 926 Armeniace
3011 874 3068 924 et
3121 868 3320 924 Latine
3380 884 3414 923 a
3443 865 3757 922 Gulielmo
3788 871 3838 919 et

2175 957 2418 1030 Georgio
2449 959 2792 1016 Wisthoniis
2823 976 3016 1032 nuper
3046 957 3290 1014 Londini
3315 957 3661 1030 evulgatus,
3686 972 3837 1011 com-

2174 1045 2346 1116 plura
2373 1049 2554 1105 refert
2583 1049 2645 1105 in
2676 1066 2784 1106 sua
2813 1051 3060 1105 Historia
3090 1049 3430 1106 Armeniaca
3455 1049 3601 1117 (26),
3641 1063 3718 1101 ex
3749 1063 3838 1102 au-

2174 1140 2336 1191 ctore
2372 1145 2575 1195 nostro
2603 1138 2902 1211 descripta
2933 1155 2947 1208 ;
2982 1155 3236 1210 quorum
3269 1135 3567 1193 nonnulla
3599 1151 3752 1191 cum
3779 1135 3840 1189 iis

2173 1227 2411 1298 gemina
2436 1244 2563 1284 esse
2594 1229 3144 1302 perhibentur,qua3
3174 1244 3245 1283 ex
3274 1227 3402 1299 ipso
3424 1225 3842 1282 Aristonetra-

2175 1316 2263 1371 dit
2286 1317 2572 1374 Eusebius
2617 1319 2767 1392 (27);
2824 1319 3054 1390 reliqua
3112 1333 3247 1372 vero
3309 1314 3470 1371 haud
3537 1314 3630 1369 ita
3677 1313 3840 1368 facile

2174 1407 2331 1477 apud
2353 1407 2498 1464 alios
2555 1408 2874 1480 scriptores
2933 1410 3287 1464 occurrunt:
3322 1403 3682 1476 cujusmodi
3718 1409 3842 1457 sunt

2175 1513 2306 1568 quas
2334 1498 2405 1554 de
2437 1504 2625 1554 morte
2659 1499 2880 1554 Artasis
2912 1499 3008 1565 ΠΙ,
3040 1497 3393 1552 Parthorum
3446 1493 3643 1566 regis,
3681 1509 3845 1548 enar-

2175 1593 2404 1658 rantur,
2449 1589 2556 1644 sub
2603 1587 2864 1644 Adriano
2919 1586 3222 1660 regnantis
3267 1604 3281 1652 ;
3363 1584 3616 1654 aliaque
3702 1600 3841 1654 pra:-

2177 1682 2358 1744 terea,
2425 1679 2601 1752 digna
2667 1679 2843 1750 plane
2911 1695 3043 1750 quae
3093 1676 3366 1734 solertius
3425 1674 3840 1730 excutiantur.

2176 1769 2374 1838 Neque
2398 1769 2560 1824 enim
2591 1769 2832 1824 demum
2854 1769 3098 1824 omnino
3132 1763 3625 1823 contemnendus
3640 1768 3844 1819 auctor

2175 1857 2284 1912 iste
2314 1861 2628 1926 Armenus,
2661 1858 2765 1930 qui
2798 1857 3014 1914 saiculo
3072 1873 3104 1910 v
3138 1856 3413 1912 floruisse
3440 1853 3839 1925 comperitur.

2174 1947 2305 2001 Fuit
2337 1947 2432 2004 ille
2465 1948 2705 2018 quidem
2727 1946 3419 2014 mediocriterdoctus,ut
3448 1944 3524 1999 de
3551 1944 3841 2015 ipsocen-

2176 2041 2309 2092 sent
2338 2038 2554 2093 eruditi
2577 2038 2833 2094 editores
2855 2035 3258 2092 Londinenses
3284 2036 3395 2105 (28)
3421 2039 3514 2100 ;at
3530 2033 3692 2087 illud
3705 2048 3836 2086 sane

2172 2125 2497 2198 ingenuum
2535 2129 2593 2182 in
2638 2145 2705 2183 eo
2737 2125 3198 2200 agnoscendum,
3233 2123 3391 2195 quod
3436 2123 3566 2177 fere
3604 2138 3840 2192 semper

2171 2215 2367 2271 fontes
2406 2217 2649 2288 indicet,
2682 2217 2843 2273 unde
2880 2234 3015 2272 suas
3073 2213 3482 2270 enarrationes
3517 2211 3794 2266 hauserit
3823 2226 3835 2262 :

2173 2307 2316 2376 quin
2350 2312 2409 2363 et
2436 2308 2586 2363 illud
2643 2308 2771 2380 ejus
2802 2309 3051 2363 Historiis
3099 2305 3423 2377 plurimum
3460 2302 3835 2360 auctoritatis

2172 2395 2486 2454 conciliare
2500 2413 2674 2453 nemo
2699 2397 2931 2453 inficias
2958 2395 3146 2462 iverit,
3171 2394 3332 2465 quod
3362 2392 3659 2464 epistolas
3711 2392 3836 2446 alia-

2172 2503 2286 2558 que
2317 2492 2706 2544 monumenta
2723 2485 2922 2542 velute
2945 2484 3200 2558 publicis
3224 2482 3438 2538 tabulis
3453 2482 3833 2554 deprompta.

2170 2575 2232 2630 in
2247 2593 2419 2632 suum
2441 2593 2588 2648 Opus
2610 2577 2741 2650 conj
2753 2575 3027 2643 ecerit,ut
3045 2571 3447 2646 proindelicet
3468 2570 3831 2643 quandoque

2163 2665 2482 2738 judicium,
2520 2667 2701 2722 fidem
2733 2672 2931 2722 tamen
2955 2665 3084 2737 ejus
3114 2680 3248 2719 raro
3273 2661 3615 2718 desideres.

2241 2756 2353 2811 Sed
2381 2760 2448 2813 ut
2485 2756 2561 2812 ad
2592 2756 2931 2812 Aristonem
2983 2759 3373 2821 revertamur,
3407 2750 3544 2821 ejus
3565 2747 3830 2805 Historia

2171 2845 2432 2902 orientali
2463 2845 2678 2918 potiori
2702 2846 2840 2918 jure
2872 2843 3253 2900 tribuendum
3275 2840 3704 2897 existimamus
3731 2839 3833 2893 fra-

2169 2939 2475 3007 gmentum
2507 2935 2559 3002 1,
2592 2933 2751 3005 quod
2780 2948 3156 3006 praapropere
3189 2929 3474 2986 Grabium
3512 2927 3735 2993 secuti,
3769 2943 3832 2980 ex

2169 3024 2420 3080 Eusebio
2452 3025 2832 3096 protulimus,
2849 3028 3134 3094 tanquam
3165 3038 3238 3076 ex
3269 3020 3655 3074 Altercatione
3681 3018 3833 3070 Iaso-

2167 3117 2252 3170 nis
2268 3121 2319 3170 et
2334 3115 2555 3184 Papisci
2567 3113 2640 3170 ab
2655 3131 2723 3169 eo
2737 3110 3250 3184 desumptum,ubi
3265 3109 3336 3164 de
3355 3109 3650 3164 Bettheran
3669 3106 3830 3161 urbis

2171 3204 2481 3261 obsidione
2504 3220 2572 3261 ac
2595 3202 3139 3274 Hierosolymorum
3165 3198 3394 3256 excidio
3425 3213 3629 3253 sermo
3661 3195 3832 3251 habe

2171 3297 2482 3366 tur.Atque
2515 3293 2830 3364 idquidem
2860 3291 3109 3348 suadere
3138 3289 3496 3362 perspicitur
3515 3291 3830 3342 contextus

2169 3385 2428 3454 Eusebii,
2459 3384 2559 3456 qui
2590 3389 2806 3456 praeter
2833 3382 3021 3438 altum
3051 3381 3123 3436 de
3170 3380 3552 3450 Disputatione
3600 3377 3830 3432 Aristo-

2169 3476 2352 3531 niana
2381 3474 2710 3544 silentium,
2741 3475 2894 3530 hanc
2944 3473 3188 3543 insuper
3211 3467 3498 3542 loquendi
3529 3466 3830 3522 rationem

2169 3569 2416 3638 usurpat
2448 3581 2462 3619 :
2491 3561 2758 3636 Ἀρίστων
2787 3562 2815 3616 ὁ
2847 3559 3122 3621 Πελλαῖος
3151 3559 3380 3632 ἱστορεῖ.
3412 3555 3639 3614 Eodem
3689 3557 3828 3610 item

2170 3671 2349 3711 sensu
2377 3653 2553 3710 verba
2581 3651 2818 3709 Eusebii
2841 3651 3138 3722 accepisse
3180 3652 3529 3715 noscuntur,
3564 3646 3694 3700 sive
3728 3644 3826 3698 do-

2169 3749 2300 3800 ctus
2321 3743 2508 3814 ipsius
2529 3741 2826 3813 interpres
2849 3738 3264 3806 Valesius,sive
3291 3735 3558 3792 cl.abbas
3584 3733 3658 3788 de
3689 3734 3826 3788 Lon.

2168 3847 2387 3906 guerue
2419 3832 2531 3903 (29)
2555 3848 2569 3898 ;
2596 3830 2814 3902 quibus
2835 3835 3035 3885 tamen
3075 3826 3334 3898 Scaliger
3354 3823 3656 3896 praaivisse
3677 3822 3828 3876 vide-

2170 3928 2267 3979 tur
2296 3924 2428 3996 (30).
2461 3921 2574 3978 Sed
2606 3923 2667 3977 in
2698 3921 2906 3992 primis
2954 3919 3015 3975 id
3064 3933 3299 3989 quoque
3355 3917 3541 3971 Moses
3604 3913 3827 3968 Chore-

2171 4014 2380 4070 nensis
2438 4012 2632 4084 palam
2682 4010 2948 4084 profiteri
3009 4013 3332 4074 censetur;
3382 4005 3482 4076 qui
3515 4021 3658 4060 cum
3713 4019 3824 4057 uno

2171 4103 2500 4175 eodemque
2523 4108 2728 4159 tenore
2774 4107 2900 4157 tum
2929 4097 3281 4165 Eusebiana,
3341 4100 3466 4150 tum
3497 4093 3571 4148 de
3604 4093 3828 4148 Artasis

2171 4194 2526 4250 Parthorum
2556 4192 2711 4264 regis
2743 4190 2911 4246 obitu
2941 4187 3159 4244 litteris
3185 4183 3421 4252 tradita,
3455 4200 3527 4238 ex
3558 4183 3695 4254 ipso
3715 4181 3829 4237 Ari-

2173 4289 2342 4340 stone
2365 4281 2692 4347 describat;
2726 4297 2798 4336 ex
2827 4281 2956 4351 ejus
2985 4278 3181 4350 potius
3211 4273 3468 4330 Historia
3497 4271 3603 4327 illa
3628 4272 3829 4326 omnia

2171 4373 2421 4438 eruisse,
2445 4387 2624 4442 quam
2654 4387 2725 4426 ex
2754 4367 2993 4425 laudata
3048 4366 3433 4436 Disputatione
3486 4362 3784 4417 dicendus
3815 4378 3827 4413 :

2170 4462 2309 4518 licet
2347 4461 2507 4516 enim
2555 4461 2731 4515 lason
2790 4463 2848 4514 et
2904 4455 3208 4528 Papiscus,
3251 4458 3315 4508 ut
3343 4451 3664 4508 contendit
3695 4453 3827 4507 Gra-

2172 4551 2304 4606 bius
2336 4551 2466 4621 (31),
2499 4549 2571 4605 de
2604 4547 2890 4604 Bettheraa
2934 4543 3244 4599 obsidione
3267 4540 3458 4611 deque
3486 4539 3827 4595 Judaeorum

410 4641 586 4709 atque
620 4637 690 4693 de
721 4638 908 4710 ipsius
939 4639 1286 4712 prmfatione
1317 4639 1392 4696 ad
1431 4655 1600 4697 suam
1631 4639 1894 4695 Latinam
1922 4636 2056 4695 Ari-
2092 4619 2136 4685 ί)
2169 4639 2335 4697 clade
2368 4619 2433 4696 in
2462 4655 2529 4696 eo
2559 4637 2790 4709 dialogo
2830 4633 3008 4690 verba
3061 4632 3270 4689 fecisse
3317 4630 3632 4703 potuerint
3665 4651 3682 4697 ;
3716 4628 3824 4684 veri

415 4923 594 5048 17(216‘7)
652 4923 823 4994 Cypr.
883 4921 1132 4992 Append.
1191 4935 1322 4991 pag.
1381 4934 1650 4986 ccxxxm,
1696 4915 1837 4973 edit.
1870 4917 2057 4972 Paris.

484 5066 592 5134 (18)
626 5065 815 5129 Ibid.§
850 5066 902 5132 8,
936 5081 1066 5136 pag.
1091 5079 1391 5136 ccxxxvui.

483 5131 591 5207 (19)
623 5137 713 5190 Sic
747 5131 1082 5191 emendavit
1129 5135 1200 5190 el.
1260 5135 1531 5207 Maranus
1591 5148 1662 5207 ex
1713 5131 2057 5207 codicems.

411 5204 776 5280 Remigiano,
810 5225 916 5277 pro
949 5225 1016 5263 eo
1068 5207 1224 5280 quod
1256 5212 1432 5280 antea
1468 5204 1799 5280 legebatur,
1833 5205 2062 5280 Hebrwa

409 5275 733 5336 monitio-nc.
779 5275 923 5336 Hinc
954 5275 1102 5335 vero
1117 5278 1360 5334 brevem
1398 5275 1580 5334 fuisse
1611 5275 1763 5332 hanc
1796 5278 2061 5347 Disputa-

413 5352 612 5407 tionem
645 5351 1000 5423 colligimus.

479 5428 586 5494 (20)
618 5421 1008 5494 (ἶιάι).’8ρίεἰι.
1044 5423 1142 5479 SS.
1176 5423 1309 5490 PP.,
1343 5423 1487 5494 tom.
1524 5421 1595 5486 Il,
1623 5437 1681 5491 p.
1725 5423 1844 5477 129.

477 5490 591 5567 (21)
625 5497 766 5549 Sixt.
801 5490 938 5550 Sén.
972 5495 1112 5550 Bibl.
1145 5500 1347 5562 sanct.,
1399 5493 1503 5548 lib.
1567 5490 1642 5560 li,
1671 5509 1730 5563 p.
1764 5495 1853 5558 71,
1916 5490 2058 5547 edit.

407 5567 593 5622 Paris.
622 5569 778 5622 1610.

480 5642 591 5706 (22)
624 5637 845 5695 Pamel.
877 5638 938 5692 in
987 5641 1112 5694 not.
1162 5636 1238 5692 ad
1269 5652 1474 5708 opuec.
1525 5636 1602 5693 De
1660 5635 1874 5691 incred.
1905 5634 2060 5702 Jud.,

409 5707 583 5780 inter.
617 5709 762 5780 Qpp.
796 5710 966 5780 Cypr.

482 5779 590 5844 (23)
622 5775 900 5846 spéucefr‘.
931 5779 1147 5835 Adnot.
1176 5779 1250 5835 ad
1292 5779 1400 5834 lib.
1460 5793 1534 5836 iv.
1602 5775 1836 5850 Origeu.
1883 5782 2059 5836 contr.

2170 4915 2616 5077 ffg'ifiiiiém.
2649 4984 2808 5039 Mem.
2851 4980 3008 5043 eccl.,
3045 4983 3188 5035 tom.
3213 4977 3286 5047 ΙΙ,
3320 4993 3380 5048 p.
3432 4977 3556 5044 139,
3593 4982 3654 5033 et
3682 4978 3751 5045 Χ,
3777 4990 3822 5046 p.

2169 5062 2353 5202 50(225)
2384 5126 2765 5202 Maran.__Vit.
2802 5123 2964 5202 Cypr.
2990 5138 3127 5202 pag.
3161 5137 3376 5202 cxxx.“

2244 5189 2356 5272 (26)
2381 5202 2570 5256 Moses
2600 5189 3018 5253 ChorenI'Hist:
3052 5189 3302 5260 A'rmem,
3339 5189 3443 5245 lib.
3476 5207 3541 5258 ii,
3582 5208 3715 5263 cap.
3747 5193 3823 5257 57,

2170 5275 2588 5416 P.(2;I)hEuseb.
2618 5341 2759 5395 Hist.
2792 5337 2948 5416 ec_cl.,
2977 5337 3188 5416 lib._i_v,
3217 5351 3344 5416 cap:
3379 5336 3432 5387 6.

2244 5405 2360 5486 (28)
2391 5415 2680 5468 Wisthon.
2714 5405 2942 5486 ljrzfat.
2977 5409 3050 5486 ad
3089 5410 3221 5462 Mos.
3276 5405 3682 5486 Chorenspag.
3717 5421 3818 5460 xix.

2241 5476 2678 5614 g29goléonguer.
2716 5476 2938 5538 Dissert.
2971 5481 3038 5536 de
3067 5496 3189 5535 var.
3229 5476 3442 5550 epoch.,
3490 5483 3585 5531 etc
3614 5518 3629 5544 ,
3665 5493 3818 5548 pagg.

2174 5561 2598 5702 ωῗέοῗοὲέδιὶς.
2631 5625 3021 5702 Αηίγηαάυεμίῃ
3068 5622 3267 5678 Chron.
3338 5619 3529 5674 Euseb.
3595 5620 3672 5675 ad
3700 5635 3813 5676 mm.

2174 5697 2434 5757 alexim
2466 5705 2524 5754 et
2548 5697 2875 5824 incunpag.
2909 5697 3032 5750 216.

2244 5773 2359 5824 (31)
2388 5771 2560 5824 Grab.
2584 5771 2780 5824 Smczl.
2854 5769 2914 5824 S.
2944 5767 3032 5823 PP

2244 5773 2359 5846 (31)
2388 5771 2560 5829 Grab.
2584 5762 2780 5842 Spicil.
2812 5762 2914 5825 SS.
2944 5767 3080 5836 PP.,
3113 5769 3256 5822 tom.
3285 5762 3332 5830 Ι,
3356 5776 3488 5835 pag.
3523 5763 3651 5820 131.
