3922 6304
153 301 183 362 1
195 301 320 366 293
1618 302 1714 363 ΓΒ
1727 301 2114 366 AGMENTA.
3422 315 3583 376 1294

149 436 360 494 enasci
390 434 600 508 coepit;
635 432 919 490 nimirum
951 433 1109 490 circa
1138 432 1351 490 Christi
1411 450 1634 491 annum
1686 436 1808 505 171,
1839 440 1895 510 Α
1923 439 2066 492 tunc
2094 436 2291 509 fuerit,
2312 438 2412 510 qui
2441 438 2716 513 episcOpo
2744 458 2849 497 suo
2871 443 3257 516 praecipiente
3279 448 3563 505 sectarios

153 544 279 600 quo
302 526 481 600 igitur
496 530 763 596 tempore
789 522 1087 579 scribebat
1110 522 1813 595 Apollinaris,lllontanus
1921 527 2052 582 illos
2083 529 2424 584 confutavit.
2460 530 2754 586 Hactenus
2786 531 2904 587 ille.
2941 535 3156 589 Verum
3193 540 3257 590 ut
3302 552 3372 592 ea
3420 555 3575 609 pra-

142 634 292 673 cum
321 615 483 672 falsis
512 614 743 671 vatibus
774 613 897 669 suis
930 613 1227 668 hareseos
1256 631 1378 669 sua
1422 614 1813 672 fundamenta
1921 620 2239 686 tereamus,
2259 635 2391 689 qua
2416 619 2589 676 modo
2615 620 3062 690 edisseruimus,
3098 641 3277 694 quam
3300 624 3464 682 ﬂuxa
3499 628 3577 685 sit

135 708 449 782 jaciebat;
483 722 614 777 qua
645 703 885 776 quidem
918 720 1037 760 non
1067 704 1241 777 longe
1272 709 1477 777 postea
1519 704 1812 760 maximos
1919 706 2252 762 istiusmodi
2286 708 2427 761 Vita
2460 709 2513 763 S.
2548 708 2775 765 Abercii
2809 711 2977 775 fides,
3012 713 3106 766 cui
3138 714 3239 769 uni
3264 714 3573 786 Lequienii

144 797 447 855 tumultus
471 795 761 851 excitavit.
796 796 1028 861 Verum,
1051 799 1257 849 auctor
1277 793 1683 851 innomiuatus
1705 797 1813 851 Eu-
1916 796 2260 867 conjectura
2290 795 2586 863 innititur,
2620 798 2893 869 pluribus
2923 804 3058 871 post
3102 802 3421 859 Baronium
3456 806 3568 879 (49)

145 887 455 948 sebianus,
490 883 562 939 de
594 901 711 955 quo
742 882 991 956 agimus,
1034 887 1169 955 post
1234 882 1492 938 Montani
1543 883 1806 952 demum,

147 975 495 1033 Maximilla
519 991 587 1030 ac
615 972 901 1028 Theodoti
922 971 1263 1041 mortem,id
1285 978 1375 1029 est
1391 989 1510 1028 non
1533 978 1671 1029 ante
1701 990 1809 1029 an-

146 1066 440 1131 num2l2,
462 1064 651 1119 libros
671 1079 811 1118 suos
823 1060 1176 1129 exaravit,ut
1197 1078 1268 1117 ex
1282 1079 1488 1118 eorum
1507 1062 1806 1136 fragmen-

150 1157 230 1212 tis
265 1155 337 1211 ab
362 1153 614 1210 Eusebio
648 1150 894 1207 servatis
925 1154 1295 1222 compertum
1326 1151 1410 1205 ﬁt.
1440 1152 1810 1223 Quapropter

144 1247 402 1317 insuper
421 1241 697 1299 habenda
726 1256 861 1296 cum
885 1240 1176 1296 Dodwello
1199 1242 1306 1312 (44)
1350 1239 1570 1296 Rufﬁni
1603 1246 1805 1297 aucto-

144 1336 300 1391 ritas
322 1330 696 1389 licentissimi
727 1329 1011 1384 nimirum
1042 1329 1385 1401 interpretis
1410 1346 1423 1397 ;
1461 1346 1656 1401 neque
1688 1346 1808 1384 ma-

146 1423 243 1494 gis
276 1419 546 1477 ducenda
575 1420 867 1491 sequioris
897 1418 1006 1473 avi
1037 1419 1395 1490 scriptorum
1427 1419 1801 1485 assertio,Ni-

146 1510 419 1582 cephori,
445 1508 689 1578 Callisti,
722 1507 1023 1579 libellique
1045 1506 1313 1578 Synodici
1341 1507 1622 1576 auctoris,
1655 1525 1805 1578 quo-

144 1616 287 1654 rum
317 1599 413 1653 hic
444 1597 662 1653 saeculo
694 1615 774 1666 Ix,
809 1597 910 1651 ille
940 1613 1076 1651 vero
1132 1613 1247 1662 xw,
1278 1595 1553 1651 ﬂoruisse
1605 1596 1805 1668 perhi.

147 1690 331 1746 betur
353 1706 367 1755 ;
390 1690 448 1744 hi
482 1688 775 1761 siquidem
800 1687 1038 1742 Eusebii
1057 1692 1317 1743 mentem
1346 1687 1504 1743 haud
1526 1687 1803 1757 assecuti,

149 1780 290 1852 ejus
319 1779 718 1835 narrationem
744 1795 849 1850 pro
881 1777 1533 1849 arbitriointerpolasse
1555 1793 1803 1832 noscun-

150 1876 272 1925 tur.
300 1869 444 1925 Huic
469 1868 709 1924 demum
733 1868 1046 1924 sententia
1070 1867 1142 1922 de
1156 1867 1502 1940 fragmentis
1526 1866 1597 1923 ab
1619 1868 1798 1922 Euse-

146 1960 256 2015 bio
284 1958 566 2025 recitatis,
599 1958 841 2014 Claudio
866 1957 1194 2031 Apollinari
1223 1957 1588 2013 ascribendis
1609 1973 1800 2028 nuper

146 2066 332 2123 quam
384 2049 655 2123 proxime
697 2048 948 2104 accessit
994 2047 1078 2102 Cl.
1126 2046 1482 2118 Lequienius
1534 2046 1668 2119 (45).
1718 2049 1800 2101 Ex

144 2138 411 2212 quadam
443 2139 603 2194 enim
628 2138 758 2192 Vita
779 2139 836 2193 S.
866 2136 1093 2192 Abercii
1122 2136 1524 2208 Hierapolisin
1548 2136 1800 2208 Phrygia

140 2230 433 2303 episc0pi,
466 2246 645 2301 quam
663 2245 736 2285 ex
766 2229 1160 2300 Metaphraste
1180 2227 1384 2284 Latine
1406 2227 1665 2299 primum
1679 2227 1801 2282 vul-

138 2325 361 2395 garunt
392 2320 747 2392 Lipomanus
776 2320 887 2389 (46)
921 2324 978 2373 et
1006 2318 1211 2373 Surius
1242 2318 1374 2390 (47),
1434 2318 1629 2373 Grace
1660 2334 1796 2373 vero

140 2406 479 2466 Halloixius
508 2410 638 2480 (48),
671 2408 916 2479 conjicit
945 2408 1031 2462 vir
1059 2407 1327 2462 eruditus
1394 2407 1553 2462 hunc
1601 2406 1794 2478 ipsum

143 2516 279 2557 esse
311 2499 649 2568 Abercium,
671 2497 764 2553 cui
785 2497 1139 2569 Apollinaris
1156 2496 1632 2568 Hierapolitanus
1651 2512 1796 2567 opus

142 2594 358 2647 contra
375 2588 771 2660 Cataphrygas
795 2586 1156 2658 nuncupavit
1177 2603 1191 2654 ;
1220 2591 1286 2642 ut
1306 2585 1556 2657 proinde
1577 2584 1798 2657 Apolli-

141 2679 312 2736 naris
341 2677 620 2733 Ecclesia
652 2675 1109 2748 Hierapolitana
1158 2675 1467 2750 presbyter
1510 2674 1799 2729 duntaxat

1834 1825 1882 1890 Β

1915 883 2175 938 ostendit
2203 883 2613 940 Tillemontius
2646 885 2781 958 (50).

1985 973 2206 1028 Auctor
2236 972 2419 1028 libelli
2449 974 2712 1044 Synodici
2741 980 2943 1031 narrat
2974 982 3237 1033 sanctam
3274 980 3568 1051 synodum

1915 1062 2217 1133 Hierapoli
2248 1063 2401 1117 Asia
2433 1063 2665 1120 civitate
2693 1064 3047 1121 celebratam
3077 1066 3149 1122 ab
3191 1069 3561 1138 Apollinario

1911 1152 2077 1207 urbis
2116 1152 2279 1208 illius
2302 1154 2603 1226 episcopo,
2638 1155 2890 1226 aliisque
2911 1156 3115 1228 viginti
3147 1174 3246 1212 sex
3270 1159 3567 1232 episcopis

1912 1242 2182 1313 ejusdem
2214 1244 2531 1315 provincia
2563 1244 2869 1300 abdicasse
2892 1251 2950 1300 et
2981 1246 3303 1318 extirpasse
3334 1249 3562 1305 Monta-

1909 1350 2053 1389 num
2088 1338 2147 1388 et
2198 1335 2578 1394 Maximillam
2625 1336 3194 1408 pseudoprophetas,
3259 1338 3564 1411 simulque

1908 1439 2042 1478 cum
2072 1423 2187 1478 illis
2219 1424 2587 1481 damnavisse
2617 1425 2983 1480 Theodotum
3040 1426 3367 1483 Coriarium
3418 1431 3561 1501 (51).

1907 1513 2247 1584 Opportune
2276 1513 2373 1567 hic
2402 1513 2657 1569 advertit
2685 1514 2771 1569 vir
2799 1515 3180 1571 doctissimus
3217 1518 3281 1571 D.
3316 1517 3560 1589 Antine,

1905 1602 2018 1656 hoc
2049 1602 2369 1657 concilium
2400 1602 2472 1659 ab
2504 1603 2753 1659 eruditis
2784 1606 3006 1676 passim
3038 1610 3106 1662 ut
3133 1606 3444 1663 indubium
3464 1624 3553 1664 re-

1902 1691 2021 1763 cipi
2055 1692 2191 1763 (52).

1983 1780 2628 1838 CommendatPhotius
2649 1784 3055 1855 Apollinarem
3080 1790 3349 1841 nostrum
3370 1802 3403 1841 a
3421 1804 3567 1858 pra-

1912 1873 2133 1927 stantia
2161 1872 2381 1944 ingenii
2414 1878 2590 1942 atque
2624 1873 2755 1946 styli
2809 1875 3102 1947 elegantia
3152 1877 3282 1945 (53).
3332 1875 3421 1931 Ad
3470 1893 3565 1931 su-

1910 1975 2082 2031 peros
2113 1962 2330 2016 abiisse
2387 1967 2522 2017 ante
2576 1979 2797 2019 annum
2855 1964 2979 2033 180,
3037 1964 3560 2021 verosimillimum

1908 2054 2077 2121 putat
2095 2051 2503 2106 Tillemontius
2522 2052 2652 2124 (54),
2677 2068 2745 2107 eo
2768 2053 2921 2123 quod
2941 2053 3069 2125 ejus
3092 2058 3298 2108 contra
3323 2059 3558 2110 enatam

1908 2154 2065 2194 anno
2101 2142 2192 2195 171
2231 2141 2719 2195 Montanistarum
2750 2141 3022 2196 haresim
3054 2143 3273 2212 scripta
3314 2143 3437 2197 sint
3464 2142 3557 2197 ul-

1909 2230 2120 2285 timum
2152 2229 2340 2301 ipsius
2373 2247 2540 2301 opus.
2602 2230 2841 2285 Diversa
2888 2231 3299 2302 Martyrologia
3350 2231 3557 2287 Latina

1908 2319 2475 2390 septimaFebruarii
2492 2318 2653 2374 illius
2666 2320 3291 2375 commemorationem
3306 2319 3550 2375 faciunt.

1906 2408 2194 2464 Baronius
2223 2425 2359 2463 vero
2400 2409 2461 2463 in
2495 2408 2905 2481 Martyrologio
2935 2410 3198 2463 Romano
3230 2414 3431 2463 octava
3457 2408 3554 2464 Ja-

1907 2497 2101 2552 nuarii
2132 2498 2395 2552 natalem
2416 2496 2545 2568 ejus
2564 2497 2872 2570 consignat
2890 2498 3017 2567 (55).
3042 2499 3109 2552 In
3136 2498 3351 2554 Gracis
3368 2514 3399 2552 e
3419 2514 3556 2553 con-

1909 2591 1999 2641 tra
2034 2586 2272 2641 Maneis
2303 2585 2547 2639 omnino
2580 2585 2747 2641 nulla
2776 2585 3000 2641 mentio
3031 2583 3105 2640 de
3134 2585 3188 2640 S.
3234 2585 3556 2657 Apollinari

1911 2679 2061 2731 teste
2093 2673 2381 2731 Bollando
2410 2674 2687 2730 occurrit.

766 2992 894 3110 ἓ.
997 2984 1678 3109 CLAUDII
1771 2981 2919 3106 APOLLINARIS

1427 3245 2263 3341 FRAGMENTA-

1098 3466 1336 3536 (Roura,
1369 3451 1636 3533 Reliqdia
1672 3477 1861 3531 sacra,
1895 3462 2129 3529 Oxonii,
2160 3465 2319 3532 1814,
2352 3463 2394 3532 1,
2431 3463 2579 3537 149.)

1588 3561 1674 3615 Ea:
1703 3559 1843 3615 libro
1870 3560 2096 3616 incerto.

209 3774 403 3840 Atque
436 3782 506 3823 ea
524 3781 618 3821 res
640 3769 767 3820 tum
788 3778 824 3818 a
845 3759 1234 3833 scriptoribus
1260 3757 1427 3814 aﬁde
1456 3760 1660 3812 nostra
1687 3773 1786 3829 pe-
1825 3757 1869 3825 C
1968 3751 2099 3812 Ἢδε
2128 3753 2344 3831 ἱστορία
2375 3757 2597 3829 (inquit
2625 3759 2914 3815 Eusebius
2943 3760 3050 3817 lib.
3085 3778 3117 3814 ν
3146 3762 3284 3817 Hist.
3334 3778 3461 3833 cap.
3495 3762 3550 3834 5)

126 3862 303 3919 nitus
333 3856 563 3923 alienis,
619 3853 836 3927 quibus
894 3868 1050 3907 cura
1096 3850 1207 3906 fuit
1251 3867 1345 3905 res
1391 3865 1459 3905 eo
1518 3853 1789 3920 tempore
1898 3843 2111 3924 φέρεται
2147 3864 2241 3917 μεν
2266 3846 2664 3916 (historiaest,
2685 3847 2757 3903 de
2779 3848 2879 3903 illo
2904 3848 3093 3904 imbre
3122 3849 3195 3904 ad
3225 3848 3547 3904 sedandam

125 3953 336 4026 gestas
358 3943 660 4002 memoria
679 3941 1132 4011 mandare,tum
1163 3957 1197 3996 a
1221 3939 1442 3995 nostris
1476 3939 1653 3994 etiam
1684 3937 1791 3992 ho-
1902 3935 2158 3991 militum
2190 3935 2351 3989 sitim
2378 3937 2450 3990 M.
2484 3937 2767 3991 Antonini
2801 3937 2946 4009 imp.
3003 3938 3286 3993 exercitui
3340 3938 3547 4005 misso,

124 4024 406 4097 minibus
427 4033 703 4090 refertur.
724 4030 837 4087 Sed
856 4030 1166 4104 gentilium
1183 4028 1502 4100 scriptores
1526 4032 1728 4099 utpote
1760 4043 1795 4081 a
1902 4026 2044 4082 dum
2074 4024 2391 4081 fulminum
2417 4025 2583 4097 jactu
2614 4026 2979 4082 vexabantur
3009 4028 3229 4096 hostes)
3260 4026 3350 4080 καὶ
3401 4025 3548 4098 παρὰ

124 4127 426 4200 religione
440 4129 643 4179 nostra
663 4121 1040 4189 dissidentes,
1064 4120 1176 4175 hoc
1189 4118 1420 4190 quidem
1438 4117 1794 4173 miraculum
1900 4135 1925 4169 τ

1983 4119 2016 4177 ἴς
2050 4111 2239 4188 πὸῥρω
2268 4116 2364 4169 τοῦ
2393 4113 2513 4176 καθ’
2567 4115 2715 4187 ἡμᾶς
2763 4112 2936 4189 λόγου
2992 4114 3407 4191 συγγραφεύσιν,
3459 4114 3546 4173 οἷς

127 4218 715 4275 commemorarunt:
743 4228 861 4267 non
880 4215 1077 4266 tamen
1091 4209 1150 4264 id
1168 4212 1507 4264 nostrorum
1523 4207 1796 4279 precibus
1909 4226 1925 4278 ι

1983 4203 2073 4259 λον
2107 4201 2298 4278 γέγονε
2324 4208 2425 4272 τῆς
2454 4203 2590 4256 κατὰ
2645 4203 2775 4266 τοὺς
2824 4200 3195 4277 δηλουμένους
3244 4204 3356 4277 (56)
3406 4222 3546 4278 γρα-

127 4308 495 4364 factumesse
510 4301 764 4357 confessi
778 4304 939 4355 sunt.
956 4298 1151 4354 Nostri
1168 4314 1303 4352 vero
1319 4301 1519 4368 utpote
1536 4295 1799 4351 veritatis
1907 4316 1925 4369 ς

1990 4313 2035 4355 ς·
2081 4289 2390 4363 δεδήλωται
2444 4288 2502 4346 δὲ
2565 4291 2656 4345 καὶ
2712 4292 2848 4367 πρὸς
2903 4295 3009 4347 τῶν
3068 4293 3353 4367 ἡμετέρων
3412 4293 3551 4367 (57).

184 4458 406 4530 rimum
437 4454 634 4530 enasci
665 4456 943 4530 caperet,
972 4454 1250 4530 Montanp
1281 4445 1631 4530 cum_t‘al_sis_
1663 4446 1801 4530 vati-
1831 4466 1876 4530 ι)

184 4476 406 4513 ritnum
437 4476 634 4511 81111561
665 4476 943 4525 (ᾺΒΡΕΙἙι,
974 4476 1250 4506 Μυιιιᾶιιυ
1281 4476 1416 4503 cum
1448 4476 1613 4501 Iuram
1667 4476 1797 4501 vau-

130 4476 258 4588 Bus
289 4529 412 4584 suis
443 4526 638 4582 adhuc
683 4524 901 4580 erroris
957 4523 1049 4578 sui
1093 4521 1484 4577 fundamenta
1515 4518 1797 4588 jaciente.

131 4600 362 4660 Euseb.
397 4600 464 4654 H.
499 4599 560 4652 E.
595 4597 635 4651 l'
669 4614 746 4658 ιν.
779 4613 830 4670 c.
862 4598 952 4649 27.
1007 4667 1023 4670 _
1060 4665 1118 4670 μ
1345 4662 1440 4670 η-
1534 4660 1633 4670 μ’,

214 4671 330 4742 (44)
363 4671 667 4742 Dissertat.
702 4670 763 4742 4.
788 4669 970 4732 lren.,
1001 4665 1145 4742 §_38,
1177 4679 1312 4735 pag.
1343 4662 1468 4731 369,
1492 4665 1551 4716 et
1571 4661 1802 4715 Disser-

138 4738 254 4801 ωε.
288 4738 322 4797 4
351 4740 657 4813 Cyprian.,
687 4741 797 4813 §_4,
830 4755 962 4809 pag.
996 4738 1090 4800 40,

241 4813 331 4884 45)
366 4803 563 4884 o'r'ien;
594 4803 962 4884 Chr'iseighui,
996 4813 1119 4862 tom
1165 4805 1211 4870 Ι,
1247 4803 1358 4859 col.
1392 4805 1516 4858 833.

241 4814 331 4884 45)
366 4814 563 4867 Oriens
594 4814 962 4873 Christianus,
996 4814 1119 4862 tom
1168 4814 1211 4870 1,
1247 4814 1358 4859 σοι.
1392 4814 1493 4857 833

216 4814 331 4955 (46)
369 4886 510 4938 Vita
538 4883 658 4945 SS.,
694 4887 738 4936 t.
776 4883 860 4935 Vl.
924 4949 939 4955 _
990 4948 1028 4955 __
1166 4949 1226 4955 ῃ
1270 4948 1297 4955 Δ
1351 4951 1359 4955 _
1408 4945 1423 4955 _
1484 4945 1495 4955 .

220 4945 335 5018 (47')
375 4956 497 5011 l’ita
523 4960 840 5009 sanctorum
870 4949 943 5006 ad
974 4948 1134 5004 diem
1162 4949 1232 5001 22
1262 4945 1553 5018 Octobris.

219 5016 335 5098 (48)
368 5025 576 5082 Illustr.
606 5025 807 5082 Eccles.
841 5024 1051 5079 Orient.
1083 5018 1301 5089 script.,
1354 5023 1495 5072 tom.
1546 5016 1619 5084 II,
1673 5032 1803 5088 pag.

223 5171 317 5241 (49
373 5169 562 5224 Baron
618 5168 692 5224 ad
726 5181 952 5223 annum
986 5164 1110 5225 163,
1141 5162 1170 5236 Ξ
1201 5161 1288 5217 15.

226 5170 339 5312 (50)
372 5240 601 5296 Tillem.
662 5240 944 5296 Hemoires
1000 5235 1129 5292 θοοὶ.
1181 5238 1288 5288 ton

1979 4446 2088 4515 (54)
2121 4447 2399 4501 Memoires
2423 4445 2490 4499 de
2521 4443 2809 4509 l’histm're,
2844 4448 2987 4501 tom.
3022 4447 3092 4508 ll,
3125 4461 3255 4516 pag.
3285 4448 3390 4501 208

1981 4518 2092 4588 (55)
2128 4517 2267 4571 Vide
2296 4516 2689 4572 Bollandistas
2718 4515 2792 4571 ad
2823 4516 2982 4571 diem
3012 4519 3041 4568 7
3070 4517 3395 4585 Februarii,
3418 4532 3553 4589 pag.

1913 4593 1938 4644 1
1983 4595 2041 4644 et
2068 4605 2194 4644 sea.

1983 4606 2274 4731 (mergae
2310 4658 2436 4719 τοὺς
2495 4653 3329 4731 Snlcopévouglmperatores
3383 4658 3555 4731 Pium

1912 4727 2360 4801 Aureliumque.
2394 4732 2505 4786 Hes
2535 4727 2732 4786 autem
2764 4727 3126 4801 contigitJut
3164 4730 3225 4782 in
3275 4729 3432 4783 notis
3480 4727 3555 4801 ad

1913 4802 2124 4856 Euseb.
2159 4799 2422 4857 Valesius
2454 4801 2730 4868 ostendit,
2750 4803 2821 4855 M.
2845 4799 3080 4855 Aurelio
3106 4801 3403 4855 Antonino
3431 4799 3555 4853 solo

1913 4878 2221 4945 regnante.
2252 4873 2429 4945 vitam
2443 4873 2572 4945 jam
2603 4875 2805 4929 functo
2854 4880 3021 4944 patre
3056 4872 3202 4945 _Pio,
3253 4874 3373 4945 imo
3425 4875 3560 4945 post

1914 4941 2167 4998 mortem
2203 4944 2332 4997 Veri
2368 4941 2584 4999 fratris.
2617 4941 2904 5001 Caeterum
2952 4943 3128 5000 verba
3173 4941 3562 5013 Apollinaris,

1916 5032 2046 5087 qua
2081 5020 2437 5087 sequuntur,
2464 5032 2534 5070 ex
2565 5017 2834 5087 Apologia
2856 5016 2985 5086 ejus
3015 5015 3090 5070 ad
3122 5013 3396 5069 eumdem
3424 5014 3566 5087 hlar-

1917 5083 2074 5153 cum,
2108 5083 2278 5156 cujus
2328 5086 2531 5156 scripti
2595 5083 2958 5142 mentionem
3010 5087 3231 5141 fecerat
3276 5083 3567 5139 Eusebius

1918 5174 2043 5228 cap.
2080 5159 2147 5210 26
2182 5162 2239 5210 et
2265 5156 2356 5224 27,
2409 5157 2599 5228 ejusd.
2663 5159 2765 5214 lib.
2826 5175 2896 5225 1v,
2950 5158 3196 5212 fortasse
3256 5156 3569 5226 desumpta

372 5240 601 5296 Tillem.
662 5240 944 5296 Hemoires
1000 5231 1327 5292 ecclftom.
1378 5231 1449 5300 Il,
1507 5245 1639 5301 pag.
1680 5231 1809 5295 299,
1920 5232 2076 5311 sunt;

148 5293 337 5369 62d.”
388 5293 598 5296 "ﬁam
662 5293 793 5296 ᾐών
1435 5293 1445 5300 ’
1509 5293 1527 5301 ’
1587 5293 1648 5373 ἶ,
1798 5293 1803 5295 ἒ
1989 5302 2104 5373 (57)
2138 5293 2659 5373 423ﬁ1033a2__8i::mi
2694 5298 2829 5373 πρὸς
2857 5301 2964 5351 τῶν
3000 5296 3424 5373 ἡμετέρῳνᾏΑό
3452 5297 3567 5352 hoc

228 5385 345 5454 (51)
376 5383 440 5438 In
471 5382 692 5441 Collect.
725 5380 918 5438 concil.
952 5377 1110 5451 apud
1152 5374 1361 5442 Mansi,
1410 5376 1555 5427 tom.
1600 5370 1670 5439 Ιῐ,
1719 5386 1813 5425 co-
1922 5368 2273 5454 miraculum
2308 5368 2895 5454 alluditntlyprianus,
2931 5368 3064 5426 cum
3092 5368 3184 5427 ait
3302 5370 3569 5454 ‘Tract‘atu

151 5441 310 5517 lum,
326 5441 469 5510 '692.
988 5441 1010 5451 ’
1447 5516 1453 5517 γ
1921 5442 2405 5517 αάΔΟρ-ηιεζζνίαίζεηί
2429 5457 2448 5492 :
2462 5462 2488 5517 ςς
2510 5441 2588 5492 Ch
2600 5441 2878 5517 r_i_stianos
2893 5458 2925 5509 p
2937 5459 2997 5495 ro
3016 5442 3284 5517 arcendis
3302 5441 3571 5517 hostibus

232 5516 347 5596 (52)
380 5527 531 5580 L’art
561 5526 628 5579 de
654 5528 866 5593 reriﬂcr
896 5524 969 5578 les
995 5521 1169 5586 dates,
1198 5531 1328 5596 pag.
1369 5516 1486 5596 171..
1559 5582 1593 5596 ﬂ

226 5588 344 5669 (53)
376 5598 472 5651 Vir
504 5613 645 5652 sane
680 5588 986 5667 praestans,
1020 5598 1080 5648 et
1110 5588 1261 5661 stylo
1293 5588 1596 5659 prastanti
1643 5600 1810 5639 usus.

148 5671 336 5729 Phot.
369 5669 573 5726 codice
608 5670 693 5723 14.

1922 5520 1980 5567 et
1997 5512 2283 5566 imbribus
2304 5511 2693 5583 impetrandis
2717 5526 2920 5583 rogare
2944 5520 3003 5565 et
3024 5530 3227 5583 preces
3248 5512 3518 5583 fundere.
3543 5531 3572 5559 n

1920 5587 1984 5640 P.
2021 5587 2140 5648 193,
2174 5583 2266 5638 ed.
2299 5580 2486 5636 Oxon.
2520 5582 2604 5635 W.
2659 5581 2848 5634 Lowth
2882 5580 2943 5634 in
2989 5580 3223 5637 Eusebii
3280 5582 3372 5637 ed.
3430 5585 3571 5638 Hea-

1922 5655 2083 5729 ding.
2114 5652 2276 5711 Adde
2307 5652 2581 5726 Cypriani
2609 5650 2959 5724 magistrum
2988 5652 3443 5721 Tertullianum,
3470 5653 3575 5726 qui
