3922 6304
366 366 3799 426 Μ

1292 653 1451 809 S.
1569 630 2865 808 HEGESIPPUS'

1826 1102 2331 1200 NOTITIA

1223 1343 1550 1413 (GALLAND.,
1588 1342 1704 1397 Vat.
1732 1342 1966 1398 Patrum
1994 1339 2286 1409 Biblioth.,
2318 1340 2389 1410 Π,
2421 1339 2657 1413 Proleg.
2693 1357 2752 1412 p.
2784 1340 2903 1412 vn.)

433 1514 474 1577 Ι.
512 1514 634 1575 Quis
665 1512 982 1576 Hegesippus
1011 1515 1061 1562 et
1090 1520 1314 1577 quantus
1349 1514 1452 1562 vir.
1485 1513 1613 1577 Eius
1631 1510 1948 1577 solerttagin‘
1967 1510 2311 1577 monumentis
2341 1509 2603 1577 primane
2621 1509 2980 1577 antiquitatis
3008 1508 3399 1577 conquirendis.

440 1576 502 1627 ll.
526 1571 758 1626 Ἀσιααώ
786 1571 1235 1626 ecclesiasticomm
1266 1571 1642 1625 commentaria
1661 1574 1986 1639 perscripsit.
2021 1572 2228 1634 Quanto
2253 1573 2310 1622 in
2337 1571 2509 1638 pretio
2539 1571 2777 1625 habitum
2809 1572 3065 1638 ejusmodi
3094 1571 3238 1637 opus.
3267 1572 3520 1633 Quanam
3555 1586 3629 1622 ex
3659 1586 3720 1621 eo
3748 1586 3823 1620 su-

376 1639 601 1706 ροτξὲηέτ

445 1702 531 1752 lll.
555 1703 881 1766 Hegesippus
908 1700 1267 1766 Ecclesiarum
1283 1702 1520 1766 omnium
1556 1701 1621 1751 de
1653 1699 1853 1752 Clu-isti
1887 1698 2168 1750 divinitate
2195 1697 2550 1751 consensionis
2580 1698 3013 1764 locupletissimus
3042 1699 3207 1750 testis.
3237 1700 3414 1764 Ipsum
3447 1698 3507 1749 in
3540 1712 3673 1749 sua:
3697 1714 3823 1763 par-

383 1770 458 1816 te:
491 1764 694 1815 trahere
721 1764 933 1829 frustra
960 1770 1211 1815 conantur
1250 1764 1497 1817 Unitarii.

456 1909 498 1964 l.
529 1907 911 1981 Hegesippus,
964 1925 1034 1963 ex
1073 1906 1525 1964 circumcisione
1586 1906 1801 1962 Christi
1851 1904 2029 1961 ﬁdem
2060 1906 2115 1974 Α
2150 1905 2276 1959 Ἐπὶ
2307 1904 2460 1960 τούτι

2238 1905 2276 1959 τὶ
2307 1904 2503 1960 τούτου
2536 1902 2843 1979 (Κομόδου)
2900 1905 3248 1980 Ἡγήσιππος
3296 1903 3645 1973 τελειοῦται,
3708 1901 3827 1977 περὶ

384 1996 716 2069 amplexus,
749 1995 800 2049 ἐν
831 1990 1100 2069 Ἑϐραίων
1132 1992 1527 2062 πεπιστευκώς,
1571 2001 1638 2051 ut
1692 1996 1882 2051 visum
1928 1996 2040 2050 Eu-

383 2088 545 2143 sebio
569 2089 664 2159 (1),
700 2109 729 2137 ‹‹
758 2088 989 2143 vicinus
1011 2087 1470 2157 apostolicorum
1506 2092 1863 2159 temporum,
1910 2106 1938 2135 »
1970 2101 2042 2140 ex

385 2177 503 2232 fide
534 2178 877 2248 Hieronymi
899 2178 999 2246 (2(,
1025 2177 1243 2233 saeculo
1274 2194 1309 2231 ιι
1342 2176 1584 2232 ineunte
1616 2182 1792 2232 natus
1848 2175 2044 2231 existi-

386 2264 715 2318 matur.Hic
746 2270 943 2318 autem
968 2263 1056 2319 vir
1081 2266 1342 2334 antiquus
1363 2269 1416 2318 et
1444 2264 1790 2334 apostolicus,
1814 2258 2046 2335 ἀρχαῖός

387 2370 446 2404 τε
475 2349 613 2423 ἀνὴρ
645 2349 733 2405 καὶ
767 2349 1134 2413 ἀποστολικός
1164 2353 1261 2424 (3),
1288 2368 1359 2406 ex
1388 2353 1588 2407 Iudaea
1643 2352 1894 2407 fortasse
1954 2351 2047 2406 di—

391 2454 652 2513 gressus,
685 2440 927 2513 longum
960 2441 1075 2495 iter
1103 2442 1350 2496 Romam
1380 2458 1569 2513 usque
1610 2441 1940 2513 suscepisse
1975 2455 2047 2495 ex

392 2530 468 2583 iis
501 2545 632 2599 quas
664 2528 735 2583 de
768 2546 830 2584 se
862 2530 990 2601 ipso
1022 2530 1205 2585 tradit
1234 2529 2048 2602 (4)comperitur.Compluri-

394 2618 507 2673 bus
538 2619 736 2689 itaque
769 2620 1087 2691 provinciis
1106 2620 1592 2693 peragratis,cum
1616 2620 1753 2674 viris
1780 2618 2049 2673 doctrina

399 2712 457 2764 et
487 2707 704 2780 pietate
721 2708 1143 2781 praestantibus
1174 2725 1478 2765 sermones
1499 2708 1706 2765 habuit
1731 2735 1745 2777 ;
1777 2707 2050 2764 ecclesia-

399 2816 534 2856 rum
555 2800 797 2857 interim
829 2802 1088 2874 origines
1118 2808 1178 2857 et
1207 2803 1620 2873 episcoporum
1642 2802 2050 2859 successiones

396 2890 651 2946 solerter
671 2890 1051 2962 conquirens.
1081 2891 1345 2946 Corinthi
1379 2891 1520 2946 dum
1552 2896 1751 2964 ageret
1779 2891 1877 2946 ubi
1894 2889 2053 2946 haud

396 2996 617 3052 paucos
648 2979 774 3034 dies
788 2986 1190 3036 commoratus
1208 2981 1396 3046 est,de
1416 2981 1577 3036 illius
1598 2980 1874 3036 Ecclesia;
1896 2984 2052 3034 statu

397 3069 1052 3136 sciscitatus,intellexit
1082 3070 1416 3126 Corinthios
1447 3070 1509 3125 in
1540 3075 1702 3125 recta
1745 3069 1859 3124 fide
1915 3085 2048 3140 per-

397 3159 689 3216 mansisse
705 3176 893 3230 usque
924 3159 998 3214 ad
1036 3159 1304 3214 Primum
1332 3160 1460 3230 ejus
1486 3159 1650 3214 urbis
1682 3160 2050 3231 episcopum,

2147 1996 2259 2046 τῶν
2291 1990 2616 2051 ἀποστόλων
2654 1990 2911 2070 μεγάλως
2941 1991 3418 2069 συγγραψάμενος,
3474 1992 3559 2054 ὡς
3617 1992 3832 2065 ἱστορεῖ

2152 2076 2473 2145 Εὐσέϐιοςὸ
2523 2079 2841 2159 Παμφίλου.
2901 2084 3008 2139 Hoc
3062 2085 3368 2153 imperante
3427 2082 3827 2157 (Commodo),

2152 2171 2377 2228 decessit
2407 2174 2754 2244 Hegesippus,
2786 2174 2884 2242 qui
2908 2173 2979 2228 de
3020 2171 3281 2243 apostolis
3311 2171 3522 2226 eximie
3573 2171 3821 2242 scripsit,

2161 2269 2224 2316 ut
2256 2268 2489 2317 testatur
2511 2262 2769 2317 Eusebius
2798 2261 3379 2332 Pamphili.Meminit
3406 2261 3598 2316 etiam
3634 2262 3824 2334 Hege-

2157 2352 2312 2424 sippi
2342 2353 2698 2408 Sozomenus
2728 2354 2825 2423 (8),
2860 2369 3115 2424 eumque
3158 2375 3187 2402 ‹‹
3221 2352 3412 2407 virum
3444 2352 3826 2424 sapientissi~

2156 2457 2322 2496 mum
2352 2462 2380 2491 »
2409 2441 2796 2513 appellat,qui
2813 2441 2887 2496 ad
2907 2458 3014 2498 sua
3036 2457 3227 2512 usque
3247 2448 3526 2513 tempora
3548 2442 3829 2497 Ecclesia:

2165 2530 2474 2586 historiam
2505 2531 2870 2603 perduxerit.

2233 2621 2447 2677 Verum
2479 2636 2694 2693 magno
2727 2619 3142 2676 ecclesiasticas
3173 2620 3555 2692 antiquitatis
3607 2620 3825 2676 damno

2169 2710 2299 2783 ejus
2329 2708 2698 2782 ὑπομνήματα
2728 2711 3182 2777 interciderunt,
3217 2712 3264 2765 si
3288 2710 3527 2782 aliquot
3556 2711 3823 2783 praeclari

2162 2799 2357 2870 operis
2378 2800 2730 2872 fragmenta,
2753 2805 2814 2855 et
2840 2799 3084 2870 quidem
3100 2799 3825 2872 illustria,excipias.Sunt

2171 2894 2372 2944 autem
2401 2889 2695 2961 ejusmodi
2729 2896 2743 2943 ξ
2776 2891 2817 2945 Ι.
2868 2891 2945 2946 De
2997 2888 3237 2945 historia
3289 2892 3559 2960 martyrii
3610 2891 3821 2953 Jacobi,

2158 2981 2357 3048 fratris
2384 2980 2622 3035 Domini.
2658 2980 2730 3034 ΙΙ·
2767 2981 2840 3035 De
2878 2981 3214 3051 propinguis
3258 2978 3573 3035 Saluatoris
3630 2981 3818 3034 nostri.

2158 3068 2256 3122 III.
2284 3070 2362 3123 De
2413 3067 2692 3138 Symeonis
2751 3068 2930 3139 Clopae
2983 3070 3108 3140 ﬁlii,
3160 3070 3678 3139 Hierosolymorum
3721 3070 3823 3137 epi-

2158 3162 2331 3229 scopi,
2361 3162 2652 3229 martyrio.
2686 3161 2778 3214 IV.
2809 3161 2886 3216 De
2916 3166 3157 3231 tempore
3187 3176 3296 3230 quo
3341 3163 3546 3229 floruit
3597 3160 3821 3230 ipsemet

400 3265 655 3321 quocum
688 3252 746 3303 et
765 3246 1137 3303 familiariter
1158 3252 1422 3301 versatus
1453 3249 1813 3302 est.Romam
1837 3244 2051 3302 deinde
2083 3282 2130 3347 Β
2161 3250 2509 3320 Hegesippus.
2569 3248 2637 3306 V.
2696 3251 2770 3305 De
2820 3265 2921 3305 sua
2965 3250 3309 3320 profectione
3360 3250 3437 3305 ad
3488 3250 3687 3305 urbem
3716 3252 3819 3304 Bo-

400 3338 708 3396 contendit
740 3355 753 3403 ;
788 3354 901 3407 quo
934 3353 1069 3391 cum
1100 3335 1481 3406 pervenisset,
1515 3335 1758 3391 sedentc
1787 3335 2053 3404 Aniceto,

405 3426 801 3484 successionis
818 3424 1081 3480 tabulam
1096 3442 1281 3495 usque
1294 3424 1367 3479 ad
1380 3425 1573 3496 ipsum
1594 3427 1906 3481 Anicetum
1923 3442 2059 3481 con-

2160 3355 2326 3403 mam,
2359 3344 2411 3393 et
2440 3340 2504 3394 de
2532 3340 2690 3394 sectis
2718 3339 2984 3394 Judaicis.
3020 3340 3100 3394 Ea
3120 3355 3252 3394 vero
3282 3339 3557 3410 primum
3586 3338 3819 3410 collegit

2162 3427 2485 3483 Halloixius
2514 3430 2606 3497 (9),
2631 3428 2846 3484 deinde
2876 3428 3122 3484 Grabius
3165 3429 3277 3499 (10)
3309 3446 3322 3484 :
3384 3434 3539 3499 quos
3591 3436 3659 3484 et
3722 3446 3820 3484 nos

406 3517 546 3572 fecit
578 3534 591 3585 ;
619 3530 796 3586 quam
814 3514 1094 3585 deinceps
1114 3514 1188 3569 ad
1204 3514 1584 3570 Eleutherum
1606 3531 1794 3586 usque
1816 3514 2061 3570 deduxit
2161 3518 2371 3584 secuti,
2404 3532 2475 3572 ex
2503 3516 2779 3588 Eusebio,
2804 3517 3012 3573 Photio
3053 3523 3114 3573 et
3140 3517 3415 3588 Syncello
3438 3517 3817 3590 protulimus,

411 3619 813 3661 successorem
833 3602 1074 3668 Soteris,
1108 3604 1207 3675 qui
1226 3604 1537 3660 Anicetum
1560 3605 1933 3661 decessorem
1956 3605 2061 3661 ha-

414 3694 716 3749 buerat.In
740 3691 986 3764 singulis
1017 3698 1216 3748 autem
1239 3693 1655 3765 episcoporum
1673 3693 2060 3750 successioni-

404 3784 603 3854 bus,et
616 3798 723 3854 per
741 3781 1007 3855 singulas
1037 3781 1237 3851 urbes,
1262 3782 1535 3839 eamdem
1564 3782 1745 3839 ﬁdem
1784 3782 2058 3854 viguisse,

409 3872 738 3944 eademque
769 3870 1062 3927 mansisse
1093 3887 1225 3941 quas
1245 3888 1353 3943 per
1372 3872 1562 3944 legem
1585 3879 1643 3927 et
1661 3872 1979 3944 prophetas
2001 3876 2059 3927 et

403 3980 438 4019 a
469 3962 719 4018 Domino
748 3962 877 4034 ipso
900 3960 1221 4033 praedicata
1250 3962 1510 4031 fuerant,
1542 3967 1798 4019 enarrat.

472 4053 544 4106 Il.
579 4051 679 4107 His
712 4051 912 4121 itaque
934 4050 1231 4122 primaevae
1257 4050 1629 4121 antiquitatis
1654 4049 1951 4123 praesidiis
1973 4050 2056 4104 in-

403 4147 660 4198 structus
692 4139 1078 4213 Hegesippus,
1114 4160 1143 4190 «
1176 4140 1521 4211 multisque,
1545 4162 1574 4190 »
1597 4145 1661 4195 ut
1692 4157 1830 4196 cum
1861 4140 2059 4195 Hiero-

404 4249 584 4303 nymo
611 4232 938 4302 loquar(5),
974 4252 1002 4279 ››
1036 4230 1109 4285 ad
1151 4230 1469 4286 utilitatem
1501 4232 1825 4304 legentium
1873 4232 2060 4303 perti-

406 4320 689 4377 nentibus
720 4320 860 4375 hinc
891 4319 1029 4375 inde
1063 4321 1451 4393 congregatis,
1486 4338 1692 4376 omnes
1715 4337 1749 4376 a
1780 4322 2057 4393 passione

408 4409 643 4466 Domini
676 4424 864 4479 usque
899 4407 972 4463 ad
1004 4425 1172 4464 suam
1204 4414 1460 4480 aetatem,
1520 4411 2057 4466 ecclesiasticorum

408 4505 649 4557 actuum
679 4504 884 4553 texens
912 4498 1483 4570 historias,quinque
1512 4498 1696 4555 libros
1726 4500 2060 4572 composuit

410 4607 683 4648 sermone
711 4589 990 4661 simplici,
1023 4595 1087 4644 ut
1118 4607 1372 4660 quorum
1406 4591 1585 4646 vitam
1606 4590 2057 4658 sectabatur,di-

407 4682 577 4739 cendi
620 4697 855 4753 quoque
901 4680 1260 4751 exprimeret
1312 4680 1735 4736 characterem.
1773 4704 1802 4731 ››
1830 4712 1894 4722 -
1927 4702 1956 4731 ‹‹
1988 4680 2057 4734 In

407 4772 621 4843 quibus
654 4770 915 4842 quidem,
950 4790 977 4818 ››
1002 4768 1196 4839 inquit
1224 4769 1510 4825 Eusebius
1532 4769 1628 4842 (6),
1655 4792 1683 4822 «
1716 4769 2056 4843 apostolica

407 4859 846 4933 praedicationis
877 4858 1284 4914 narrationem
1309 4859 1675 4930 complexus,
1707 4859 2059 4916 luculentis-

409 4950 560 5005 sima
585 4950 722 5005 ﬁdei
749 4965 868 5004 suae
912 4946 1250 5002 testimonia
1274 4947 1445 5003 nobis
1482 4948 1750 5018 reliquit.
1788 4969 1816 4998 ››
1849 4949 2059 5020 Supre-

412 5054 577 5095 mum
607 5037 765 5093 diem
795 5035 941 5091 obiit
964 5036 1344 5108 Hegesippue,
1378 5037 1426 5093 si
1476 5036 1623 5093 fides
1644 5037 1918 5094 Chronici
1950 5039 2057 5093 Pa-

411 5130 631 5187 schalis
669 5127 947 5194 auctoris,
982 5144 1097 5197 quo
1156 5133 1421 5200 tempore
1469 5145 1668 5185 rerum
1726 5128 2060 5201 potiebatur

413 5219 792 5288 Commodus,
815 5217 1161 5289 Olympiade
1202 5235 1464 5277 ccxulx.
1498 5219 1590 5275 Sic
1620 5219 1779 5275 enim
1810 5218 1912 5275 ille
1944 5219 2057 5291 (’7):

484 5365 558 5436 (l)
584 5360 797 5418 Euseb.
832 5361 975 5436 Hist.
1008 5359 1176 5436 eccle_._
1195 5359 1300 5416 lib.
1337 5376 1413 5430 ιν,
1443 5379 1570 5433 cap.
1606 5362 1694 5416 22.

487 5431 563 5507 (2)
597 5433 945 5507 Hieroane
972 5433 1078 5485 vir.
1110 5431 1342 5507 illustr”
1376 5431 1602 5507 capp‘._2
1634 5440 1693 5488 et
1719 5436 1807 5487 22.

490 5503 561 5577 (3)
588 5506 787 5576 Steph.
823 5503 1224 5577 Goba_r._apu_d
1252 5504 1422 5577 Phot.
1449 5503 1580 5561 cod.
1615 5508 1739 5564 232.

511 5574 562 5643 4)
600 5574 801 5648 Heges.
833 5574 991 5648 apud
1018 5574 1230 5631 Euseb.
1262 5574 1303 5631 l.
1337 5592 1388 5631 c.

518 5651 569 5716 5(
602 5648 839 5701 Hieron.
872 5648 910 5701 l.
945 5662 995 5701 c.

493 5715 574 5790 (6)
604 5718 814 5790 Euseb.
847 5718 997 5790 [list._
1025 5716 1151 5771 eccl.
1185 5715 1288 5773 lib.
1310 5734 1390 5790 ιν,
1424 5735 1593 5790 capp.
1618 5720 1650 5772 8
1682 5721 1743 5772 et
1768 5720 1859 5773 22.

496 5788 575 5853 (7)
607 5785 806 5838 Chron.
839 5786 1031 5840 Pasch.
1063 5802 1194 5856 pag.
1230 5785 1470 5858 262,111.
1496 5785 1638 5845 ’2”10.

2161 3605 2375 3661 additis
2392 3606 2769 3677 potissimum
2795 3605 3011 3661 Valesii
3036 3606 3818 3673 V.C.animadversionibus,

2162 3695 2376 3766 quibus
2403 3695 2581 3750 etiam
2600 3694 2898 3751 nonnulla
2927 3712 2999 3751 ex
3040 3695 3174 3751 aliis
3208 3697 3730 3768 subjecimus.Sed
3758 3696 3820 3751 ad

2157 3783 2559 3856 fragmentum
2592 3788 2615 3839 1
2651 3785 2811 3855 quod
2862 3786 3097 3856 attinet,
3128 3785 3288 3841 haud
3341 3786 3593 3842 omittas
3658 3787 3822 3842 velim

2161 3873 2648 3928 Dissertationem
2689 3872 3062 3929 celeberrimi
3117 3874 3357 3929 Antonii
3406 3874 3671 3930 Arualdi
3703 3891 3821 3931 cum

2162 3962 2320 4017 notis
2367 3960 2698 4017 doctissimi
2753 3961 3118 4017 Tillemontii
3178 3963 3435 4030 margini
3518 3965 3823 4036 appositis,

2162 4067 2340 4122 quam
2370 4049 2446 4105 ad
2468 4050 2691 4106 calcem
2723 4051 2866 4106 tomi
2899 4053 2922 4106 Ι
2953 4054 3436 4108 Monumentorum
3498 4052 3824 4110 ecclesiasti-

2162 4157 2348 4197 corum
2376 4140 2647 4212 ejusdem
2672 4141 3035 4197 Tillemontii
3067 4141 3264 4215 legere
3305 4149 3420 4198 est.

2231 4230 2322 4285 lll.
2354 4231 2536 4285 Porro
2568 4229 2717 4285 illud
2770 4230 3082 4287 observare
3139 4237 3384 4303 praestat
3427 4249 3574 4287 cum
3606 4233 3687 4290 cl.
3721 4236 3821 4288 Ma-

2162 4334 2309 4373 rano
2333 4316 2465 4388 (ll),
2500 4317 2894 4389 Hegesippum
2935 4318 3227 4389 aequalem
3266 4320 3497 4374 Irenaeo
3560 4321 3824 4392 (uterque

2163 4406 2326 4461 enim
2345 4406 2451 4460 sub
2476 4405 2788 4462 Eleuthero
2811 4407 3129 4482 scribebat)
3153 4408 3549 4464 ecclesiarum
3562 4414 3826 4466 omnium

2162 4496 2237 4552 de
2257 4496 2473 4551 Christi
2496 4496 2803 4552 divinitate
2824 4497 3239 4553 consensionis
3263 4503 3479 4553 testem
3494 4498 3638 4554 locu
3650 4500 3833 4572 pletis-

2164 4586 2383 4640 simnm
2414 4585 2866 4657 exstitisserse
2893 4603 3153 4658 namque
3174 4586 3329 4658 apud
3351 4588 3694 4645 Eusebium
3726 4590 3825 4657 (12)

2164 4680 2418 4733 testatur
2447 4698 2475 4727 ‹‹
2500 4693 2726 4741 se,cum
2754 4678 3000 4733 Romam
3032 4678 3826 4752 proﬁcisceretur,plurimos

2168 4766 2480 4838 episcopos
2511 4764 2818 4835 adiisse,et
2845 4766 2917 4821 ab
2943 4767 3218 4823 omnibus
3230 4784 3411 4823 unam
3430 4769 3822 4841 eamdemque

2166 4855 2462 4912 audivisse
2496 4855 2846 4911 doctrinam.
2882 4877 2910 4906 »
2941 4857 3272 4929 Paucisque
3305 4858 3673 4930 interjectis,
3696 4860 3822 4918 sub-

2167 4944 2255 5000 dit
2286 4944 2414 5014 ;’Ev
2462 4942 2657 5017 ὲκάστῃ
2718 4940 2776 4999 δὶ
2834 4940 3096 5018 διαδοχῇ,
3146 4946 3238 4999 καὶ
3295 4944 3349 4999 ἐν
3402 4943 3611 5021 ἑκάστῃ
3670 4945 3819 5004 πόλει

2169 5030 2341 5094 οὕτως
2373 5027 2510 5107 ἔχει,
2554 5031 2628 5092 ὡς
2661 5031 2688 5085 ὁ
2738 5032 2908 5105 νόμος
2966 5032 3224 5108 κηρύττει
3279 5033 3369 5088 καὶ
3430 5035 3485 5088 οἱ
3546 5044 3819 5113 προφῆται

2166 5120 2258 5176 καὶ
2292 5120 2320 5174 ὁ
2342 5118 2568 5195 Κύριος.
2601 5123 2666 5177 1η
2704 5123 2934 5193 singulis
2964 5130 3147 5179 autem
3186 5127 3576 5195 episcoporum
3631 5144 3820 5184 succes-

2170 5211 2429 5281 sionibus,
2463 5218 2515 5266 et
2536 5227 2639 5282 per
2666 5212 2913 5281 singulas
2969 5213 3127 5269 urbes
3165 5214 3351 5269 eadem
3398 5223 3654 5283 manent,
3710 5233 3815 5288 quae

2243 5360 2318 5434 (8)
2352 5361 2580 5434 Sosom.
2614 5359 2754 5434 Hist.
2779 5361 2914 5434 eccl.
2943 5360 3049 5417 lib.
3079 5377 3118 5429 ι,
3142 5379 3270 5434 cap.
3305 5366 3358 5421 1.

2244 5430 2836 5509 (9)λΗξιὶιρὶι.-8ίξνξρι.
2856 5431 3087 5509 ψῃ
3115 5430 3332 5502 toniJI,
3356 5451 3529 5509 pagg.
3552 5439 3806 5509 “705-715.

2173 5505 2352 5629 2i(’10)
2382 5503 2552 5559 Grab.
2599 5502 2794 5574 Spicil.
2847 5502 2943 5561 SS.
3002 5506 3124 5564 PP.
3172 5512 3317 5564 tom.
3356 5502 3653 5581 'Ilfpagg.
3694 5508 3812 5562 205-

2245 5644 2359 5723 i“)
2388 5646 2606 5723 Maran.
2637 5644 2868 5700 Divinit.
2912 5650 2978 5701 ο.
3013 5648 3081 5702 Ν.
3111 5650 3163 5705 Ι.
3198 5647 3255 5704 6.
3314 5649 3419 5706 lib.
3473 5667 3534 5719 ιι,
3589 5667 3719 5723 cap.
3766 5654 3809 5716 5,

2174 5719 2203 5787 §
2231 5718 2283 5784 3,
2316 5732 2446 5842 pag.
2475 5719 2599 5774 231.
3004 5788 3015 5799 ,

2247 5787 2357 5860 (12)
2433 5787 2598 5844 useb.
2630 5788 2763 5845 Hist.
2799 5786 2934 5844 eccl.
2975 5787 3080 5845 11b.
3113 5807 3188 5865 ιν,
3219 5808 3347 5864 cap.
3379 5795 3473 5849 22.
