4136 6388
1589 353 1645 411 S.
1686 352 2031 412 IGNATIUS.
2070 384 2141 397 -—
2180 354 2703 413 PROLEGOMENA.

1628 556 1913 627 Eusasws,
1950 559 2086 616 Hist.
2116 478 2261 616 ἔδει.
2302 560 2393 613 lib.
2435 574 2519 623 ut,
2550 573 2665 626 cap.

2093 633 2182 686 δῦ.

589 718 691 772 Sed
732 725 787 771 et
836 718 891 771 in
934 726 1119 772 nostra
1162 729 1385 786 quoque
1416 724 1552 770 tem-
1694 724 1760 774 '0
1792 740 1855 775 τε
1896 724 2046 796 παρά
2078 724 2222 777 πλείς

2150 725 2350 786 είστοις
2379 722 2545 775 εἰσέτι
2576 719 2669 774 νῦν
2807 721 3047 793 lgnatius
3063 732 3324 793 praeterea
3340 726 3639 783 multorum
3668 741 3783 782 ser-

510 821 642 876 pora
706 804 863 858 fama:
927 804 1239 858 celebritate
1297 802 1550 871 vulgatus
1617 812 1902 885 διαϐόητος
1945 817 2142 884 ἰγνάτι

2148 834 2226 880 ος,
2253 816 2352 886 τῆς
2383 816 2503 868 κατ’
2545 814 2666 866 Ἀν-
2737 812 2992 867 monibus
3022 821 3209 869 nostra
3240 813 3404 870 etiam
3449 826 3609 873 aetate
3638 819 3781 873 cele-

511 897 772 967 lgnatius,
823 896 964 966 apud
1020 896 1367 950 Antiochiam
1426 903 1549 965 post
1616 906 1855 976 τιόχειαν
1883 907 2096 979 Πέτρου

2149 905 2393 978 διαδοχῆς
2418 904 2667 975 δεύτερος
2734 908 2947 975 bratus,
2972 910 3248 966 secundus
3269 921 3394 981 post
3420 910 3643 969 Petrum
3670 913 3782 967 An-

509 986 730 1040 Pctrum
761 986 1001 1040 secunda
1040 983 1393 1040 successione
1425 984 1547 1053 epi—
1613 997 1709 1069 τὴν
1727 999 2030 1070 ἐπισκοπὴν
2046 1016 2142 1054 κεκ

2145 996 2667 1071 ληρωμένοςΛόγος
2733 998 3071 1055 tiochensem
3091 999 3395 1057 Ecclesiam
3423 1004 3653 1059 sortitus
3676 1013 3778 1059 est.

509 1088 791 1149 scopatum
818 1080 1046 1135 sortitus
1073 1083 1176 1133 est.
1217 1075 1389 1143 Quem
1431 1091 1546 1131 ser-
1610 1089 1656 1142 δ’
1678 1089 1790 1159 εχει
1827 1088 2015 1143 τοῦτον
2053 1091 2142 1144 ἀπῆ

2147 1098 2162 1143 5
2208 1091 2406 1162 Συρίας
2440 1092 2533 1142 επὶ
2563 1089 2663 1159 τὴν
2733 1090 2833 1147 Hic
2880 1093 2953 1148 ob
2991 1092 3153 1149 ﬁdem
3198 1093 3405 1150 Christi
3446 1109 3479 1150 e
3509 1094 3668 1167 Syria
3711 1092 3780 1148 ad

505 1186 597 1225 mo
642 1166 893 1233 tradidit,
944 1169 1012 1224 de
1067 1168 1239 1241 Syria:
1295 1168 1541 1239 partibus
1622 1178 1910 1250 Ῥωμαίων
1932 1180 2138 1234 πόλινά

2146 1179 2547 1251 ναπεμφθέντα,
2573 1179 2663 1250 θη·
2732 1183 2924 1239 urbem
2954 1181 3187 1239 Romam
3221 1166 3561 1254 perductus,
3584 1186 3779 1244 bestiis

506 1264 571 1317 ad
615 1263 804 1317 urbem
860 1262 1091 1315 Romam
1123 1260 1539 1327 transmissum,
1612 1274 1741 1345 ρίων
1773 1273 2026 1343 γενέσθαι
2052 1273 2139 1346 βορ

2145 1273 2238 1335 .ὰν,
2262 1272 2363 1343 τῆς
2400 1273 2482 1336 εἰς
2521 1273 2657 1343 Χρι-
2728 1273 2975 1344 objectus
3007 1288 3132 1330 esse
3158 1274 3383 1330 dicitur.
3416 1274 3486 1331 Et
3513 1275 3778 1348 cum'per

500 1359 553 1405 et
583 1367 683 1421 pro
710 1350 975 1421 martyrio
1002 1350 1207 1404 Christi
1236 1349 1303 1405 ad
1336 1350 1540 1405 bestias
1610 1365 1735 1418 στδν
1768 1364 2073 1437 μαρτυρίας
2104 1364 2130 1417 ἓ

2139 1380 2309 1417 νεκεν.
2338 1362 2449 1417 Καὶ
2476 1362 2541 1434 δὴ
2561 1362 2659 1434 τὴν
2727 1364 2914 1420 Asiam
2956 1364 3061 1422 sub
3107 1350 3526 1424 accuratissima
3562 1373 3772 1427 satelli-

528 358 588 414 ll

815 565 1019 620 Vaasro
1062 564 1272 619 llunm.
1628 564 1913 627 Eusasws,
1950 564 2261 639 Hist._Eccl.
2302 564 2393 613 lib.
2435 574 2519 623 ut,
2550 573 2665 626 cap.
2963 564 3165 625 γεκειο
3196 565 3263 624 Η,
3306 568 3551 639 Vnam,

500 1444 709 1497 datum.
764 1442 979 1512 Quique
1029 1456 1155 1497 cum
1206 1456 1304 1512 per
1349 1440 1537 1497 Asiam

499 1534 605 1588 sub
644 1532 894 1588 custodia
937 1532 1241 1603 navigaret,
1292 1532 1537 1602 singulas

497 1644 747 1699 quasque
777 1628 1090 1699 digrediens
1124 1627 1396 1694 civitates,
1435 1626 1538 1683 Ec-

497 1722 680 1777 clesia:
704 1722 937 1793 populos
968 1721 1294 1791 evangelicis
1334 1721 1535 1775 cohor-

497 1820 798 1875 tationibus
837 1818 1100 1875 edocebat
1145 1819 1201 1873 in
1255 1817 1361 1875 ﬁde
1406 1832 1532 1888 per-

494 1913 710 1978 sistere,
743 1904 795 1967 et
817 1913 1110 1968 observare
1134 1927 1191 1967 se
1216 1912 1286 1967 ab
1320 1911 1537 1966 htereti-

492 2022 685 2062 corum
701 2006 996 2077 contagiis,
1022 2006 1117 2076 qui
1141 2014 1271 2060 tunc
1296 2006 1533 2075 primum

491 2100 771 2170 copiosius
818 2108 1098 2170 coeperant
1146 2099 1435 2169 pullulare,
1482 2106 1538 2155 et

490 2201 553 2247 ut
577 2192 891 2263 diligentius
932 2207 997 2247 ac
1024 2190 1271 2247 tenacius
1304 2199 1535 2261 aposto-

489 2283 670 2339 lorum
719 2282 1112 2347 traditionibus
1158 2282 1530 2348 inhazrerent;

487 2391 629 2446 quas
656 2376 1000 2439 traditiones.
1020 2374 1245 2430 cautelae
1268 2374 1460 2445 gratia,
1478 2381 1533 2429 et

489 2482 559 2520 ne
596 2465 727 2535 quid
755 2464 898 2534 apud
935 2472 1186 2534 posteros
1220 2471 1533 2519 remaneret

489 2544 711 2620 incerti,
751 2554 917 2609 etiam
959 2553 1193 2623 scriptas
1231 2568 1291 2608 se
1330 2553 1530 2611 asserit

486 2648 800 2719 reliquisse.
832 2647 1076 2719 Denique
1090 2663 1214 2703 cum
1236 2648 1526 2721 Smyrnam

486 2741 730 2796 venisset
747 2740 839 2795 ubi
861 2739 1198 2812 Polycarpus
1222 2750 1362 2808 erat,
1390 2742 1528 2797 scri-

488 2832 569 2886 bit
595 2831 719 2886 inde
745 2846 910 2887 unam
936 2830 1225 2900 epistolam
1245 2830 1314 2886 ad
1345 2829 1527 2903 Ephe-

485 2926 601 2980 sios
645 2938 947 2994 eorumque
991 2930 1287 2993 pastorem,
1330 2920 1386 2977 in
1418 2938 1527 2993 qua

485 3015 737 3071 meminit
777 3025 833 3071 et
887 3013 1137 3070 Onesimi
1186 3032 1200 3069 :
1249 3023 1305 3071 et
1360 3014 1525 3070 aliam

486 3106 780 3178 Magnesiae
808 3107 1020 3161 civitati
1050 3121 1174 3177 quae
1206 3121 1371 3178 supra
1395 3105 1525 3163 Illae-

484 3200 717 3255 andrum
742 3198 909 3269 jacet,
943 3198 998 3254 in
1044 3213 1153 3269 qua
1192 3206 1247 3254 et
1280 3198 1525 3270 episcopi

483 3291 732 3347 Dammei
760 3289 1094 3347 mentionem
1129 3290 1281 3346 facit.
1332 3290 1438 3346 Sed
1469 3301 1524 3347 et

481 3384 726 3440 ecclesia:
747 3398 870 3454 qua:
894 3382 1054 3439 estin
1086 3381 1284 3437 Trallis
1309 3382 1521 3448 scribit,

480 3475 639 3545 cujus
681 3474 985 3546 principem
1024 3482 1159 3529 tunc
1197 3487 1320 3529 esse
1361 3471 1524 3547 Poly-

481 3569 633 3623 bium
659 3564 989 3639 designavit.
1012 3563 1069 3621 ln
1101 3580 1167 3622 ea
1192 3578 1325 3622 vero
1352 3577 1519 3635 quam

480 3660 545 3714 ad
603 3657 907 3715 Romanam
948 3658 1253 3717 Ecclesiam
1306 3658 1517 3725 scribit,

477 3753 805 3821 deprecatur
860 3765 958 3807 eos
1010 3766 1078 3806 ne
1129 3765 1210 3816 se,
1250 3756 1518 3820 tanquam

478 3842 762 3912 suppliciis
819 3839 938 3899 suis
987 3852 1297 3912 parcentes,
1355 3841 1520 3897 velint

476 3948 574 4001 spe
616 3932 820 4002 privari
856 3931 1141 4002 martyrii;
1174 3941 1229 3987 et
1268 3931 1354 3987 his
1392 3940 1518 4002 post

474 4023 754 4093 aliquanta
806 4022 982 4077 utitur
1010 4021 1189 4077 verbis
1217 4039 1231 4076 :
1256 4021 1297 4074 A
1334 4019 1517 4091 Syria,

474 4114 676 4184 inquit,
723 4111 948 4167 Romam
980 4127 1143 4181 usque
1184 4125 1305 4165 cum
1337 4110 1517 4165 bestiis

477 4217 620 4260 terra
643 4204 881 4274 marique
907 4202 1167 4273 depugno,
1187 4209 1293 4257 etc.
1309 4199 1437 4257 Haec
1462 4209 1518 4257 et

478 4296 649 4350 multa
676 4294 783 4349 alia
810 4292 901 4348 his
939 4292 1146 4348 similia
1175 4293 1243 4348 ad
1270 4291 1516 4348 diversas

470 4386 734 4442 ecclesias
774 4385 985 4441 scribit.
1019 4384 1125 4439 Sed
1168 4392 1222 4439 et
1250 4383 1320 4438 ad
1348 4382 1513 4455 Poly-

470 4493 722 4548 carpum,
760 4476 909 4531 velut
932 4475 1299 4546 apostolicum
1330 4472 1511 4528 virum

468 4568 615 4622 datis
655 4565 871 4633 litteris,
910 4564 1309 4621 Antiochenam
1338 4563 1388 4619 ei
1404 4564 1511 4622 Ec-

467 4659 691 4715 clesiam
718 4657 991 4728 praecipue
1020 4654 1389 4711 commendat.
1428 4652 1511 4709 Ad

470 4750 783 4822 Smyrnzeos
836 4762 971 4803 sane
1013 4745 1282 4812 scribens,
1337 4743 1512 4798 utitur

466 4839 651 4895 verbis
666 4837 1020 4909 quibusdam,
1044 4836 1188 4890 unde
1208 4834 1511 4905 assumptis

468 4934 769 4999 nescimus,
808 4932 1011 5004 quibus
1052 4931 1169 4985 haec
1203 4930 1272 4985 de
1314 4928 1507 4985 Salva-

467 5030 587 5075 tore
609 5021 956 5091 proloquitur
987 5037 1001 5073 :
1028 5017 1141 5088 Ego
1185 5026 1360 5070 autem
1392 5027 1510 5087 post

466 5113 903 5167 resurrectionem
925 5110 1197 5181 quoquein
1209 5124 1369 5162 carne
1388 5124 1508 5162 eum

464 5202 575 5255 scio
605 5200 789 5269 fuisse,
834 5208 885 5253 et
939 5198 1112 5251 credo.
1142 5195 1286 5250 Nam
1313 5206 1362 5250 et
1386 5211 1508 5250 cum

462 5294 685 5347 venisset
720 5289 790 5342 ad
819 5287 1038 5342 Petrum
1064 5296 1400 5358 ceterosque,
1426 5289 1503 5341 ait

463 5384 574 5439 eis:
599 5382 872 5446 Accedite,
904 5391 955 5434 et
991 5382 1182 5447 videte,
1227 5383 1356 5451 quia
1395 5398 1501 5435 non

463 5494 582 5533 sum
612 5477 933 5532 datmoninm
964 5478 1348 5546 incorporeum.
1393 5476 1498 5542 Qui

461 5583 513 5626 et
549 5571 908 5641 contingentes
947 5585 1098 5636 eum,
1138 5568 1493 5625 crediderunt.

465 5662 583 5717 Scit
608 5670 788 5717 autem
818 5674 872 5716 et
900 5661 1133 5716 [renatus
1167 5662 1495 5733 martyrium

463 5753 609 5823 ejus,
644 5767 745 5808 nec
775 5768 884 5807 non
927 5761 983 5808 et
1003 5752 1337 5808 mentionem
1368 5752 1499 5809 facit

463 5848 791 5918 scriptorum
808 5846 948 5918 ejus.
968 5844 1074 5904 Sed
1096 5855 1147 5904 et
1167 5844 1500 5917 Polycarpus

1604 1452 1672 1505 δι’
1718 1444 1901 1517 Ἀσίας
1932 1452 2265 1525 ἀνακομιδὴν
2308 1454 2425 1523 μετ’
2459 1453 2657 1522 ἐπιμε-

1606 1545 1872 1615 λεστάτης
1910 1545 2161 1617 φρουρῶν
2195 1544 2442 1616 φυλακῆς
2474 1542 2655 1597 ποιού-

1607 1654 1787 1708 μενος,
1818 1636 1919 1701 τὰς
1944 1636 2084 1690 κατὰ
2110 1636 2264 1690 πόλιν
2284 1628 2373 1699 αἷς
2392 1636 2657 1706 ἐπεδήμει

1603 1730 1927 1801 παροικίας,
1962 1731 2082 1792 ταῖς
2110 1728 2196 1782 διά
2225 1728 2396 1797 λόγων
2422 1727 2657 1799 ὁμιλίαις

1602 1840 1662 1875 τε
1699 1823 1792 1875 καὶ
1830 1823 2168 1894 προτροπαῖς
2202 1820 2559 1893 ὲπιρρωννὺς,
2599 1822 2656 1874 ἐν

1605 1914 1845 1988 πρώτοις
1906 1915 2140 1986 μάλιστα
2185 1913 2655 1984 προφυλάττεσθαι

1602 2008 1843 2080 αἱρέσεις
1867 2007 1991 2079 ἄρτι
2010 2007 2131 2060 τότε
2158 2006 2372 2079 πρῶτον
2400 2006 2657 2076 ἀναφυεί-

1605 2117 1705 2163 σας
1752 2100 1846 2153 καί⁵
1899 2098 2336 2164 ὲπιπολαζούσας
2384 2096 2649 2170 παρῄνει·

1604 2184 1915 2258 προῦτρεπέ
1966 2203 2026 2238 τε
2076 2184 2244 2257 ἀπρὶξ
2288 2184 2507 2256 ἔχεσθαι
2551 2186 2652 2256 τῆς

1598 2274 1708 2327 τῶν
1764 2273 2074 2328 ἀποστόλων
2138 2273 2522 2345 παραδόσεως,
2583 2274 2651 2347 ἧν

1599 2362 1742 2434 ὑπὲρ
1761 2362 2080 2432 ἀσφαλείας,
2098 2362 2192 2415 καὶ
2212 2360 2522 2433 ὲῨγράφως,
2547 2361 2647 2434 ἥδη

1600 2451 2011 2524 μαρτυρόμενος
2047 2450 2442 2505 διατυποῦσθαι
2479 2452 2648 2521 ἀναγ-

1596 2544 1752 2596 καῖον
1781 2545 1986 2614 ἠγεῖτο.
2020 2541 2178 2597 Οὕτω
2194 2544 2329 2615 δῆτα
2345 2545 2402 2598 ὲν
2427 2545 2649 2618 Σμύρνῃ

1595 2634 1903 2704 γενόμενος,
1937 2634 2065 2688 ἔνθα
2092 2637 2121 2688 ό
2152 2632 2506 2708 Πολύκαρπος
2546 2632 2644 2709 ἦν,

1598 2730 1728 2802 μίαν
1783 2731 1882 2802 μὲν
1923 2731 2211 2805 ἐπιστολὴν
2255 2734 2322 2805 τῇ
2362 2733 2505 2786 κατὰ
2546 2733 2644 2804 τὴν

1599 2823 1832 2892 Ἔφεσον
1867 2822 2167 2894 Ἐκκλησία
2198 2824 2423 2897 γράφει,
2453 2823 2646 2896 ποιμέ-

1594 2934 1683 2981 νος
1717 2917 1889 2989 αύτῆς
1917 2918 2272 2989 μνημονεύων
2315 2919 2605 2991 Ὀνησίμου
2626 2934 2639 2948 ·

1592 3008 1786 3082 ἑτέραν
1802 3009 1859 3063 δὲ
1884 3012 1953 3082 τῇ
1991 3010 2050 3064 ὲν
2082 3010 2374 3083 Μαγνησίᾳ
2403 3014 2476 3082 τῇ
2506 3008 2646 3082 πρὸς

1590 3100 1908 3173 Μαιάνδρῳ,
1949 3098 2080 3155 ἔνθα
2113 3100 2276 3155 πάλιν
2344 3100 2643 3154 ἐπισκόπου

1589 3194 1749 3266 Δάμα
1794 3195 2015 3267 μνήμην
2041 3194 2355 3267 πεποίηται·
2376 3196 2478 3249 καὶ
2499 3194 2565 3266 τῇ
2586 3195 2644 3248 ἐν

1590 3285 1857 3357 Τράλλεσι
1889 3284 1946 3338 δὲ
1974 3284 2161 3357 ἄλλην,
2200 3280 2269 3358 ἧς
2299 3286 2535 3356 ἄρχοντα
2558 3285 2644 3338 τό-

1588 3390 1649 3426 τε
1675 3374 1803 3429 ὄντα
1819 3372 2080 3427 Πολύϐιον
2110 3374 2330 3445 ἱστορεῖ.
2356 3369 2500 3442 Πρδς
2515 3371 2644 3424 ταύ-

1588 3482 1708 3529 ταις
1747 3465 1841 3519 καὶ
1880 3467 1949 3537 τῇ
2006 3464 2296 3536 Ῥωμαίων
2345 3464 2641 3536 Ἐκκλησία

1588 3557 1789 3629 γράφει
1807 3574 1820 3588 ’
1923 3558 2019 3612 καὶ
2050 3557 2398 3630 παράκλησιν
2423 3557 2641 3628 προτεί-

1587 3665 1697 3712 νει,
1762 3647 1838 3712 ὡς
1891 3648 1967 3721 μὴ
2020 3647 2489 3720 παραιτησάμενοι
2541 3646 2637 3700 τοῦ

1589 3738 1912 3811 μαρτυρίου,
1951 3739 2055 3811 τῆς
2093 3738 2435 3810 ποθουμένης
2473 3738 2638 3791 αὐτὸν

1584 3830 2023 3903 ἀποστερήσαιεν
2054 3829 2296 3893 ἐλπίδος·
2334 3828 2397 3894 ἐξ
2426 3822 2501 3885 ὧν
2540 3832 2638 3884 καὶ

1586 3918 1897 3992 βραχύτατα
1929 3919 2010 3980 είς
2051 3916 2308 3982 ἐπίδειξιν
2341 3917 2451 3971 τῶν
2480 3919 2634 3990 είρη-

1588 4010 1762 4080 μένων
1784 4006 2125 4079 παραθέσθαι
2145 4008 2313 4075 ἀξιον.
2339 4008 2544 4083 Γράφει
2569 4010 2634 4081 δὴ

1582 4096 1676 4155 οὖν
1708 4102 1848 4155 κατά
1870 4099 2013 4165 λέξιν
2028 4116 2043 4131 ·
2139 4101 2272 4155 Ἀπὸ
2292 4103 2512 4171 Συρίας
2532 4101 2637 4171 μὲ-

1582 4210 1682 4263 χρι
1725 4191 1952 4260 Ῥώμης
1996 4195 2338 4265 θίνιριομαχῶ
2379 4195 2479 4250 διὰ
2521 4195 2634 4266 τῆς

1581 4286 1681 4339 καὶ
1693 4284 2031 4353 θαλάσσης,
2043 4286 2263 4353 νυκτὸς
2273 4287 2369 4341 καὶ
2385 4286 2631 4356 ἡμέρας,

1582 4398 1637 4437 κ.
1673 4398 1725 4436 τ.
1759 4380 1810 4436 λ.
1899 4382 2011 4436 Καὶ
2039 4380 2211 4436 ταῦτα
2245 4381 2345 4453 μὲν
2384 4381 2491 4436 ἀπὸ
2528 4381 2632 4452 τῆς

1579 4478 1911 4551 δηλωθείσης
1927 4479 2133 4545 πόλεως
2147 4481 2267 4544 ταῖς
2279 4480 2628 4552 καταλεχθεί-

1579 4584 1702 4633 σαις
1730 4569 2047 4642 ἐκκλησίαις
2067 4568 2456 4626 διετυπώσατο.
2488 4570 2626 4644 Ἤδη

1575 4656 1619 4711 δ’
1645 4658 1899 4713 ἐπέκεινα
1917 4658 2018 4730 τῆς
2040 4658 2295 4732 Σμύρνης
2314 4660 2624 4732 γενόμενος,

1575 4749 1684 4804 ἀπὺ
1710 4750 1962 4823 Τρωάδος
1979 4753 2093 4816 τοῖς
2105 4769 2166 4805 τε
2180 4753 2247 4806 ὲν
2274 4752 2628 4826 Φιλαδελφείᾳ

1576 4838 1731 4906 αὖθις
1768 4842 1858 4898 διὰ
1887 4844 2106 4915 γραφῆς
2155 4843 2354 4915 ὁμιλεῖ,
2412 4846 2508 4899 καὶ
2556 4849 2624 4919 τῇ

1576 4938 1898 5010 Σμυρναίων
1927 4940 2244 5012 Ἐκκλησία,
2272 4940 2419 5004 ἰδίως
2462 4958 2520 4995 τε
2544 4941 2625 5007 τῷ

1573 5029 1774 5101 ταύτης
1786 5047 2026 5101 προηγου
2034 5028 2178 5102 μένῳ
2191 5031 2553 5105 Πολυκάρπῳ’
2565 5030 2624 5088 ὃν

1572 5115 1660 5173 οἶα
1687 5120 1749 5192 δὴ
1785 5121 2138 5176 ἀποστολικὺν
2184 5122 2351 5195 ἄνδρα
2385 5119 2443 5178 εὖ
2481 5125 2625 5196 μάλα

1566 5211 1873 5284 γνωρίζων,
1896 5214 1996 5286 τὴν
2020 5216 2141 5268 κατ’
2176 5215 2501 5287 Ἀντιόχειαν
2525 5219 2623 5272 αύ-

1576 5303 1654 5375 τῷ
1682 5309 1935 5376 ποίμνην,
1954 5305 2030 5369 ὡς
2046 5305 2112 5360 ἂν
2132 5308 2351 5379 γνήσιος
2378 5308 2472 5362 καὶ
2491 5309 2621 5378 ἀγα-

1576 5395 1666 5459 θὸς
1704 5396 1905 5469 ποιμὴν
1932 5397 2309 5470 παρατίθεται,
2343 5399 2443 5472 τὴν
2490 5400 2618 5473 περὶ

1570 5484 1738 5555 αὐτῆς
1783 5486 2035 5557 φροντίδα
2079 5486 2167 5541 διὰ
2210 5489 2444 5560 σπουδῆς
2473 5489 2618 5560 ἔχειν

1569 5573 1730 5628 αὐτὸν
1760 5574 1947 5641 ἀξιῶν.
1974 5576 2032 5629 '0
2050 5576 2266 5641 δἀὐτὸς
2292 5578 2617 5650 Σμυρναίοις

1567 5664 1823 5737 γράφων,
1865 5665 1966 5718 οὐκ
2015 5661 2133 5719 οἶδα
2187 5666 2381 5720 ὁπόθεν
2432 5671 2616 5739 ῥητοῖς

1572 5756 1960 5829 συγκέχρηται,
1988 5756 2209 5811 τοιαῦτά
2222 5774 2339 5812 τινα
2371 5760 2498 5829 περὶ
2516 5760 2612 5814 τοῦ

1570 5845 1808 5920 Χριστοῦ
1824 5847 2053 5913 διεξιὼνι
2088 5850 2231 5922 Ἐγὼ
2250 5851 2319 5907 δὲ
2347 5852 2445 5907 καί
2463 5851 2613 5924 μετὰ

2726 1464 2844 1512 tum
2874 1458 3125 1514 custodia
3148 1458 3497 1525 ductaretur,
3524 1463 3777 1536 singula-

2725 1565 2849 1604 rum
2883 1550 3244 1607 nihilominus
3291 1552 3583 1611 civitatum
3640 1573 3783 1628 quas

2726 1634 3108 1707 ingrederetur
3130 1638 3392 1697 ecclesias
3421 1644 3782 1700 sermonibus

2724 1734 2779 1781 et
2795 1727 3268 1787 cohortationibus
3285 1731 3776 1804 suiscontirmans,

2724 1817 2985 1872 monebat
3012 1819 3069 1872 in
3098 1819 3293 1889 primis
3320 1823 3507 1879 utsibi
3536 1839 3567 1880 a
3588 1828 3778 1897 pravis

2725 1905 3110 1963 haereticorum
3124 1909 3477 1981 opinionibus
3490 1926 3772 1984 caverent,

2722 2007 2847 2061 quae
2873 2002 3005 2051 tunc
3029 1996 3269 2067 primum
3305 2001 3360 2056 in
3390 2002 3572 2059 lucem
3593 2020 3773 2062 emer-

2722 2098 2846 2155 gere
2859 2100 2984 2140 cum
3008 2088 3326 2160 cepissent,
3348 2092 3599 2163 copiosiu
3610 2110 3636 2149 s
3649 2096 3779 2166 pul—

2718 2172 2984 2232 lulabaut.
3004 2174 3371 2250 Hortatusque
3383 2191 3467 2238 est
3482 2194 3771 2256 utaposto»

2719 2265 2898 2322 lorum
2915 2268 3299 2329 traditionibus
3316 2276 3584 2332 tenaciter
3598 2278 3757 2334 inha-

2717 2370 2934 2431 rerent;
2965 2378 3104 2435 quas
3119 2366 3340 2437 quidem
3371 2370 3439 2426 ad
3470 2374 3766 2431 certiorem

2716 2456 3059 2524 posteritatis
3116 2459 3368 2516 notitiam
3442 2465 3769 2521 testimonio

2716 2562 2819 2603 suo
2849 2548 3203 2606 conﬁrmatas
3233 2553 3455 2624 scriptis
3493 2558 3767 2613 mandare

2714 2642 3087 2697 necessarium
3139 2642 3315 2699 duxit.
3376 2646 3570 2719 Itaque
3634 2664 3763 2706 cum

2715 2731 3008 2803 Smyrnam
3035 2733 3278 2792 venisset
3293 2735 3348 2792 in
3365 2754 3477 2808 qua
3502 2748 3620 2795 tum
3642 2750 3764 2796 erat

2712 2823 3070 2898 Polycarpus,
3100 2845 3269 2885 unam
3302 2832 3525 2902 quidem
3557 2835 3766 2905 episto-

2712 2918 2820 2974 lam
2839 2920 3058 2991 scripsit
3073 2922 3140 2977 ad
3166 2922 3469 2980 Ecclesiam
3494 2924 3765 2997 Ephesio-

2710 3022 2855 3075 nm,
2887 3007 2942 3063 in
2975 3025 3084 3079 qua
3110 3008 3354 3068 Onesimi
3380 3013 3629 3084 ipsorum
3654 3033 3756 3088 pa-

2711 3098 2879 3154 storis
2934 3101 3268 3157 mentionem
3313 3102 3463 3160 facit.
3511 3106 3758 3164 Alteram

2710 3200 2930 3257 quoque
2950 3186 3100 3245 dedit
3123 3190 3191 3245 ad
3214 3189 3517 3249 Ecclesiam
3534 3194 3761 3269 Magne-

2710 3276 2807 3332 siae
2858 3278 3098 3335 civitatis
3149 3297 3272 3351 quae
3314 3284 3381 3339 ad
3420 3284 3758 3343 Maeandrum

2709 3366 2818 3422 sita
2858 3378 2978 3437 est,
3031 3369 3089 3425 in
3138 3387 3250 3442 qua
3300 3375 3465 3430 etiam
3520 3375 3754 3434 Damam

2707 3459 3023 3529 episcopum
3072 3462 3342 3519 nominat.
3390 3464 3569 3521 Aliam
3622 3468 3756 3523 item

2707 3546 2776 3600 ad
2801 3546 3102 3605 Ecclesiam
3128 3549 3558 3622 Trallianorum,
3593 3556 3757 3627 cujus

2708 3639 3008 3696 antistitem
3062 3649 3194 3700 tunc
3262 3644 3436 3703 fuisse
3484 3658 3757 3705 memorat

2707 3728 3015 3808 Polybium.
3056 3733 3261 3793 Praeter
3297 3739 3399 3796 has
3428 3749 3514 3796 est
3557 3748 3612 3797 et
3645 3741 3753 3798 alia

2705 3823 2827 3894 ejus
2869 3824 3099 3895 epistola
3137 3827 3207 3883 ad
3253 3830 3554 3888 Ecclesiam
3595 3834 3754 3890 urbis

2705 3911 2915 3983 Romae,
2941 3914 2996 3970 in
3018 3932 3128 3988 qua
3160 3927 3282 3974 orat
3303 3930 3469 3991 atque
3495 3920 3752 3979 hortatur

2703 4003 3007 4077 Romanos,
3038 4024 3107 4064 ne
3135 4012 3462 4084 martyrium
3492 4029 3524 4068 a
3549 4029 3610 4069 se
3646 4016 3751 4072 de-

2700 4096 2967 4163 pellentes
3016 4111 3083 4153 ac
3124 4098 3508 4171 deprecantes,
3552 4116 3650 4172 spe
3679 4118 3749 4159 ac
3794 4146 3797 4149 .

2698 4196 2829 4241 voto
2861 4203 2921 4244 se
2950 4187 3209 4246 fraudare
3230 4190 3419 4249 velint.
3438 4192 3542 4247 Sed
3568 4210 3750 4265 operae

2700 4278 2935 4347 pretium
2978 4278 3146 4336 fuerit
3170 4283 3237 4337 ad
3266 4283 3746 4344 confirmationem

2698 4382 2890 4425 eorum
2906 4386 3031 4441 quae
3046 4372 3575 4441 diximus,nonnulla
3588 4394 3655 4435 ex
3678 4381 3747 4437 iis

2696 4456 2893 4514 litteris
2917 4460 3008 4516 hic
3033 4462 3326 4519 ascribere.
3356 4463 3561 4523 Scribit
3577 4468 3748 4540 igitur

2696 4549 2753 4605 in
2783 4551 2933 4608 hunc
2950 4554 3175 4611 modum
3211 4574 3226 4611 :
3258 4554 3303 4608 A
3330 4555 3491 4627 Syria
3516 4558 3743 4616 Romam

2694 4658 2859 4716 usque
2867 4662 2989 4701 cum
3003 4647 3182 4705 bestiis
3194 4651 3606 4724 depugno,terra
3622 4673 3743 4711 ma-

2693 4740 2863 4810 rique,
2883 4750 3039 4796 noctn
3058 4752 3108 4797 et
3123 4744 3502 4812 interdiu,etc.
3527 4746 3594 4803 Et
3623 4749 3741 4804 haec

2692 4833 2911 4905 quidem
2960 4835 3051 4893 ille
3094 4850 3164 4893 ex
3205 4839 3338 4895 Asia
3377 4840 3447 4896 ad
3475 4841 3739 4898 ecclesias

2696 4927 2952 4997 superius
3000 4939 3336 4987 memoratas
3387 4934 3731 5008 perscripsit.

2692 5017 2890 5074 Postea
2944 5035 3078 5076 vero
3131 5036 3163 5077 a
3221 5020 3456 5095 Smyrna
3502 5024 3735 5081 ulterius

2689 5124 3037 5184 progressus,
3081 5128 3207 5169 cum
3248 5113 3517 5170 Troadem
3550 5118 3735 5173 venis-

2692 5214 2798 5273 set,
2824 5206 2951 5262 inde
2977 5207 3044 5262 ad
3071 5205 3560 5278 Philadelphenses
3586 5211 3733 5266 litte-

2692 5310 2782 5351 ras
2811 5295 2962 5351 dedit
2993 5304 3047 5350 et
3072 5295 3139 5350 ad
3181 5294 3591 5368 Smyrnaeorum
3630 5303 3732 5359 Ec—

2691 5386 2937 5452 clesiam,
2968 5386 3332 5457 privatimque
3374 5389 3441 5443 ad
3472 5389 3729 5462 Polycar-

2689 5490 2818 5545 pum
2846 5489 3035 5530 eorum
3052 5474 3384 5547 episcopum.
3406 5477 3578 5546 Quem
3602 5496 3728 5536 cum

2688 5566 3049 5637 apostolicum
3090 5568 3268 5623 virum
3300 5585 3420 5627 esse
3450 5572 3610 5643 plane
3636 5589 3729 5629 cn-

2688 5670 2994 5734 gnosceret,
3026 5663 3131 5733 ipsi
3167 5672 3428 5736 tanquam
3456 5667 3636 5723 bonus
3661 5682 3727 5723 ac

2684 5754 2860 5810 ﬁdelis
2882 5764 3086 5825 pastor,
3118 5771 3334 5829 gregem
3368 5758 3725 5814 Antiochense

2674 5850 2931 5910 Ecclesiae
2951 5851 3373 5924 commendavit,
3407 5867 3630 5925 rogans,
3659 5862 3723 5908 ut
