4136 6394
355 392 428 447 {5

670 506 878 564 Vensto
916 507 1134 565 Rerum.

360 601 568 654 borum
588 599 919 655 memoriam
949 598 1084 657 facit
1110 600 1167 655 in
1178 598 1420 671 Epistula

358 706 534 759 quam
579 692 649 745 ad
693 692 1075 764 Philippenses
1108 692 1300 749 scribit
1325 709 1422 764 per

360 783 522 838 haec:
563 803 584 836 ι
636 783 933 853 Deprecor.
984 786 1182 856 inquit,
1227 800 1419 842 omnes

358 889 463 929 vos
512 874 855 931 obedientia':
902 890 1129 947 operam
1169 876 1322 942 dare,
1365 886 1421 932 et

357 971 626 1026 meditari
658 973 983 1043 patientiam
1008 988 1176 1043 quam
1200 974 1419 1030 vidistis

359 1062 415 1117 in
438 1062 679 1134 ignauo,
706 1064 942 1130 etRufo,
968 1063 1265 1121 etZosimo
1290 1065 1421 1121 bea-

359 1159 435 1215 tis
462 1160 628 1227 viris,
656 1161 1136 1231 praecipueautem
1166 1160 1221 1215 in
1244 1159 1418 1216 Paulo

359 1260 416 1305 et
451 1251 675 1307 caeteris
725 1252 1011 1323 apostolis,
1052 1253 1149 1323 qui
1194 1252 1418 1310 fuerunt

359 1351 494 1395 ante
527 1356 663 1407 vos;
687 1341 928 1397 scientes
957 1343 1107 1412 quod
1135 1342 1189 1398 bi
1221 1358 1415 1400 omnes

360 1445 474 1484 non
510 1429 567 1483 in
607 1445 879 1495 vacuum,
912 1430 1007 1487 sed
1040 1446 1139 1501 per
1168 1431 1329 1488 ﬁdem
1359 1443 1415 1489 et

354 1519 636 1593 justitiam
684 1530 1074 1588 cucurrerunt,
1126 1538 1414 1593 usquequo

357 1591 724 1681 pervenirent
771 1611 841 1667 ad
881 1612 1067 1668 locum
1097 1591 1273 1669 sibi—a
1299 1591 1413 1669 Do-

356 1701 517 1757 mino
554 1711 967 1773 praeparatum;
993 1703 1255 1774 quoniam
1289 1706 1415 1776 qui-

356 1791 485 1847 dem
513 1790 841 1861 passionum
857 1791 979 1861 ejus
1002 1782 1297 1863 participes
1319 1808 1415 1847 ex-

358 1884 651 1950 stiterunt,
683 1897 787 1937 nec
831 1882 1145 1939 dilexerunt
1168 1898 1412 1954 praesens

357 1974 653 2042 sacculum,
691 1975 791 2031 sed
822 1990 951 2032 cum
983 1977 1164 2033 solum
1189 1978 1284 2049 qui
1311 1993 1412 2049 pro

356 2067 495 2138 ipsis
523 2077 581 2123 et
618 2084 722 2138 pro
756 2068 919 2125 nobis
947 2078 1204 2126 mortuus
1244 2078 1411 2127 estet

355 2162 688 2216 resurrexit.
728 2180 749 2213 ι
784 2160 853 2217 Et
899 2171 1028 2233 post
1071 2177 1246 2234 pauca
1280 2164 1413 2220 sub—

350 2252 535 2324 jungit
566 2271 581 2309 :
621 2271 641 2305 ι
678 2252 997 2324 Scripsistis
1041 2255 1180 2310 mihi
1216 2262 1273 2311 et
1312 2271 1412 2312 vos

352 2359 405 2405 et
443 2348 730 2421 lguatius,
788 2357 851 2404 ut
890 2348 940 2406 si
976 2349 1107 2419 quis
1148 2350 1296 2406 vadit
1344 2351 1413 2408 ad

352 2451 538 2512 partes
557 2439 736 2512 Syriae
748 2438 1186 2496 deferatlitteras
1201 2444 1266 2496 ad
1290 2456 1412 2510 vos;

349 2534 497 2605 quod
527 2534 757 2601 faciam,
785 2550 914 2590 cum
944 2544 1166 2605 tempus
1192 2534 1415 2592 invene-

349 2636 431 2681 ro.
452 2644 474 2679 ι
508 2625 651 2697 Lege
678 2624 957 2697 Haymon.
984 2625 1083 2684 lib.
1104 2641 1182 2695 tv,
1213 2642 1335 2700 cap.
1355 2627 1411 2685 6.

1563 385 1900 444 VETERUM
1926 383 2366 443 TESTIMONIA.

1484 590 1600 657 τὴν
1631 589 1976 645 ἀνάστασιν
2016 588 2086 641 ἐν
2119 589 2301 657 σαρκὶ
2348 590 2535 643 αὐτόν

1482 681 1636 747 οῖδα,
1672 682 1773 737 καὶ
1807 681 2068 735 πιστεύω
2093 680 2260 733 ὄντα.
2296 678 2405 734 Καὶ
2437 678 2537 731 ὅτε

1482 774 1634 842 πρὸς
1652 773 1796 839 τοὺς
1815 772 1947 841 περὶ
1968 770 2197 840 Πέτρον
2214 769 2533 837 ἐλήλυθεν,

1482 866 1597 936 ἔφη
1622 864 1848 931 αὐτοῖς·
1866 863 2106 929 Λάϐετε,
2129 855 2537 933 ψηλαφήσατέ

1478 975 1582 1027 με,
1620 957 1718 1011 καὶ
1756 956 1909 1012 ἴδετε
1941 955 2031 1010 ὅτι
2050 956 2162 1010 οὐκ
2188 957 2304 1024 εἰμι
2334 953 2535 1023 δαιμό-

1482 1066 1617 1103 νιον
1642 1047 1981 1119 ἀσώματον.
2005 1045 2115 1102 Καὶ
2136 1046 2318 1113 εὐθὺς
2348 1045 2536 1101 αὐτοῦ

1484 1142 1749 1212 ἥψαντο,
1802 1143 1900 1197 καὶ
1950 1141 2345 1196 ἐπίστευσαν.
2413 1135 2535 1193 Οἶδε

1479 1236 1538 1290 δὲ
1569 1232 1735 1291 αὐτοῦ
1761 1235 1822 1289 τὸ
1859 1233 2157 1307 μαρτύριον
2180 1233 2275 1287 καὶ
2300 1233 2329 1284 ὁ
2362 1233 2533 1304 Εἰρη-

1480 1330 1657 1393 ναῖος,
1714 1326 1809 1381 καὶ
1851 1326 1960 1379 τῶν
2022 1322 2321 1378 ἐπιστολῶν
2367 1314 2533 1376 αὐτοῦ

1483 1419 1829 1493 μνημονεύει.
1865 1419 1976 1472 Καὶ
2024 1420 2053 1473 ὁ
2080 1411 2440 1489 Πολύκαρπος
2475 1410 2532 1469 δὲ

1476 1511 1682 1565 τούτων
1722 1510 1902 1565 αὐτῶν
1935 1510 2210 1582 μέμνηται
2243 1512 2300 1562 ἐν
2328 1510 2394 1579 τῇ
2436 1526 2532 1578 φε-

1480 1602 1685 1677 ρομένῃ
1731 1599 1899 1658 αὑτοῦ
1948 1602 2086 1674 πρὸς
2134 1598 2533 1675 Φιλιππησίους

1477 1696 1759 1769 ἐπιστολῇ,
1805 1696 2031 1767 φάσκων
2070 1695 2259 1762 αὐτοῖς
2286 1693 2526 1770 ῥήμασι·

1484 1809 1503 1843 ‹
1537 1785 1850 1863 Παρακαλῶ
1880 1786 1975 1845 οὖν
1999 1791 2208 1855 πάντας
2237 1791 2383 1863 ὑμᾶς
2413 1810 2534 1847 πει-

1479 1881 1699 1954 θαρχεῖν
1737 1883 1832 1938 καὶ
1874 1883 2065 1937 ἀσκεῖν
2108 1885 2290 1939 πᾶσαν
2328 1885 2535 1957 ὑπομο-

1476 1976 1597 2049 νὴν,
1636 1975 1705 2048 ἢν
1748 1976 1921 2030 εἰδετε
1971 1977 2092 2029 κατ’
2118 1975 2433 2049 ὀφθαλμοὺς
2469 1976 2532 2031 οὐ

1480 2070 1638 2143 μόνον
1653 2073 1710 2126 ἐν
1723 2074 1836 2135 τοῖς
1860 2071 2153 2143 μακαρίοις
2177 2072 2421 2144 ’ῐγνατίῳ
2439 2073 2535 2126 καὶ

1490 2161 1704 2234 Ῥούφῳ
1744 2163 1839 2216 καὶ
1885 2162 2138 2234 Ζωσίμῳ,
2183 2162 2318 2217 ἀλλὰ
2347 2162 2443 2217 καὶ
2475 2163 2535 2217 ἐν

1476 2252 1664 2318 ἄλλοις
1711 2255 1824 2317 τοῖς
1864 2251 1924 2318 ἐξ
1963 2251 2139 2324 ὑμῶν’
2173 2253 2267 2306 καὶ
2298 2254 2356 2306 ἐν
2384 2251 2535 2324 αὑτῷ

1478 2344 1678 2417 Παύλῳ
1707 2347 1937 2409 καὶτοῖς
1963 2344 2173 2409 λοιποῖς
2194 2344 2531 2409 ἀποστόλοις·

1480 2436 1882 2509 πεπεισμένους
1914 2437 1998 2490 ὅτι
2024 2430 2169 2492 οὗτοι
2202 2436 2406 2501 πάντες
2435 2437 2538 2492 οὐκ

1477 2532 1559 2595 εἰς
1604 2529 1762 2585 κενὸν
1804 2529 2063 2603 ἔδραμον,
2107 2529 2229 2585 ἀλλ’
2251 2530 2310 2583 ἐν
2354 2528 2536 2583 πίστει

1478 2625 1574 2681 καὶ
1603 2624 1940 2698 δικαιοσύνῃ’
1956 2626 2051 2679 καὶ
2066 2625 2148 2679 ὅτι
2176 2626 2256 2689 εἰς
2278 2625 2369 2679 τὸν
2394 2625 2539 2695 ὀφει-

1476 2714 1703 2788 λόμενον
1755 2714 1941 2779 αὐτοῖς
1988 2714 2155 2769 τόπον
2216 2714 2324 2768 εἰσὶ
2382 2713 2536 2787 παρὰ

1476 2804 1689 2878 Κυρίῳ,
1732 2795 1778 2873 ᾧ
1811 2804 1907 2860 καὶ
1954 2802 2277 2860 συνέπαθον.
2320 2801 2395 2857 Οὐ
2427 2803 2535 2876 γὰρ

1478 2894 1570 2953 τδν
1591 2894 1688 2952 νῦν
1713 2896 2011 2970 ἠγάπησαν
2051 2896 2251 2963 αἰῶνα,
2282 2896 2419 2951 ἀλλὰ
2441 2896 2535 2952 τὸν

1478 2987 1621 3063 ὑπὲρ
1675 2989 1835 3062 ήμῶν
1882 2984 2262 3055 ἀποθανόντα,
2316 2987 2413 3042 καὶ
2463 2976 2534 3042 δι’

1477 3081 1511 3153 ἡ
1520 3080 1627 3151 μᾶς
1656 3072 1763 3134 ὑπὸ
1777 3075 1871 3133 τοῦ
1890 3076 2027 3132 Θεοῦ
2050 3076 2375 3132 ἀναστάντα.
2395 3074 2535 3131 »Καὶ

1478 3166 1609 3239 ἑξῆς
1637 3165 1905 3239 ἐπιφέρει·
1939 3183 1958 3218 ι
1992 3165 2300 3239 Ἐγράψατέ
2330 3179 2418 3237 μοι
2441 3165 2535 3219 καὶ⁸

1478 3258 1637 3333 ὑμεῖς
1685 3261 1780 3314 καὶ
1825 3259 2104 3330 Ἰγνάτιος,
2169 3259 2257 3313 ἵνα
2308 3259 2403 3313 ἐάν
2448 3276 2535 3322 τις

1476 3354 1786 3426 ἀπέρχηται
1814 3354 1897 3417 είς
1929 3353 2152 3425 Συρίαν,
2186 3352 2280 3405 καὶ
2302 3350 2372 3405 τὰ
2405 3354 2533 3425 παρ’

1479 3440 1634 3517 ὑμῶν
1661 3443 1979 3518 ἀποκομίσῃ
2007 3443 2334 3515 γράμματα.
2358 3443 2536 3515 Ὅπερ

1479 3537 1712 3609 ποιήσω,
1744 3534 1840 3588 ἐὰν
1872 3533 2023 3588 λάϐω
2064 3531 2253 3603 καιρὸν
2295 3530 2533 3598 εῠθετον,

1482 3625 1595 3680 εἴτε
1639 3623 1771 3695 ἐγὼ,
1814 3623 1924 3677 εἴτε
1947 3623 2005 3677 ὃν
2034 3622 2234 3694 πέμψω
2268 3620 2538 3693 πρεσϐεύ-

1487 3734 1651 3771 σοντα
1687 3713 1930 3786 καὶπερὶ
1958 3711 2134 3785 ὑμῶν.
2164 3732 2184 3766 ι
2220 3713 2354 3784 Lege
2370 3711 2537 3768 Nice-

1485 3824 1702 3865 rnouuu
1731 3806 1827 3861 lib.
1866 3822 1951 3873 ιιι,
1979 3822 2098 3876 cap.
2131 3805 2221 3862 19.

3579 406 3648 462 M

2841 508 3047 566 Vsusuo
3076 508 3144 565 H.
3180 510 3417 569 VALESII.

2607 616 2755 670 omni
2787 631 2921 675 cura
2960 634 3025 675 ac
3049 619 3327 692 diligentia
3367 624 3522 680 illum
3562 627 3648 682 fo-

2606 720 2733 761 vere
2765 708 2943 764 vellet.
2993 709 3140 765 Idem
3190 711 3247 767 in
3288 713 3517 783 epistola
3578 718 3647 770 ad

2609 793 2922 867 Smyrnaeos
2974 798 3042 853 de
3104 799 3392 857 Servatore
3452 814 3649 860 nostro

2606 882 2834 954 loquens
2858 886 3107 958 quaedam
3150 890 3271 960 ejus
3297 891 3459 947 verba
3501 894 3653 967 reci»,

2605 982 2703 1042 tat,
2749 991 2871 1047 qua:
2915 978 3060 1035 unde
3107 983 3384 1052 acceperit
3426 984 3642 1056 ignoro.

2606 1064 2719 1138 Ego
2741 1085 2879 1135 vero,
2909 1071 3109 1142 inquit,
3136 1084 3254 1143 post
3292 1079 3643 1133 resurrectio-

2604 1176 2721 1213 nem
2753 1160 3041 1217 Dominum
3066 1166 3237 1235 ipsum
3274 1169 3329 1221 in
3361 1186 3517 1223 carne
3547 1187 3645 1241 ap-

2602 1248 2844 1316 paruisse
2872 1251 2984 1306 scio
3010 1262 3059 1306 et
3081 1254 3254 1309 credo.
3284 1255 3391 1322 Qui
3411 1276 3533 1313 cum
3571 1261 3646 1314 ad

2603 1339 2824 1394 Petrum
2881 1352 2933 1396 et
3000 1354 3219 1400 cwteros
3266 1349 3380 1418 ejus
3424 1352 3641 1407 comites

2602 1431 2927 1497 accessisset,
2974 1434 3115 1489 dixit
3152 1436 3264 1493 illis
3295 1454 3314 1492 :
3337 1440 3642 1511 Apprelzen-

2602 1515 2734 1585 dite,
2770 1530 3087 1577 contrectate
3110 1540 3211 1592 me,
3236 1536 3286 1580 et
3316 1525 3481 1583 videte
3501 1528 3641 1597 quod

2604 1625 2707 1663 non
2736 1626 2855 1665 sum
2881 1612 3216 1685 incorporeus
3251 1620 3490 1689 spiritus.
3517 1620 3644 1676 Sta-

2607 1697 2802 1771 timque
2824 1714 2944 1757 eum
2978 1702 3361 1766 cantrectanles
3402 1713 3642 1768 credide-

2605 1801 2749 1848 runt.
2796 1791 2973 1865 Hujus
2990 1812 3154 1866 porro
3183 1798 3376 1870 Ignatii
3406 1813 3462 1860 et
3491 1820 3640 1860 mar-

2604 1879 2805 1948 tyrium
2850 1890 2906 1937 et
2945 1884 3209 1954 epistolas
3245 1902 3642 1949 commemorat

2602 1969 2861 2029 Irena'us.
2892 1974 3077 2033 Sedet
3104 1977 3510 2053 Polycarpusin
3540 2000 3642 2041 sua

2603 2063 2671 2117 ad
2692 2062 3065 2138 Philippenses
3080 2071 3306 2140 epistola
3324 2077 3641 2133 earumdem

2604 2157 2853 2212 meminit
2874 2159 3232 2229 epistolarum
3268 2180 3281 2216 :
3322 2184 3341 2218 ‹
3372 2166 3638 2235 Obsecro,

2603 2246 2801 2317 inquit,
2817 2265 2913 2306 vos
2929 2265 3140 2321 omnes,
3168 2263 3228 2310 ut
3250 2260 3490 2326 parcatis
3509 2277 3642 2331 prae-

2599 2334 2793 2404 positis
2816 2338 3033 2404 vestris,
3066 2354 3394 2413 omnemque
3423 2346 3640 2415 patien-

2601 2425 2733 2480 tiam
2782 2431 3108 2498 exerceatis,
3151 2448 3317 2504 quam
3348 2439 3640 2507 spectastis

2600 2531 2711 2572 non
2762 2521 2939 2576 solum
2990 2522 3049 2577 in
3090 2523 3332 2595 lgnatio,
3384 2526 3528 2585 Rufo
3576 2545 3643 2586 ac

2602 2607 2820 2667 Zosimo
2834 2612 2969 2669 viris
2984 2614 3339 2684 beatissimis,
3358 2618 3452 2674 sed
3475 2620 3642 2677 etiam

2601 2700 2657 2756 in
2701 2703 2824 2759 aliis
2871 2705 3083 2763 civibus
3136 2719 3301 2779 atque
3353 2710 3643 2782 inquilinis

2599 2796 2816 2863 vestris,
2851 2805 2905 2852 et
2942 2798 2996 2853 in
3026 2799 3149 2871 ipso
3174 2802 3642 2874 pracipuePaulo

2599 2887 2923 2959 caeterisque
2938 2892 3203 2960 apostolis
3222 2912 3236 2948 :
3261 2909 3362 2964 pro
3378 2904 3527 2953 certo
3542 2899 3646 2955 ha-

2600 2974 2810 3047 bentes,
2842 2982 2989 3053 quod
3012 2984 3067 3039 hi
3089 3000 3281 3043 omnes
3304 3003 3413 3043 non
3437 2988 3641 3048 frustra

2599 3081 2993 3138 cucurrerunt,
3008 3075 3102 3130 sed
3125 3075 3178 3129 in
3196 3075 3302 3132 ﬁde
3330 3093 3397 3133 ac
3427 3079 3645 3147 iustitia

2600 3162 2858 3237 ingressi,
2894 3165 2963 3219 ad
2997 3165 3179 3221 locum
3207 3168 3309 3223 sibi
3342 3184 3372 3222 a
3403 3167 3514 3225 Deo
3544 3172 3643 3227 de-

2598 3257 2777 3313 bitum
2794 3267 3181 3328 pervenerunt,
3200 3262 3644 3333 quandoquidem

2600 3352 2655 3401 et
2680 3346 2998 3417 passionum
3024 3345 3144 3417 ejus
3165 3348 3455 3418 participes
3476 3352 3647 3406 exsti-

2600 3447 2805 3497 terunt.
2856 3438 3046 3511 Neque
3077 3441 3223 3497 enim
3266 3458 3508 3514 praesens
3538 3461 3643 3501 sae-

2602 3530 2810 3598 culum,
2861 3528 2959 3587 sed
3018 3546 3144 3587 eum
3199 3534 3295 3604 qui
3338 3549 3439 3603 pro
3478 3535 3668 3590 nobis

2601 3639 2801 3695 passus
2817 3632 2871 3679 et
2897 3640 2928 3679 a
2950 3623 3062 3680 Deo
3085 3627 3385 3683 suscitatus
3411 3636 3516 3695 est,
3542 3627 3644 3682 ad—

2603 3717 2880 3767 amarunt.
2920 3729 2941 3763 ι
2976 3710 3043 3765 Ει
3082 3714 3401 3784 paulopost
3440 3716 3591 3771 addit
3626 3730 3641 3765 ε

2610 3825 2630 3859 ‹
2669 3804 2980 3877 Scripsistis
3010 3808 3077 3863 ad
3102 3824 3189 3865 me
3207 3819 3260 3866 et
3286 3825 3386 3867 vos
3413 3821 3465 3868 et
3484 3812 3647 3884 lgna-

346 3919 487 3983 tius,
530 3924 597 3971 ut
641 3912 691 3971 si
730 3910 863 3985 quis
892 3908 1037 3966 forte
1087 3906 1144 3962 in
1192 3904 1408 3977 Syriam
1445 3900 1918 3973 proﬁcisceretur,
1948 3906 2163 3954 vestras
2194 3897 2405 3954 litteras
2433 3913 2499 3955 eo
2528 3898 2787 3955 deferret.
2815 3896 2974 3965 Quod
3012 3902 3233 3972 quidem
3264 3903 3564 3974 perﬁciam,
3599 3907 3649 3963 si

352 4030 572 4085 tempus
598 4018 978 4083 opportunum
998 4012 1193 4059 nactus
1222 4000 1401 4065 fuero;
1418 3997 1505 4054 vel
1518 4011 1617 4069 ego
1641 3997 1758 4067 ipse
1771 3994 1856 4049 vel
1876 4008 1972 4064 per
1985 3992 2157 4048 alium
2182 3992 2519 4085 quempiam,
2535 3993 2637 4085 _cui
2667 3994 2720 4049 id
2733 4009 2937 4051 munus
2950 4002 3135 4085 vestra
3148 4010 3314 4053 causa
3329 3998 3606 4069 delegabo.
3621 4019 3640 4051 ι

353 4082 534 4182 Βρίξι.
563 4106 771 4180 Ignatii
792 4105 864 4159 ad
882 4095 1133 4165 Romam,
1154 4110 1305 4165 capp.
1323 4093 1358 4148 4
1376 4100 1426 4147 et
1448 4088 1513 4159 5;
1536 4089 1713 4160 Epist.
1730 4088 1800 4143 ad
1818 4085 2056 4157 Smyrn.,
2084 4100 2203 4157 cap.
2235 4086 2301 4153 '5;
2328 4084 2499 4156 Epist.
2524 4082 2815 4156 Polycarpi
2846 4084 2919 4141 ad
2940 4084 3202 4157 Philipp,
3233 4104 3388 4160 capp.
3415 4093 3449 4149 9
3476 4102 3528 4148 et
3555 4094 3643 4149 15.

425 4314 639 4370 Verum
665 4299 721 4377 ξ’
751 4307 1014 4380 quoniam
1070 4296 1411 4373 impossibile

353 4407 521 4465 nobis
550 4413 639 4460 est
658 4400 908 4473 singulos
938 4407 1285 4458 enumerare,
1316 4388 1412 4459 qui

351 4509 489 4573 post
526 4493 913 4567 apostolorum
944 4486 1155 4559 primas
1185 4495 1414 4539 succes-

355 4592 551 4647 siones
579 4587 639 4640 in
665 4582 918 4640 ecclesiis
941 4593 1066 4650 qua;
1101 4590 1197 4647 per
1224 4573 1414 4628 orbem

357 4694 525 4738 terra:
540 4686 696 4742 sunt,
710 4674 798 4730 vel
818 4672 1118 4744 principes,
1141 4666 1227 4721 vel
1247 4679 1416 4720 evan-

354 4773 571 4845 gelista
600 4768 848 4833 fuerunt,
878 4763 967 4819 vel
990 4755 1416 4833 pastores;illos

357 4861 758 4920 tantummodo
787 4864 1255 4914 commemorasse
1296 4845 1417 4904 suf-

355 4958 535 5022 ﬁciat,
554 4966 794 5026 quorum
817 4946 973 5004 libris
995 4944 1202 5000 inserta
1223 4939 1291 4995 ad
1317 4953 1418 4994 nos

357 5064 544 5121 usque
568 5045 697 5102 ﬁdei
724 5051 780 5099 et
796 5033 1205 5112 praedicationis
1237 5028 1420 5085 moni—

359 5156 554 5203 menta
606 5153 843 5204 venere;
888 5143 953 5191 ut
1007 5127 1309 5189 Clementis
1364 5134 1420 5181 et

360 5237 564 5310 lgnatii
595 5239 1051 5296 casterorumque,
1069 5234 1306 5292 quorum
1324 5231 1418 5274 su-

361 5330 558 5404 perius
590 5326 825 5384 fecimus
849 5316 1210 5377 mentionem.

443 5610 644 5670 ἰοειὶηί
706 5620 927 5681 quoque
990 5597 1292 5669 martyris,
1367 5598 1420 5645 et

1596 4201 1751 4269 lusu,
1798 4202 1957 4271 ibid.,
1981 4220 2133 4274 capp.
2165 4201 2255 4266 57,
2286 4200 2377 4257 58.

1552 4296 1845 4351 Ἀδυνάτου
1876 4296 1921 4350 δ’
1945 4292 2102 4359 ὄντος
2130 4296 2263 4366 ἡμῖν
2293 4293 2540 4359 ἅπαντας

1481 4388 1543 4454 ἐξ
1598 4389 1865 4461 ὀνόματος
1918 4382 2369 4459 ἀπαριθμεῖσθαι,
2424 4384 2538 4439 ὅσοι

1482 4483 1617 4536 ποτὲ
1638 4480 1780 4536 κατὰ
1807 4482 1908 4554 τὴν
1932 4479 2157 4552 πρώτην
2179 4477 2289 4531 τῶν
2314 4478 2541 4532 ἀποστό-

1482 4574 1589 4628 λων
1642 4568 1892 4644 διαδοχὴν
1945 4574 2003 4626 ἐν
2050 4572 2174 4635 ταῖς
2230 4568 2376 4623 κατὰ
2436 4568 2537 4641 τὴν

1483 4665 1807 4737 οἰκουμένην
1823 4662 2141 4735 ἐκκλησίαις
2155 4660 2408 4731 γεγόνασι
2419 4676 2538 4713 ποι-

1488 4756 1711 4830 μένεςῆ
1747 4755 1844 4810 καὶ
1880 4753 2294 4824 εὐαγγελισταὶ,
2332 4749 2538 4805 τούτων

1485 4850 1712 4913 εἰκότως
1752 4849 1812 4916 ἐξ
1846 4847 2111 4919 ὀνόματος
2140 4846 2327 4916 γραφῇ
2361 4842 2538 4914 μόνων

1483 4940 1583 5012 τὴν
1618 4941 1840 5012 μνήμην
1878 4935 2336 5007 κατατεθείμεθα,
2361 4920 2436 4987 ὧν
2456 4931 2537 4985 ἔτι

1486 5032 1580 5086 καὶ
1608 5029 1704 5084 νῦν
1731 5031 1813 5093 εἰς
1850 5030 2002 5103 ἡμᾶς
2027 5028 2093 5081 δι’
2127 5022 2539 5097 ὑπομνημάτων

1485 5124 1587 5195 τῆς
1607 5120 1969 5191 ἀποστολικῆς
1996 5115 2338 5178 διδασκαλίας
2361 5113 2396 5187 ἠ
2435 5127 2540 5167 πα-

1489 5210 1706 5287 ράδοσις
1729 5213 1969 5284 φέρεται⁸
2018 5205 2206 5280 ὥσπερ
2232 5201 2325 5261 οὖν
2346 5203 2538 5276 ἀμέλει

1489 5306 1584 5362 τοῦ
1628 5304 1889 5374 Ἰγνατίου
1930 5304 1989 5356 ἐν
2035 5296 2124 5364 αἷς
2171 5297 2537 5369 κατελέξαμεν

1494 5398 1826 5460 ἐπιστολαῖς.

1624 5491 1775 5559 lusu,
1804 5488 1960 5554 ibid.,
1982 5487 2148 5551 lib.v,
2174 5501 2289 5556 cap.
2319 5485 2370 5540 8.

1573 5585 1695 5637 Ἔτι
1734 5581 1828 5635 καὶ
1876 5576 2163 5632 Ἱουστίνου
2199 5577 2294 5630 τοῦ
2337 5576 2541 5647 μάρτυς-

2680 4295 2948 4355 Caeterum
2982 4313 3106 4354 cum
3147 4298 3266 4355 ﬁeri
3312 4302 3463 4358 nullo
3485 4305 3648 4360 modo

2606 4390 2801 4458 possit,
2832 4396 2893 4445 ut
2920 4390 3169 4461 singulos
3192 4393 3518 4449 nominatim
3553 4411 3646 4451 re-

2605 4495 2951 4550 censeamus,
2983 4493 3255 4555 quotquot
3301 4487 3493 4556 primis
3538 4489 3648 4545 illis

2604 4568 2917 4637 apostolica
2964 4570 3335 4628 successionis
3381 4577 3648 4644 tempori-

2604 4660 2710 4716 bus
2769 4675 2869 4731 per
2914 4676 3108 4718 omnes
3166 4663 3318 4719 orbis
3376 4672 3647 4721 terrarum

2604 4745 2869 4803 ecclesias
2893 4747 3168 4804 antistites
3190 4758 3286 4805 aut
3304 4751 3651 4820 evangelista:

2606 4840 2830 4898 fuerunt
2860 4861 2876 4897 :
2909 4857 3104 4898 eorum
3134 4843 3401 4899 duntaxat
3426 4846 3647 4901 nomina

2607 4934 2697 4991 hic
2771 4949 3212 4993 commemorare
3301 4936 3597 4993 statuimus
3630 4980 3647 5001 ,

2608 5038 2849 5095 quorum
2896 5035 3253 5082 monumenta
3290 5029 3648 5098 apostolicam

2608 5115 2829 5172 illorum
2860 5116 3165 5172 doctrinam
3191 5118 3522 5173 continentia
3552 5124 3653 5173 ad-

2608 5205 2719 5262 huc
2756 5215 3072 5275 supersunt,
3097 5206 3249 5261 verbi
3275 5207 3470 5277 gratia,
3494 5208 3652 5280 lgna-

2608 5297 2696 5366 tii,
2725 5313 2868 5369 quas
2898 5298 3277 5353 recensuimus
3313 5299 3577 5367 epistolae.

2683 5571 2953 5630 Preterea
3021 5572 3221 5629 Justini
3280 5570 3535 5643 martyris
3597 5580 3650 5625 et

360 5662 933 5777 ιεπῖεἷᾷἷῆἶεηῖιοηὶω
959 5692 1096 5748 facit
1111 5662 1419 5760 (irenazus),
1499 5693 1590 5749 ρος
1604 5676 1698 5729 καὶ
1719 5671 1974 5777 ἶΙγνατίου

2014 5670 2213 5740 ινήμην
2226 5666 2539 5737 πεποίηται,
2614 5662 2802 5736 lgnatii
2824 5666 3153 5722 mentionem
3185 5663 3333 5727 facit,
3363 5674 3429 5719 ex
3460 5674 3647 5717 eorum

2098 5765 2112 5777 .
2159 5765 2172 5777 .
2230 5763 2244 5777 .
2323 5762 2349 5775 ..
2496 5764 2507 5777 .
2623 5758 2830 5777 __,_,_.,_
2866 5758 3174 5777 μεθίεμε-
3202 5754 3484 5777 μάμμη,

358 5754 1043 5863 ἒυᾶ-ιιιιέῄεεῐίρεεηωι
1077 5754 1332 5854 producit
1364 5779 1417 5835 in
1497 5771 1822 5863 μαρτυρίαις
1842 5762 1991 5831 αὖθις

1853 5762 1999 5831 αὖθις
2027 5765 2123 5820 καὶ
2148 5763 2258 5818 ἀπὸ
2281 5762 2391 5817 τῶν
2417 5764 2542 5817 τού-
2616 5758 2834 5830 scriptis
2866 5758 3181 5817 testimonia
3202 5754 3486 5828 proferens

364 5888 631 5945 medium.

1491 5883 1604 5931 τοις
1622 5862 1941 5937 γραφέντων
1973 5856 2326 5931 κεχρημένος.
