4136 6384
534 398 600 455 15
1590 398 1647 454 S.
1688 393 2033 453 IGNATIUS.
2070 422 2131 429 —-
2172 384 2702 445 PROLECOMENA.
3712 379 3779 433 16

2117 505 2205 559 Ἦ.

672 636 1035 699 Arnaussws,
1068 628 1241 699 Epist.
1264 624 1330 681 de
1361 620 1597 693 Synodis
1622 621 1855 676 Arimini
1879 632 1933 676 et
1962 621 2107 745 ῗοιει

1872 710 1972 763 par
2003 732 2015 746 .
2060 708 2107 746 Il.

2207 634 2247 683 [ξ.
2285 632 2428 739 πρίῃ.
2465 612 2553 666 47.
2600 610 2682 665 Ex
2714 610 2842 663 edit.
2875 606 2990 663 BB.
3036 604 3215 661 Paris.
3248 604 3410 674 i698,
3439 612 3566 660 tom.
3594 600 3635 669 1,

2207 705 2276 759 ig.
2424 726 2438 739 .

596 819 838 889 lgnatius
876 827 1025 872 certe
1054 830 1149 885 qui
1180 820 1304 883 post
1341 818 1535 881 aposto
1557 824 1622 865 os
1658 808 1962 863 Antiochia:
1987 808 2103 879 epi-
2133 814 2180 873 Α

528 927 732 982 scopus
756 908 1090 969 constitutus
1111 914 1214 970 est,
1247 903 1475 973 ipseque
1506 910 1717 971 martyr
1749 898 1957 954 Christi
1977 897 2104 962 fuit,

525 1006 594 1060 de
619 1002 851 1057 Domino
874 999 1123 1055 scribens
1140 996 1309 1050 dixit:
1346 993 1494 1048 Unus
1514 994 1746 1048 medicus
1769 1001 1843 1046 est
1874 991 2109 1046 carnalis

524 1106 574 1151 et
600 1091 924 1165 spiritualis,
949 1090 1123 1159 factus
1146 1098 1196 1142 et
1230 1102 1334 1140 non
1375 1086 1575 1154 factus,
1608 1084 1660 1138 in
1693 1084 1901 1139 homine
1940 1082 2109 1148 Deus,

526 1189 585 1241 in
617 1195 783 1239 morte
804 1184 909 1237 vita
932 1198 1075 1247 vera,
1101 1188 1150 1233 et
1181 1194 1246 1232 ex
1270 1176 1449 1229 Maria
1472 1184 1522 1229 et
1544 1191 1609 1230 ea:
1634 1175 1834 1229 Dem...
1869 1172 2027 1240 Quod
2056 1175 2101 1229 si

528 1275 683 1347 gnari
709 1288 901 1329 eorum
929 1271 982 1325 in
1012 1268 1236 1324 Christo
1270 1265 1417 1329 lidei,
1464 1280 1793 1335 persuasum
1836 1265 2104 1319 habemus

528 1368 749 1423 beatum
793 1363 957 1418 etiam
984 1361 1249 1431 lgnatium
1274 1367 1420 1414 recte
1452 1357 1758 1428 scripsisse,
1791 1372 1916 1411 cum
1946 1356 2098 1411 illum

528 1459 712 1515 carnis
731 1470 898 1511 causa
926 1453 1127 1509 factum
1154 1450 1292 1505 dixit
1308 1450 1585 1521 (Christus
1604 1448 1751 1502 enim
1766 1462 1894 1502 caro
1928 1445 2106 1502 factus

526 1551 654 1622 est),
685 1559 872 1604 etnon
914 1548 1139 1609 factum,
1172 1543 1303 1615 quia
1338 1558 1446 1597 non
1487 1557 1552 1597 ex
1578 1540 1813 1611 Opiﬁciis
1857 1547 1913 1592 et
1939 1538 2104 1594 rebus

527 1643 730 1708 lactus,
776 1640 871 1696 sed
916 1638 1088 1694 Eilius
1109 1652 1176 1691 ex
1212 1632 1394 1699 Patre,
1424 1641 1531 1687 etc.
1567 1631 1740 1701 Epist.
1785 1630 1853 1683 ad
1882 1627 2105 1695 Ephes.,

529 1751 644 1803 cap.
674 1733 725 1787 7.

2293 801 2549 870 Ἰγνάτιος
2591 793 2719 863 οὖν,
2769 801 2798 852 ὁ
2839 796 2980 869 μετὰ
3019 797 3146 862 τοὺς
3182 797 3515 862 ἁποσνίλους
3559 798 3616 850 ἐν
3678 797 3804 851 ’Λν-

2208 894 2417 966 τιοχεία
2445 890 2803 952 κατασταθεὶς
2826 890 3122 953 ὲπίσκοπος
3151 891 3247 943 καὶ¹
3296 889 3508 962 μάρτυς
3536 887 3631 940 τοῦ
3658 880 3805 959 Χρι-

2212 986 2339 1039 στοῦ
2368 984 2680 1055 γενόμενος,
2707 981 2934 1053 γράφων
2962 981 3091 1054 περὶ
3116 980 3212 1034 τοῦ
3244 980 3453 1053 Κυρίου
3473 1019 3489 1045 ,
3535 979 3756 1051 εἴρηκεν
3776 997 3789 1009 ·

2211 1080 2315 1145 Εἷς
2355 1077 2552 1144 ἱατρός
2570 1075 2701 1129 ἐστι
2733 1072 3020 1142 σαρκικὸς
3049 1074 3146 1127 καὶ
3179 1072 3599 1142 πνευματικὸς,
3626 1088 3785 1139 γενη·

2209 1170 2311 1237 τὸς
2344 1169 2442 1223 καὶ
2474 1164 2784 1237 ἀγένητος,
2810 1166 2894 1219 ἐν
2918 1164 3206 1233 ἀνθρώπῳ
3252 1165 3417 1231 Θεὸς,
3468 1164 3540 1217 ἐν
3565 1162 3791 1226 θανάτῳ

2210 1260 2322 1330 ζωὴ
2354 1258 2638 1330 ἀληθινὴ,
2672 1260 2771 1313 καὶ
2804 1259 2874 1311 ἐκ
2903 1260 3137 1325 Μαρίας
3157 1258 3252 1311 καὶ
3275 1258 3344 1311 ἐκ
3373 1256 3618 1311 Θεοῦ...
3653 1255 3717 1307 Ei
3738 1254 3792 1307 δὲ

2208 1354 2307 1426 τὴν
2327 1356 2384 1407 ὲν
2398 1352 2623 1425 Χριστῷ
2643 1352 2826 1404 πίστιν
2839 1351 3017 1404 αὐτῶν
3032 1350 3409 1419 γινώσκοντες,
3430 1345 3794 1416 πεπείσμεθα,

2211 1450 2293 1501 ὅτι
2325 1448 2421 1502 καὶ
2449 1450 2478 1500 ὁ
2502 1446 2771 1517 μακάριος
2815 1444 3072 1512 Ἰγνάτιος
3129 1444 3305 1515 ὀρθῶς
3352 1443 3585 1514 ἔγραψε,
3630 1458 3793 1510 γενη-

2210 1540 2302 1593 τὸν
2334 1538 2497 1593 αὐτὸν
2523 1538 2696 1606 λέγων
2735 1534 2821 1588 διὰ
2847 1536 2949 1605 τὴν
2981 1535 3177 1605 σάρκα·
3204 1536 3231 1586 ὁ
3266 1533 3376 1605 γὰρ
3400 1533 3639 1605 Χριστὸς
3662 1531 3803 1603 σὰρξ

2213 1632 2448 1701 ἐγένετο·
2484 1629 2747 1700 ἀγένητον
2783 1629 2861 1695 δὲ,
2885 1628 2967 1680 ὅτι
3001 1628 3073 1698 μὴ
3103 1626 3211 1679 τῶν
3233 1627 3558 1696 ποιημάτων
3585 1624 3679 1677 καὶ
3702 1641 3792 1691 γε-

2213 1724 2389 1795 νητῶν
2415 1724 2584 1788 ἔστιν,
2616 1720 2728 1775 ἀλλ’
2747 1720 2870 1784 Υἱὸς
2901 1720 2963 1771 ἐκ
2994 1718 3227 1788 Πατρὸς,
3252 1735 3305 1770 κ.
3329 1735 3379 1771 τ.
3410 1717 3462 1771 λ.

2116 1847 2223 1903 νη.

1024 1971 1391 2032 "IERONYIUS,
1423 1964 1518 2019 lib.
1549 1962 1625 2019 De
1653 1961 1788 2019 viris
1814 1960 2099 2031 illustrib.,
2126 1979 2243 2032 cap.
2274 1963 2365 2028 16,
2398 1980 2517 2018 cum
2551 1972 2718 2018 vetere
2740 1962 3079 2018 INTERPRETE
3107 1963 3326 2018 CBA-EGO.

602 2118 841 2192 Ignatius
866 2115 1217 2171 Antiochense
1233 2111 1486 2170 Ecclesiae
1520 2110 1711 2167 tertius
1737 2116 1859 2179 post
1884 2107 2104 2162 Petrum

2294 2108 2550 2179 Ἰγνάτιος
2579 2109 2678 2181 τῆς
2700 2110 2757 2163 ὲν
2804 2108 3101 2181 Ἀντιοχείᾳ
3138 2110 3464 2183 Ἐκκλησίας
3494 2112 3676 2182 τρίτος
3707 2129 3799 2183 με-

529 2212 836 2283 apostolum
886 2209 1202 2279 episcopus,
1258 2210 1640 2263 commovente
1666 2199 2103 2273 persecutionem

527 2306 785 2376 Traiano,
809 2307 1100 2361 damnatus
1128 2300 1196 2355 ad
1228 2299 1451 2364 bestias,
1478 2295 1711 2353 Romam
1738 2293 1959 2349 vinctus
1986 2291 2106 2347 mit-

527 2382 941 2467 titur.Cutnque
962 2394 1238 2463 navigans
1270 2391 1559 2463 Smyrnam
1585 2386 1847 2451 venisset,
1873 2384 1965 2440 ubi
1998 2382 2077 2438 Po

526 2494 783 2562 lycarpus
842 2487 1061 2543 auditor
1090 2483 1317 2541 Joannis
1351 2480 1643 2550 episcopus
1693 2486 1830 2541 erat,
1882 2473 2105 2546 scripsit

526 2598 697 2641 unam
741 2579 1029 2650 epistolam
1063 2577 1129 2630 ad
1163 2572 1454 2645 Ephesios,
1510 2571 1739 2626 alteram
1771 2568 1837 2622 ad
1883 2566 2105 2637 Magne-

528 2678 738 2742 sianos,
764 2672 983 2728 tertiam
1015 2668 1084 2725 ad
1117 2665 1454 2729 Trallenses,
1486 2671 1736 2732 quartam
1789 2659 1857 2715 ad
1908 2658 2104 2712 Roma-

526 2787 631 2829 nos
662 2789 675 2824 :
705 2777 759 2827 et
786 2766 912 2825 inde
930 2762 1215 2836 egrediens
1247 2757 1467 2828 scripsit
1506 2755 1573 2809 ad
1594 2751 2015 2822 Philadelpheos
2050 2759 2105 2807 et

526 2864 596 2919 ad
629 2860 962 2931 Smyrnaeos,
992 2864 1048 2912 et
1072 2852 1288 2924 proprie
1317 2850 1387 2904 ad
1408 2848 1792 2918 Polycarpum,
1824 2857 2106 2898 commen-

525 2955 664 3011 dans
699 2951 775 3007 illi
820 2947 1245 3005 Antiochensem
1285 2940 1578 3000 Ecclesiam
1625 2954 1639 2989 :
1677 2937 1732 2991 in
1776 2951 1887 3008 qua
1930 2942 1986 2990 et
2036 2933 2105 2990 de

526 3042 822 3113 Evangelio
856 3038 1003 3111 quod
1054 3050 1231 3107 nuper
1253 3050 1285 3090 a
1310 3049 1399 3090 me
1424 3031 1747 3087 translatum
1785 3036 1890 3094 est,
1938 3041 2104 3097 super

528 3151 761 3209 persona
819 3130 1029 3188 Christi
1081 3129 1238 3200 ponit
1291 3124 1688 3189 testimonium,
1753 3121 1947 3177 dicens
2011 3120 2103 3193 (ad

530 3230 749 3300 Smyrn.
780 3240 900 3295 cap.
937 3222 994 3297 5)
1026 3240 1081 3276 ει
1121 3220 1235 3292 Ego
1256 3234 1385 3275 vero
1409 3227 1461 3277 et
1491 3226 1616 3288 post
1643 3214 2101 3272 resurrectionem

528 3325 584 3377 in
624 3335 790 3377 carne
814 3332 940 3375 eum
972 3314 1105 3380 vidi,
1141 3321 1197 3369 et
1245 3310 1411 3369 credo
1451 3308 1581 3379 quia
1616 3308 1707 3363 sit.
1766 3306 1834 3361 Et
1883 3307 2105 3377 quando

2207 2202 2275 2255 τὰ
2311 2203 2518 2274 Πέτρον
2546 2203 2640 2255 τὸν
2674 2202 2971 2255 ἀπόστολον
2994 2203 3314 2267 ἐπίσκοπος,
3350 2204 3592 2276 διωγμὸν
3648 2207 3802 2277 iuvi;—

2207 2306 2397 2353 σαντος
2426 2288 2718 2361 Τραϊανοῦ,
2756 2289 3158 2361 θηριομαχῆσαι
3182 2291 3513 2357 κελευσθεὶς,
3545 2296 3625 2358 εἱς
3663 2294 3799 2346 Ῥώ-

2207 2400 2314 2454 μην
2355 2382 2628 2436 στέλλεται
2671 2381 2919 2452 δέσμιος.
2964 2384 3151 2437 Πλέων
3202 2385 3281 2449 δὲ,
3331 2385 3424 2438 καὶ¹
3466 2386 3697 2450 ἐπιστὰς
3732 2389 3802 2458 τῇ

2204 2474 2449 2547 Σμύρνῃ,
2498 2475 2555 2527 ὲν
2689 2474 3048 2546 Πολύκαρπος
3077 2475 3355 2547 ἀκροατὴς
3397 2476 3645 2530 Ἰωάννου
3678 2480 3800 2531 ἐπί-

2206 2585 2404 2632 σκοπος
2433 2563 2522 2639 ἦν,
2556 2566 2762 2640 ἔγραψε
2804 2569 2942 2641 πρὸς
2976 2568 3261 2639 Ἐφεσίους
3308 2569 3605 2641 ἐπιστολὴν
3642 2571 3802 2641 μίαν,

2203 2660 2369 2731 ἄλλην
2402 2660 2538 2730 πρὸς
2555 2660 3371 2733 Μαγνησιανοὺς,τρίτην·πρὸς
3401 2662 3803 2732 Τραλλιανοὺς,

2203 2752 2474 2822 τετάρτην
2516 2752 2655 2824 πρὸς
2696 2752 3029 2822 Ῥωμαίους·
3075 2752 3333 2806 κάκεῖθεν
3384 2752 3551 2819 ἐξιὼν
3599 2753 3804 2826 ἔγραψε

2204 2841 2607 2910 Φιλαδελφεῦσι,
2632 2842 2727 2896 καὶ
2750 2841 3095 2913 Σμυρναίοις,
3138 2843 3232 2896 καὶ
3265 2842 3447 2905 ἰδικῶς
3462 2844 3607 2913 πρὸς
3634 2844 3803 2897 Πολύ-

2205 2949 2440 3004 καρπον,
2474 2932 2909 3002 παρατιθέμενος
2941 2932 3093 3002 αὐτῷ
3125 2933 3227 3003 τὴν
3267 2933 3326 2985 ὲν
3370 2933 3674 3005 Ἀντιοχείᾳ
3694 2934 3812 2989 Ἐκο

2205 3022 2464 3095 κλησίαν”
2516 3024 2575 3077 ὲν
2608 3016 2642 3097 ᾖ
2673 3024 2767 3076 καὶ
2799 3024 2928 3095 περὶ
2959 3023 3052 3076 τοῦ
3087 3023 3418 3092 Εὐαγγελίου
3463 3024 3560 3078 τοῦ
3606 3029 3801 3099 πρώην

2209 3116 2678 3187 μεταφρασθέντος
2693 3116 2863 3186 (deest
2886 3117 2975 3169 ὑπ’
3001 3115 3181 3187 ἐμοῦ),
3205 3119 3269 3169 ὲκ
3290 3116 3583 3187 προσώπου
3623 3119 3803 3189 Ἰησοῦ

2205 3208 2443 3282 Χριστοῦ
2470 3207 2689 3280 μνήμην
2719 3210 2971 3271 ποιεῖται,
3004 3208 3194 3277 λέγων·
3222 3227 3241 3259 ι
3277 3208 3416 3277 Ἐγὼ
3444 3209 3499 3261 δὲ
3531 3211 3627 3264 καὶ
3660 3213 3800 3282 μετὰ

2206 3301 2308 3371 τὴν
2324 3299 2619 3353 ἀνάστασιν
2641 3301 2699 3353 ὲν
2725 3299 2934 3371 σώματι
2971 3299 3133 3353 αὐτὸν
3153 3296 3313 3366 εἶδον,
3331 3300 3425 3354 καὶ
3447 3304 3690 3357 πιστεύω
3717 3304 3806 3360 ὃτι

526 3414 678 3469 venit
695 3412 761 3467 ad
773 3410 1084 3474 Petrum,et
1100 3405 1167 3463 ad
1184 3420 1278 3461 eos
1308 3404 1401 3475 qui
1427 3418 1554 3459 cum
1575 3400 1739 3469 Petro
1754 3409 1930 3466 erant,
1967 3400 2103 3455 dixit

2208 3395 2344 3449 ἐστί.
2374 3394 2483 3448 Καὶ
2520 3394 2616 3448 ὅτε
2634 3390 2796 3466 ἦλθεν
2825 3395 2961 3467 πρὸς
2990 3395 3217 3467 Πέτρον,
3242 3395 3335 3449 καὶ
3362 3397 3488 3459 τοὺς
3519 3397 3618 3451 σὺν
3646 3398 3801 3470 αὐτῴ

529 3508 610 3563 eis
637 3547 650 3560 .
688 3503 829 3559 Ecce
852 3501 1066 3572 palpate
1090 3513 1178 3553 me
1205 3504 1261 3552 et
1289 3495 1488 3561 videte,
1518 3493 1647 3563 quia
1678 3507 1788 3548 non
1831 3506 1953 3548 sum
1994 3491 2106 3546 da:-

2207 3489 2384 3554 6ντας,
2404 3484 2556 3543 εἶπεν
2574 3489 2778 3551 αὐτοῖς·
2804 3488 3178 3560 Ψηλαφήσατέ
3208 3506 3273 3559 με
3303 3489 3477 3559 (deest
3494 3489 3589 3545 καὶ
3615 3491 3798 3559 Foeta),

529 3598 774 3655 nimium
820 3590 1186 3663 incorporale.
1216 3588 1282 3645 Et
1309 3588 1493 3643 statim
1540 3585 1837 3654 tetigerunt
1863 3599 2015 3652 eum,
2050 3591 2105 3638 ct

2207 3582 2287 3635 ὅτι
2299 3580 2397 3634 οὔκ
2411 3582 2525 3653 εἰμι
2542 3580 2814 3652 δαιμόνιον
2830 3597 2905 3633 σω
2912 3581 3139 3649 ματικόν
3155 3581 3317 3649 (male
3328 3581 3454 3653 legit
3477 3584 3798 3655 corporale).

528 3689 897 3746 crediderunt.
931 3703 952 3738 ι
980 3682 1216 3754 Dignum
1263 3688 1447 3739 autem
1501 3676 1737 3745 videtur,
1788 3674 1917 3746 quia
1969 3672 2103 3729 tanti

2210 3673 2320 3725 Kal.
2353 3672 2554 3736 εὐθέως
2594 3671 2834 3742 ἅψαντες
2865 3671 3061 3737 αὐτοῦ,
3106 3673 3433 3726 ἐπίστευσαν
3469 3672 3561 3745 (al.
3591 3675 3802 3745 ἥψαντο

528 3787 632 3842 viri
658 3784 890 3841 fecimus
916 3780 1275 3837 mentionem,
1326 3782 1381 3830 et
1414 3773 1483 3829 de
1523 3770 1753 3841 epistola
1795 3769 1914 3839 ejus
1938 3782 2104 3838 quam

2209 3764 2396 3831 αὑτοῦ,
2429 3764 2566 3834 καί).
2610 3784 2628 3817 ι
2670 3763 2850 3831 ’Ἄξιον
2876 3764 2933 3816 δὲ
2990 3764 3261 3833 φαίνεται,
3294 3765 3525 3836 ἐπείπερ
3553 3767 3804 3820 τοιούτου

530 3880 598 3936 ad
628 3876 911 3933 Romanos
939 3871 1081 3941 (cap.
1101 3869 1158 3938 5)
1186 3865 1378 3923 scribit
1406 3863 1505 3935 (al.
1536 3861 1784 3934 scripsit)
1812 3873 1987 3931 pauca
2003 3873 2104 3929 po-

2208 3857 2402 3929 ἀνδρὸς
2434 3857 2778 3929 πεποιήμεθα
2807 3858 3047 3929 μνήμην,
3078 3858 3143 3909 ὲκ
3176 3858 3276 3928 τῆς
3311 3857 3603 3927 ἐπιστολῆς
3630 3859 3799 3912 αὐτοῦ

529 3984 661 4025 nere
691 3985 705 4020 ε
756 3965 827 4019 De
850 3962 1008 4033 Syria
1037 3974 1199 4029 usque
1220 3957 1287 4013 ad
1321 3956 1541 4010 Romam
1570 3970 1744 4023 pugno
1770 3952 1840 4005 ad
1871 3952 2062 4007 bestias
2083 3989 2100 4016 ,

2209 3950 2306 4020 τῆς
2330 3950 2467 4022 πρὸς
2499 3949 2799 4021 Ῥωμαίους
2822 3950 3125 4021 γραφείσης
3168 3948 3326 4017 ὀλίγα
3357 3948 3630 4004 ἐκθέσθαι.
3662 3950 3798 4003 Ἀπὸ

529 4066 586 4121 in
616 4058 751 4119 mari
777 4056 899 4131 etin
925 4064 1088 4118 terra,
1103 4060 1210 4108 etc.
1236 4045 1486 4117 Cumque
1510 4045 1622 4115 iam
1645 4045 1939 4099 damnatus
1961 4049 2107 4095 esset

2214 4042 2431 4110 valaq
2463 4041 2601 4110 ἄχρι
2650 4038 2873 4109 Ῥώμης
2906 4037 3242 4109 θηριομαχῶ
3279 4039 3349 4094 ἐν
3371 4041 3654 4110 θαλάσσῃ
3698 4041 3799 4095 καὶ

530 4155 601 4210 ad
633 4129 863 4216 bestias,
912 4146 1109 4202 ardore
1129 4139 1393 4213 patiendi,
1426 4152 1551 4192 cum
1581 4136 1861 4205 rugientes
1892 4134 2107 4191 audiret

2219 4133 2290 4186 ἐν
2320 4131 2417 4202 γῇ,
2472 4150 2526 4185 κ.
2561 4149 2610 4184 τ.
2645 4131 2696 4183 λ.
2728 4129 3099 4201 Κατακριθεὶς
3127 4130 3309 4183 τοίνυν
3362 4130 3797 4203 θηριομαχῆσαι,

532 4249 742 4311 leones,
796 4242 914 4297 ait:
944 4237 1297 4292 Frumentum
1338 4229 1542 4285 Christi
1578 4242 1718 4291 sum,
1749 4224 1991 4280 dentibus
2023 4224 2107 4278 be-

2212 4224 2304 4276 καὶ
2328 4222 2478 4292 πόθῳ
2507 4221 2601 4274 τοῦ
2620 4220 2835 4285 παθεῖν,
2866 4220 3104 4284 ἀκούσας
3122 4220 3215 4273 τοῦ
3245 4221 3489 4293 βρυγμοῦ
3512 4222 3621 4275 τῶν
3649 4223 3799 4277 λεόν-

530 4339 757 4393 διίανυηι
784 4333 975 4392 molar,
997 4339 1054 4383 ut
1077 4327 1231 4399 panis
1256 4323 1481 4381 mundus
1520 4320 1774 4375 inveniar.
1804 4316 2011 4375 Passus
2029 4325 2107 4372 est

2211 4332 2341 4379 των,
2377 4314 2502 4384 ἔφη·
2521 4313 2692 4379 Σῐτος
2722 4311 2928 4380 Ἰησοῦ
2957 4312 3215 4379 Χριστοῦ
3247 4315 3383 4382 ειμι.
3417 4316 3514 4369 καὶ
3546 4316 3798 4385 εὔχομαι

532 4445 678 4487 anno
712 4425 1002 4484 undecimo
1022 4418 1262 4491 Trajani.

2212 4405 2338 4469 τοῖς
2357 4404 2566 4458 ὀδοῦσι
2598 4404 2717 4457 τῶν
2737 4402 2955 4471 θηρίων
2976 4402 3339 4471 ἀλησθῆναι,
3366 4405 3467 4459 ἵνα
3488 4406 3670 4474 ἄρτος
3696 4422 3800 4460 κα-

2147 4512 2192 4567 ι)
2217 4497 2396 4566 θαρὸς
2423 4493 2660 4565 εὑρεθῶ.
2685 4492 2893 4547 Ἔπαθε
2913 4492 3124 4564 δεκάτῳ
3151 4493 3260 4547 ἔτει
3290 4494 3580 4566 Τραϊανοῦ.

640 4646 775 4716 Lege
822 4641 1183 4698 FBECULNIUI
1216 4642 1345 4689 tom.
1388 4628 1432 4687 ll
1454 4672 1471 4695 ,
1507 4628 1600 4683 lib.
1631 4644 1695 4695 ιι,
1731 4644 1849 4699 cap.
1883 4628 1971 4695 ll,
2004 4637 2052 4682 et
2100 4627 2107 4681 1

2036 4715 2107 4769 ea;

2207 4645 2388 4755 {gntus
2429 4629 3007 4696 Ancusronuusnssu,
3056 4629 3132 4689 De
3163 4632 3423 4691 luminar.
3472 4632 3685 4689 Eccles.

967 4858 1121 4923 lusu,
1152 4855 1247 4909 lib.
1279 4853 1559 4908 Adversus
1593 4850 2091 4919 Helvidium,nnm.
2118 4852 2207 4908 i7.
2241 4851 2325 4907 Ea:
2346 4853 2472 4906 edit.
2510 4851 2698 4907 Veron.
2735 4860 2861 4905 tom.
2890 4847 2957 4915 ll,
2993 4850 3123 4918 pagi
3143 4842 3273 4909 225,
3297 4844 3361 4898 C.

604 4974 862 5051 Nunquid
904 4988 1015 5033 non
1041 4986 1268 5043 possunt
1306 4969 1403 5025 tibi
1443 4977 1612 5026 totam
1642 4977 1889 5027 veterum
1935 4970 2268 5043 scriptorum
2305 4969 2502 5025 seriem
2530 4980 2919 5023 commovere:
2951 4961 3242 5035 lgnatium,
3268 4955 3655 5027 Polycarpum,
3690 4952 3803 5006 Ire-

531 5047 1044 5137 nreum,vJustinum
1081 5074 1400 5135 martyrem,
1434 5062 1751 5132 multosque
1804 5059 1945 5117 alios
1987 5062 2325 5132 apostolicos
2352 5070 2406 5116 et
2429 5061 2748 5131 eloquentes
2777 5059 2949 5122 viros,
2977 5055 3071 5125 qui
3123 5052 3388 5107 adversus
3432 5047 3705 5103 Ebionem
3751 5054 3802 5099 ct

530 5161 878 5219 Theodotum
907 5157 1231 5233 Byzantium
1254 5166 1308 5215 et
1328 5155 1704 5226 Valentinum,
1730 5158 1845 5213 haec
1869 5157 2058 5213 eadem
2088 5159 2386 5216 sentientes
2419 5159 2581 5230 plena
2609 5155 2891 5227 sapientia:
2925 5149 3206 5208 volumina
3232 5141 3731 5216 conscripserunt?

1533 5297 1686 5363 Insui,
1723 5299 1819 5353 lib.
1859 5316 1874 5353 ι
1906 5299 2280 5356 Commentar.
2312 5302 2369 5357 in
2402 5300 2593 5358 Matth.
2628 5317 2666 5367 ι,
2695 5298 2784 5355 l8.

518 5416 519 5421 η
605 5439 808 5511 Martyr
844 5437 1087 5509 lgnatius
1118 5437 1284 5493 etiam
1312 5446 1564 5507 quartam
1602 5438 1810 5493 addidit
1834 5454 2079 5504 causam,
2113 5456 2211 5495 cur
2242 5456 2272 5495 a
2301 5424 2632 5509 desponsata
2661 5444 2962 5507 conceptus
2993 5434 3065 5489 sit
3086 5426 3412 5501 (Christus)
3442 5443 3453 5479 :
3481 5432 3542 5478 ut
3575 5432 3791 5493 partus,

537 5531 812 5600 inquiens,
846 5530 969 5600 ejus
1003 5527 1272 5591 celaretur
1304 5526 1559 5599 diabolo;
1588 5528 1718 5583 dum
1754 5543 1879 5585 cum
1913 5536 2090 5598 putat,
2128 5544 2237 5584 non
2284 5528 2354 5583 de
2386 5529 2635 5599 virgine,
2663 5527 2759 5582 sed
2803 5527 2873 5581 de
2906 5538 3080 5582 uxore
3112 5532 3452 5596 generatum.
3491 5523 3667 5594 Epist.
3722 5519 3793 5572 ad

537 5628 732 5696 Eplies.
768 5644 886 5697 cap.
925 5625 1009 5681 l9.

610 5742 741 5798 Vide
791 5743 1035 5813 ejusdem
1083 5739 1813 5811 Hieronymitestimonium
1857 5738 1924 5794 de
1958 5739 2221 5796 Barnabas
2268 5739 2518 5809 epistola.
2567 5739 2784 5798 Vidcsis
2828 5758 3046 5815 quoque
3091 5739 3455 5812 Freculphum
3503 5739 3557 5794 in
3593 5736 3789 5795 Chron.

536 5836 631 5894 lib.
670 5852 733 5907 ιι,
761 5851 883 5910 cap.
918 5836 1010 5904 ll,
1038 5832 1352 5905 Hieronymi
1386 5831 1569 5901 verba,
1607 5831 1774 5889 tacito
1800 5830 1920 5903 ejus
1952 5830 2197 5900 nomine,
2231 5830 2654 5889 exscribentem.
