4136 6400
367 424 396 479 !
406 421 440 473 7
1596 399 1922 459 VETERUM
1962 393 2395 452 TESTIMONIA.
3577 379 3640 437 13

1964 509 2097 565 VIII.

528 616 587 671 S.
633 617 923 671 Diosvsws
963 615 1238 668 Ausone.
1274 612 1366 664 tib.
1407 609 1482 663 De
1512 608 1684 663 divin.
1722 607 1988 661 nominib.
2027 622 2143 675 cap.
2170 604 2223 671 4,
2255 604 2282 675 §
2322 602 2405 657 12.
2450 599 2533 654 E1:
2568 599 2697 654 edit.
2736 598 2992 667 Antuerp.
3024 592 3184 661 1655,
3216 608 3340 663 pag.
3371 590 3494 646 565.

448 732 647 784 Καίτοι
684 729 831 795 ἐδοξὲ
866 745 977 782 τισι
1010 727 1121 779 τῶν
1159 725 1280 778 καθ’
1320 724 1466 793 ἡμᾶς
1510 721 1830 791 ίερολόγων,
1869 722 1963 774 καὶ
1990 722 2037 781 Α

2008 722 2037 781 l
2133 719 2298 790 Atqui
2329 720 2506 773 visum
2530 725 2613 772 est
2639 712 2969 786 quibusdam
2996 727 3027 767 e
3053 710 3257 765 nostris
3283 704 3641 776 scriptoribus

363 824 653 889 θειότερον
680 818 817 873 εἶναι
837 818 899 871 τὸ
924 817 1019 871 τοῦ
1045 816 1246 887 ἔρωτος
1267 813 1458 884 ὄνομα,
1480 811 1576 866 τοῦ
1595 812 1694 881 τῆς
1718 811 1959 882 ἀγάπης.

2071 813 2279 878 sacris,
2326 826 2524 867 nomen
2562 807 2767 863 amoris
2808 804 3048 861 divinius
3085 818 3205 859 esse
3220 797 3442 855 nomine
3463 795 3643 852 chari-

367 917 413 967 Γ
418 884 586 984 ράφει
611 918 668 965 δε
694 913 789 965 καὶ
815 911 845 965 ὁ
863 910 1006 973 θειος
1053 884 1311 977 ιγνατιος·
1342 906 1405 959 '0
1426 905 1567 974 ἐμὸς
1585 904 1729 972 ἔρως
1749 904 1966 957 ἐσταυ-

2070 904 2218 958 tatis.
2248 902 2463 957 Etenim
2496 892 2711 954 divinus
2752 895 2996 966 lgnatius
3026 886 3215 950 scribit
3244 908 3259 946 :
3310 884 3458 944 Heus
3494 903 3658 967 amor.

355 983 581 1073 ρινται.
607 1002 744 1057 Vide
766 998 1097 1070 Paraphras.
1122 998 1489 1068 Pachymerte.
2072 996 2359 1065 cruciﬁxus
2386 1003 2483 1049 est.
2516 990 2686 1062 Epist.
2720 992 2788 1045 ad
2817 983 3001 1054 Rom.,
3034 1002 3156 1059 cap.
3190 983 3222 1038 7

1965 1108 2058 1160 IX.

371 1202 634 1259 Βιειιιυς
656 1244 673 1269 ,
702 1201 789 1258 vel
816 1197 1073 1273 quisquis
1104 1196 1177 1253 sit
1208 1203 1422 1261 auctor,
1462 1194 2015 1322 homitl.7i2n2‘s::2:'tarlii
2046 1194 2733 1322 griisstgsgegerationem,
2769 1209 2916 1251 num.
2943 1193 2997 1247 5.
3028 1189 3112 1245 Ex
3134 1190 3264 1246 edit.
3311 1187 3425 1244 BB.
3459 1183 3641 1240 Paris.

1658 1282 1772 1329 tzz,
1809 1282 1935 1318 tam.
1973 1282 2014 1332 ι,
2046 1282 2167 1338 pag.
2196 1282 2322 1332 aue,
2357 1282 2417 1318 υ.

450 1387 685 1458 Εἴρηται
717 1384 774 1438 δὲ
804 1384 913 1437 τῶν
939 1381 1186 1436 παλαιῶν
1211 1396 1315 1432 τινι
1349 1378 1444 1431 καὶ
1469 1376 1658 1448 ἕτερος
1689 1376 1864 1445 λόγος,
1888 1377 1969 1429 ὅτι

2148 1379 2326 1433 Allata
2367 1387 2455 1433 est
2498 1385 2553 1432 et
2602 1377 2709 1433 alia
2754 1376 2896 1433 ratio
2945 1390 2976 1429 a
3007 1371 3244 1445 quodam
3276 1387 3344 1428 ex
3381 1369 3643 1439 antiquis,

373 1479 524 1548 ὑπὲρ
552 1477 645 1529 τοῦ
674 1477 857 1529 λαθεῖν
899 1475 993 1527 τὸν
1023 1475 1259 1545 ἄρχοντα
1296 1468 1392 1523 τοῦ
1426 1469 1619 1532 αίῶνος
1649 1468 1839 1522 τούτου
1871 1469 1971 1540 τὴν

2069 1469 2322 1524 videlicet
2373 1468 2734 1536 excogitatam
2792 1467 2962 1522 fuisse
3006 1465 3225 1535 Josephi
3276 1462 3647 1533 desponsatio-

370 1566 679 1636 παρθενίαν
711 1566 810 1636 τῆς
834 1564 1056 1636 Μαρίας
1086 1566 1120 1634 ἡ
1147 1562 1239 1615 τοῦ
1284 1562 1480 1632 Ἰωσὴφ
1535 1560 1802 1631 ἐπενοήθη
1834 1578 1971 1631 μνη-

2071 1574 2193 1612 nem
2215 1600 2229 1624 ,
2262 1567 2321 1611 ut
2372 1557 2555 1613 Maria:
2596 1557 2881 1627 virginitas
2930 1555 3119 1611 mundi
3155 1554 3318 1625 hujus
3348 1552 3643 1623 principem

372 1674 537 1714 στεια
2068 1653 2276 1706 lateret.
2314 1648 2489 1716 Epist.
2517 1651 2586 1704 ad
2614 1650 2828 1721 Eph“,
2866 1662 2983 1717 cap.
3019 1650 3102 1705 l9.

1988 1759 2070 1816 X.‘

447 1848 688 1906 Somnus
717 1850 1169 1917 Cunrsosrouus,
1200 1849 1384 1903 homit.
1413 1850 1469 1902 in
1506 1847 1563 1905 S.
1594 1848 1855 1905 IGNATIUM
1895 1862 2211 1977 maggéretg,
2244 1864 2389 1906 nam.
2428 1853 2480 1907 5.
2503 1850 2585 1905 Ex
2606 1854 2738 1908 edit.
2767 1851 2881 1907 BB.
2916 1852 3097 1908 Paris.
3148 1850 3309 1917 1718,
3348 1859 3474 1904 tom.
3506 1848 3573 1915 ii,

1818 1937 1942 1977 aaa.
2089 1963 2105 1977 .
2192 1961 2206 1976 .

1818 1937 1942 1991 pag.
1980 1937 2105 1989 seu,
2142 1937 2206 1976 υ.

461 2012 552 2065 Ἐν
584 2013 735 2083 μέσῳ
766 2011 845 2083 τῷ
874 2012 1119 2083 θεάτρῳ,
1150 2009 1250 2082 τῆς
1274 2011 1481 2075 πόλεως
1516 2011 1628 2067 ἀνω
1671 2011 1973 2082 καθεζομέ-
2006 2021 2050 2075 Β

2015 2021 2050 2075 Β
2147 2012 2208 2069 in
2244 2014 2428 2070 medio
2460 2017 2706 2084 theatro,
2737 2016 2990 2072 universa
3031 2014 3249 2071 civitate
3272 2028 3492 2070 sursum
3518 2022 3648 2069 con"

371 2121 475 2171 νης
496 2103 739 2174 ἀπατης,
764 2117 857 2157 τον
882 2103 976 2157 τοῦ
1009 2102 1307 2175 μαρτυρίου
1331 2104 1533 2175 τρόπον
1561 2103 1844 2174 ὑπέμεινε,
1873 2103 1972 2175 θη-

2075 2103 2288 2160 sidente
2316 2115 2371 2161 et
2398 2115 2711 2177 spectante,
2746 2107 2937 2163 bestiis
2967 2108 3024 2162 in
3073 2107 3253 2177 ipsum
3300 2105 3566 2161 immissis
3594 2112 3651 2162 et

376 2201 515 2264 ptwv
566 2194 654 2245 ἐπ’
689 2194 853 2249 αὐτὸν
905 2193 1243 2265 ἀφεθέντων·
1280 2186 1345 2249 ἵν’
1396 2194 1503 2248 ὑπὸ
1551 2196 1673 2258 ταῖς
1722 2192 1974 2249 ἁπάντων

2074 2198 2381 2264 concitatis,
2423 2199 2746 2270 martyrium
2789 2200 3011 2269 pertulit
3040 2198 3395 2270 (lgnatins):
3441 2207 3501 2252 ut
3547 2200 3650 2255 sub

370 2288 537 2356 ὂψεσι
582 2282 645 2339 τὸ
694 2285 957 2357 τρόπαιον
992 2286 1195 2360 στήσας
1237 2286 1379 2340 κατά
1407 2284 1505 2340 τοῦ
1538 2280 1815 2351 διαϐόλου,
1848 2286 1976 2351 τοὺς

2074 2290 2319 2345 omnium
2355 2291 2533 2346 oculis
2568 2292 2837 2347 adversus
2876 2291 3155 2348 diabolum
3184 2298 3447 2359 tropaeum
3477 2291 3651 2361 erige—

370 2375 583 2439 θεατὰς
617 2377 867 2440 ἅπαντας
902 2376 1151 2447 ζηλωτὰς
1196 2378 1399 2449 ποιήσῃ
1433 2376 1544 2430 τῶν
1577 2376 1975 2448 ἀγωνισμάτων

2073 2391 2192 2448 ret,
2238 2391 2582 2451 cunctosque
2630 2389 2971 2451 spectatores
3018 2396 3245 2436 suorum
3288 2379 3650 2435 certaminum

370 2469 487 2519 τῶν
502 2465 703 2520 ἑαυτοῦ
724 2508 738 2530 ,
762 2468 864 2519 οὐκ
890 2468 1253 2540 ἀποθνήσκων
1300 2469 1460 2540 μόνον
1499 2468 1643 2522 οὕτω
1678 2469 1940 2538 γενναίως
1957 2509 1972 2535 ,

2074 2473 2379 2528 imitatores
2424 2472 2703 2540 eiIiccret;
2738 2490 2862 2529 cum
2915 2488 3024 2528 non
3061 2473 3226 2528 modo
3268 2472 3515 2537 fortiter,
3555 2480 3650 2528 sed

373 2558 516 2610 ἀλλά
546 2561 641 2611 καὶ
684 2559 802 2628 μεθ’
829 2558 1025 2630 ἡδονῆς
1055 2560 1435 2631 ἀποθνήσκων.
1462 2562 1538 2615 Οὐ
1579 2559 1689 2632 γὰρ
1720 2561 1796 2624 ὡς
1830 2560 1975 2631 ζωῆς

2074 2566 2240 2621 etiam
2280 2580 2406 2621 cum
2433 2565 2620 2620 laetitia
2664 2574 2893 2619 mortem
2920 2570 3215 2634 oppeteret,
3245 2562 3498 2633 ferasque
3525 2579 3658 2618 cum

372 2650 834 2721 ἀπορρήγνυσθαι
871 2650 1101 2721 μέλλων,
1134 2652 1247 2706 ἀλλ’
1279 2653 1357 2716 ὡς
1388 2652 1481 2706 ἐπὶ
1513 2650 1661 2722 ζωὴν
1704 2652 1971 2723 καλούμε-

2075 2656 2352 2726 voluptate
2397 2664 2711 2727 spectaret;
2763 2668 2872 2712 non
2926 2656 3085 2726 quasi
3131 2662 3415 2726 raperetur
3443 2668 3474 2711 e
3519 2656 3650 2718 vita,

373 2758 470 2803 νος
517 2741 713 2810 βελτίω
753 2742 851 2795 καὶ
896 2745 1449 2815 πνευματικωτέραν,
1500 2743 1675 2807 οὕτως
1722 2743 1974 2813 ἀσμένως

2075 2752 2169 2807 sed
2202 2761 2464 2821 umquam
2501 2750 2571 2805 ad
2601 2750 2765 2804 vitam
2797 2748 3079 2803 meliorem
3108 2760 3176 2803 ac
3218 2749 3650 2818 praeStantiorem

370 2832 529 2903 ἆὼρα
557 2835 625 2886 τά
659 2834 844 2906 θηρία.
878 2836 1050 2890 Πόθεν
1074 2836 1231 2890 τοῦτο
1271 2836 1457 2907 δῆλον;
1502 2836 1613 2890 ἀπὸ
1642 2836 1751 2889 τῶν
1789 2836 1971 2907 ῥημά-

2073 2850 2383 2900 vocaretur.
2410 2842 2566 2898 Unde
2608 2842 2714 2897 hoc
2744 2841 2804 2895 ﬁt
2826 2840 3209 2910 perspicuum?
3236 2854 3303 2895 ex
3327 2838 3506 2895 verbis
3532 2856 3654 2909 quae

372 2939 489 2976 των
518 2963 533 2985 ,
586 2917 661 2976 ὧν
721 2925 1086 2997 ἀποθνήσκειν
1119 2928 1327 2998 μέλλων
1357 2928 1678 2999 ἐφθέγξατο.
1715 2928 1976 2992 Ἀκούσας

2075 2937 2379 2993 moriturus
2409 2934 2755 3006 loquebatur.
2783 2932 2923 2989 Cum
2947 2933 3093 2989 enim
3120 2933 3175 2988 id
3201 2942 3375 3003 genus
3400 2934 3653 3003 supplicii

372 3014 490 3084 γὰρ
521 3015 606 3067 ὃτι
638 3011 794 3080 οὗτος
824 3017 989 3071 αὑτὸν
1021 3018 1119 3089 τῆς
1167 3018 1439 3090 τιμωρίας
1466 3020 1496 3072 ό
1542 3019 1743 3090 τρόπος
1785 3018 1971 3091 μένει,

2076 3028 2182 3083 sibi
2232 3042 2356 3084 esse
2424 3026 2771 3083 subeundum
2822 3025 3217 3090 intellexisset,
3264 3023 3401 3096 Ego,
3455 3026 3650 3096 inquit,

388 3105 545 3177 Ἐγὼ
568 3102 686 3159 τῶν
713 3108 934 3173 θηρίων
954 3106 1203 3160 ἐκείνων
1229 3108 1506 3178 ὀναίμην,
1525 3107 1700 3176 ἔλεγε.
1728 3108 1973 3161 Τοιοῦτοι

2077 3121 2203 3191 feris
2233 3120 2345 3174 illis
2393 3120 2568 3190 fruar.
2614 3118 2706 3173 Sic
2736 3118 2883 3174 enim
2917 3126 3105 3188 agunt,
3146 3118 3239 3188 qui
3268 3129 3455 3173 amant
3481 3136 3494 3173 :
3525 3134 3650 3175 cum

375 3198 493 3269 γὰρ
528 3199 582 3250 οἱ
615 3197 873 3270 ἐρῶντες*
908 3200 1048 3271 ὅπερ
1075 3200 1142 3254 ἂν
1192 3201 1475 3271 πάσχωσιν
1513 3200 1657 3274 ὑπὲρ
1685 3201 1799 3256 τῶν
1832 3202 1973 3272 ἐρω-

2075 3229 2176 3284 pro
2210 3213 2276 3269 iis
2306 3213 2404 3284 qui
2453 3198 2728 3276 amantur,
2762 3210 2970 3281 aliquid
3002 3211 3320 3281 patiuntur,
3353 3211 3655 3282 gaudentes

379 3291 566 3360 μένων
592 3330 606 3353 ,
654 3289 775 3360 μεθ’
831 3290 1022 3362 ἡδονῆς
1072 3290 1351 3362 δέχονται,
1404 3293 1500 3345 καὶ
1555 3293 1675 3345 τότε
1728 3291 1976 3345 δοκοῦσιν

2020 3370 2043 3375 _
2079 3306 2134 3359 id
2162 3304 2402 3371 faciunt;
2436 3312 2679 3375 tuncque
2702 3303 2806 3360 sibi
2831 3303 3089 3359 videntur
3119 3302 3325 3373 optatis
3357 3303 3487 3368 frui,
3528 3319 3653 3359 cum

375 3382 744 3452 ὲμσορεῖσθαι
777 3383 876 3453 τῆς
908 3383 1223 3454 ἐπιθυμίας,
1245 3384 1374 3437 ὅταν
1420 3382 1601 3454 πολλῷ
1620 3380 2008 3455 χαλεπώτερα⁴

2021 3370 2143 3454 3ea
2186 3414 2307 3469 quae
2340 3370 2661 3467 perferunt,
2717 3403 2847 3452 sunt
2899 3411 3065 3467 quam
3109 3370 3464 3466 gravissima;
3507 3396 3654 3466 quod

376 3474 417 3549 ᾖ
451 3477 524 3529 τὰ
557 3477 837 3548 γινόμενα·
871 3477 1010 3551 ὅπερ
1035 3471 1127 3531 οὖν
1162 3478 1255 3532 καὶ
1289 3476 1382 3531 ἐπὶ
1412 3476 1604 3530 τούτου
1640 3477 1973 3530 συνέϐαινεν.

2076 3492 2298 3562 quidem
2329 3491 2386 3546 in
2424 3490 2531 3545 hoc
2564 3491 2693 3545 item
2735 3486 2985 3559 contigit.
3022 3488 3305 3558 Siquidem
3346 3505 3452 3543 non
3480 3497 3656 3544 morte

378 3570 461 3622 00
501 3567 613 3641 γὰρ
653 3569 731 3639 τῷ
782 3567 996 3640 θανάτῳ
1033 3570 1191 3641 μόνον
1214 3611 1228 3634 ,
1275 3569 1411 3623 ἀλλά
1450 3569 1544 3622 καὶ¹
1588 3570 1653 3641 τῇ
1700 3568 1982 3641 προθυμίᾳ

2078 3584 2279 3648 solum,
2312 3588 2506 3638 verum
2553 3582 2716 3637 etiam
2758 3581 3043 3637 alacritate
3084 3580 3341 3635 studebat
3377 3581 3656 3650 apostolos

380 3659 635 3730 ζηλῶσαι
677 3663 804 3724 τοὺς
836 3660 1167 3723 ἀποστόλους
1214 3658 1471 3713 ἐσπευδε’
1520 3662 1613 3714 καὶ
1639 3661 1855 3713 ἀκούων
1893 3660 1976 3712 ὅτι

2079 3674 2305 3730 imitari.
2342 3674 2411 3729 Et
2442 3690 2549 3729 non
2584 3673 2879 3744 ignorans,
2924 3672 3071 3742 quod
3096 3670 3173 3726 illi
3212 3670 3462 3743 ﬂagellati
3484 3712 3499 3735 ,
3530 3687 3655 3727 cum

383 3753 781 3821 ματτιχθέντες
811 3752 1008 3805 ἐκεῖνοι
1054 3751 1191 3822 μετά
1238 3753 1413 3822 χαρᾶς
1443 3751 1784 3824 ἀνεχώρουν,
1816 3752 1973 3804 ἐϐου-

2083 3768 2283 3839 gaudio
2336 3768 2489 3823 ibant
2538 3782 2569 3822 e
2620 3774 2919 3837 Conspectu
2966 3764 3222 3832 concilii,
3274 3766 3443 3820 volt-it
3494 3766 3657 3819 etiam

380 3842 527 3913 λήθη
580 3844 675 3895 καὶ
732 3843 897 3906 αὐτὸς
941 3843 1015 3913 μὴ
1067 3846 1131 3913 τῇ
1173 3843 1399 3913 τελευτῇ
1444 3843 1637 3913 μόνον,
1698 3841 1837 3895 ἀλλά
1885 3843 1981 3896 καὶ

2081 3860 2199 3929 ipse
2231 3874 2340 3913 non
2386 3867 2559 3913 morte
2586 3858 2787 3921 solum,
2820 3856 2917 3921 sed
2957 3840 3125 3912 etiam
3164 3854 3350 3910 laetitia
3383 3856 3659 3926 magistris

379 3937 455 4004 τῇ
489 3935 641 4005 χαρᾷ
696 3934 1039 4005 μιμήσασθαι
1072 3934 1199 3997 τοὺς
1241 3934 1622 3998 διδασκάλους·
1672 3934 1764 3988 διὰ
1793 3934 1975 3997 τοῦτο,

2079 3966 2204 4007 esse
2230 3952 2463 4017 similis;
2494 3950 2697 4007 idcirco
2723 3947 2902 4017 Feris,
2937 3947 3139 4021 inquit,
3171 3947 3348 4019 fruar.
3387 3949 3557 4019 Epist.
3591 3947 3662 4003 ad

387 4026 520 4079 τῶν
540 4027 783 4094 θιωίων,
816 4024 1023 4094 ἔλεγεν,
1050 4026 1320 4094 ὀναίμην.

863 4042 1023 4094 ιεγεν,
1050 4026 1320 4094 ὀναίμην.
2080 4043 2264 4110 Ralm,
2292 4058 2414 4114 cap.
2440 4045 2496 4100 5.

1986 4154 2073 4209 XI.

493 4241 763 4298 lucanus
795 4244 1021 4297 Auc'ron
1054 4242 1198 4313 apud
1238 4243 1675 4300 Cnnrsosrouun
1709 4246 1892 4300 homil.
1923 4246 1990 4301 de
2024 4243 2381 4315 Legislatore,
2418 4254 2566 4297 nam.
2600 4238 2656 4297 4.
2688 4236 2855 4307 Ibid,
2888 4249 3019 4298 tam.
3056 4240 3146 4310 Vl,
3176 4258 3300 4314 pag.
3334 4241 3462 4311 H0,
3487 4243 3549 4298 C.

457 4356 560 4409 Διά
607 4356 767 4409 τοῦτο
810 4358 1053 4424 γενναῖός
1101 4376 1185 4421 τις
1229 4359 1497 4429 ἀρχαίων·
1544 4359 1802 4428 Ἰγνάτιος
1831 4362 1887 4415 δὲ
1912 4357 1980 4432 ἦν

2158 4358 2453 4431 Propterea
2480 4356 2679 4416 nobilis
2711 4361 2794 4415 vir
2838 4362 3061 4431 quidam
3095 4376 3161 4416 ex
3208 4362 3520 4428 veteribus,
3572 4361 3670 4416 cui

379 4451 561 4521 ὄνομα
594 4450 771 4519 αὐτῷ·
809 4446 964 4514 οὗτος
1004 4452 1273 4529 ἱερωσύνῃ
1308 4451 1400 4504 καὶ
1435 4453 1717 4524 μαρτυρίῳ
1751 4454 1978 4525 διαπρέ-

2084 4468 2283 4507 nomen
2319 4448 2579 4524 lgnatius,
2624 4453 2829 4523 quique
2874 4446 3185 4509 sacerdotio
3230 4446 3399 4508 simul
3438 4460 3495 4508 et
3516 4468 3659 4507 mar—

378 4549 515 4611 ψας,
550 4544 879 4597 ἐπιστέλλων
906 4543 1015 4596 τινὶ
1048 4545 1187 4615 ἱερεῖ
1213 4543 1385 4614 ἔλεγε·
1418 4545 1623 4613 Μηδὲν
1653 4545 1800 4599 ἄνευ
1831 4545 1980 4616 γνώ-

2091 4544 2234 4615 tyrio
2268 4544 2558 4601 decoratus
2583 4543 2705 4613 fuit,
2733 4545 2802 4601 ad
2827 4545 3164 4601 sacerdotem
3190 4544 3483 4613 quemdam
3522 4543 3661 4599 scri-

378 4657 501 4709 μης
535 4656 658 4690 σου
687 4637 941 4705 γινέσθω
958 4675 975 4703 ,
1014 4630 1172 4708 μηδέ
1207 4638 1293 4694 σὺ
1350 4638 1500 4693 ἄνευ
1543 4636 1779 4709 γνώμης
1829 4638 1980 4694 Θεοῦ

2082 4637 2218 4691 bens
2234 4636 2450 4692 dicebat
2472 4656 2486 4692 :
2514 4637 2668 4691 Nihil
2695 4639 2807 4692 sine
2832 4647 2926 4692 tua
2948 4636 3216 4691 voluntate
3236 4645 3473 4707 geratur,
3499 4648 3661 4705 neque

382 4746 443 4783 ts
473 4728 718 4797 πρᾶττε.
2080 4730 2211 4783 item
2234 4737 2291 4781 tu
2314 4730 2603 4799 quidquam
2623 4735 2818 4799 absque
2840 4728 2939 4784 Dei
2970 4728 3241 4784 vahmtate
3267 4727 3460 4798 facias.
3483 4726 3656 4798 Epist.

2007 4832 2055 4889 ι)
2081 4820 2151 4874 ad
2178 4818 2488 4891 Polycarp.,
2509 4834 2632 4890 cap.
2661 4818 2717 4874 4.

1980 4936 2071 4991 XII
3678 4935 3688 5000 ἕ

573 5025 994 5092 Tnsooons'rus,
1019 5026 1169 5095 epist.
1197 5026 1289 5092 89,
1319 5026 1389 5081 ad
1417 5026 1757 5084 Florentium
1783 5025 2102 5087 Patricium.
2140 5029 2225 5084 Ea:
2251 5029 2379 5083 edit.
2412 5025 2595 5081 Paris.
2620 5025 2783 5091 1642,
2812 5032 2939 5079 tam.
2970 5022 3064 5094 Ill,
3091 5040 3213 5095 pag.
3248 5018 3376 5088 966,
3412 5019 3474 5073 Β..
3678 5008 3687 5026 ’

461 5142 651 5195 Ταῦτα
698 5142 757 5195 δὲ
791 5142 926 5212 ἡμῖν
964 5140 1268 5212 παρέδοσαν
1306 5144 1370 5195 οὐ
1412 5144 1572 5214 μόνον
1614 5146 1664 5197 οἱ
1697 5144 1983 5200 ἀπόστολοι

2159 5143 2286 5199 “me
2330 5156 2493 5212 porro
2541 5141 2817 5196 tradidere
2860 5140 3021 5197 nobis
3079 5150 3188 5193 non
3231 5133 3463 5206 apostoli
3496 5131 3659 5187 modo

380 5238 485 5288 καὶ
517 5236 800 5305 προφῆται
820 5275 836 5300 ,
870 5232 1007 5286 ἀλλά
1034 5234 1128 5287 καὶ
1153 5234 1205 5285 οἱ
1236 5234 1304 5287 τὰ
1333 5234 1538 5289 τούτων
1576 5237 1985 5307 ήρμηνευκότες

2087 5246 2141 5294 et
2167 5236 2475 5306 prophetae,
2513 5244 2703 5288 verum
2742 5232 2778 5287 ii
2809 5233 2974 5288 etiam
3002 5230 3098 5300 qui
3142 5229 3345 5283 horUm
3374 5227 3545 5281 libros
3572 5226 3661 5280 1η-

382 5327 810 5396 συγγράμματα
830 5365 846 5389 ,
904 5325 1195 5393 Ἰγνάτιος,
1252 5324 1583 5392 Εὐστάθιος,
1628 5328 1943 5393 Ἀθανάσιος
1965 5371 1981 5395 ,

2086 5328 2367 5399 terpretati
2410 5335 2578 5391 sunt,
2621 5324 2884 5395 lgnatius,
2910 5321 3266 5387 Eustathius,
3303 5320 3658 5385 Athanasius,

386 5418 711 5484 Ιιασίλεως,
757 5420 1091 5491 Γρήγόριος,
1143 5421 1395 5492 Ἰωάννης
1427 5420 1521 5473 καὶ
1569 5422 1619 5473 oi
1676 5420 1827 5476 ἄλλοι
1882 5423 1981 5495 τῆς

2086 5422 2324 5477 Basilius
2344 5460 2359 5485 ,
2393 5418 2723 5491 Gregorius,
2753 5418 2995 5474 Joannes
3028 5420 3087 5472 et
3131 5415 3342 5486 reliqua
3393 5414 3545 5471 orbis
3576 5414 3659 5469 lu-

424 5511 720 5582 ὶκουμένης
754 5513 1061 5584 φωστῆρες.
2084 5515 2253 5568 mina.

863 5620 1013 5692 lusu,
1048 5623 1204 5695 epist.
1240 5624 1364 5693 MS,
1401 5624 1467 5679 ad
1502 5626 1804 5681 monachos
1834 5624 2492 5699 Constantinopolitanos.
2524 5625 2693 5694 Ibid.,
2727 5642 2851 5698 pag.
2879 5624 3042 5692 1027,
3081 5623 3147 5679 Α.

458 5738 572 5791 Καὶ
603 5738 653 5789 οί
700 5735 908 5789 τούτων
942 5735 1332 5807 πρεσϐύτεροι,
1386 5734 1647 5804 Ἰγνάτιος
1678 5738 1772 5791 καὶ
1808 5738 1981 5792 Πολύ-

2160 5742 2339 5813 Atque
2382 5741 2469 5798 his
2500 5740 2679 5797 adhuc
2710 5740 3081 5810 antiquiores,
3112 5738 3375 5809 lgnatius,
3421 5745 3475 5791 et
3502 5735 3660 5807 Poly-

386 5848 630 5904 καρπος,
670 5829 765 5884 καὶ
794 5824 1112 5901 Εἰρηναῖος,
1138 5831 1231 5886 καὶ
1266 5830 1572 5896 Ἰουστίνος,
1607 5832 1697 5887 καὶ
1733 5831 1980 5889 Ἱππόλυ-

2094 5848 2315 5906 carpus,
2341 5841 2393 5891 et
2417 5830 2674 5904 tremens,
2700 5840 2758 5892 et
2784 5830 3056 5900 Justinus,
3080 5829 3496 5905 etgllippolytus;
3523 5843 3656 5900 quo-
