4136 6390
515 397 575 451 ιξο
1535 394 1594 448 S.
1645 389 1994 449 IGNATIUS.
2034 421 2104 431 -—-
2147 386 2677 445 PROLEGOMENA.
3697 384 3770 439 90

510 522 629 560 rum
670 508 915 579 plerique
942 523 1049 564 non
1079 509 1242 566 modo
1273 511 1416 565 inter
1441 511 1729 580 pontiﬁces
1763 510 2082 589 praelucent,

2196 525 2298 570 τος,
2333 499 2406 559 ὧν
2433 507 2481 558 οἱ
2516 503 2732 567 πλείους
2777 503 2876 556 οὐκ
2915 501 3215 574 ἀρχιερέων
3257 497 3638 572 προλάμπουσι
3677 498 3771 568 μό-

509 595 604 651 scd
643 608 944 671 martyrum
975 600 1140 656 etiam
1173 601 1404 657 chorum
1429 610 1717 658 exornant.

2195 616 2303 663 vov,
2339 597 2474 652 ἀλλὰ
2503 597 2597 651 καὶ
2623 595 2733 650 τῶν
2765 594 3054 668 μαρτύρων
3076 592 3429 664 διακοσμοῦσι
3462 590 3646 663 χορόν.

1363 708 1514 776 lusu,
1547 711 1680 765 dial.
1710 712 2001 768 Immutab.
2031 730 2066 768 ι.
2098 710 2266 776 Ibid.,
2298 719 2421 762 tom.
2455 706 2545 774 IV,
2564 724 2685 778 pag.
2714 707 2804 773 ⁸55,
2833 707 2898 760 Α.

586 819 882 875 Ostendam
915 828 1097 876 autem
1137 821 1236 876 tibi
1267 821 1684 878 celeberrimum
1717 822 1977 880 Ecclesiae
2001 824 2095 879 do-

516 921 744 976 ctorem,
769 919 823 965 et
850 911 998 968 illius
1027 912 1096 967 de
1126 912 1310 966 divina
1339 911 1720 986 lncarnatione
1741 915 2089 980 sententiam,

516 1010 576 1054 ut
600 1016 901 1070 cognoscas
931 1002 996 1056 de
1027 1010 1280 1072 suscepta
1317 1011 1512 1057 natura
1536 1003 1667 1073 quid
1698 1003 1950 1059 senserit.
1981 1002 2090 1056 Au-

2281 820 2561 885 Ἐπιδείξω
2593 820 2650 873 δέ
2693 836 2775 872 σοι
2803 817 2895 872 τὸν
2938 817 3289 890 πανεύφημον
3309 817 3410 888 τῆς
3444 815 3771 887 Ἐκκλησίας

2192 914 2529 977 διδάσκαλον,
2551 913 2646 964 καὶ
2675 912 2736 964 τὸ
2757 911 2964 964 ἐκείνου
2997 909 3127 985 περὶ
3161 910 3261 981 τῆς
3294 908 3444 971 Θείας
3465 907 3769 980 Ἐνανθρω-
3797 919 3821 950 \

2195 1007 2411 1076 πήσεως
2437 1005 2710 1077 φρόνημα,
2743 1004 2830 1056 ἵνα
2862 1001 3004 1073 γνῷς
3037 1002 3158 1055 τίνα
3189 1001 3317 1072 περὶ
3345 1000 3446 1070 τῆς
3476 997 3775 1070 ληφθείσης

516 1094 701 1148 divisti
741 1095 885 1148 enim
926 1108 1154 1164 prorsus
1188 1095 1458 1166 lgnatium
1490 1096 1666 1163 illum,
1697 1097 1792 1166 qui
1837 1096 1905 1151 de
1945 1095 2090 1150 Petri

2196 1097 2411 1164 ἑδόξασε
2441 1097 2676 1165 φύσεως.
2721 1095 2988 1166 Ἀκήκοας
3008 1094 3066 1146 δέ
3093 1094 3312 1156 πάντως
3347 1090 3602 1159 Ἰγνάτιον
3626 1090 3769 1142 ἐκεί-

515 1187 736 1241 dextera
768 1186 1116 1255 pontiﬁcatus
1140 1180 1371 1258 gratiam
1396 1188 1655 1258 suscepit,
1682 1196 1736 1243 et
1758 1196 1882 1258 post
1911 1187 2088 1242 admi-

517 1271 800 1325 nistratam
820 1273 1112 1329 Ecclesiam
1131 1273 1528 1332 Antiochenam
1558 1277 1803 1348 martyrii
1830 1291 2088 1332 coronam

519 1363 746 1430 adeptus
773 1375 946 1420 est....
981 1366 1121 1421 Audi
1149 1382 1280 1439 ergo
1311 1369 1460 1424 viros
1498 1353 1855 1438 apostolicam
1887 1368 2089 1424 doctri-

519 1471 644 1509 nam
677 1464 958 1513 sonantes.

589 1635 775 1690 Sancti
816 1635 1017 1708 lgnatii
1048 1640 1278 1708 episcopi
1312 1640 1622 1693 Antiocheni
1643 1647 1697 1692 et
1721 1642 1972 1708 martyris
1995 1656 2059 1694 ex

958 1707 1202 1776 Epistola
1227 1707 1295 1763 ad
1325 1709 1645 1780 Smyrnteos.

589 1817 756 1875 Plane
783 1819 1163 1890 cumulateque
1195 1837 1488 1890 persuasus
1516 1823 1584 1878 de
1618 1822 1851 1880 Domino
1877 1831 2089 1891 nostro,

517 1910 612 1978 qui
641 1919 806 1965 estex
836 1927 1030 1980 genere
1053 1910 1222 1967 David
1244 1913 1546 1968 secundum
1572 1928 1814 1980 carnem,
1843 1925 1900 1970 et
1921 1912 2094 1970 Filius

521 2000 612 2055 Dei
639 2003 936 2057 secundum
982 2004 1321 2059 divinitatem
1362 2015 1416 2060 et
1448 2007 1748 2076 potentiam
1779 2027 1791 2061 :
1828 2009 1920 2077 qui
1967 2023 2095 2064 vere

519 2103 682 2150 natus
704 2103 875 2150 estex
898 2095 1156 2167 Virgine:
1185 2098 1493 2168 baptizatus
1517 2115 1548 2154 a
1575 2097 1807 2167 Joanne,
1831 2109 1892 2156 ut
1914 2101 2095 2158 omnis

517 2186 588 2238 ab
609 2186 726 2253 ipso
748 2186 961 2256 justitia
990 2188 1311 2258 impleretur
1345 2208 1358 2244 :
1389 2206 1516 2246 vere
1552 2191 1655 2248 sub
1685 2191 1883 2248 Pontio
1915 2191 2094 2248 Pilato

517 2287 571 2331 et
598 2276 810 2333 Herode
834 2281 1125 2348 tetrarcha,
1153 2297 1252 2351 pro
1289 2283 1450 2342 nobis
1483 2284 1538 2337 in
1583 2299 1747 2339 carne
1776 2284 2090 2340 cruciﬁxus.

521 2367 690 2437 Epist.
720 2370 791 2424 ad
822 2370 1140 2442 Smyrnwor,
1174 2391 1290 2444 cap.
1321 2376 1370 2428 ‘l.

870 2505 1127 2576 Ejusdem
1164 2525 1229 2562 ea:
1255 2511 1438 2562 eadem
1469 2509 1738 2587 Epistoia.

587 2621 733 2688 Quid
761 2623 906 2679 enim
949 2625 1193 2693 prodest,
1219 2626 1266 2680 si
1292 2627 1417 2696 quis
1445 2643 1532 2682 me
1564 2628 1769 2693 laudet,
1799 2629 2095 2684 Dominum

515 2721 695 2773 autem
718 2729 899 2769 meum
922 2715 1282 2786 blasphemet,
1307 2733 1414 2773 non
1439 2720 1705 2777 conﬁtens
1725 2735 1850 2776 eum
1873 2736 2095 2778 carnem

515 2806 772 2874 gestare?
799 2805 956 2872 Quod
983 2808 1078 2878 qui
1108 2823 1218 2864 non
1248 2811 1558 2875 conﬁtetur,
1593 2813 1754 2882 plane
1787 2814 1966 2883 ipsum
1994 2828 2094 2868 ne-

515 2907 626 2968 gat,
655 2907 714 2956 ut
747 2899 978 2970 cadaver
1005 2902 1496 2963 circumferentem.
1525 2903 1693 2971 Ibid,
1720 2923 1839 2976 cap.
1866 2908 1918 2962 5.

872 3013 1126 3085 Ejusdem
1165 3034 1229 3072 ex
1257 3019 1440 3074 eadem
1474 3019 1739 3112 Epistola.

2195 1208 2304 1256 vov,
2327 1191 2385 1253 ὃς
2413 1188 2501 1242 διὰ
2533 1190 2632 1260 τῆς
2651 1189 2745 1242 τοῦ
2770 1187 3006 1259 μεγάλου
3031 1186 3239 1256 Πέτρου
3267 1182 3446 1250 δεξιᾶς
3465 1181 3565 1252 τῆς
3584 1182 3771 1252 ὰρχιετ

2200 1280 2446 1352 ρωσύνης
2486 1279 2584 1350 τὴν
2634 1279 2794 1351 χάριν
2852 1276 3109 1342 ἐδέξατο,
3161 1277 3256 1329 καὶ
3307 1275 3406 1345 τὴν
3449 1272 3774 1342 Ἐκκλησίαν

2205 1373 2518 1442 Ἀντιοχέων
2557 1370 2736 1434 ἰθύνας
2775 1371 2865 1424 τὸν
2901 1369 2995 1422 τοῦ
3028 1366 3323 1439 μαρτυρίου
3353 1365 3614 1435 στέφανον
3653 1365 3776 1418 ἁνε-

2193 1462 2482 1532 δήσατο....
2528 1461 2794 1513 ’Ἄκουσον
2841 1457 2951 1512 τῶν
3007 1456 3232 1528 ἀνδρῶν’
3259 1457 3358 1527 τὴν
3413 1455 3774 1526 ἀποστολικὴν

2193 1554 2577 1626 προφερόντων
2601 1551 2964 1606 διδασκαλίαν.

2199 1647 2312 1702 Τοῦ
2335 1646 2525 1716 ίάγίου
2574 1644 2866 1716 Ἰγννατᾲίου
2902 1644 3240 1716 ἐπισκόπου
3277 1641 3638 1716 Ἀντιοχείας
3676 1642 3776 1694 καὶ

2262 1711 2582 1786 μάρτυρος,
2609 1711 2678 1768 ἐκ
2709 1712 2819 1781 τῆς
2840 1714 3000 1786 ετρὸς
3027 1714 3349 1782 Ῥωμαίους
3382 1711 3542 1783 [lege,
3576 1715 3774 1781 Σμυρ-

2125 1777 2168 1831 Β
2261 1777 2495 1858 ⁸ῖηιιΖους]
2538 1777 2920 1854 Ἐπιστολῆς.

2267 1878 2866 1950 Πεπληροφορημένους
2894 1876 3110 1948 άληθῶς
3138 1877 3217 1940 είς
3242 1877 3332 1929 τὸν
3366 1874 3569 1946 Κύριον
3595 1877 3628 1946 ἡ
3639 1873 3775 1945 μῶν,

2197 1972 2324 2025 ὄντα
2369 1973 2433 2023 ἐκ
2464 1971 2653 2038 γένους
2683 1968 2847 2022 Δαϐὶδ
2881 1968 3024 2021 κατὰ
3064 1967 3241 2039 σάρκα
3263 2007 3279 2032 ,
3304 1967 3432 2021 Υίὸν
3460 1965 3596 2020 Θεοῦ
3637 1966 3779 2020 κατὰ

2198 2062 2427 2134 θεότητα
2455 2063 2548 2115 καὶ
2579 2061 2831 2132 δύναμιν,
2859 2060 3221 2131 γεγενημένον
3244 2058 3460 2130 ἀληθῶς
3483 2060 3548 2112 ἐκ
3570 2057 3781 2129 Παρθέτ

2197 2171 2311 2218 νου,
2335 2152 2767 2224 βεϐαπτισμένον
2793 2151 2900 2205 ὑπὸ
2927 2151 3192 2214 Ἰωάννου,
3220 2151 3307 2202 ἵνα
3340 2147 3599 2221 πληρωθῇ
3630 2150 3780 2201 πᾶσα

2195 2244 2509 2316 δικαιοσύνη
2545 2243 2635 2298 ὑπ’
2667 2242 2855 2308 αὐτοῦ,
2889 2242 3103 2304 ἀληθῶς
3142 2241 3234 2294 ἐπὶ
3261 2241 3489 2293 Ποντίου
3539 2240 3776 2293 Πιλάτου

2197 2339 2293 2392 καὶ
2341 2336 2578 2412 Ἡρώδου
2624 2333 2950 2408 τετράρχου,
3003 2334 3389 2405 καθηλωμένον
3433 2332 3575 2404 ὑπὲρ
3622 2331 3778 2402 ἡμῶν

2203 2432 2383 2504 σαρκί.

2377 2523 2490 2578 Τοῦ
2533 2521 2718 2577 αὐτοῦ
2748 2521 2817 2575 ἐκ
2849 2519 2958 2590 τῆς
2987 2518 3176 2588 αὐτῆς
3217 2515 3596 2586 Ἐπιστολῆς.

2268 2635 2335 2686 Τί
2366 2633 2474 2705 γὰρ
2506 2633 2724 2704 ὠφελεῖ,
2743 2633 2900 2706 εἴπερ
2932 2649 2998 2704 με
3019 2633 3232 2686 ἐπαινεῖ
3260 2650 3363 2696 τις,
3385 2631 3475 2684 τὸν
3498 2630 3553 2683 δέ
3573 2629 3778 2699 Κύριὸν

2199 2743 2301 2796 μου
2348 2725 2693 2796 βλασφημεῖ,
2747 2724 2821 2796 μὴ
2863 2724 3142 2794 ὁμολογῶν
3189 2723 3353 2777 αὑτὸν
3399 2721 3775 2794 σαρκοφόρον;

2194 2817 2224 2868 ὁ
2257 2816 2315 2870 δέ
2346 2816 2504 2869 τοῦτο
2540 2816 2614 2887 μὴ
2646 2815 2849 2886 λέγων,
2883 2815 3104 2880 τελείως
3136 2815 3297 2869 αὑτὸν
3341 2817 3672 2886 άπήρνηται,
3702 2813 3778 2876 ὡς

2196 2907 2549 2979 νεκροφόρον.

2379 3019 2492 3074 Τοῦ
2523 3020 2710 3074 αὐτοῦ
2741 3021 2810 3075 ἐκ
2840 3019 2951 3090 τῆς
2980 3021 3172 3089 αὐτῆς
3220 3019 3601 3088 Ἐπιστολῆς.

588 3127 645 3183 Si
669 3129 814 3183 enim
845 3129 1102 3200 opinione
1153 3139 1374 3209 tantum
1401 3134 1516 3189 haec
1562 3149 1595 3188 a
1636 3132 1868 3190 Domino
1907 3145 2093 3192 nostro

2271 3136 2335 3189 Et
2365 3133 2473 3218 γὰρ
2504 3134 2582 3206 τῷ
2607 3135 2783 3190 δοκεῖν
2815 3134 2988 3212 ταῦτα
3022 3133 3270 3211 ἐπράχθη
3308 3132 3413 3186 ὑπὸ
3443 3132 3537 3202 τοῦ
3571 3132 3777 3202 Κυρίου

515 3230 669 3291 gesta
701 3231 846 3296 sunt,
877 3237 981 3294 ego
1013 3238 1234 3294 quoque
1256 3223 1518 3294 opinione
1560 3228 1780 3281 vinctus
1817 3242 1960 3283 sum.
1986 3228 2096 3283 Cur

515 3315 699 3368 autem
738 3324 791 3369 et
821 3311 1089 3384 meipsum
1117 3315 1279 3370 morti
1308 3309 1527 3381 tradidi,
1564 3318 1632 3370 ad
1655 3317 1858 3387 ignem,
1884 3319 1949 3373 ad
1978 3319 2094 3389 gla-

513 3406 687 3470 dium,
711 3405 776 3460 ad
804 3406 1045 3461 bestias?
1071 3404 1268 3462 Verum
1297 3407 1392 3477 qui
1417 3394 1631 3463 vicinus
1656 3408 1858 3479 gladio,
1881 3409 2096 3466 vicinus

515 3494 648 3553 Deo.
678 3498 864 3553 Solum
901 3499 956 3553 in
996 3499 1218 3555 nomine
1255 3497 1384 3556 Jesu
1419 3499 1646 3568 Christi,
1681 3511 1741 3556 ut
1773 3503 2094 3573 passionum

515 3591 637 3661 ejus
667 3593 851 3648 socius
877 3593 1026 3668 ﬁam,
1054 3594 1240 3649 omnia
1272 3595 1540 3661 sustineo,
1559 3594 1679 3666 ipso
1706 3612 1794 3651 me
1829 3595 2095 3672 corrobo-

515 3694 672 3739 rante
703 3685 924 3740 homine
953 3685 1224 3756 perfecto,
1252 3702 1416 3757 quem
1446 3686 1614 3758 aliqui
1645 3688 1959 3759 ignorantes
2001 3705 2096 3746 ne-

515 3786 666 3846 gant.
693 3776 859 3857 Ibid.,
885 3791 1002 3848 cap.
1032 3780 1086 3834 4.
1552 3774 1554 3777 ’

791 3893 1045 3974 Ejusdem
1070 3910 1135 3970 ετ
1170 3893 1414 3968 Epistola
1444 3896 1514 3950 ad
1539 3894 1812 3966 Ephesios.

589 4009 732 4064 Deus
773 4009 919 4064 enim
955 4019 1142 4065 noster
1188 4009 1349 4068 Jesus
1374 4009 1630 4070 Christus
1666 4013 1723 4069 in
1763 4013 1947 4087 Maria:
1979 4023 2096 4069 ute-

516 4119 581 4159 ro
619 4111 862 4170 gestatus
891 4112 976 4157 est
1025 4101 1328 4157 secundum
1361 4103 1457 4158 Dei
1504 4105 1999 4174 dispensationem,
2027 4121 2095 4163 ex

516 4195 725 4257 semine
757 4193 978 4266 quidem
1017 4193 1207 4264 David,
1253 4194 1348 4250 sed
1389 4211 1456 4254 ex
1496 4194 1702 4266 Spiritu
1739 4207 1966 4253 sancto:
1999 4199 2096 4268 qui

517 4297 680 4343 natus
712 4297 796 4342 est
829 4296 884 4342 et
909 4288 1238 4367 baptizatus,
1265 4296 1327 4342 ut
1348 4290 1656 4346 mortalitas
1680 4299 1868 4367 nostra
1897 4306 2094 4364 purga-

518 4389 690 4437 retur.
725 4379 810 4447 Ea;
833 4364 1011 4450 Epist.
1043 4380 1112 4434 ad
1141 4364 1360 4458 Ephcs.,
1385 4397 1506 4458 cap.
1538 4381 1626 4437 18.
1805 4364 1808 4367 ’

886 4494 1143 4565 Ejusdem
1166 4512 1231 4551 ea:
1259 4495 1442 4550 eadem
1468 4495 1736 4568 Epistola.

2195 3224 2374 3305 ημῶν,
2407 3213 2563 3301 κὶάγὼ
2612 3225 2689 3297 τῷ
2715 3224 2890 3279 δοκεῖν
2925 3209 3189 3296 δέδεμαι(
3212 3222 3277 3275 Τί
3327 3222 3383 3274 δέ
3417 3223 3509 3275 καί
3545 3221 3778 3292 ἐμαυτὸν

2195 3316 2411 3371 ἔκδοτον
2443 3316 2648 3371 δέδωκα
2679 3315 2755 3387 τῷ
2800 3315 3044 3390 θανάτῳ,
3081 3313 3217 3387 πρὸς
3243 3311 3383 3383 πῦρ,
3412 3313 3547 3384 πρὸς
3578 3312 3775 3384 μάχαι-

2199 3425 2336 3478 ραν,
2387 3407 2524 3480 πρὸς
2565 3407 2763 3478 θηρία;
2807 3406 2922 3460 ἀλλ’
2961 3407 2990 3459 ὁ
3041 3405 3208 3474 ἐγγὺς
3256 3402 3565 3475 μαχαίρας,
3615 3402 3777 3470 ἐγγὺς

2195 3496 2352 3554 Θεοῦ.
2377 3501 2554 3554 Μόνον
2604 3501 2661 3552 ὲν
2693 3498 2772 3570 τῷ
2805 3498 3033 3570 ὀνόματι
3073 3497 3248 3569 Ἰησοῦ
3280 3495 3519 3568 Χριστοῦ
3545 3534 3559 3558 ,
3605 3491 3686 3557 εἰς
3718 3492 3780 3570 τὸ

2198 3591 2503 3663 συμπαθεῖν
2534 3591 2684 3663 αὑτῷ
2709 3590 2888 3645 πάντα
2937 3589 3212 3661 ὑπομένω,
3247 3587 3411 3643 αὐτοῦ
3452 3604 3520 3658 με
3561 3585 3769 3640 ἐνδυνα-

2199 3684 2428 3755 μοῦντος
2460 3683 2554 3738 τοῦ
2585 3683 2793 3737 τελείου
2837 3682 3156 3755 ἀνθρώπου,
3191 3683 3249 3761 δν
3282 3698 3424 3745 τινες
3461 3679 3776 3756 ἀγνοοῦντες

2195 3773 2506 3856 άρνοῦνται.

2235 3889 2347 3943 Τοῦ
2372 3889 2560 3944 αὐτοῦ
2579 3889 2649 3942 ἐκ
2680 3888 2789 3958 τῆς
2816 3889 2969 3958 πρὸς
3007 3888 3325 3960 Ἐφεσίους
3356 3885 3739 3955 Ἐπιστολῆς.

2279 4001 2334 4054 '0
2367 4001 2475 4074 γὰρ
2508 4001 2641 4066 Θεὸς
2701 4001 2864 4074 ἡμῶν.
2910 4002 3119 4074 Ἰησοῦς
3161 4001 3399 4074 Χριστὸς
3433 3999 3777 4072 ἐκυοφορήθη

2197 4091 2302 4146 ὑπὸ
2349 4093 2569 4164 Μαρίας
2621 4097 2742 4148 κατ’
2785 4096 3097 4167 οἰκονομίαν
3141 4094 3277 4148 Θεοῦ
3305 4133 3320 4158 ,
3368 4095 3434 4146 ἐκ
3468 4093 3776 4164 σπέρματος

2199 4187 2297 4256 μὲν
2328 4185 2526 4252 Δα6ὶδ,
2577 4188 2642 4240 ἐκ
2683 4187 3001 4259 Πνεύματος
3047 4187 3107 4263 δέ
3150 4186 3338 4257 ἁγίουο
3387 4186 3447 4250 ὃς
3494 4185 3776 4263 ἐγεννήθη,

2197 4277 2291 4357 καὶ
2316 4276 2641 4348 ἐϐαπτίσθη,
2677 4277 2764 4331 ἵνα
2794 4278 2856 4330 τὸ
2878 4261 3082 4350 θνητὸν
3105 4278 3260 4350 ἡμῶν
3286 4261 3610 4351 καθαρισθῇ.

2412 4483 2522 4538 Τοῦ
2548 4482 2734 4538 αὐτοῦ
2766 4483 2835 4536 ἐκ
2857 4482 2967 4552 τῆς
2989 4482 3178 4552 αὐτῆς
3205 4484 3590 4553 Ἐπιστολῆς.

592 4611 873 4683 Siquidem
907 4612 1106 4683 singuli
1133 4627 1328 4669 omnes
1373 4613 1632 4670 universe
1683 4616 1740 4670 in
1779 4616 1956 4687 gratia
1993 4632 2093 4672 no-

2219 4572 2243 4579 v
2268 4593 2337 4664 ξξτ
2363 4596 2492 4673 etot,
2519 4597 2637 4649 κατ’
2669 4595 2840 4667 ἄνδρα
2869 4597 3022 4667 κοινῇ
3055 4595 3254 4674 πάντες
3286 4597 3344 4649 ἐν
3387 4599 3457 4667 τῇ
3502 4596 3683 4668 χάριτι
3716 4597 3775 4665 ἐξ

503 4706 768 4762 .minatim
792 4707 1096 4762 convenitis
1122 4707 1177 4761 in
1207 4721 1321 4762 una
1347 4707 1452 4762 tide
1473 4716 1528 4764 et
1553 4708 1606 4762 in
1631 4723 1742 4762 uno
1768 4707 1898 4764 Jesu
1935 4710 2096 4764 Chri—

518 4811 632 4865 sto,
692 4799 994 4857 secundum
1030 4815 1252 4855 carnem
1295 4816 1361 4856 ex
1391 4817 1590 4872 genere
1631 4801 1827 4869 David,
1851 4802 1964 4857 ﬁlio
1994 4803 2095 4859 bo-

518 4894 706 4961 minis,
742 4902 797 4949 et
824 4893 964 4948 Filio
995 4892 1111 4947 Dei.
1141 4892 1313 4958 Ibid.,
1345 4910 1461 4963 cap.
1492 4894 1584 4949 20.

872 5005 1132 5076 Ejusdem
1167 5021 1233 5060 ex
1261 5006 1440 5060 eadem
1475 5006 1738 5078 Epistola.

590 5124 745 5179 Unus
777 5134 860 5180 est
912 5123 1158 5178 medicus
1199 5123 1437 5177 carnalis
1459 5134 1512 5178 et
1557 5124 1820 5194 Spiritalis
1842 5166 1858 5191 ,
1882 5124 2095 5192 genitus

518 5233 584 5271 ex
612 5217 875 5287 ingenito,
904 5216 959 5270 in
1008 5215 1233 5270 homine
1282 5214 1446 5282 Deus,
1499 5215 1555 5269 in
1598 5225 1776 5271 morte
1807 5217 1916 5271 vita
1943 5231 2090 5282 vera,

517 5319 572 5364 ct
605 5324 674 5364 ex
724 5307 893 5366 Maria
917 5315 972 5362 et
1008 5323 1076 5363 ex
1114 5306 1242 5374 Deo,
1283 5309 1523 5378 primum
1576 5309 1816 5379 patibilis
1861 5318 1917 5364 et
1961 5319 2096 5366 tunc

519 5401 860 5471 impatibilis,
895 5399 1055 5456 Jesus
1091 5401 1345 5458 Christus
1377 5399 1643 5458 Dominus
1667 5411 1876 5460 noster.
1923 5402 2091 5469 Ibid.,

519 5510 633 5563 cap.
663 5493 714 5548 7.

768 5633 1023 5704 Ejusdem
1047 5651 1112 5690 ex
1139 5635 1382 5706 Epistola
1406 5638 1477 5691 ad
1518 5636 1841 5694 Trallianos.

591 5748 852 5806 Obturate
887 5767 1048 5806 aures
1088 5761 1299 5812 vestras
1327 5793 1342 5819 ,
1377 5753 1598 5824 quando
1632 5755 1904 5824 quiSpiam
1937 5757 2092 5813 vobis

523 5842 762 5918 loquitur
799 5843 916 5902 sine
940 5842 1070 5902 Jcsu
1106 5844 1328 5906 Christo
1357 5865 1369 5915 ;
1396 5847 1508 5921 qui
1541 5856 1623 5905 est
1667 5838 1730 5905 cx
1765 5863 1959 5920 genere
1990 5848 2093 5907 Da-

2197 4687 2461 4758 ὀνόματος
2514 4687 2837 4760 συνέρχεσθε
2895 4688 2954 4741 ἐν
3015 4688 3114 4758 μιᾷ
3137 4687 3337 4752 πίστει,
3369 4690 3460 4742 καὶ
3494 4689 3574 4742 ἐνὶ
3599 4690 3774 4760 Ἰησοῦ

2195 4781 2445 4853 Χριστῷ,
2489 4781 2634 4835 κατὰ
2687 4782 2864 4853 σάρκα
2894 4783 2960 4836 ἐκ
3002 4782 3193 4850 γένους
3225 4782 3410 4848 Δαϐὶδ,
3445 4782 3523 4853 τῷ
3555 4782 3656 4854 υἱῷ
3679 4781 3775 4835 τοῦ

2193 4876 2504 4949 ἀνθρώπου,
2533 4877 2628 4931 καὶ
2660 4876 2775 4947 Υἱῷ
2806 4874 2901 4930 τοῦ
2935 4875 3091 4930 Θεοῦ.

2377 4988 2488 5043 Τοῦ
2516 4988 2703 5043 αὑτοῦ
2733 4988 2802 5046 ἐκ
2824 4986 3151 5057 τῆςαύτῆς
3178 4987 3564 5057 Ἐπιστολῆς.

2259 5099 2380 5162 Ὅτι
2422 5104 2604 5175 ἱατρός
2651 5103 2768 5155 ἐστι
2801 5102 3060 5174 σαρκικὸς
3092 5101 3188 5155 καὶ
3223 5101 3610 5173 πνευματικὸς,
3647 5120 3772 5170 γεν-

2195 5196 2354 5268 νητὸς
2383 5194 2443 5260 ἐξ
2472 5196 2797 5266 ἀγεννήτου,
2849 5196 2907 5248 ἐν
2952 5193 3224 5266 ἀνθρώπῳ
3258 5192 3416 5260 Θεὸς,
3456 5196 3513 5248 ἐν
3558 5194 3774 5266 θανάτῳ

2195 5288 2308 5360 ζωὴ
2339 5288 2587 5360 ἀληθινὴ,
2643 5288 2738 5341 καὶ
2787 5289 2853 5340 ἐκ
2884 5288 3105 5360 Μαρίας
3135 5287 3232 5340 καὶ
3276 5287 3341 5340 ἐκ
3399 5286 3557 5351 Θεοῦ,
3625 5287 3773 5358 πρῶ-

2193 5398 2284 5456 τον
2317 5381 2558 5452 παθητὸς
2589 5382 2683 5436 καὶ
2699 5380 2823 5441 τότε
2841 5380 3080 5452 ἀπαθὴς,
3108 5378 3318 5452 Ἰησοῦς
3338 5378 3572 5450 Χριστὸς
3603 5381 3632 5433 ὀ
3657 5377 3773 5434 Κύ-

2197 5494 2310 5548 ριος
2333 5478 2368 5548 ὴ
2377 5476 2511 5546 μῶν.

2235 5589 2348 5644 Τοῦ
2376 5588 2562 5643 αὐτοῦ
2601 5588 2669 5642 ἐκ
2697 5587 2807 5659 τῆς
2846 5588 2998 5713 at:ij
3031 5587 3431 5656 Τραλλιανοὺς
3462 5589 3732 5644 Ἐπιστο-

2962 5678 3053 5713 τις.

2917 5678 2956 5713 λ
3042 5701 3053 5712 .

2266 5751 2582 5830 Κωφώθητε
2633 5745 2745 5818 οῦν,
2781 5753 2910 5807 ὅταν
2942 5678 3110 5825 χῗρὶς
3143 5752 3336 5839 Ἰησοῦ.
3358 5751 3596 5824 Χριστοῦ
3637 5752 3770 5827 ὑμῖν,

2195 5847 2329 5920 λαλῇ
2357 5865 2461 5916 τις,
2502 5846 2596 5905 τοῦ
2640 5848 2702 5903 ὲκ
2733 5847 2922 5920 γένους
2941 5845 3122 5915 Δαϐὶδ,
3166 5846 3260 5906 τοῦ
3294 5848 3359 5905 ἐκ
3415 5845 3663 5920 Μαρίας,
3707 5843 3770 5920 ὃς
