  <div class='ocr_page' id='page_1' title='image "/cluster/home/n/w/nwhite01/storage/ocr_20150623/5/coo.31924054872845/018.png"; bbox 0 0 4136 6406; ppageno 0'>
   <div class='ocr_carea' id='block_1_1' title="bbox 363 412 2143 478">
    <p class='ocr_par' dir='ltr' id='par_1_1' title="bbox 363 412 2143 473">
     <span class='ocr_line' id='line_1_1' title="bbox 363 412 2143 473; baseline 0 -4"><span class='ocrx_word' id='word_1_1' title='bbox 363 412 424 469; x_wconf 67' lang='grc' dir='ltr'><strong>ει</strong></span> <span class='ocrx_word' id='word_1_2' title='bbox 1518 415 1865 473; x_wconf 65' lang='grc' dir='ltr'><strong>νΕἸἙΒυΜ</strong></span> <span class='ocrx_word' id='word_1_3' title='bbox 1902 414 2143 472; x_wconf 68' lang='lat' dir='ltr'><strong>TESTIN</strong></span> 
     </span>
    </p>
   </div>
   <div class='ocr_carea' id='block_1_2' title="bbox 2044 412 3632 478">
    <p class='ocr_par' dir='ltr' id='par_1_2' title="bbox 2044 414 3632 478">
     <span class='ocr_line' id='line_1_2' title="bbox 2044 414 3632 478; baseline 0.004 -6"><span class='ocrx_word' id='word_1_4' title='bbox 2044 414 2345 472; x_wconf 79' lang='lat' dir='ltr'><strong>TIMONIA.</strong></span> <span class='ocrx_word' id='word_1_5' title='bbox 3560 421 3632 478; x_wconf 64' lang='lat'><strong>9.2</strong></span> 
     </span>
    </p>
   </div>
   <div class='ocr_carea' id='block_1_3' title="bbox 359 534 2143 611">
    <p class='ocr_par' dir='ltr' id='par_1_3' title="bbox 359 534 2143 611">
     <span class='ocr_line' id='line_1_3' title="bbox 359 534 2143 611; baseline 0.002 -23"><span class='ocrx_word' id='word_1_6' title='bbox 359 534 571 605; x_wconf 79' lang='grc' dir='ltr'>άληθῶς</span> <span class='ocrx_word' id='word_1_7' title='bbox 602 536 886 608; x_wconf 76' lang='grc' dir='ltr'>ἐγεννήθη,</span> <span class='ocrx_word' id='word_1_8' title='bbox 919 536 1089 607; x_wconf 79' lang='grc' dir='ltr'><strong>ἔφαγέ</strong></span> <span class='ocrx_word' id='word_1_9' title='bbox 1118 554 1177 590; x_wconf 85' lang='grc' dir='ltr'><strong>τε</strong></span> <span class='ocrx_word' id='word_1_10' title='bbox 1212 538 1305 592; x_wconf 75' lang='grc' dir='ltr'><strong>καὶ</strong></span> <span class='ocrx_word' id='word_1_11' title='bbox 1330 537 1480 592; x_wconf 77' lang='grc' dir='ltr'>ἔπιεν</span> <span class='ocrx_word' id='word_1_12' title='bbox 1503 540 1718 611; x_wconf 83' lang='grc' dir='ltr'>ἀληθῶς</span> <span class='ocrx_word' id='word_1_13' title='bbox 1743 579 1757 601; x_wconf 95' lang='grc'><strong>,</strong></span> <span class='ocrx_word' id='word_1_14' title='bbox 1782 536 1932 591; x_wconf 82' lang='grc' dir='ltr'><strong>ὲδιώ-</strong></span> <span class='ocrx_word' id='word_1_15' title='bbox 1960 542 2006 598; x_wconf 80' lang='grc' dir='ltr'><strong>Α</strong></span> <span class='ocrx_word' id='word_1_16' title='bbox 2037 538 2143 605; x_wconf 80' lang='lat' dir='ltr'><strong>vid,</strong></span> 
     </span>
    </p>
   </div>
   <div class='ocr_carea' id='block_1_4' title="bbox 2044 534 3632 611">
    <p class='ocr_par' dir='ltr' id='par_1_4' title="bbox 2044 535 3632 607">
     <span class='ocr_line' id='line_1_4' title="bbox 2044 535 3632 607; baseline 0.001 -17"><span class='ocrx_word' id='word_1_17' title='bbox 2044 538 2148 605; x_wconf 86' lang='lat' dir='ltr'><strong>vid,</strong></span> <span class='ocrx_word' id='word_1_18' title='bbox 2183 537 2279 607; x_wconf 88' lang='lat' dir='ltr'><strong>qui</strong></span> <span class='ocrx_word' id='word_1_19' title='bbox 2305 552 2371 592; x_wconf 78' lang='lat' dir='ltr'><strong>ex</strong></span> <span class='ocrx_word' id='word_1_20' title='bbox 2406 535 2596 601; x_wconf 82' lang='lat' dir='ltr'><strong>Maria,</strong></span> <span class='ocrx_word' id='word_1_21' title='bbox 2629 552 2725 607; x_wconf 86' lang='lat' dir='ltr'><strong>qut</strong></span> <span class='ocrx_word' id='word_1_22' title='bbox 2750 551 2876 592; x_wconf 85' lang='lat' dir='ltr'><strong>vere</strong></span> <span class='ocrx_word' id='word_1_23' title='bbox 2912 546 3074 593; x_wconf 90' lang='lat' dir='ltr'><strong>natus</strong></span> <span class='ocrx_word' id='word_1_24' title='bbox 3098 546 3200 603; x_wconf 90' lang='lat' dir='ltr'><strong>est,</strong></span> <span class='ocrx_word' id='word_1_25' title='bbox 3232 553 3360 593; x_wconf 83' lang='lat' dir='ltr'><strong>vere</strong></span> <span class='ocrx_word' id='word_1_26' title='bbox 3385 553 3504 594; x_wconf 79' lang='lat' dir='ltr'><strong>cum</strong></span> <span class='ocrx_word' id='word_1_27' title='bbox 3521 541 3632 594; x_wconf 85' lang='lat' dir='ltr'><strong>edit</strong></span> 
     </span>
    </p>
   </div>
   <div class='ocr_carea' id='block_1_5' title="bbox 359 628 2143 703">
    <p class='ocr_par' dir='ltr' id='par_1_5' title="bbox 359 628 2143 703">
     <span class='ocr_line' id='line_1_5' title="bbox 359 628 2143 703; baseline 0.002 -23"><span class='ocrx_word' id='word_1_28' title='bbox 359 630 455 698; x_wconf 79' lang='grc' dir='ltr'>χθη</span> <span class='ocrx_word' id='word_1_29' title='bbox 484 628 580 681; x_wconf 71' lang='grc' dir='ltr'><strong>ἐπὶ</strong></span> <span class='ocrx_word' id='word_1_30' title='bbox 618 629 842 682; x_wconf 82' lang='grc' dir='ltr'>Ποντίου</span> <span class='ocrx_word' id='word_1_31' title='bbox 876 629 1131 696; x_wconf 80' lang='grc' dir='ltr'><strong>Πιλάτου,</strong></span> <span class='ocrx_word' id='word_1_32' title='bbox 1154 631 1495 703; x_wconf 74' lang='grc' dir='ltr'><strong>ἐσταυρώθη,</strong></span> <span class='ocrx_word' id='word_1_33' title='bbox 1533 634 1626 686; x_wconf 82' lang='grc' dir='ltr'><strong>καὶ</strong></span> <span class='ocrx_word' id='word_1_34' title='bbox 1665 632 1902 687; x_wconf 82' lang='grc' dir='ltr'>ἀπέθανε</span> <span class='ocrx_word' id='word_1_35' title='bbox 1922 672 1936 693; x_wconf 90' lang='grc'><strong>,</strong></span> <span class='ocrx_word' id='word_1_36' title='bbox 2044 638 2099 684; x_wconf 80' lang='lat' dir='ltr'><strong>et</strong></span> <span class='ocrx_word' id='word_1_37' title='bbox 2126 630 2143 684; x_wconf 90' lang='lat' dir='ltr'><strong>l</strong></span> 
     </span>
    </p>
   </div>
   <div class='ocr_carea' id='block_1_6' title="bbox 2044 628 3630 703">
    <p class='ocr_par' dir='ltr' id='par_1_6' title="bbox 2044 628 3630 699">
     <span class='ocr_line' id='line_1_6' title="bbox 2044 628 3630 699; baseline 0.001 -15"><span class='ocrx_word' id='word_1_38' title='bbox 2044 638 2099 684; x_wconf 88' lang='lat' dir='ltr'><strong>et</strong></span> <span class='ocrx_word' id='word_1_39' title='bbox 2126 629 2283 693; x_wconf 89' lang='lat' dir='ltr'><strong>bibit,</strong></span> <span class='ocrx_word' id='word_1_40' title='bbox 2308 630 2401 699; x_wconf 90' lang='lat' dir='ltr'><strong>qui</strong></span> <span class='ocrx_word' id='word_1_41' title='bbox 2426 629 2528 685; x_wconf 90' lang='lat' dir='ltr'><strong>sub</strong></span> <span class='ocrx_word' id='word_1_42' title='bbox 2554 628 2748 684; x_wconf 90' lang='lat' dir='ltr'><strong>Pontio</strong></span> <span class='ocrx_word' id='word_1_43' title='bbox 2768 628 2945 683; x_wconf 90' lang='lat' dir='ltr'><strong>Pilato</strong></span> <span class='ocrx_word' id='word_1_44' title='bbox 2976 645 3171 699; x_wconf 88' lang='lat' dir='ltr'><strong>passus</strong></span> <span class='ocrx_word' id='word_1_45' title='bbox 3197 638 3300 697; x_wconf 90' lang='lat' dir='ltr'><strong>est,</strong></span> <span class='ocrx_word' id='word_1_46' title='bbox 3322 632 3549 686; x_wconf 78' lang='lat' dir='ltr'><strong>cruciﬁx</strong></span> <span class='ocrx_word' id='word_1_47' title='bbox 3566 648 3630 685; x_wconf 88' lang='lat' dir='ltr'><strong>us</strong></span> 
     </span>
    </p>
   </div>
   <div class='ocr_carea' id='block_1_7' title="bbox 359 718 2143 794">
    <p class='ocr_par' dir='ltr' id='par_1_7' title="bbox 359 718 2143 794">
     <span class='ocr_line' id='line_1_7' title="bbox 359 718 2143 794; baseline 0 -23"><span class='ocrx_word' id='word_1_48' title='bbox 359 718 663 785; x_wconf 82' lang='grc' dir='ltr'><strong>βλεπόντων</strong></span> <span class='ocrx_word' id='word_1_49' title='bbox 711 722 971 791; x_wconf 75' lang='grc' dir='ltr'><strong>ἐπιγείων</strong></span> <span class='ocrx_word' id='word_1_50' title='bbox 1015 723 1109 775; x_wconf 76' lang='grc' dir='ltr'><strong>καὶ</strong></span> <span class='ocrx_word' id='word_1_51' title='bbox 1153 722 1492 794; x_wconf 79' lang='grc' dir='ltr'>ἐπουρανίων</span> <span class='ocrx_word' id='word_1_52' title='bbox 1536 723 1630 778; x_wconf 75' lang='grc' dir='ltr'>καὶ</span> <span class='ocrx_word' id='word_1_53' title='bbox 1671 722 1936 793; x_wconf 85' lang='grc' dir='ltr'>καταχθο-</span> <span class='ocrx_word' id='word_1_54' title='bbox 2044 726 2099 772; x_wconf 86' lang='lat' dir='ltr'><strong>et</strong></span> <span class='ocrx_word' id='word_1_55' title='bbox 2124 735 2143 772; x_wconf 90' lang='grc' dir='ltr'>ῐ</span> 
     </span>
    </p>
   </div>
   <div class='ocr_carea' id='block_1_8' title="bbox 2044 718 3628 794">
    <p class='ocr_par' dir='ltr' id='par_1_8' title="bbox 2044 719 3628 788">
     <span class='ocr_line' id='line_1_8' title="bbox 2044 719 3628 788; baseline 0.003 -16"><span class='ocrx_word' id='word_1_56' title='bbox 2044 726 2099 772; x_wconf 89' lang='lat' dir='ltr'><strong>et</strong></span> <span class='ocrx_word' id='word_1_57' title='bbox 2124 726 2397 784; x_wconf 87' lang='lat' dir='ltr'><strong>mortuus,</strong></span> <span class='ocrx_word' id='word_1_58' title='bbox 2424 719 2737 775; x_wconf 75' lang='lat' dir='ltr'><strong>videntibus</strong></span> <span class='ocrx_word' id='word_1_59' title='bbox 2781 720 3133 788; x_wconf 86' lang='lat' dir='ltr'><strong>coelestibus,</strong></span> <span class='ocrx_word' id='word_1_60' title='bbox 3172 722 3529 778; x_wconf 69' lang='lat' dir='ltr'><strong>terrestribus</strong></span> <span class='ocrx_word' id='word_1_61' title='bbox 3574 732 3628 777; x_wconf 82' lang='lat' dir='ltr'><strong>et</strong></span> 
     </span>
    </p>
   </div>
   <div class='ocr_carea' id='block_1_9' title="bbox 357 810 3043 883">
    <p class='ocr_par' dir='ltr' id='par_1_9' title="bbox 357 810 3043 883">
     <span class='ocr_line' id='line_1_9' title="bbox 357 810 3043 883; baseline 0.001 -19"><span class='ocrx_word' id='word_1_62' title='bbox 357 812 497 865; x_wconf 80' lang='grc' dir='ltr'>νιων.</span> <span class='ocrx_word' id='word_1_63' title='bbox 2044 810 2255 866; x_wconf 79' lang='lat' dir='ltr'><strong>inferis.</strong></span> <span class='ocrx_word' id='word_1_64' title='bbox 2297 811 2474 882; x_wconf 84' lang='lat' dir='ltr'><strong>Epist.</strong></span> <span class='ocrx_word' id='word_1_65' title='bbox 2512 813 2580 866; x_wconf 89' lang='lat' dir='ltr'><strong>ad</strong></span> <span class='ocrx_word' id='word_1_66' title='bbox 2613 812 2809 881; x_wconf 87' lang='lat' dir='ltr'><strong>Trall.,</strong></span> <span class='ocrx_word' id='word_1_67' title='bbox 2840 830 2957 883; x_wconf 87' lang='lat' dir='ltr'><strong>cap.</strong></span> <span class='ocrx_word' id='word_1_68' title='bbox 2990 812 3043 867; x_wconf 88' lang='lat'><strong>9.</strong></span> 
     </span>
    </p>
   </div>
   <div class='ocr_carea' id='block_1_10' title="bbox 1342 924 2625 998">
    <p class='ocr_par' dir='ltr' id='par_1_10' title="bbox 1342 924 2625 998">
     <span class='ocr_line' id='line_1_10' title="bbox 1342 924 2625 998; baseline -0.001 -18"><span class='ocrx_word' id='word_1_69' title='bbox 1342 925 1494 992; x_wconf 72' lang='lat' dir='ltr'><strong>Inest,</strong></span> <span class='ocrx_word' id='word_1_70' title='bbox 1523 924 1659 979; x_wconf 89' lang='lat' dir='ltr'><strong>dial.</strong></span> <span class='ocrx_word' id='word_1_71' title='bbox 1691 924 1970 982; x_wconf 81' lang='lat' dir='ltr'><strong>lnconl&#39;us.</strong></span> <span class='ocrx_word' id='word_1_72' title='bbox 2000 940 2062 980; x_wconf 87' lang='grc' dir='ltr'>ιι.</span> <span class='ocrx_word' id='word_1_73' title='bbox 2101 925 2265 994; x_wconf 86' lang='lat' dir='ltr'><strong>Ibid.,</strong></span> <span class='ocrx_word' id='word_1_74' title='bbox 2285 944 2408 998; x_wconf 88' lang='lat' dir='ltr'><strong><em>pag.</em></strong></span> <span class='ocrx_word' id='word_1_75' title='bbox 2440 925 2531 991; x_wconf 87' lang='lat'><strong>86,</strong></span> <span class='ocrx_word' id='word_1_76' title='bbox 2563 925 2625 979; x_wconf 93' lang='lat' dir='ltr'><strong>B.</strong></span> 
     </span>
    </p>
   </div>
   <div class='ocr_carea' id='block_1_11' title="bbox 359 1035 2143 1116">
    <p class='ocr_par' dir='ltr' id='par_1_11' title="bbox 359 1035 2143 1116">
     <span class='ocr_line' id='line_1_11' title="bbox 359 1035 2143 1116; baseline -0.001 -25"><span class='ocrx_word' id='word_1_77' title='bbox 359 1036 685 1116; x_wconf 49' lang='lat' dir='ltr'><strong>Toﬁ&#39;dﬂov</strong></span> <span class='ocrx_word' id='word_1_78' title='bbox 738 1035 1029 1116; x_wconf 58' lang='grc' dir='ltr'>Ἰπνατζου</span> <span class='ocrx_word' id='word_1_79' title='bbox 1053 1037 1392 1116; x_wconf 61' lang='grc' dir='ltr'>ὲπισκέπου</span> <span class='ocrx_word' id='word_1_80' title='bbox 1432 1036 1796 1116; x_wconf 44' lang='grc' dir='ltr'>Ἀντιοχείας</span> <span class='ocrx_word' id='word_1_81' title='bbox 1837 1035 1938 1089; x_wconf 77' lang='grc' dir='ltr'>καὶ</span> <span class='ocrx_word' id='word_1_82' title='bbox 2045 1039 2143 1095; x_wconf 60' lang='lat' dir='ltr'><strong>Sam</strong></span> 
     </span>
    </p>
   </div>
   <div class='ocr_carea' id='block_1_12' title="bbox 2044 1035 3626 1116">
    <p class='ocr_par' dir='ltr' id='par_1_12' title="bbox 2045 1039 3626 1116">
     <span class='ocr_line' id='line_1_12' title="bbox 2045 1039 3626 1116; baseline 0.003 -21"><span class='ocrx_word' id='word_1_83' title='bbox 2045 1039 2230 1095; x_wconf 77' lang='lat' dir='ltr'><strong>Sancti</strong></span> <span class='ocrx_word' id='word_1_84' title='bbox 2280 1040 2826 1116; x_wconf 46' lang='lat' dir='ltr'><strong>IgnatiinAntioclteni</strong></span> <span class='ocrx_word' id='word_1_85' title='bbox 2859 1043 3099 1116; x_wconf 61' lang='lat' dir='ltr'><strong>episcopi</strong></span> <span class='ocrx_word' id='word_1_86' title='bbox 3137 1054 3188 1097; x_wconf 87' lang='lat' dir='ltr'><strong>et</strong></span> <span class='ocrx_word' id='word_1_87' title='bbox 3234 1048 3515 1116; x_wconf 80' lang='lat' dir='ltr'><strong>martyris,</strong></span> <span class='ocrx_word' id='word_1_88' title='bbox 3562 1062 3626 1099; x_wconf 77' lang='lat' dir='ltr'><strong>ea:</strong></span> 
     </span>
    </p>
   </div>
   <div class='ocr_carea' id='block_1_13' title="bbox 413 1104 2143 1184">
    <p class='ocr_par' dir='ltr' id='par_1_13' title="bbox 413 1104 1927 1184">
     <span class='ocr_line' id='line_1_13' title="bbox 413 1104 1927 1184; baseline -0.011 -9"><span class='ocrx_word' id='word_1_89' title='bbox 413 1104 718 1184; x_wconf 64' lang='grc' dir='ltr'>μιξρτυρος</span> <span class='ocrx_word' id='word_1_90' title='bbox 736 1146 752 1171; x_wconf 70' lang='grc' dir='ltr'><strong>ν</strong></span> <span class='ocrx_word' id='word_1_91' title='bbox 794 1104 867 1160; x_wconf 67' lang='grc' dir='ltr'>ἐκ</span> <span class='ocrx_word' id='word_1_92' title='bbox 895 1104 1005 1175; x_wconf 82' lang='grc' dir='ltr'>τῆς</span> <span class='ocrx_word' id='word_1_93' title='bbox 1035 1106 1188 1176; x_wconf 79' lang='grc' dir='ltr'>πρὸς</span> <span class='ocrx_word' id='word_1_94' title='bbox 1229 1108 1607 1178; x_wconf 80' lang='grc' dir='ltr'><strong>Σμυρναίους</strong></span> <span class='ocrx_word' id='word_1_95' title='bbox 1627 1104 1927 1162; x_wconf 53' lang='lat' dir='ltr'><strong>&quot;Emam-</strong></span> 
     </span>
    </p>
   </div>
   <div class='ocr_carea' id='block_1_14' title="bbox 2044 1104 3170 1184">
    <p class='ocr_par' dir='ltr' id='par_1_14' title="bbox 2313 1104 3170 1183">
     <span class='ocr_line' id='line_1_14' title="bbox 2313 1104 3170 1183; baseline 0.006 -19"><span class='ocrx_word' id='word_1_96' title='bbox 2313 1104 2333 1112; x_wconf 66' lang='grc'>⁷</span> <span class='ocrx_word' id='word_1_97' title='bbox 2484 1110 2729 1182; x_wconf 83' lang='lat' dir='ltr'><strong>Epistola</strong></span> <span class='ocrx_word' id='word_1_98' title='bbox 2756 1113 2826 1167; x_wconf 89' lang='lat' dir='ltr'><strong>ad</strong></span> <span class='ocrx_word' id='word_1_99' title='bbox 2848 1104 3170 1183; x_wconf 50' lang='lat' dir='ltr'><strong>Sr&#39;nyrnieos.</strong></span> 
     </span>
    </p>
   </div>
   <div class='ocr_carea' id='block_1_15' title="bbox 417 1181 3619 1321">
    <p class='ocr_par' dir='ltr' id='par_1_15' title="bbox 417 1181 3619 1321">
     <span class='ocr_line' id='line_1_15' title="bbox 417 1181 2959 1230; baseline 0 0"><span class='ocrx_word' id='word_1_100' title='bbox 417 1181 494 1230; x_wconf 65' lang='grc' dir='ltr'><strong>..εἰ</strong></span> <span class='ocrx_word' id='word_1_101' title='bbox 540 1217 553 1228; x_wconf 94' lang='grc'><em>.</em></span> <span class='ocrx_word' id='word_1_102' title='bbox 2946 1181 2959 1183; x_wconf 68' lang='grc'><strong><em>“</em></strong></span> 
     </span>
     <span class='ocr_line' id='line_1_16' title="bbox 431 1194 3619 1321; baseline 0.004 -26"><span class='ocrx_word' id='word_1_103' title='bbox 608 1289 723 1321; x_wconf 44' lang='lat' dir='ltr'><strong>0h</strong></span> <span class='ocrx_word' id='word_1_104' title='bbox 754 1291 847 1321; x_wconf 43' lang='grc' dir='ltr'><strong>..Δ</strong></span> <span class='ocrx_word' id='word_1_105' title='bbox 882 1290 1018 1321; x_wconf 40' lang='grc' dir='ltr'><strong>ΜΛ</strong></span> <span class='ocrx_word' id='word_1_106' title='bbox 1052 1290 1154 1321; x_wconf 46' lang='lat' dir='ltr'><strong>dm</strong></span> <span class='ocrx_word' id='word_1_107' title='bbox 1190 1290 1484 1321; x_wconf 32' lang='lat' dir='ltr'><strong>Linum“</strong></span> <span class='ocrx_word' id='word_1_108' title='bbox 1512 1290 1570 1321; x_wconf 34' lang='lat' dir='ltr'><strong>in</strong></span> <span class='ocrx_word' id='word_1_109' title='bbox 1592 1290 1751 1321; x_wconf 46' lang='lat' dir='ltr'><strong>“MA</strong></span> <span class='ocrx_word' id='word_1_110' title='bbox 1781 1289 1942 1321; x_wconf 40' lang='grc' dir='ltr'><strong>-..ΑΗ</strong></span> <span class='ocrx_word' id='word_1_111' title='bbox 2116 1243 2228 1317; x_wconf 78' lang='lat' dir='ltr'><strong>Ego</strong></span> <span class='ocrx_word' id='word_1_112' title='bbox 2277 1246 2425 1301; x_wconf 91' lang='lat' dir='ltr'><strong>enim</strong></span> <span class='ocrx_word' id='word_1_113' title='bbox 2474 1255 2600 1317; x_wconf 92' lang='lat' dir='ltr'><strong>post</strong></span> <span class='ocrx_word' id='word_1_114' title='bbox 2639 1250 3095 1304; x_wconf 74' lang='lat' dir='ltr'><strong>resurrectionem</strong></span> <span class='ocrx_word' id='word_1_115' title='bbox 3129 1251 3305 1321; x_wconf 89' lang='lat' dir='ltr'><strong>ipsum</strong></span> <span class='ocrx_word' id='word_1_116' title='bbox 3355 1252 3410 1307; x_wconf 91' lang='lat' dir='ltr'><strong>in</strong></span> <span class='ocrx_word' id='word_1_117' title='bbox 3453 1268 3619 1309; x_wconf 89' lang='lat' dir='ltr'><strong>carne</strong></span> 
     </span>
    </p>
   </div>
   <div class='ocr_carea' id='block_1_16' title="bbox 2046 1336 3619 1412">
    <p class='ocr_par' dir='ltr' id='par_1_16' title="bbox 2046 1336 3619 1412">
     <span class='ocr_line' id='line_1_17' title="bbox 2046 1336 3619 1412; baseline 0.007 -22"><span class='ocrx_word' id='word_1_118' title='bbox 2046 1336 2172 1390; x_wconf 76' lang='lat' dir='ltr'><strong>scio</strong></span> <span class='ocrx_word' id='word_1_119' title='bbox 2187 1345 2241 1393; x_wconf 87' lang='lat' dir='ltr'><strong>et</strong></span> <span class='ocrx_word' id='word_1_120' title='bbox 2264 1337 2429 1393; x_wconf 89' lang='lat' dir='ltr'><strong>credo</strong></span> <span class='ocrx_word' id='word_1_121' title='bbox 2449 1353 2570 1394; x_wconf 88' lang='lat' dir='ltr'><strong>esse</strong></span> <span class='ocrx_word' id='word_1_122' title='bbox 2596 1356 2610 1393; x_wconf 89' lang='lat'>:</span> <span class='ocrx_word' id='word_1_123' title='bbox 2646 1347 2700 1395; x_wconf 91' lang='lat' dir='ltr'><strong>et</strong></span> <span class='ocrx_word' id='word_1_124' title='bbox 2722 1340 2944 1411; x_wconf 87' lang='lat' dir='ltr'><strong>quando</strong></span> <span class='ocrx_word' id='word_1_125' title='bbox 2971 1343 3036 1396; x_wconf 86' lang='lat' dir='ltr'><strong>ad</strong></span> <span class='ocrx_word' id='word_1_126' title='bbox 3063 1358 3157 1398; x_wconf 89' lang='lat' dir='ltr'><strong>eos</strong></span> <span class='ocrx_word' id='word_1_127' title='bbox 3178 1344 3272 1412; x_wconf 89' lang='lat' dir='ltr'><strong>qui</strong></span> <span class='ocrx_word' id='word_1_128' title='bbox 3302 1359 3425 1398; x_wconf 90' lang='lat' dir='ltr'><strong>cum</strong></span> <span class='ocrx_word' id='word_1_129' title='bbox 3455 1344 3619 1401; x_wconf 79' lang='lat' dir='ltr'><strong>Petro</strong></span> 
     </span>
    </p>
   </div>
   <div class='ocr_carea' id='block_1_17' title="bbox 2043 1428 3618 1505">
    <p class='ocr_par' dir='ltr' id='par_1_17' title="bbox 2043 1428 3618 1505">
     <span class='ocr_line' id='line_1_18' title="bbox 2043 1428 3618 1505; baseline 0.008 -25"><span class='ocrx_word' id='word_1_130' title='bbox 2043 1436 2237 1493; x_wconf 86' lang='lat' dir='ltr'><strong>erant,</strong></span> <span class='ocrx_word' id='word_1_131' title='bbox 2266 1430 2436 1496; x_wconf 86' lang='lat' dir='ltr'><strong>venit,</strong></span> <span class='ocrx_word' id='word_1_132' title='bbox 2491 1428 2633 1485; x_wconf 78' lang='lat' dir='ltr'><strong>dixit</strong></span> <span class='ocrx_word' id='word_1_133' title='bbox 2684 1431 2804 1487; x_wconf 86' lang='lat' dir='ltr'><strong>eis:</strong></span> <span class='ocrx_word' id='word_1_134' title='bbox 2854 1431 3128 1503; x_wconf 81' lang='lat' dir='ltr'><strong>&#39;Accipite,</strong></span> <span class='ocrx_word' id='word_1_135' title='bbox 3166 1436 3388 1505; x_wconf 82' lang='lat' dir='ltr'><strong>palpate</strong></span> <span class='ocrx_word' id='word_1_136' title='bbox 3411 1452 3532 1501; x_wconf 91' lang='lat' dir='ltr'><strong>me,</strong></span> <span class='ocrx_word' id='word_1_137' title='bbox 3565 1449 3618 1492; x_wconf 81' lang='lat' dir='ltr'><strong>et</strong></span> 
     </span>
    </p>
   </div>
   <div class='ocr_carea' id='block_1_18' title="bbox 2046 1518 3619 1597">
    <p class='ocr_par' dir='ltr' id='par_1_18' title="bbox 2046 1518 3619 1597">
     <span class='ocr_line' id='line_1_19' title="bbox 2046 1518 3619 1597; baseline 0.007 -24"><span class='ocrx_word' id='word_1_138' title='bbox 2046 1518 2224 1575; x_wconf 83' lang='lat' dir='ltr'><strong>videte</strong></span> <span class='ocrx_word' id='word_1_139' title='bbox 2266 1520 2396 1595; x_wconf 82' lang='lat' dir='ltr'><strong>quia</strong></span> <span class='ocrx_word' id='word_1_140' title='bbox 2446 1537 2555 1576; x_wconf 90' lang='lat' dir='ltr'><strong>non</strong></span> <span class='ocrx_word' id='word_1_141' title='bbox 2586 1537 2710 1577; x_wconf 89' lang='lat' dir='ltr'><strong>sum</strong></span> <span class='ocrx_word' id='word_1_142' title='bbox 2749 1522 3078 1583; x_wconf 69' lang='lat' dir='ltr'><strong>daemonium</strong></span> <span class='ocrx_word' id='word_1_143' title='bbox 3118 1526 3522 1597; x_wconf 84' lang='lat' dir='ltr'><strong>incorporeum.</strong></span> <span class='ocrx_word' id='word_1_144' title='bbox 3555 1528 3619 1584; x_wconf 78' lang='lat' dir='ltr'><strong>Et</strong></span> 
     </span>
    </p>
   </div>
   <div class='ocr_carea' id='block_1_19' title="bbox 2044 1610 3628 1690">
    <p class='ocr_par' dir='ltr' id='par_1_19' title="bbox 2044 1610 3628 1690">
     <span class='ocr_line' id='line_1_20' title="bbox 2044 1610 3628 1690; baseline 0.008 -26"><span class='ocrx_word' id='word_1_145' title='bbox 2044 1610 2228 1665; x_wconf 85' lang='lat' dir='ltr'><strong>statim</strong></span> <span class='ocrx_word' id='word_1_146' title='bbox 2257 1612 2437 1681; x_wconf 89' lang='lat' dir='ltr'><strong>ipsum</strong></span> <span class='ocrx_word' id='word_1_147' title='bbox 2487 1613 2814 1685; x_wconf 79' lang='lat' dir='ltr'><strong>tetigerunt,</strong></span> <span class='ocrx_word' id='word_1_148' title='bbox 2855 1628 2908 1670; x_wconf 88' lang='lat' dir='ltr'><strong>et</strong></span> <span class='ocrx_word' id='word_1_149' title='bbox 2947 1616 3319 1677; x_wconf 87' lang='lat' dir='ltr'><strong>crediderunt.</strong></span> <span class='ocrx_word' id='word_1_150' title='bbox 3348 1618 3523 1690; x_wconf 80' lang='lat' dir='ltr'><strong>Epist.</strong></span> <span class='ocrx_word' id='word_1_151' title='bbox 3548 1622 3628 1679; x_wconf 80' lang='lat' dir='ltr'><strong>ad.</strong></span> 
     </span>
    </p>
   </div>
   <div class='ocr_carea' id='block_1_20' title="bbox 2044 1700 3179 1775">
    <p class='ocr_par' dir='ltr' id='par_1_20' title="bbox 2044 1700 3179 1775">
     <span class='ocr_line' id='line_1_21' title="bbox 2044 1700 3179 1775; baseline 0.003 -17"><span class='ocrx_word' id='word_1_152' title='bbox 2044 1700 2283 1773; x_wconf 83' lang='lat' dir='ltr'><strong>Smyrn.,</strong></span> <span class='ocrx_word' id='word_1_153' title='bbox 2315 1721 2432 1775; x_wconf 86' lang='lat' dir='ltr'><strong>cap.</strong></span> <span class='ocrx_word' id='word_1_154' title='bbox 2455 1704 2510 1760; x_wconf 77' lang='grc'><strong>5.</strong></span> <span class='ocrx_word' id='word_1_155' title='bbox 3176 1704 3179 1707; x_wconf 79' lang='grc'><em>’</em></span> 
     </span>
    </p>
   </div>
   <div class='ocr_carea' id='block_1_21' title="bbox 431 1289 1942 1363">
    <p class='ocr_par' dir='ltr' id='par_1_21' title="bbox 431 1289 1942 1363">
     <span class='ocr_line' id='line_1_22' title="bbox 431 1289 1942 1363; baseline 0.001 -21"><span class='ocrx_word' id='word_1_156' title='bbox 431 1289 575 1358; x_wconf 85' lang='grc' dir='ltr'><strong>Ἐγὼ</strong></span> <span class='ocrx_word' id='word_1_157' title='bbox 608 1289 723 1363; x_wconf 82' lang='grc' dir='ltr'>γάρ</span> <span class='ocrx_word' id='word_1_158' title='bbox 754 1291 852 1345; x_wconf 80' lang='grc' dir='ltr'>καὶ</span> <span class='ocrx_word' id='word_1_159' title='bbox 882 1290 1019 1362; x_wconf 83' lang='grc' dir='ltr'>μετὰ</span> <span class='ocrx_word' id='word_1_160' title='bbox 1052 1290 1154 1361; x_wconf 86' lang='grc' dir='ltr'><strong>τὴν</strong></span> <span class='ocrx_word' id='word_1_161' title='bbox 1188 1290 1484 1345; x_wconf 79' lang='grc' dir='ltr'><strong>ἀνάστασιν</strong></span> <span class='ocrx_word' id='word_1_162' title='bbox 1511 1290 1570 1343; x_wconf 82' lang='grc' dir='ltr'><strong>ὲν</strong></span> <span class='ocrx_word' id='word_1_163' title='bbox 1592 1290 1756 1362; x_wconf 75' lang='grc' dir='ltr'>σαρκὶ</span> <span class='ocrx_word' id='word_1_164' title='bbox 1780 1289 1942 1344; x_wconf 79' lang='grc' dir='ltr'>αὐτὸν</span> 
     </span>
    </p>
   </div>
   <div class='ocr_carea' id='block_1_22' title="bbox 356 1376 1947 1453">
    <p class='ocr_par' dir='ltr' id='par_1_22' title="bbox 356 1376 1947 1453">
     <span class='ocr_line' id='line_1_23' title="bbox 356 1376 1947 1453; baseline 0.002 -21"><span class='ocrx_word' id='word_1_165' title='bbox 356 1376 470 1435; x_wconf 78' lang='grc' dir='ltr'>οἶδα</span> <span class='ocrx_word' id='word_1_166' title='bbox 497 1382 596 1435; x_wconf 83' lang='grc' dir='ltr'><strong>καὶ</strong></span> <span class='ocrx_word' id='word_1_167' title='bbox 619 1381 867 1436; x_wconf 80' lang='grc' dir='ltr'><strong>πιστεύω</strong></span> <span class='ocrx_word' id='word_1_168' title='bbox 887 1382 1039 1436; x_wconf 77' lang='grc' dir='ltr'>ὄντα·</span> <span class='ocrx_word' id='word_1_169' title='bbox 1074 1383 1171 1436; x_wconf 78' lang='grc' dir='ltr'><strong>καὶ</strong></span> <span class='ocrx_word' id='word_1_170' title='bbox 1203 1382 1296 1435; x_wconf 79' lang='grc' dir='ltr'><strong>ὅτε</strong></span> <span class='ocrx_word' id='word_1_171' title='bbox 1336 1381 1473 1453; x_wconf 85' lang='grc' dir='ltr'>πρὸς</span> <span class='ocrx_word' id='word_1_172' title='bbox 1518 1382 1646 1445; x_wconf 80' lang='grc' dir='ltr'>τοὺς</span> <span class='ocrx_word' id='word_1_173' title='bbox 1684 1383 1812 1453; x_wconf 76' lang='grc' dir='ltr'>περὶ</span> <span class='ocrx_word' id='word_1_174' title='bbox 1842 1382 1947 1435; x_wconf 81' lang='grc' dir='ltr'><strong>Πέ-</strong></span> 
     </span>
    </p>
   </div>
   <div class='ocr_carea' id='block_1_23' title="bbox 351 1468 1942 1548">
    <p class='ocr_par' dir='ltr' id='par_1_23' title="bbox 351 1468 1942 1548">
     <span class='ocr_line' id='line_1_24' title="bbox 351 1468 1942 1548; baseline 0.003 -25"><span class='ocrx_word' id='word_1_175' title='bbox 351 1489 472 1543; x_wconf 75' lang='grc' dir='ltr'>τρον</span> <span class='ocrx_word' id='word_1_176' title='bbox 498 1468 692 1543; x_wconf 81' lang='grc' dir='ltr'>ἦλθεν,</span> <span class='ocrx_word' id='word_1_177' title='bbox 721 1475 827 1546; x_wconf 77' lang='grc' dir='ltr'><strong>ἔφη</strong></span> <span class='ocrx_word' id='word_1_178' title='bbox 856 1477 1040 1538; x_wconf 77' lang='grc' dir='ltr'>αὐτοῖς</span> <span class='ocrx_word' id='word_1_179' title='bbox 1058 1492 1074 1505; x_wconf 88' lang='grc'><strong>·</strong></span> <span class='ocrx_word' id='word_1_180' title='bbox 1099 1474 1329 1543; x_wconf 80' lang='grc' dir='ltr'>Λάϐετε,</span> <span class='ocrx_word' id='word_1_181' title='bbox 1352 1476 1712 1548; x_wconf 78' lang='grc' dir='ltr'><strong>ψηλαφήσατέ</strong></span> <span class='ocrx_word' id='word_1_182' title='bbox 1736 1493 1823 1547; x_wconf 83' lang='grc' dir='ltr'>με,</span> <span class='ocrx_word' id='word_1_183' title='bbox 1846 1475 1942 1530; x_wconf 78' lang='grc' dir='ltr'><strong>καὶ</strong></span> 
     </span>
    </p>
   </div>
   <div class='ocr_carea' id='block_1_24' title="bbox 353 1566 1940 1639">
    <p class='ocr_par' dir='ltr' id='par_1_24' title="bbox 353 1566 1940 1639">
     <span class='ocr_line' id='line_1_25' title="bbox 353 1566 1940 1639; baseline 0.003 -21"><span class='ocrx_word' id='word_1_184' title='bbox 353 1566 481 1618; x_wconf 65' lang='lat' dir='ltr'><strong>Bst:</strong></span> <span class='ocrx_word' id='word_1_185' title='bbox 528 1566 612 1619; x_wconf 82' lang='grc' dir='ltr'><strong>ὅτι</strong></span> <span class='ocrx_word' id='word_1_186' title='bbox 649 1568 751 1620; x_wconf 77' lang='grc' dir='ltr'><strong>οὐκ</strong></span> <span class='ocrx_word' id='word_1_187' title='bbox 795 1568 911 1638; x_wconf 76' lang='grc' dir='ltr'>εἰμὶ</span> <span class='ocrx_word' id='word_1_188' title='bbox 963 1567 1239 1638; x_wconf 75' lang='grc' dir='ltr'>δαιμόνιον</span> <span class='ocrx_word' id='word_1_189' title='bbox 1289 1567 1611 1639; x_wconf 82' lang='grc' dir='ltr'>ἀσώματον·</span> <span class='ocrx_word' id='word_1_190' title='bbox 1645 1568 1741 1623; x_wconf 75' lang='grc' dir='ltr'>καὶ</span> <span class='ocrx_word' id='word_1_191' title='bbox 1778 1567 1940 1632; x_wconf 83' lang='grc' dir='ltr'>εὐθὺς</span> 
     </span>
    </p>
   </div>
   <div class='ocr_carea' id='block_1_25' title="bbox 353 1658 1286 1729">
    <p class='ocr_par' dir='ltr' id='par_1_25' title="bbox 353 1658 1286 1729">
     <span class='ocr_line' id='line_1_26' title="bbox 353 1658 1286 1729; baseline 0.003 -19"><span class='ocrx_word' id='word_1_192' title='bbox 353 1658 511 1712; x_wconf 77' lang='grc' dir='ltr'>αὐτοῦ</span> <span class='ocrx_word' id='word_1_193' title='bbox 535 1658 774 1729; x_wconf 56' lang='grc' dir='ltr'>ἥψαντο,</span> <span class='ocrx_word' id='word_1_194' title='bbox 801 1660 899 1713; x_wconf 80' lang='grc' dir='ltr'>καὶ</span> <span class='ocrx_word' id='word_1_195' title='bbox 928 1660 1286 1716; x_wconf 76' lang='grc' dir='ltr'>ἐπίστευσαν.</span> 
     </span>
    </p>
   </div>
   <div class='ocr_carea' id='block_1_26' title="bbox 522 1818 2143 1905">
    <p class='ocr_par' dir='ltr' id='par_1_26' title="bbox 522 1832 1753 1905">
     <span class='ocr_line' id='line_1_27' title="bbox 522 1832 1753 1905; baseline -0.002 -17"><span class='ocrx_word' id='word_1_196' title='bbox 522 1834 642 1889; x_wconf 80' lang='grc' dir='ltr'>Τοῦ</span> <span class='ocrx_word' id='word_1_197' title='bbox 666 1835 858 1890; x_wconf 80' lang='grc' dir='ltr'>αὐτοῦ</span> <span class='ocrx_word' id='word_1_198' title='bbox 896 1835 967 1889; x_wconf 80' lang='grc' dir='ltr'>ἐκ</span> <span class='ocrx_word' id='word_1_199' title='bbox 994 1836 1107 1905; x_wconf 81' lang='grc' dir='ltr'>τῆς</span> <span class='ocrx_word' id='word_1_200' title='bbox 1139 1833 1329 1905; x_wconf 79' lang='grc' dir='ltr'>αὐτῆς</span> <span class='ocrx_word' id='word_1_201' title='bbox 1370 1832 1753 1903; x_wconf 73' lang='grc' dir='ltr'>Ἐπιστολῆς.</span> 
     </span>
    </p>
   </div>
   <div class='ocr_carea' id='block_1_27' title="bbox 2044 1818 3264 1905">
    <p class='ocr_par' dir='ltr' id='par_1_27' title="bbox 2394 1818 3264 1895">
     <span class='ocr_line' id='line_1_28' title="bbox 2394 1818 3264 1895; baseline 0.008 -22"><span class='ocrx_word' id='word_1_202' title='bbox 2394 1818 2654 1889; x_wconf 77' lang='lat' dir='ltr'><strong>Ejusdem</strong></span> <span class='ocrx_word' id='word_1_203' title='bbox 2687 1838 2752 1877; x_wconf 77' lang='lat' dir='ltr'><strong>ex</strong></span> <span class='ocrx_word' id='word_1_204' title='bbox 2782 1824 2966 1878; x_wconf 81' lang='lat' dir='ltr'><strong>cadent</strong></span> <span class='ocrx_word' id='word_1_205' title='bbox 2996 1822 3264 1895; x_wconf 78' lang='lat' dir='ltr'><strong>Epistola.</strong></span> 
     </span>
    </p>
   </div>
   <div class='ocr_carea' id='block_1_28' title="bbox 415 1922 2143 2021">
    <p class='ocr_par' dir='ltr' id='par_1_28' title="bbox 415 1922 2141 2021">
     <span class='ocr_line' id='line_1_29' title="bbox 415 1922 2141 2021; baseline -0.003 -17"><span class='ocrx_word' id='word_1_206' title='bbox 415 1950 567 2004; x_wconf 72' lang='grc' dir='ltr'>Μετὰ</span> <span class='ocrx_word' id='word_1_207' title='bbox 590 1950 663 2003; x_wconf 81' lang='grc' dir='ltr'><strong>δὲ</strong></span> <span class='ocrx_word' id='word_1_208' title='bbox 689 1951 790 2021; x_wconf 80' lang='grc' dir='ltr'><strong>τὴν</strong></span> <span class='ocrx_word' id='word_1_209' title='bbox 819 1950 1119 2004; x_wconf 74' lang='grc' dir='ltr'>ἀνάστασιν</span> <span class='ocrx_word' id='word_1_210' title='bbox 1140 1950 1233 2004; x_wconf 75' lang='grc' dir='ltr'>καὶ</span> <span class='ocrx_word' id='word_1_211' title='bbox 1260 1949 1531 2019; x_wconf 77' lang='grc' dir='ltr'>συνέφαγε</span> <span class='ocrx_word' id='word_1_212' title='bbox 1561 1922 1655 2004; x_wconf 74' lang='grc' dir='ltr'>καὶ</span> <span class='ocrx_word' id='word_1_213' title='bbox 1677 1947 1928 2002; x_wconf 80' lang='grc' dir='ltr'>συνέπιεν</span> <span class='ocrx_word' id='word_1_214' title='bbox 1960 1944 2003 1999; x_wconf 88' lang='grc' dir='ltr'><strong>Β</strong></span> <span class='ocrx_word' id='word_1_215' title='bbox 2100 1934 2141 1989; x_wconf 84' lang='grc' dir='ltr'><strong><em>Ρ</em></strong></span> 
     </span>
    </p>
   </div>
   <div class='ocr_carea' id='block_1_29' title="bbox 2044 1922 3615 2021">
    <p class='ocr_par' dir='ltr' id='par_1_29' title="bbox 2100 1934 3615 1996">
     <span class='ocr_line' id='line_1_30' title="bbox 2100 1934 3615 1996; baseline 0.005 -7"><span class='ocrx_word' id='word_1_216' title='bbox 2100 1934 2233 1991; x_wconf 86' lang='lat' dir='ltr'><strong>Post</strong></span> <span class='ocrx_word' id='word_1_217' title='bbox 2260 1936 2718 1993; x_wconf 83' lang='lat' dir='ltr'><strong>resurrectionem</strong></span> <span class='ocrx_word' id='word_1_218' title='bbox 2750 1948 2933 1994; x_wconf 88' lang='lat' dir='ltr'><strong>autem</strong></span> <span class='ocrx_word' id='word_1_219' title='bbox 2965 1954 3076 1995; x_wconf 80' lang='lat' dir='ltr'><strong>una</strong></span> <span class='ocrx_word' id='word_1_220' title='bbox 3101 1955 3228 1995; x_wconf 92' lang='lat' dir='ltr'><strong>cum</strong></span> <span class='ocrx_word' id='word_1_221' title='bbox 3257 1940 3343 1996; x_wconf 87' lang='lat' dir='ltr'><strong>eis</strong></span> <span class='ocrx_word' id='word_1_222' title='bbox 3373 1950 3430 1995; x_wconf 87' lang='lat' dir='ltr'><strong>et</strong></span> <span class='ocrx_word' id='word_1_223' title='bbox 3460 1957 3615 1996; x_wconf 83' lang='lat' dir='ltr'><strong>com-</strong></span> 
     </span>
    </p>
   </div>
   <div class='ocr_carea' id='block_1_30' title="bbox 350 2027 2143 2115">
    <p class='ocr_par' dir='ltr' id='par_1_30' title="bbox 350 2027 2143 2115">
     <span class='ocr_line' id='line_1_31' title="bbox 350 2027 2143 2115; baseline -0.007 -20"><span class='ocrx_word' id='word_1_224' title='bbox 350 2043 541 2105; x_wconf 75' lang='grc' dir='ltr'>αὺτοίς,</span> <span class='ocrx_word' id='word_1_225' title='bbox 574 2041 660 2105; x_wconf 80' lang='grc' dir='ltr'>ὡς</span> <span class='ocrx_word' id='word_1_226' title='bbox 688 2041 968 2113; x_wconf 81' lang='grc' dir='ltr'>σαρκικῶς</span> <span class='ocrx_word' id='word_1_227' title='bbox 1006 2043 1102 2096; x_wconf 75' lang='grc' dir='ltr'>καὶ</span> <span class='ocrx_word' id='word_1_228' title='bbox 1135 2039 1519 2113; x_wconf 79' lang='grc' dir='ltr'>πνευματικῶς</span> <span class='ocrx_word' id='word_1_229' title='bbox 1539 2039 1819 2112; x_wconf 79' lang='grc' dir='ltr'><strong>ἡνωμένος</strong></span> <span class='ocrx_word' id='word_1_230' title='bbox 1848 2038 1931 2115; x_wconf 71' lang='grc' dir='ltr'>τῷ</span> <span class='ocrx_word' id='word_1_231' title='bbox 2036 2027 2143 2084; x_wconf 86' lang='lat' dir='ltr'><strong>edit</strong></span> 
     </span>
    </p>
   </div>
   <div class='ocr_carea' id='block_1_31' title="bbox 2044 2027 3617 2115">
    <p class='ocr_par' dir='ltr' id='par_1_31' title="bbox 2044 2027 3617 2103">
     <span class='ocr_line' id='line_1_32' title="bbox 2044 2027 3617 2103; baseline 0.005 -19"><span class='ocrx_word' id='word_1_232' title='bbox 2044 2027 2150 2084; x_wconf 83' lang='lat' dir='ltr'><strong>edit</strong></span> <span class='ocrx_word' id='word_1_233' title='bbox 2201 2035 2257 2083; x_wconf 92' lang='lat' dir='ltr'><strong>et</strong></span> <span class='ocrx_word' id='word_1_234' title='bbox 2309 2028 2470 2096; x_wconf 63' lang='lat' dir='ltr'><strong>bibit,</strong></span> <span class='ocrx_word' id='word_1_235' title='bbox 2502 2039 2766 2100; x_wconf 88' lang='lat' dir='ltr'><strong>tanquam</strong></span> <span class='ocrx_word' id='word_1_236' title='bbox 2824 2032 3121 2089; x_wconf 82' lang='lat' dir='ltr'><strong>carnaliter</strong></span> <span class='ocrx_word' id='word_1_237' title='bbox 3162 2042 3219 2091; x_wconf 84' lang='lat' dir='ltr'><strong>et</strong></span> <span class='ocrx_word' id='word_1_238' title='bbox 3262 2034 3617 2103; x_wconf 81' lang='lat' dir='ltr'><strong>spiritualiter</strong></span> 
     </span>
    </p>
   </div>
   <div class='ocr_carea' id='block_1_32' title="bbox 352 2116 2143 2205">
    <p class='ocr_par' dir='ltr' id='par_1_32' title="bbox 352 2117 2138 2205">
     <span class='ocr_line' id='line_1_33' title="bbox 352 2117 2138 2205; baseline -0.008 -17"><span class='ocrx_word' id='word_1_239' title='bbox 352 2136 538 2205; x_wconf 79' lang='grc' dir='ltr'>Πατρί.</span> <span class='ocrx_word' id='word_1_240' title='bbox 2044 2117 2138 2174; x_wconf 78' lang='lat' dir='ltr'><strong>nni</strong></span> 
     </span>
    </p>
   </div>
   <div class='ocr_carea' id='block_1_33' title="bbox 2044 2116 2609 2205">
    <p class='ocr_par' dir='ltr' id='par_1_33' title="bbox 2044 2116 2609 2174">
     <span class='ocr_line' id='line_1_34' title="bbox 2044 2116 2609 2174; baseline 0 0"><span class='ocrx_word' id='word_1_241' title='bbox 2044 2117 2243 2174; x_wconf 85' lang='lat' dir='ltr'><strong>unitus</strong></span> <span class='ocrx_word' id='word_1_242' title='bbox 2256 2116 2430 2173; x_wconf 70' lang='lat' dir='ltr'><strong>Patri.</strong></span> <span class='ocrx_word' id='word_1_243' title='bbox 2464 2117 2609 2174; x_wconf 79' lang='lat' dir='ltr'><strong>Ibid.</strong></span> 
     </span>
    </p>
   </div>
   <div class='ocr_carea' id='block_1_34' title="bbox 1304 2232 2636 2316">
    <p class='ocr_par' dir='ltr' id='par_1_34' title="bbox 1304 2232 2636 2316">
     <span class='ocr_line' id='line_1_35' title="bbox 1304 2232 2636 2316; baseline -0.011 -14"><span class='ocrx_word' id='word_1_244' title='bbox 1304 2246 1461 2315; x_wconf 73' lang='lat' dir='ltr'><strong>locu,</strong></span> <span class='ocrx_word' id='word_1_245' title='bbox 1494 2246 1630 2301; x_wconf 89' lang='lat' dir='ltr'><strong>dial.</strong></span> <span class='ocrx_word' id='word_1_246' title='bbox 1660 2243 1913 2316; x_wconf 86' lang='lat' dir='ltr'><strong>lmpatih.</strong></span> <span class='ocrx_word' id='word_1_247' title='bbox 1947 2254 2030 2296; x_wconf 87' lang='grc' dir='ltr'>ιιι.</span> <span class='ocrx_word' id='word_1_248' title='bbox 2060 2232 2231 2302; x_wconf 74' lang='grc' dir='ltr'><strong>Ῑὺὶιί.,</strong></span> <span class='ocrx_word' id='word_1_249' title='bbox 2256 2249 2380 2305; x_wconf 88' lang='lat' dir='ltr'><strong>pag.</strong></span> <span class='ocrx_word' id='word_1_250' title='bbox 2416 2233 2541 2302; x_wconf 71' lang='grc'><strong>154,</strong></span> <span class='ocrx_word' id='word_1_251' title='bbox 2572 2233 2636 2287; x_wconf 92' lang='lat' dir='ltr'><strong>D.</strong></span> 
     </span>
    </p>
   </div>
   <div class='ocr_carea' id='block_1_35' title="bbox 357 2355 2143 2501">
    <p class='ocr_par' dir='ltr' id='par_1_35' title="bbox 357 2355 2143 2501">
     <span class='ocr_line' id='line_1_36' title="bbox 357 2355 2143 2447; baseline -0.007 -28"><span class='ocrx_word' id='word_1_252' title='bbox 357 2365 460 2419; x_wconf 82' lang='grc' dir='ltr'>Τοῦ</span> <span class='ocrx_word' id='word_1_253' title='bbox 496 2364 678 2433; x_wconf 73' lang='grc' dir='ltr'>ἁγίου</span> <span class='ocrx_word' id='word_1_254' title='bbox 715 2363 1008 2443; x_wconf 65' lang='grc' dir='ltr'>Ἰγνατίου</span> <span class='ocrx_word' id='word_1_255' title='bbox 1044 2362 1383 2416; x_wconf 77' lang='grc' dir='ltr'>ἐπισκόπου</span> <span class='ocrx_word' id='word_1_256' title='bbox 1435 2358 1800 2429; x_wconf 76' lang='grc' dir='ltr'><strong>Ἀντιοχείας</strong></span> <span class='ocrx_word' id='word_1_257' title='bbox 1836 2355 1935 2409; x_wconf 76' lang='grc' dir='ltr'>καὶ</span> <span class='ocrx_word' id='word_1_258' title='bbox 2042 2390 2143 2447; x_wconf 51' lang='lat' dir='ltr'><strong>san</strong></span> 
     </span>
     <span class='ocr_line' id='line_1_37' title="bbox 408 2430 1939 2501; baseline -0.013 0"><span class='ocrx_word' id='word_1_259' title='bbox 408 2434 749 2501; x_wconf 79' lang='grc' dir='ltr'>μάρτυρος,</span> <span class='ocrx_word' id='word_1_260' title='bbox 785 2433 856 2487; x_wconf 82' lang='grc' dir='ltr'>ἐκ</span> <span class='ocrx_word' id='word_1_261' title='bbox 899 2449 1012 2501; x_wconf 82' lang='grc' dir='ltr'><strong>της</strong></span> <span class='ocrx_word' id='word_1_262' title='bbox 1059 2431 1209 2501; x_wconf 74' lang='grc' dir='ltr'>πρὸς</span> <span class='ocrx_word' id='word_1_263' title='bbox 1242 2430 1619 2501; x_wconf 75' lang='grc' dir='ltr'>Σμυρναίους</span> <span class='ocrx_word' id='word_1_264' title='bbox 1665 2430 1939 2483; x_wconf 83' lang='grc' dir='ltr'>Ἐπιστο-</span> 
     </span>
    </p>
   </div>
   <div class='ocr_carea' id='block_1_36' title="bbox 2044 2355 3616 2501">
    <p class='ocr_par' dir='ltr' id='par_1_36' title="bbox 2044 2388 3616 2501">
     <span class='ocr_line' id='line_1_38' title="bbox 2044 2388 3616 2501; baseline 0.001 -54"><span class='ocrx_word' id='word_1_265' title='bbox 2044 2390 2226 2447; x_wconf 81' lang='lat' dir='ltr'><strong>Sancti</strong></span> <span class='ocrx_word' id='word_1_266' title='bbox 2272 2388 2476 2462; x_wconf 86' lang='lat' dir='ltr'><strong>Ignatii</strong></span> <span class='ocrx_word' id='word_1_267' title='bbox 2504 2390 2734 2501; x_wconf 69' lang='lat' dir='ltr'><strong>episcolpi</strong></span> <span class='ocrx_word' id='word_1_268' title='bbox 2778 2390 3092 2447; x_wconf 77' lang='lat' dir='ltr'><strong>Antiocheni</strong></span> <span class='ocrx_word' id='word_1_269' title='bbox 3136 2402 3187 2447; x_wconf 85' lang='lat' dir='ltr'><strong>et</strong></span> <span class='ocrx_word' id='word_1_270' title='bbox 3228 2394 3517 2465; x_wconf 77' lang='lat' dir='ltr'><strong>martyris,</strong></span> <span class='ocrx_word' id='word_1_271' title='bbox 3551 2408 3616 2448; x_wconf 76' lang='lat' dir='ltr'><strong>ea:</strong></span> 
     </span>
     <span class='ocr_line' id='line_1_39' title="bbox 2479 2459 3172 2501; baseline 0 0"><span class='ocrx_word' id='word_1_272' title='bbox 2479 2459 2663 2501; x_wconf 65' lang='lat' dir='ltr'><strong>ann</strong></span> <span class='ocrx_word' id='word_1_273' title='bbox 2689 2479 2720 2501; x_wconf 83' lang='grc' dir='ltr'>ιι</span> <span class='ocrx_word' id='word_1_274' title='bbox 2758 2464 2828 2501; x_wconf 74' lang='lat' dir='ltr'><strong>nd</strong></span> <span class='ocrx_word' id='word_1_275' title='bbox 2872 2460 3172 2501; x_wconf 66' lang='lat' dir='ltr'><strong>Rmummm</strong></span> 
     </span>
    </p>
   </div>
   <div class='ocr_carea' id='block_1_37' title="bbox 408 2434 2143 2572">
    <p class='ocr_par' dir='ltr' id='par_1_37' title="bbox 408 2434 2143 2572">
     <span class='ocr_line' id='line_1_40' title="bbox 408 2434 2143 2559; baseline -0.053 2"><span class='ocrx_word' id='word_1_276' title='bbox 408 2434 749 2559; x_wconf 49' lang='lat' dir='ltr'><strong>54mm“</strong></span> <span class='ocrx_word' id='word_1_277' title='bbox 785 2434 856 2487; x_wconf 66' lang='grc' dir='ltr'><strong><em>ἐκ</em></strong></span> <span class='ocrx_word' id='word_1_278' title='bbox 899 2434 1012 2502; x_wconf 66' lang='grc' dir='ltr'><strong>τῆς</strong></span> <span class='ocrx_word' id='word_1_279' title='bbox 1059 2434 1209 2502; x_wconf 62' lang='grc' dir='ltr'><strong>πρὸς</strong></span> <span class='ocrx_word' id='word_1_280' title='bbox 1242 2434 1619 2501; x_wconf 76' lang='grc' dir='ltr'>Σμυρναίους</span> <span class='ocrx_word' id='word_1_281' title='bbox 1665 2434 1939 2483; x_wconf 83' lang='grc' dir='ltr'>Ἐπιστο-</span> <span class='ocrx_word' id='word_1_282' title='bbox 2042 2434 2143 2447; x_wconf 60' lang='grc' dir='ltr'><strong>νη·</strong></span> 
     </span>
     <span class='ocr_line' id='line_1_41' title="bbox 456 2524 549 2572; baseline -0.022 1"><span class='ocrx_word' id='word_1_283' title='bbox 456 2524 549 2572; x_wconf 82' lang='grc' dir='ltr'><strong>ης-</strong></span> 
     </span>
    </p>
   </div>
   <div class='ocr_carea' id='block_1_38' title="bbox 2044 2434 3193 2572">
    <p class='ocr_par' dir='ltr' id='par_1_38' title="bbox 2044 2434 3193 2533">
     <span class='ocr_line' id='line_1_42' title="bbox 2044 2434 3187 2462; baseline 0.001 -17"><span class='ocrx_word' id='word_1_284' title='bbox 2044 2434 2226 2447; x_wconf 66' lang='grc' dir='ltr'><strong>υ-..-.-</strong></span> <span class='ocrx_word' id='word_1_285' title='bbox 2272 2434 2476 2462; x_wconf 56' lang='grc' dir='ltr'><strong>,πη-,η</strong></span> <span class='ocrx_word' id='word_1_286' title='bbox 2504 2434 2673 2460; x_wconf 70' lang='lat'><strong>-,..---</strong></span> <span class='ocrx_word' id='word_1_287' title='bbox 2717 2434 2734 2445; x_wconf 85' lang='lat'><strong>.</strong></span> <span class='ocrx_word' id='word_1_288' title='bbox 2778 2434 3092 2447; x_wconf 70' lang='lat'><strong>.-......-......</strong></span> <span class='ocrx_word' id='word_1_289' title='bbox 3137 2434 3187 2447; x_wconf 73' lang='grc' dir='ltr'><strong>ν,</strong></span> 
     </span>
     <span class='ocr_line' id='line_1_43' title="bbox 2475 2434 3193 2533; baseline 0.004 -19"><span class='ocrx_word' id='word_1_290' title='bbox 2475 2434 2722 2531; x_wconf 53' lang='lat' dir='ltr'><strong>Epistolb</strong></span> <span class='ocrx_word' id='word_1_291' title='bbox 2758 2464 2828 2515; x_wconf 89' lang='lat' dir='ltr'><strong>ad</strong></span> <span class='ocrx_word' id='word_1_292' title='bbox 2870 2460 3193 2533; x_wconf 79' lang='lat' dir='ltr'><strong>Smyrnwos.</strong></span> 
     </span>
    </p>
   </div>
   <div class='ocr_carea' id='block_1_39' title="bbox 416 2574 2143 2669">
    <p class='ocr_par' dir='ltr' id='par_1_39' title="bbox 416 2574 2143 2669">
     <span class='ocr_line' id='line_1_44' title="bbox 416 2574 2143 2669; baseline -0.004 -20"><span class='ocrx_word' id='word_1_293' title='bbox 416 2597 784 2669; x_wconf 70' lang='grc' dir='ltr'>Εὐχάριστίας</span> <span class='ocrx_word' id='word_1_294' title='bbox 810 2596 907 2649; x_wconf 74' lang='grc' dir='ltr'><strong>καὶ</strong></span> <span class='ocrx_word' id='word_1_295' title='bbox 947 2592 1266 2666; x_wconf 83' lang='grc' dir='ltr'>προσφορὰς</span> <span class='ocrx_word' id='word_1_296' title='bbox 1302 2592 1404 2646; x_wconf 82' lang='grc' dir='ltr'><strong>οὐκ</strong></span> <span class='ocrx_word' id='word_1_297' title='bbox 1439 2591 1815 2663; x_wconf 84' lang='grc' dir='ltr'>ἀποδέχονται,</span> <span class='ocrx_word' id='word_1_298' title='bbox 1849 2588 1939 2644; x_wconf 77' lang='grc' dir='ltr'><strong>διὰ</strong></span> <span class='ocrx_word' id='word_1_299' title='bbox 2112 2574 2143 2629; x_wconf 70' lang='grc' dir='ltr'><strong><em>Ε</em></strong></span> 
     </span>
    </p>
   </div>
   <div class='ocr_carea' id='block_1_40' title="bbox 2044 2574 3616 2669">
    <p class='ocr_par' dir='ltr' id='par_1_40' title="bbox 2112 2574 3616 2648">
     <span class='ocr_line' id='line_1_45' title="bbox 2112 2574 3616 2648; baseline 0.003 -18"><span class='ocrx_word' id='word_1_300' title='bbox 2112 2574 2494 2631; x_wconf 89' lang='lat' dir='ltr'><strong>Eucharistias</strong></span> <span class='ocrx_word' id='word_1_301' title='bbox 2527 2583 2583 2631; x_wconf 89' lang='lat' dir='ltr'><strong>et</strong></span> <span class='ocrx_word' id='word_1_302' title='bbox 2619 2575 2931 2633; x_wconf 85' lang='lat' dir='ltr'><strong>oblationes</strong></span> <span class='ocrx_word' id='word_1_303' title='bbox 2962 2592 3072 2632; x_wconf 91' lang='lat' dir='ltr'><strong>non</strong></span> <span class='ocrx_word' id='word_1_304' title='bbox 3116 2577 3444 2645; x_wconf 89' lang='lat' dir='ltr'><strong>admittunt,</strong></span> <span class='ocrx_word' id='word_1_305' title='bbox 3468 2579 3616 2648; x_wconf 85' lang='lat' dir='ltr'><strong>quod</strong></span> 
     </span>
    </p>
   </div>
   <div class='ocr_carea' id='block_1_41' title="bbox 351 2668 2143 2756">
    <p class='ocr_par' dir='ltr' id='par_1_41' title="bbox 351 2668 2143 2756">
     <span class='ocr_line' id='line_1_46' title="bbox 351 2668 2143 2756; baseline -0.008 -18"><span class='ocrx_word' id='word_1_306' title='bbox 351 2686 407 2738; x_wconf 74' lang='grc' dir='ltr'><strong>τὸ</strong></span> <span class='ocrx_word' id='word_1_307' title='bbox 444 2668 519 2755; x_wconf 12' lang='grc' dir='ltr'><strong>μὴν</strong></span> <span class='ocrx_word' id='word_1_308' title='bbox 545 2684 838 2756; x_wconf 80' lang='grc' dir='ltr'>ὁμολογεῖν</span> <span class='ocrx_word' id='word_1_309' title='bbox 881 2684 982 2755; x_wconf 85' lang='grc' dir='ltr'>τὴν</span> <span class='ocrx_word' id='word_1_310' title='bbox 1022 2680 1369 2752; x_wconf 78' lang='grc' dir='ltr'>εὐχαριστίαν</span> <span class='ocrx_word' id='word_1_311' title='bbox 1427 2679 1609 2751; x_wconf 83' lang='grc' dir='ltr'>σάρκα</span> <span class='ocrx_word' id='word_1_312' title='bbox 1668 2675 1806 2732; x_wconf 75' lang='grc' dir='ltr'>εἶναι</span> <span class='ocrx_word' id='word_1_313' title='bbox 1834 2677 1931 2730; x_wconf 89' lang='grc' dir='ltr'><strong>τοῦ</strong></span> <span class='ocrx_word' id='word_1_314' title='bbox 2041 2684 2143 2724; x_wconf 86' lang='lat' dir='ltr'><strong>non</strong></span> 
     </span>
    </p>
   </div>
   <div class='ocr_carea' id='block_1_42' title="bbox 2044 2668 3616 2756">
    <p class='ocr_par' dir='ltr' id='par_1_42' title="bbox 2044 2668 3616 2727">
     <span class='ocr_line' id='line_1_47' title="bbox 2044 2668 3616 2727; baseline 0 -3"><span class='ocrx_word' id='word_1_315' title='bbox 2044 2684 2152 2724; x_wconf 91' lang='lat' dir='ltr'><strong>non</strong></span> <span class='ocrx_word' id='word_1_316' title='bbox 2179 2668 2546 2725; x_wconf 84' lang='lat' dir='ltr'><strong>conﬁteantur</strong></span> <span class='ocrx_word' id='word_1_317' title='bbox 2574 2670 2966 2725; x_wconf 85' lang='lat' dir='ltr'><strong>eucharistiam</strong></span> <span class='ocrx_word' id='word_1_318' title='bbox 2997 2685 3219 2727; x_wconf 89' lang='lat' dir='ltr'><strong>carnem</strong></span> <span class='ocrx_word' id='word_1_319' title='bbox 3260 2685 3385 2727; x_wconf 90' lang='lat' dir='ltr'><strong>esse</strong></span> <span class='ocrx_word' id='word_1_320' title='bbox 3424 2670 3616 2725; x_wconf 86' lang='lat' dir='ltr'><strong>Salva-</strong></span> 
     </span>
    </p>
   </div>
   <div class='ocr_carea' id='block_1_43' title="bbox 354 2760 2143 2847">
    <p class='ocr_par' dir='ltr' id='par_1_43' title="bbox 354 2762 2143 2847">
     <span class='ocr_line' id='line_1_48' title="bbox 354 2762 2143 2847; baseline -0.008 -17"><span class='ocrx_word' id='word_1_321' title='bbox 354 2776 597 2847; x_wconf 78' lang='grc' dir='ltr'>Σωτῆρος</span> <span class='ocrx_word' id='word_1_322' title='bbox 627 2774 793 2846; x_wconf 73' lang='grc' dir='ltr'><strong>ἡμῶν</strong></span> <span class='ocrx_word' id='word_1_323' title='bbox 829 2772 1011 2846; x_wconf 83' lang='grc' dir='ltr'>Ἰησοῦ</span> <span class='ocrx_word' id='word_1_324' title='bbox 1041 2771 1301 2844; x_wconf 82' lang='grc' dir='ltr'>Χριστοῦ,</span> <span class='ocrx_word' id='word_1_325' title='bbox 1321 2771 1422 2841; x_wconf 78' lang='grc' dir='ltr'><strong>τὴν</strong></span> <span class='ocrx_word' id='word_1_326' title='bbox 1456 2770 1599 2842; x_wconf 80' lang='grc' dir='ltr'>ὑπὲρ</span> <span class='ocrx_word' id='word_1_327' title='bbox 1616 2768 1725 2822; x_wconf 87' lang='grc' dir='ltr'><strong>τῶν</strong></span> <span class='ocrx_word' id='word_1_328' title='bbox 1756 2769 1936 2840; x_wconf 81' lang='grc' dir='ltr'>ἁμαρ-</span> <span class='ocrx_word' id='word_1_329' title='bbox 2039 2762 2143 2817; x_wconf 84' lang='lat' dir='ltr'><strong>tori</strong></span> 
     </span>
    </p>
   </div>
   <div class='ocr_carea' id='block_1_44' title="bbox 2044 2760 3617 2847">
    <p class='ocr_par' dir='ltr' id='par_1_44' title="bbox 2044 2760 3617 2835">
     <span class='ocr_line' id='line_1_49' title="bbox 2044 2760 3617 2835; baseline 0.003 -19"><span class='ocrx_word' id='word_1_330' title='bbox 2044 2762 2177 2817; x_wconf 89' lang='lat' dir='ltr'><strong>toris</strong></span> <span class='ocrx_word' id='word_1_331' title='bbox 2204 2762 2381 2817; x_wconf 90' lang='lat' dir='ltr'><strong>nostri</strong></span> <span class='ocrx_word' id='word_1_332' title='bbox 2412 2760 2543 2817; x_wconf 68' lang='lat' dir='ltr'><strong>Iesu</strong></span> <span class='ocrx_word' id='word_1_333' title='bbox 2569 2762 2798 2830; x_wconf 84' lang='lat' dir='ltr'><strong>Christi,</strong></span> <span class='ocrx_word' id='word_1_334' title='bbox 2817 2779 2940 2834; x_wconf 65' lang='lat' dir='ltr'><strong>qua:</strong></span> <span class='ocrx_word' id='word_1_335' title='bbox 2984 2778 3095 2833; x_wconf 91' lang='lat' dir='ltr'><strong>pro</strong></span> <span class='ocrx_word' id='word_1_336' title='bbox 3122 2765 3362 2835; x_wconf 86' lang='lat' dir='ltr'><strong>peccatis</strong></span> <span class='ocrx_word' id='word_1_337' title='bbox 3409 2765 3617 2820; x_wconf 69' lang='lat' dir='ltr'><strong>noetris</strong></span> 
     </span>
    </p>
   </div>
   <div class='ocr_carea' id='block_1_45' title="bbox 353 2852 2143 2940">
    <p class='ocr_par' dir='ltr' id='par_1_45' title="bbox 353 2860 2140 2940">
     <span class='ocr_line' id='line_1_50' title="bbox 353 2860 2140 2940; baseline -0.006 -20"><span class='ocrx_word' id='word_1_338' title='bbox 353 2867 473 2921; x_wconf 81' lang='grc' dir='ltr'>τιῶν</span> <span class='ocrx_word' id='word_1_339' title='bbox 495 2868 662 2940; x_wconf 75' lang='grc' dir='ltr'>ἡμῶν</span> <span class='ocrx_word' id='word_1_340' title='bbox 694 2866 976 2922; x_wconf 76' lang='grc' dir='ltr'>παθοῦσαν</span> <span class='ocrx_word' id='word_1_341' title='bbox 996 2906 1011 2931; x_wconf 95' lang='grc'><strong>,</strong></span> <span class='ocrx_word' id='word_1_342' title='bbox 1049 2866 1116 2937; x_wconf 79' lang='grc' dir='ltr'><strong>ἢν</strong></span> <span class='ocrx_word' id='word_1_343' title='bbox 1149 2864 1482 2938; x_wconf 85' lang='grc' dir='ltr'>χρηστότητι</span> <span class='ocrx_word' id='word_1_344' title='bbox 1514 2864 1543 2917; x_wconf 87' lang='grc' dir='ltr'>ὁ</span> <span class='ocrx_word' id='word_1_345' title='bbox 1564 2860 1754 2933; x_wconf 80' lang='grc' dir='ltr'>Πατὴρ</span> <span class='ocrx_word' id='word_1_346' title='bbox 1780 2860 1932 2932; x_wconf 72' lang='grc' dir='ltr'>ἡγει-</span> <span class='ocrx_word' id='word_1_347' title='bbox 2038 2869 2140 2924; x_wconf 85' lang='lat' dir='ltr'><strong>pas</strong></span> 
     </span>
    </p>
   </div>
   <div class='ocr_carea' id='block_1_46' title="bbox 2044 2852 3610 2940">
    <p class='ocr_par' dir='ltr' id='par_1_46' title="bbox 2044 2852 3610 2928">
     <span class='ocr_line' id='line_1_51' title="bbox 2044 2852 3610 2928; baseline 0.003 -19"><span class='ocrx_word' id='word_1_348' title='bbox 2044 2869 2202 2924; x_wconf 86' lang='lat' dir='ltr'><strong>passa</strong></span> <span class='ocrx_word' id='word_1_349' title='bbox 2238 2862 2343 2921; x_wconf 86' lang='lat' dir='ltr'><strong>est,</strong></span> <span class='ocrx_word' id='word_1_350' title='bbox 2372 2869 2539 2925; x_wconf 90' lang='lat' dir='ltr'><strong>quam</strong></span> <span class='ocrx_word' id='word_1_351' title='bbox 2584 2852 2748 2910; x_wconf 89' lang='lat' dir='ltr'><strong>Pater</strong></span> <span class='ocrx_word' id='word_1_352' title='bbox 2793 2856 3130 2928; x_wconf 81' lang='lat' dir='ltr'><strong>benignitate</strong></span> <span class='ocrx_word' id='word_1_353' title='bbox 3173 2873 3272 2914; x_wconf 91' lang='lat' dir='ltr'><strong>sua</strong></span> <span class='ocrx_word' id='word_1_354' title='bbox 3309 2858 3610 2915; x_wconf 86' lang='lat' dir='ltr'><strong>suscitavit.</strong></span> 
     </span>
    </p>
   </div>
   <div class='ocr_carea' id='block_1_47' title="bbox 355 2944 2808 3028">
    <p class='ocr_par' dir='ltr' id='par_1_47' title="bbox 355 2944 2808 3028">
     <span class='ocr_line' id='line_1_52' title="bbox 355 2944 2808 3028; baseline -0.004 -16"><span class='ocrx_word' id='word_1_355' title='bbox 355 2975 457 3028; x_wconf 85' lang='grc' dir='ltr'>ρεν.</span> <span class='ocrx_word' id='word_1_356' title='bbox 1959 2960 2002 3019; x_wconf 79' lang='lat' dir='ltr'>c</span> <span class='ocrx_word' id='word_1_357' title='bbox 2038 2945 2213 3017; x_wconf 88' lang='lat' dir='ltr'><strong>Epist.</strong></span> <span class='ocrx_word' id='word_1_358' title='bbox 2238 2947 2308 3001; x_wconf 90' lang='lat' dir='ltr'><strong>ad</strong></span> <span class='ocrx_word' id='word_1_359' title='bbox 2341 2944 2578 3018; x_wconf 56' lang='lat' dir='ltr'><strong>Stagna,</strong></span> <span class='ocrx_word' id='word_1_360' title='bbox 2611 2964 2727 3018; x_wconf 85' lang='lat' dir='ltr'><strong>cap.</strong></span> <span class='ocrx_word' id='word_1_361' title='bbox 2757 2946 2808 3002; x_wconf 92' lang='lat'><strong>7.</strong></span> 
     </span>
    </p>
   </div>
   <div class='ocr_carea' id='block_1_48' title="bbox 1936 3065 2076 3123">
    <p class='ocr_par' dir='ltr' id='par_1_48' title="bbox 1936 3065 2076 3123">
     <span class='ocr_line' id='line_1_53' title="bbox 1936 3065 2076 3123; baseline 0.014 -2"><span class='ocrx_word' id='word_1_362' title='bbox 1936 3065 2076 3123; x_wconf 80' lang='lat' dir='ltr'><strong>XIII.</strong></span> 
     </span>
    </p>
   </div>
   <div class='ocr_carea' id='block_1_49' title="bbox 502 3176 3470 3257">
    <p class='ocr_par' dir='ltr' id='par_1_49' title="bbox 502 3176 3470 3257">
     <span class='ocr_line' id='line_1_54' title="bbox 502 3176 3470 3257; baseline -0.004 -10"><span class='ocrx_word' id='word_1_363' title='bbox 502 3190 781 3247; x_wconf 73' lang='lat' dir='ltr'><strong>chsws</strong></span> <span class='ocrx_word' id='word_1_364' title='bbox 811 3189 855 3257; x_wconf 92' lang='grc'>1,</span> <span class='ocrx_word' id='word_1_365' title='bbox 882 3187 1161 3243; x_wconf 82' lang='lat' dir='ltr'><strong>Adversus</strong></span> <span class='ocrx_word' id='word_1_366' title='bbox 1188 3178 1419 3252; x_wconf 82' lang='lat' dir='ltr'><strong>Eutych.</strong></span> <span class='ocrx_word' id='word_1_367' title='bbox 1449 3187 1505 3234; x_wconf 85' lang='lat' dir='ltr'><strong>et</strong></span> <span class='ocrx_word' id='word_1_368' title='bbox 1535 3176 1751 3236; x_wconf 88' lang='lat' dir='ltr'><strong>Nestor.</strong></span> <span class='ocrx_word' id='word_1_369' title='bbox 1784 3176 1873 3235; x_wconf 71' lang='lat' dir='ltr'><strong>Es</strong></span> <span class='ocrx_word' id='word_1_370' title='bbox 1907 3177 2163 3234; x_wconf 82' lang='lat' dir='ltr'><strong>Biblioth.</strong></span> <span class='ocrx_word' id='word_1_371' title='bbox 2195 3176 2313 3232; x_wconf 90' lang='lat' dir='ltr'><strong>PP.</strong></span> <span class='ocrx_word' id='word_1_372' title='bbox 2347 3176 2531 3234; x_wconf 89' lang='lat' dir='ltr'><strong>Paris.</strong></span> <span class='ocrx_word' id='word_1_373' title='bbox 2561 3188 2689 3236; x_wconf 89' lang='lat' dir='ltr'><strong>tom.</strong></span> <span class='ocrx_word' id='word_1_374' title='bbox 2724 3179 2816 3249; x_wconf 79' lang='grc' dir='ltr'><strong>ιν,</strong></span> <span class='ocrx_word' id='word_1_375' title='bbox 2843 3191 2985 3250; x_wconf 88' lang='lat' dir='ltr'><strong>part.</strong></span> <span class='ocrx_word' id='word_1_376' title='bbox 3019 3197 3059 3248; x_wconf 87' lang='grc' dir='ltr'><strong>ι,</strong></span> <span class='ocrx_word' id='word_1_377' title='bbox 3098 3199 3220 3253; x_wconf 88' lang='lat' dir='ltr'><strong>pag.</strong></span> <span class='ocrx_word' id='word_1_378' title='bbox 3249 3183 3375 3249; x_wconf 77' lang='grc'>425,</span> <span class='ocrx_word' id='word_1_379' title='bbox 3409 3181 3470 3235; x_wconf 87' lang='lat' dir='ltr'><strong>F.</strong></span> 
     </span>
    </p>
   </div>
   <div class='ocr_carea' id='block_1_50' title="bbox 419 3293 3616 3369">
    <p class='ocr_par' dir='ltr' id='par_1_50' title="bbox 419 3293 3616 3369">
     <span class='ocr_line' id='line_1_55' title="bbox 419 3293 3616 3369; baseline -0.001 -15"><span class='ocrx_word' id='word_1_380' title='bbox 419 3300 763 3356; x_wconf 88' lang='lat' dir='ltr'><strong>Testimonia</strong></span> <span class='ocrx_word' id='word_1_381' title='bbox 787 3308 1033 3356; x_wconf 76' lang='lat' dir='ltr'><strong>veterum</strong></span> <span class='ocrx_word' id='word_1_382' title='bbox 1071 3298 1141 3354; x_wconf 91' lang='lat' dir='ltr'><strong>de</strong></span> <span class='ocrx_word' id='word_1_383' title='bbox 1170 3297 1387 3353; x_wconf 85' lang='lat' dir='ltr'><strong>duabus</strong></span> <span class='ocrx_word' id='word_1_384' title='bbox 1416 3296 1629 3351; x_wconf 88' lang='lat' dir='ltr'><strong>naturis</strong></span> <span class='ocrx_word' id='word_1_385' title='bbox 1662 3296 1719 3350; x_wconf 92' lang='lat' dir='ltr'><strong>in</strong></span> <span class='ocrx_word' id='word_1_386' title='bbox 1750 3294 1997 3352; x_wconf 89' lang='lat' dir='ltr'><strong>Christo.</strong></span> <span class='ocrx_word' id='word_1_387' title='bbox 2036 3293 2241 3367; x_wconf 82' lang='lat' dir='ltr'><strong>lgnatii</strong></span> <span class='ocrx_word' id='word_1_388' title='bbox 2290 3295 2524 3367; x_wconf 81' lang='lat' dir='ltr'><strong>episcopi</strong></span> <span class='ocrx_word' id='word_1_389' title='bbox 2555 3304 2606 3351; x_wconf 84' lang='lat' dir='ltr'><strong>et</strong></span> <span class='ocrx_word' id='word_1_390' title='bbox 2637 3299 2895 3369; x_wconf 76' lang='lat' dir='ltr'><strong>martyris</strong></span> <span class='ocrx_word' id='word_1_391' title='bbox 2916 3298 3233 3354; x_wconf 85' lang='lat' dir='ltr'><strong>Antiocheni</strong></span> <span class='ocrx_word' id='word_1_392' title='bbox 3265 3314 3330 3354; x_wconf 79' lang='lat' dir='ltr'><strong>ea:</strong></span> <span class='ocrx_word' id='word_1_393' title='bbox 3364 3297 3616 3369; x_wconf 86' lang='lat' dir='ltr'><strong>Epistola</strong></span> 
     </span>
    </p>
   </div>
   <div class='ocr_carea' id='block_1_51' title="bbox 351 3388 3617 3462">
    <p class='ocr_par' dir='ltr' id='par_1_51' title="bbox 351 3388 3617 3462">
     <span class='ocr_line' id='line_1_56' title="bbox 351 3388 3617 3462; baseline 0.001 -17"><span class='ocrx_word' id='word_1_394' title='bbox 351 3392 418 3445; x_wconf 78' lang='lat' dir='ltr'><strong>ad</strong></span> <span class='ocrx_word' id='word_1_395' title='bbox 449 3391 733 3462; x_wconf 72' lang='lat' dir='ltr'><strong>Ephesios.</strong></span> <span class='ocrx_word' id='word_1_396' title='bbox 762 3390 918 3448; x_wconf 91' lang='lat' dir='ltr'><strong>Unus</strong></span> <span class='ocrx_word' id='word_1_397' title='bbox 947 3391 1196 3447; x_wconf 84' lang='lat' dir='ltr'><strong>medicus</strong></span> <span class='ocrx_word' id='word_1_398' title='bbox 1228 3398 1334 3455; x_wconf 90' lang='lat' dir='ltr'><strong>est,</strong></span> <span class='ocrx_word' id='word_1_399' title='bbox 1367 3388 1610 3443; x_wconf 87' lang='lat' dir='ltr'><strong>carnalis</strong></span> <span class='ocrx_word' id='word_1_400' title='bbox 1646 3395 1702 3443; x_wconf 89' lang='lat' dir='ltr'><strong>et</strong></span> <span class='ocrx_word' id='word_1_401' title='bbox 1736 3388 2063 3458; x_wconf 81' lang='lat' dir='ltr'><strong>spiritualis,</strong></span> <span class='ocrx_word' id='word_1_402' title='bbox 2090 3390 2271 3446; x_wconf 80' lang='lat' dir='ltr'><strong>factus</strong></span> <span class='ocrx_word' id='word_1_403' title='bbox 2300 3400 2355 3446; x_wconf 90' lang='lat' dir='ltr'><strong>et</strong></span> <span class='ocrx_word' id='word_1_404' title='bbox 2389 3407 2503 3447; x_wconf 90' lang='lat' dir='ltr'><strong>non</strong></span> <span class='ocrx_word' id='word_1_405' title='bbox 2547 3390 2750 3458; x_wconf 79' lang='lat' dir='ltr'><strong>factus,</strong></span> <span class='ocrx_word' id='word_1_406' title='bbox 2777 3391 2833 3445; x_wconf 90' lang='lat' dir='ltr'><strong>in</strong></span> <span class='ocrx_word' id='word_1_407' title='bbox 2865 3391 3096 3448; x_wconf 90' lang='lat' dir='ltr'><strong>homine</strong></span> <span class='ocrx_word' id='word_1_408' title='bbox 3122 3392 3315 3460; x_wconf 60' lang='lat' dir='ltr'><strong>,Deus,</strong></span> <span class='ocrx_word' id='word_1_409' title='bbox 3358 3393 3413 3447; x_wconf 91' lang='lat' dir='ltr'><strong>in</strong></span> <span class='ocrx_word' id='word_1_410' title='bbox 3440 3405 3617 3449; x_wconf 79' lang='lat' dir='ltr'><strong>morte</strong></span> 
     </span>
    </p>
   </div>
   <div class='ocr_carea' id='block_1_52' title="bbox 354 3483 3616 3557">
    <p class='ocr_par' dir='ltr' id='par_1_52' title="bbox 354 3483 3616 3557">
     <span class='ocr_line' id='line_1_57' title="bbox 354 3483 3616 3557; baseline -0.001 -15"><span class='ocrx_word' id='word_1_411' title='bbox 354 3490 455 3545; x_wconf 85' lang='lat' dir='ltr'><strong>vita</strong></span> <span class='ocrx_word' id='word_1_412' title='bbox 476 3500 710 3557; x_wconf 67' lang='lat' dir='ltr'><strong>aeterna,</strong></span> <span class='ocrx_word' id='word_1_413' title='bbox 734 3506 799 3546; x_wconf 84' lang='lat' dir='ltr'><strong>ex</strong></span> <span class='ocrx_word' id='word_1_414' title='bbox 816 3489 990 3544; x_wconf 87' lang='lat' dir='ltr'><strong>Maria</strong></span> <span class='ocrx_word' id='word_1_415' title='bbox 1007 3498 1064 3545; x_wconf 91' lang='lat' dir='ltr'><strong>et</strong></span> <span class='ocrx_word' id='word_1_416' title='bbox 1086 3504 1153 3543; x_wconf 80' lang='lat' dir='ltr'><strong>ex</strong></span> <span class='ocrx_word' id='word_1_417' title='bbox 1180 3486 1314 3554; x_wconf 91' lang='lat' dir='ltr'><strong>Deo,</strong></span> <span class='ocrx_word' id='word_1_418' title='bbox 1334 3488 1575 3557; x_wconf 85' lang='lat' dir='ltr'><strong>primum</strong></span> <span class='ocrx_word' id='word_1_419' title='bbox 1602 3485 1882 3556; x_wconf 84' lang='lat' dir='ltr'><strong>passibilis</strong></span> <span class='ocrx_word' id='word_1_420' title='bbox 1904 3494 1960 3541; x_wconf 89' lang='lat' dir='ltr'><strong>et</strong></span> <span class='ocrx_word' id='word_1_421' title='bbox 1994 3493 2128 3541; x_wconf 91' lang='lat' dir='ltr'><strong>tunc</strong></span> <span class='ocrx_word' id='word_1_422' title='bbox 2162 3486 2538 3557; x_wconf 88' lang='lat' dir='ltr'><strong>impassibilis,</strong></span> <span class='ocrx_word' id='word_1_423' title='bbox 2556 3486 2821 3543; x_wconf 86' lang='lat' dir='ltr'><strong>Dominus</strong></span> <span class='ocrx_word' id='word_1_424' title='bbox 2849 3496 3036 3542; x_wconf 88' lang='lat' dir='ltr'><strong>noster</strong></span> <span class='ocrx_word' id='word_1_425' title='bbox 3064 3483 3226 3542; x_wconf 83' lang='lat' dir='ltr'><strong>Jesus</strong></span> <span class='ocrx_word' id='word_1_426' title='bbox 3247 3484 3523 3541; x_wconf 88' lang='lat' dir='ltr'><strong>Christus.</strong></span> <span class='ocrx_word' id='word_1_427' title='bbox 3546 3484 3616 3538; x_wconf 86' lang='lat' dir='ltr'><strong>Et</strong></span> 
     </span>
    </p>
   </div>
   <div class='ocr_carea' id='block_1_53' title="bbox 355 3577 3614 3655">
    <p class='ocr_par' dir='ltr' id='par_1_53' title="bbox 355 3577 3614 3655">
     <span class='ocr_line' id='line_1_58' title="bbox 355 3577 3614 3655; baseline -0.001 -18"><span class='ocrx_word' id='word_1_428' title='bbox 355 3593 463 3651; x_wconf 84' lang='lat' dir='ltr'><strong>post</strong></span> <span class='ocrx_word' id='word_1_429' title='bbox 486 3602 669 3655; x_wconf 80' lang='lat' dir='ltr'><strong>pauca</strong></span> <span class='ocrx_word' id='word_1_430' title='bbox 694 3600 714 3638; x_wconf 91' lang='lat'><strong><em>:</em></strong></span> <span class='ocrx_word' id='word_1_431' title='bbox 747 3583 982 3655; x_wconf 78' lang='lat' dir='ltr'><strong>Singuli,</strong></span> <span class='ocrx_word' id='word_1_432' title='bbox 1023 3580 1218 3651; x_wconf 87' lang='lat' dir='ltr'><strong>inquit,</strong></span> <span class='ocrx_word' id='word_1_433' title='bbox 1249 3579 1353 3634; x_wconf 89' lang='lat' dir='ltr'><strong>viri</strong></span> <span class='ocrx_word' id='word_1_434' title='bbox 1380 3578 1745 3634; x_wconf 86' lang='lat' dir='ltr'><strong>communiter</strong></span> <span class='ocrx_word' id='word_1_435' title='bbox 1778 3592 1996 3643; x_wconf 91' lang='lat' dir='ltr'><strong>omnes,</strong></span> <span class='ocrx_word' id='word_1_436' title='bbox 2021 3593 2088 3633; x_wconf 84' lang='lat' dir='ltr'><strong>ex</strong></span> <span class='ocrx_word' id='word_1_437' title='bbox 2118 3579 2291 3648; x_wconf 81' lang='lat' dir='ltr'><strong>gratia</strong></span> <span class='ocrx_word' id='word_1_438' title='bbox 2312 3594 2381 3635; x_wconf 79' lang='lat' dir='ltr'><strong>ex</strong></span> <span class='ocrx_word' id='word_1_439' title='bbox 2410 3580 2634 3635; x_wconf 89' lang='lat' dir='ltr'><strong>nomine</strong></span> <span class='ocrx_word' id='word_1_440' title='bbox 2660 3581 2949 3638; x_wconf 86' lang='lat' dir='ltr'><strong>convenite</strong></span> <span class='ocrx_word' id='word_1_441' title='bbox 2976 3580 3031 3632; x_wconf 91' lang='lat' dir='ltr'><strong>in</strong></span> <span class='ocrx_word' id='word_1_442' title='bbox 3063 3594 3227 3633; x_wconf 90' lang='lat' dir='ltr'><strong>unam</strong></span> <span class='ocrx_word' id='word_1_443' title='bbox 3262 3577 3446 3641; x_wconf 82' lang='lat' dir='ltr'><strong>ﬁdem,</strong></span> <span class='ocrx_word' id='word_1_444' title='bbox 3478 3587 3534 3633; x_wconf 93' lang='lat' dir='ltr'><strong>et</strong></span> <span class='ocrx_word' id='word_1_445' title='bbox 3556 3578 3614 3633; x_wconf 91' lang='lat' dir='ltr'><strong>in</strong></span> 
     </span>
    </p>
   </div>
   <div class='ocr_carea' id='block_1_54' title="bbox 356 3666 3619 3743">
    <p class='ocr_par' dir='ltr' id='par_1_54' title="bbox 356 3666 3619 3743">
     <span class='ocr_line' id='line_1_59' title="bbox 356 3666 3619 3743; baseline 0 -16"><span class='ocrx_word' id='word_1_446' title='bbox 356 3689 461 3728; x_wconf 88' lang='lat' dir='ltr'><strong>uno</strong></span> <span class='ocrx_word' id='word_1_447' title='bbox 481 3672 620 3731; x_wconf 82' lang='lat' dir='ltr'><strong>Jesu</strong></span> <span class='ocrx_word' id='word_1_448' title='bbox 647 3674 893 3741; x_wconf 86' lang='lat' dir='ltr'><strong>Christo,</strong></span> <span class='ocrx_word' id='word_1_449' title='bbox 926 3669 1235 3729; x_wconf 87' lang='lat' dir='ltr'><strong>secundum</strong></span> <span class='ocrx_word' id='word_1_450' title='bbox 1262 3683 1486 3726; x_wconf 84' lang='lat' dir='ltr'><strong>carnem</strong></span> <span class='ocrx_word' id='word_1_451' title='bbox 1521 3683 1593 3723; x_wconf 71' lang='lat' dir='ltr'><strong>ex</strong></span> <span class='ocrx_word' id='word_1_452' title='bbox 1610 3681 1808 3739; x_wconf 76' lang='lat' dir='ltr'><strong>genere</strong></span> <span class='ocrx_word' id='word_1_453' title='bbox 1834 3666 2025 3735; x_wconf 88' lang='lat' dir='ltr'><strong>David,</strong></span> <span class='ocrx_word' id='word_1_454' title='bbox 2052 3667 2167 3724; x_wconf 85' lang='lat' dir='ltr'><strong>ﬁlio</strong></span> <span class='ocrx_word' id='word_1_455' title='bbox 2192 3669 2431 3727; x_wconf 86' lang='lat' dir='ltr'><strong>hominis</strong></span> <span class='ocrx_word' id='word_1_456' title='bbox 2457 3679 2511 3727; x_wconf 90' lang='lat' dir='ltr'><strong>et</strong></span> <span class='ocrx_word' id='word_1_457' title='bbox 2531 3670 2644 3727; x_wconf 80' lang='lat' dir='ltr'><strong>tilio</strong></span> <span class='ocrx_word' id='word_1_458' title='bbox 2672 3668 2789 3726; x_wconf 88' lang='lat' dir='ltr'><strong>Dei.</strong></span> <span class='ocrx_word' id='word_1_459' title='bbox 2835 3668 3011 3741; x_wconf 83' lang='lat' dir='ltr'><strong>Epist.</strong></span> <span class='ocrx_word' id='word_1_460' title='bbox 3046 3671 3116 3725; x_wconf 89' lang='lat' dir='ltr'><strong>ad</strong></span> <span class='ocrx_word' id='word_1_461' title='bbox 3160 3670 3381 3742; x_wconf 84' lang='lat' dir='ltr'><strong>Ephes.,</strong></span> <span class='ocrx_word' id='word_1_462' title='bbox 3408 3688 3559 3743; x_wconf 86' lang='lat' dir='ltr'><strong>capp.</strong></span> <span class='ocrx_word' id='word_1_463' title='bbox 3581 3672 3619 3727; x_wconf 75' lang='lat'><strong>7.</strong></span> 
     </span>
    </p>
   </div>
   <div class='ocr_carea' id='block_1_55' title="bbox 354 3769 2043 3826">
    <p class='ocr_par' dir='ltr' id='par_1_55' title="bbox 354 3769 2043 3826">
     <span class='ocr_line' id='line_1_60' title="bbox 354 3769 2043 3826; baseline 0.003 -3"><span class='ocrx_word' id='word_1_464' title='bbox 354 3778 406 3823; x_wconf 87' lang='lat' dir='ltr'><strong>et</strong></span> <span class='ocrx_word' id='word_1_465' title='bbox 430 3769 519 3826; x_wconf 68' lang='lat'><strong>20.</strong></span> <span class='ocrx_word' id='word_1_466' title='bbox 2040 3800 2043 3801; x_wconf 52' lang='grc' dir='ltr'><strong>ν</strong></span> 
     </span>
    </p>
   </div>
   <div class='ocr_carea' id='block_1_56' title="bbox 1916 3862 2056 3921">
    <p class='ocr_par' dir='ltr' id='par_1_56' title="bbox 1916 3862 2056 3921">
     <span class='ocr_line' id='line_1_61' title="bbox 1916 3862 2056 3921; baseline 0.029 -4"><span class='ocrx_word' id='word_1_467' title='bbox 1916 3862 2056 3921; x_wconf 80' lang='lat' dir='ltr'><strong>XIV.</strong></span> 
     </span>
    </p>
   </div>
   <div class='ocr_carea' id='block_1_57' title="bbox 421 3979 3559 4054">
    <p class='ocr_par' dir='ltr' id='par_1_57' title="bbox 421 3979 3559 4054">
     <span class='ocr_line' id='line_1_62' title="bbox 421 3979 3559 4054; baseline 0.001 -21"><span class='ocrx_word' id='word_1_468' title='bbox 421 3979 752 4037; x_wconf 67' lang='grc' dir='ltr'>Ενιιιιιειιιυς</span> <span class='ocrx_word' id='word_1_469' title='bbox 786 3980 1099 4053; x_wconf 80' lang='lat' dir='ltr'><strong>patriarcha</strong></span> <span class='ocrx_word' id='word_1_470' title='bbox 1127 3982 1655 4054; x_wconf 70' lang='lat' dir='ltr'><strong>Theopolitanus,in</strong></span> <span class='ocrx_word' id='word_1_471' title='bbox 1684 3982 1960 4054; x_wconf 45' lang='lat' dir='ltr'><strong>Epistﬁad</strong></span> <span class='ocrx_word' id='word_1_472' title='bbox 1994 3982 2298 4040; x_wconf 84' lang='lat' dir='ltr'><strong>Z’enobium</strong></span> <span class='ocrx_word' id='word_1_473' title='bbox 2328 3983 2715 4041; x_wconf 79' lang='lat' dir='ltr'><strong>scholasticum</strong></span> <span class='ocrx_word' id='word_1_474' title='bbox 2747 3983 3087 4039; x_wconf 84' lang='lat' dir='ltr'><strong>Emisenum.</strong></span> <span class='ocrx_word' id='word_1_475' title='bbox 3120 3980 3559 4051; x_wconf 76' lang='lat' dir='ltr'><strong>Apud&#39;Puorttut-</strong></span> 
     </span>
    </p>
   </div>
   <div class='ocr_carea' id='block_1_58' title="bbox 1129 4053 2843 4126">
    <p class='ocr_par' dir='ltr' id='par_1_58' title="bbox 1129 4053 2843 4126">
     <span class='ocr_line' id='line_1_63' title="bbox 1129 4053 2843 4126; baseline -0.001 -17"><span class='ocrx_word' id='word_1_476' title='bbox 1129 4053 1385 4109; x_wconf 88' lang='lat' dir='ltr'><strong>Bibliotb.</strong></span> <span class='ocrx_word' id='word_1_477' title='bbox 1416 4054 1547 4109; x_wconf 90' lang='lat' dir='ltr'><strong>Cod.</strong></span> <span class='ocrx_word' id='word_1_478' title='bbox 1584 4070 1843 4121; x_wconf 79' lang='lat' dir='ltr'><strong>ccxxvm,</strong></span> <span class='ocrx_word' id='word_1_479' title='bbox 1872 4071 1995 4125; x_wconf 85' lang='lat' dir='ltr'><strong>pag.</strong></span> <span class='ocrx_word' id='word_1_480' title='bbox 2029 4054 2153 4123; x_wconf 86' lang='lat'><strong>778,</strong></span> <span class='ocrx_word' id='word_1_481' title='bbox 2178 4057 2309 4110; x_wconf 80' lang='lat' dir='ltr'><strong>edit.</strong></span> <span class='ocrx_word' id='word_1_482' title='bbox 2339 4055 2656 4126; x_wconf 74' lang='lat' dir='ltr'><strong>liothomag.</strong></span> <span class='ocrx_word' id='word_1_483' title='bbox 2680 4054 2843 4110; x_wconf 70' lang='lat'><strong>1655&#39;.</strong></span> 
     </span>
    </p>
   </div>
   <div class='ocr_carea' id='block_1_59' title="bbox 425 4154 2143 4239">
    <p class='ocr_par' dir='ltr' id='par_1_59' title="bbox 425 4154 2143 4239">
     <span class='ocr_line' id='line_1_64' title="bbox 425 4154 2143 4239; baseline 0.002 -26"><span class='ocrx_word' id='word_1_484' title='bbox 425 4160 602 4232; x_wconf 83' lang='grc' dir='ltr'>Ὅπερ</span> <span class='ocrx_word' id='word_1_485' title='bbox 625 4154 719 4214; x_wconf 76' lang='grc' dir='ltr'>οὗν</span> <span class='ocrx_word' id='word_1_486' title='bbox 751 4159 965 4233; x_wconf 76' lang='grc' dir='ltr'>εἴρηται</span> <span class='ocrx_word' id='word_1_487' title='bbox 993 4162 1213 4217; x_wconf 81' lang='grc' dir='ltr'>κατὰτὸ</span> <span class='ocrx_word' id='word_1_488' title='bbox 1240 4161 1422 4239; x_wconf 83' lang='grc' dir='ltr'>τρίτον</span> <span class='ocrx_word' id='word_1_489' title='bbox 1452 4162 1746 4232; x_wconf 86' lang='grc' dir='ltr'>κεφάλαιον</span> <span class='ocrx_word' id='word_1_490' title='bbox 1778 4163 1843 4216; x_wconf 72' lang='grc' dir='ltr'>ἐκ</span> <span class='ocrx_word' id='word_1_491' title='bbox 1878 4181 1938 4217; x_wconf 89' lang='grc' dir='ltr'><strong>τε</strong></span> <span class='ocrx_word' id='word_1_492' title='bbox 1971 4167 2016 4223; x_wconf 82' lang='grc' dir='ltr'><strong>Ι)</strong></span> <span class='ocrx_word' id='word_1_493' title='bbox 2114 4164 2143 4232; x_wconf 67' lang='grc' dir='ltr'><strong>(ξ</strong></span> 
     </span>
    </p>
   </div>
   <div class='ocr_carea' id='block_1_60' title="bbox 2044 4154 3619 4239">
    <p class='ocr_par' dir='ltr' id='par_1_60' title="bbox 2114 4164 3619 4237">
     <span class='ocr_line' id='line_1_65' title="bbox 2114 4164 3619 4237; baseline 0 -16"><span class='ocrx_word' id='word_1_494' title='bbox 2114 4164 2273 4232; x_wconf 86' lang='lat' dir='ltr'><strong>Quod</strong></span> <span class='ocrx_word' id='word_1_495' title='bbox 2322 4165 2487 4235; x_wconf 76' lang='lat' dir='ltr'><strong>igitur</strong></span> <span class='ocrx_word' id='word_1_496' title='bbox 2533 4165 2695 4220; x_wconf 86' lang='lat' dir='ltr'><strong>tertio</strong></span> <span class='ocrx_word' id='word_1_497' title='bbox 2752 4167 2930 4237; x_wconf 83' lang='lat' dir='ltr'><strong>capite</strong></span> <span class='ocrx_word' id='word_1_498' title='bbox 2980 4166 3187 4222; x_wconf 91' lang='lat' dir='ltr'><strong>dictum</strong></span> <span class='ocrx_word' id='word_1_499' title='bbox 3238 4175 3324 4222; x_wconf 86' lang='lat' dir='ltr'><strong>est</strong></span> <span class='ocrx_word' id='word_1_500' title='bbox 3379 4176 3497 4222; x_wconf 90' lang='lat' dir='ltr'><strong>tum</strong></span> <span class='ocrx_word' id='word_1_501' title='bbox 3550 4183 3619 4222; x_wconf 76' lang='lat' dir='ltr'><strong>ex</strong></span> 
     </span>
    </p>
   </div>
   <div class='ocr_carea' id='block_1_61' title="bbox 350 4248 2143 4331">
    <p class='ocr_par' dir='ltr' id='par_1_61' title="bbox 350 4248 2143 4322">
     <span class='ocr_line' id='line_1_66' title="bbox 350 4248 2143 4322; baseline 0.006 -18"><span class='ocrx_word' id='word_1_502' title='bbox 350 4248 456 4305; x_wconf 80' lang='grc' dir='ltr'><strong>’τῶν</strong></span> <span class='ocrx_word' id='word_1_503' title='bbox 502 4252 881 4322; x_wconf 61' lang='grc' dir='ltr'>εῦαηελικῶν</span> <span class='ocrx_word' id='word_1_504' title='bbox 928 4254 1121 4322; x_wconf 81' lang='grc' dir='ltr'>φωνῶν</span> <span class='ocrx_word' id='word_1_505' title='bbox 1157 4255 1250 4307; x_wconf 66' lang='grc' dir='ltr'><strong>καὶ¹</strong></span> <span class='ocrx_word' id='word_1_506' title='bbox 1290 4256 1355 4308; x_wconf 80' lang='grc' dir='ltr'>ὲκ</span> <span class='ocrx_word' id='word_1_507' title='bbox 1394 4254 1502 4308; x_wconf 85' lang='grc' dir='ltr'><strong>τῶν</strong></span> <span class='ocrx_word' id='word_1_508' title='bbox 1532 4255 1932 4321; x_wconf 76' lang='grc' dir='ltr'>ἀποπολικῶν,</span> <span class='ocrx_word' id='word_1_509' title='bbox 2043 4275 2143 4315; x_wconf 81' lang='lat' dir='ltr'><strong>eva</strong></span> 
     </span>
    </p>
   </div>
   <div class='ocr_carea' id='block_1_62' title="bbox 2044 4248 3618 4331">
    <p class='ocr_par' dir='ltr' id='par_1_62' title="bbox 2044 4259 3618 4331">
     <span class='ocr_line' id='line_1_67' title="bbox 2044 4259 3618 4331; baseline -0.001 -16"><span class='ocrx_word' id='word_1_510' title='bbox 2044 4259 2395 4330; x_wconf 80' lang='lat' dir='ltr'><strong>evangelicis,</strong></span> <span class='ocrx_word' id='word_1_511' title='bbox 2438 4267 2553 4314; x_wconf 92' lang='lat' dir='ltr'><strong>tum</strong></span> <span class='ocrx_word' id='word_1_512' title='bbox 2581 4275 2647 4314; x_wconf 84' lang='lat' dir='ltr'><strong>ex</strong></span> <span class='ocrx_word' id='word_1_513' title='bbox 2678 4260 2994 4329; x_wconf 88' lang='lat' dir='ltr'><strong>apostolicis</strong></span> <span class='ocrx_word' id='word_1_514' title='bbox 3026 4261 3231 4325; x_wconf 88' lang='lat' dir='ltr'><strong>verbis,</strong></span> <span class='ocrx_word' id='word_1_515' title='bbox 3266 4270 3429 4331; x_wconf 89' lang='lat' dir='ltr'><strong>atque</strong></span> <span class='ocrx_word' id='word_1_516' title='bbox 3453 4262 3618 4323; x_wconf 81' lang='lat' dir='ltr'><strong>etiam</strong></span> 
     </span>
    </p>
   </div>
   <div class='ocr_carea' id='block_1_63' title="bbox 360 4344 2143 4422">
    <p class='ocr_par' dir='ltr' id='par_1_63' title="bbox 360 4344 2143 4419">
     <span class='ocr_line' id='line_1_68' title="bbox 360 4344 2143 4419; baseline 0.006 -23"><span class='ocrx_word' id='word_1_517' title='bbox 360 4345 447 4397; x_wconf 79' lang='grc' dir='ltr'><strong>καὶ</strong></span> <span class='ocrx_word' id='word_1_518' title='bbox 466 4345 529 4417; x_wconf 80' lang='grc' dir='ltr'><strong>δὴ</strong></span> <span class='ocrx_word' id='word_1_519' title='bbox 552 4344 654 4397; x_wconf 75' lang='grc' dir='ltr'>καὶ</span> <span class='ocrx_word' id='word_1_520' title='bbox 683 4344 749 4398; x_wconf 76' lang='grc' dir='ltr'>ἐκ</span> <span class='ocrx_word' id='word_1_521' title='bbox 784 4345 896 4398; x_wconf 83' lang='grc' dir='ltr'>τῶν</span> <span class='ocrx_word' id='word_1_522' title='bbox 924 4346 1209 4418; x_wconf 79' lang='grc' dir='ltr'>μακαρίων</span> <span class='ocrx_word' id='word_1_523' title='bbox 1247 4347 1510 4419; x_wconf 84' lang='grc' dir='ltr'>Πατέρων</span> <span class='ocrx_word' id='word_1_524' title='bbox 1538 4346 1697 4418; x_wconf 78' lang='grc' dir='ltr'>ἡμῶν</span> <span class='ocrx_word' id='word_1_525' title='bbox 1718 4389 1734 4413; x_wconf 94' lang='grc'><strong>,</strong></span> <span class='ocrx_word' id='word_1_526' title='bbox 1767 4349 1937 4417; x_wconf 85' lang='grc' dir='ltr'>Ἰγνα-</span> <span class='ocrx_word' id='word_1_527' title='bbox 2042 4366 2110 4406; x_wconf 77' lang='lat' dir='ltr'><strong>ex</strong></span> <span class='ocrx_word' id='word_1_528' title='bbox 2141 4352 2143 4357; x_wconf 46' lang='grc'><em>⁴</em></span> 
     </span>
    </p>
   </div>
   <div class='ocr_carea' id='block_1_64' title="bbox 2044 4344 3623 4422">
    <p class='ocr_par' dir='ltr' id='par_1_64' title="bbox 2044 4350 3623 4422">
     <span class='ocr_line' id='line_1_69' title="bbox 2044 4350 3623 4422; baseline 0.001 -16"><span class='ocrx_word' id='word_1_529' title='bbox 2044 4366 2110 4406; x_wconf 78' lang='lat' dir='ltr'><strong>ex</strong></span> <span class='ocrx_word' id='word_1_530' title='bbox 2141 4350 2318 4407; x_wconf 87' lang='lat' dir='ltr'><strong>beatis</strong></span> <span class='ocrx_word' id='word_1_531' title='bbox 2354 4350 2614 4407; x_wconf 89' lang='lat' dir='ltr'><strong>Patribus</strong></span> <span class='ocrx_word' id='word_1_532' title='bbox 2655 4351 2881 4416; x_wconf 86' lang='lat' dir='ltr'><strong>nostris,</strong></span> <span class='ocrx_word' id='word_1_533' title='bbox 2914 4350 3124 4422; x_wconf 82' lang='lat' dir='ltr'><strong>lgnatio</strong></span> <span class='ocrx_word' id='word_1_534' title='bbox 3158 4351 3398 4421; x_wconf 84' lang='lat' dir='ltr'><strong>Deifero,</strong></span> <span class='ocrx_word' id='word_1_535' title='bbox 3449 4352 3623 4417; x_wconf 85' lang='lat' dir='ltr'><strong>Julio,</strong></span> 
     </span>
    </p>
   </div>
   <div class='ocr_carea' id='block_1_65' title="bbox 356 4436 2143 4515">
    <p class='ocr_par' dir='ltr' id='par_1_65' title="bbox 356 4436 2143 4509">
     <span class='ocr_line' id='line_1_70' title="bbox 356 4436 2143 4509; baseline 0.006 -21"><span class='ocrx_word' id='word_1_536' title='bbox 356 4436 465 4489; x_wconf 79' lang='grc' dir='ltr'>τιου</span> <span class='ocrx_word' id='word_1_537' title='bbox 526 4436 627 4490; x_wconf 87' lang='grc' dir='ltr'><strong>τοῦ</strong></span> <span class='ocrx_word' id='word_1_538' title='bbox 678 4436 987 4509; x_wconf 71' lang='grc' dir='ltr'>Θεοφάρου,</span> <span class='ocrx_word' id='word_1_539' title='bbox 1020 4438 1263 4504; x_wconf 80' lang='grc' dir='ltr'>Ἰουλίου,</span> <span class='ocrx_word' id='word_1_540' title='bbox 1318 4439 1753 4493; x_wconf 79' lang='grc' dir='ltr'>καὶἈΘανασίου</span> <span class='ocrx_word' id='word_1_541' title='bbox 1776 4482 1792 4507; x_wconf 94' lang='grc'><strong>,</strong></span> <span class='ocrx_word' id='word_1_542' title='bbox 1841 4442 1937 4495; x_wconf 80' lang='grc' dir='ltr'><strong>καὶ</strong></span> <span class='ocrx_word' id='word_1_543' title='bbox 2041 4443 2143 4500; x_wconf 86' lang='lat' dir='ltr'><strong>Ath</strong></span> 
     </span>
    </p>
   </div>
   <div class='ocr_carea' id='block_1_66' title="bbox 2044 4436 3159 4515">
    <p class='ocr_par' dir='ltr' id='par_1_66' title="bbox 2044 4442 3159 4515">
     <span class='ocr_line' id='line_1_71' title="bbox 2044 4442 3159 4515; baseline 0.002 -17"><span class='ocrx_word' id='word_1_544' title='bbox 2044 4443 2364 4514; x_wconf 85' lang='lat' dir='ltr'><strong>Athanasio,</strong></span> <span class='ocrx_word' id='word_1_545' title='bbox 2400 4442 2679 4515; x_wconf 82' lang='lat' dir='ltr'><strong>Gregoriis</strong></span> <span class='ocrx_word' id='word_1_546' title='bbox 2710 4453 2764 4500; x_wconf 89' lang='lat' dir='ltr'><strong>et</strong></span> <span class='ocrx_word' id='word_1_547' title='bbox 2794 4443 3020 4509; x_wconf 89' lang='lat' dir='ltr'><strong>Basilio,</strong></span> <span class='ocrx_word' id='word_1_548' title='bbox 3052 4457 3159 4501; x_wconf 88' lang='lat' dir='ltr'><strong>etc.</strong></span> 
     </span>
    </p>
   </div>
   <div class='ocr_carea' id='block_1_67' title="bbox 360 4528 1366 4601">
    <p class='ocr_par' dir='ltr' id='par_1_67' title="bbox 360 4528 1366 4601">
     <span class='ocr_line' id='line_1_72' title="bbox 360 4528 1366 4601; baseline 0.004 -21"><span class='ocrx_word' id='word_1_549' title='bbox 360 4528 670 4601; x_wconf 80' lang='grc' dir='ltr'>Γρηγορίων</span> <span class='ocrx_word' id='word_1_550' title='bbox 690 4530 786 4582; x_wconf 74' lang='grc' dir='ltr'><strong>καὶ</strong></span> <span class='ocrx_word' id='word_1_551' title='bbox 820 4530 1125 4595; x_wconf 81' lang='grc' dir='ltr'>Βασιλείου,</span> <span class='ocrx_word' id='word_1_552' title='bbox 1156 4548 1210 4585; x_wconf 87' lang='grc' dir='ltr'>κ.</span> <span class='ocrx_word' id='word_1_553' title='bbox 1235 4549 1286 4587; x_wconf 87' lang='grc' dir='ltr'>τ.</span> <span class='ocrx_word' id='word_1_554' title='bbox 1316 4531 1366 4585; x_wconf 91' lang='grc' dir='ltr'>λ.</span> 
     </span>
    </p>
   </div>
   <div class='ocr_carea' id='block_1_68' title="bbox 601 4643 3296 4719">
    <p class='ocr_par' dir='ltr' id='par_1_68' title="bbox 601 4643 3296 4719">
     <span class='ocr_line' id='line_1_73' title="bbox 601 4643 3296 4719; baseline 0.002 -22"><span class='ocrx_word' id='word_1_555' title='bbox 601 4643 758 4712; x_wconf 73' lang='lat' dir='ltr'><strong>locis,</strong></span> <span class='ocrx_word' id='word_1_556' title='bbox 776 4645 855 4702; x_wconf 89' lang='lat' dir='ltr'><strong>De</strong></span> <span class='ocrx_word' id='word_1_557' title='bbox 878 4647 1051 4701; x_wconf 85' lang='lat' dir='ltr'><strong>sacris</strong></span> <span class='ocrx_word' id='word_1_558' title='bbox 1080 4645 1387 4702; x_wconf 68' lang='lat' dir='ltr'><strong>Antiochiae</strong></span> <span class='ocrx_word' id='word_1_559' title='bbox 1437 4647 1648 4718; x_wconf 79' lang='lat' dir='ltr'><strong>legibus</strong></span> <span class='ocrx_word' id='word_1_560' title='bbox 1675 4647 1771 4704; x_wconf 87' lang='lat' dir='ltr'><strong>lib.</strong></span> <span class='ocrx_word' id='word_1_561' title='bbox 1808 4663 1893 4704; x_wconf 84' lang='lat' dir='ltr'><strong>ut.</strong></span> <span class='ocrx_word' id='word_1_562' title='bbox 1925 4646 2081 4719; x_wconf 80' lang='lat' dir='ltr'><strong>Apud</strong></span> <span class='ocrx_word' id='word_1_563' title='bbox 2112 4645 2384 4711; x_wconf 75' lang='lat' dir='ltr'><strong>Pnonuu,</strong></span> <span class='ocrx_word' id='word_1_564' title='bbox 2413 4645 2570 4713; x_wconf 86' lang='lat' dir='ltr'><strong>ibid.,</strong></span> <span class='ocrx_word' id='word_1_565' title='bbox 2610 4645 2743 4701; x_wconf 85' lang='lat' dir='ltr'><strong>Cod.</strong></span> <span class='ocrx_word' id='word_1_566' title='bbox 2774 4660 2993 4712; x_wconf 80' lang='lat' dir='ltr'><strong>ccxxtx,</strong></span> <span class='ocrx_word' id='word_1_567' title='bbox 3016 4662 3137 4717; x_wconf 85' lang='lat' dir='ltr'><strong>pag.</strong></span> <span class='ocrx_word' id='word_1_568' title='bbox 3172 4647 3296 4702; x_wconf 90' lang='lat' dir='ltr'><strong>8l0.</strong></span> 
     </span>
    </p>
   </div>
   <div class='ocr_carea' id='block_1_69' title="bbox 419 4755 2143 4830">
    <p class='ocr_par' dir='ltr' id='par_1_69' title="bbox 419 4756 2143 4830">
     <span class='ocr_line' id='line_1_74' title="bbox 419 4756 2143 4830; baseline 0.002 -23"><span class='ocrx_word' id='word_1_569' title='bbox 419 4756 525 4809; x_wconf 79' lang='grc' dir='ltr'>Καὶ</span> <span class='ocrx_word' id='word_1_570' title='bbox 562 4757 595 4807; x_wconf 82' lang='grc' dir='ltr'>ὁ</span> <span class='ocrx_word' id='word_1_571' title='bbox 626 4756 896 4827; x_wconf 80' lang='grc' dir='ltr'>Θεοφόρος</span> <span class='ocrx_word' id='word_1_572' title='bbox 938 4757 997 4810; x_wconf 82' lang='grc' dir='ltr'><strong>δὲ</strong></span> <span class='ocrx_word' id='word_1_573' title='bbox 1039 4757 1304 4826; x_wconf 79' lang='grc' dir='ltr'>Ἰγνάτιος</span> <span class='ocrx_word' id='word_1_574' title='bbox 1334 4756 1429 4815; x_wconf 67' lang='grc' dir='ltr'><strong>καὶ</strong></span> <span class='ocrx_word' id='word_1_575' title='bbox 1480 4757 1712 4829; x_wconf 86' lang='grc' dir='ltr'>μάρτυς,</span> <span class='ocrx_word' id='word_1_576' title='bbox 1756 4758 1940 4830; x_wconf 84' lang='grc' dir='ltr'>Σμυρ-</span> <span class='ocrx_word' id='word_1_577' title='bbox 2116 4756 2143 4811; x_wconf 71' lang='grc' dir='ltr'><strong><em>Ε</em></strong></span> 
     </span>
    </p>
   </div>
   <div class='ocr_carea' id='block_1_70' title="bbox 2044 4755 3619 4830">
    <p class='ocr_par' dir='ltr' id='par_1_70' title="bbox 2116 4755 3619 4830">
     <span class='ocr_line' id='line_1_75' title="bbox 2116 4755 3619 4830; baseline 0.002 -19"><span class='ocrx_word' id='word_1_578' title='bbox 2116 4756 2293 4812; x_wconf 85' lang='lat' dir='ltr'><strong>Etiam</strong></span> <span class='ocrx_word' id='word_1_579' title='bbox 2327 4756 2589 4828; x_wconf 81' lang='lat' dir='ltr'><strong>lgnatius,</strong></span> <span class='ocrx_word' id='word_1_580' title='bbox 2615 4758 2698 4812; x_wconf 85' lang='lat' dir='ltr'><strong>vir</strong></span> <span class='ocrx_word' id='word_1_581' title='bbox 2718 4756 2938 4813; x_wconf 90' lang='lat' dir='ltr'><strong>divinus</strong></span> <span class='ocrx_word' id='word_1_582' title='bbox 2958 4768 3021 4813; x_wconf 77' lang='lat' dir='ltr'><strong>at</strong></span> <span class='ocrx_word' id='word_1_583' title='bbox 3064 4755 3291 4830; x_wconf 85' lang='lat' dir='ltr'><strong>martyr,</strong></span> <span class='ocrx_word' id='word_1_584' title='bbox 3330 4760 3619 4828; x_wconf 84' lang='lat' dir='ltr'><strong>epistolam</strong></span> 
     </span>
    </p>
   </div>
   <div class='ocr_carea' id='block_1_71' title="bbox 348 4846 2143 4921">
    <p class='ocr_par' dir='ltr' id='par_1_71' title="bbox 348 4846 2120 4921">
     <span class='ocr_line' id='line_1_76' title="bbox 348 4846 2120 4921; baseline 0.004 -23"><span class='ocrx_word' id='word_1_585' title='bbox 348 4846 519 4911; x_wconf 74' lang='grc' dir='ltr'>ναίοις</span> <span class='ocrx_word' id='word_1_586' title='bbox 546 4846 902 4913; x_wconf 68' lang='grc' dir='ltr'>ἐπιστέλλων,</span> <span class='ocrx_word' id='word_1_587' title='bbox 932 4847 1137 4919; x_wconf 79' lang='grc' dir='ltr'>ὁμοίως</span> <span class='ocrx_word' id='word_1_588' title='bbox 1163 4847 1429 4920; x_wconf 78' lang='grc' dir='ltr'>κέχρηται</span> <span class='ocrx_word' id='word_1_589' title='bbox 1460 4848 1540 4920; x_wconf 83' lang='grc' dir='ltr'>τῷ</span> <span class='ocrx_word' id='word_1_590' title='bbox 1571 4849 1785 4921; x_wconf 78' lang='grc' dir='ltr'>ἄρθρῳ.</span> <span class='ocrx_word' id='word_1_591' title='bbox 2052 4848 2120 4905; x_wconf 80' lang='lat' dir='ltr'><strong>ad</strong></span> 
     </span>
    </p>
   </div>
   <div class='ocr_carea' id='block_1_72' title="bbox 2044 4846 3527 4921">
    <p class='ocr_par' dir='ltr' id='par_1_72' title="bbox 2052 4848 3527 4921">
     <span class='ocr_line' id='line_1_77' title="bbox 2052 4848 3527 4921; baseline 0.001 -16"><span class='ocrx_word' id='word_1_592' title='bbox 2052 4848 2120 4905; x_wconf 83' lang='lat' dir='ltr'><strong>ad</strong></span> <span class='ocrx_word' id='word_1_593' title='bbox 2158 4848 2484 4921; x_wconf 60' lang='lat' dir='ltr'><strong>Stnymaaos</strong></span> <span class='ocrx_word' id='word_1_594' title='bbox 2499 4849 2772 4916; x_wconf 84' lang='lat' dir='ltr'><strong>scribens,</strong></span> <span class='ocrx_word' id='word_1_595' title='bbox 2811 4850 3063 4907; x_wconf 84' lang='lat' dir='ltr'><strong>similiter</strong></span> <span class='ocrx_word' id='word_1_596' title='bbox 3081 4854 3317 4908; x_wconf 77' lang='lat' dir='ltr'><strong>articulo</strong></span> <span class='ocrx_word' id='word_1_597' title='bbox 3339 4853 3527 4908; x_wconf 89' lang='lat' dir='ltr'><strong>utitur.</strong></span> 
     </span>
    </p>
   </div>
   <div class='ocr_carea' id='block_1_73' title="bbox 1950 4986 2066 5043">
    <p class='ocr_par' dir='ltr' id='par_1_73' title="bbox 1950 4986 2066 5043">
     <span class='ocr_line' id='line_1_78' title="bbox 1950 4986 2066 5043; baseline 0.017 -3"><span class='ocrx_word' id='word_1_598' title='bbox 1950 4986 2066 5043; x_wconf 82' lang='lat' dir='ltr'><strong>XV.</strong></span> 
     </span>
    </p>
   </div>
   <div class='ocr_carea' id='block_1_74' title="bbox 395 5079 2143 5157">
    <p class='ocr_par' dir='ltr' id='par_1_74' title="bbox 395 5079 2136 5157">
     <span class='ocr_line' id='line_1_79' title="bbox 395 5079 2136 5157; baseline 0.004 -23"><span class='ocrx_word' id='word_1_599' title='bbox 395 5079 595 5135; x_wconf 70' lang='lat' dir='ltr'><strong>Cthss</strong></span> <span class='ocrx_word' id='word_1_600' title='bbox 626 5079 880 5151; x_wconf 68' lang='lat' dir='ltr'><strong>SAPIENS,</strong></span> <span class='ocrx_word' id='word_1_601' title='bbox 907 5083 965 5137; x_wconf 82' lang='lat' dir='ltr'><strong>in</strong></span> <span class='ocrx_word' id='word_1_602' title='bbox 986 5082 1356 5157; x_wconf 85' lang='lat' dir='ltr'><strong>Castigatione</strong></span> <span class='ocrx_word' id='word_1_603' title='bbox 1383 5084 1533 5141; x_wconf 87' lang='lat' dir='ltr'><strong>Cleri</strong></span> <span class='ocrx_word' id='word_1_604' title='bbox 1572 5084 1890 5152; x_wconf 67' lang='lat' dir='ltr'><strong>Britanniae,</strong></span> <span class='ocrx_word' id='word_1_605' title='bbox 1921 5084 2015 5140; x_wconf 86' lang='lat' dir='ltr'><strong>sub</strong></span> <span class='ocrx_word' id='word_1_606' title='bbox 2040 5086 2136 5141; x_wconf 84' lang='lat' dir='ltr'><strong>init</strong></span> 
     </span>
    </p>
   </div>
   <div class='ocr_carea' id='block_1_75' title="bbox 2044 5079 3585 5157">
    <p class='ocr_par' dir='ltr' id='par_1_75' title="bbox 2044 5082 3585 5157">
     <span class='ocr_line' id='line_1_80' title="bbox 2044 5082 3585 5157; baseline 0.003 -17"><span class='ocrx_word' id='word_1_607' title='bbox 2044 5086 2275 5143; x_wconf 84' lang='lat' dir='ltr'><strong>initium.</strong></span> <span class='ocrx_word' id='word_1_608' title='bbox 2302 5084 2388 5141; x_wconf 80' lang='lat' dir='ltr'><strong>Ea:</strong></span> <span class='ocrx_word' id='word_1_609' title='bbox 2424 5085 2569 5142; x_wconf 82' lang='lat' dir='ltr'><strong>Bibl.</strong></span> <span class='ocrx_word' id='word_1_610' title='bbox 2596 5085 2715 5141; x_wconf 86' lang='lat' dir='ltr'><strong>PP.</strong></span> <span class='ocrx_word' id='word_1_611' title='bbox 2749 5085 2930 5141; x_wconf 88' lang='lat' dir='ltr'><strong>Paris.</strong></span> <span class='ocrx_word' id='word_1_612' title='bbox 2953 5096 3082 5142; x_wconf 90' lang='lat' dir='ltr'><strong>tom.</strong></span> <span class='ocrx_word' id='word_1_613' title='bbox 3117 5082 3181 5155; x_wconf 85' lang='lat' dir='ltr'><strong>V,</strong></span> <span class='ocrx_word' id='word_1_614' title='bbox 3204 5103 3327 5157; x_wconf 89' lang='lat' dir='ltr'><strong>pag.</strong></span> <span class='ocrx_word' id='word_1_615' title='bbox 3361 5084 3488 5152; x_wconf 75' lang='grc'><strong>409,</strong></span> <span class='ocrx_word' id='word_1_616' title='bbox 3523 5085 3585 5144; x_wconf 84' lang='lat' dir='ltr'><strong>D.</strong></span> 
     </span>
    </p>
   </div>
   <div class='ocr_carea' id='block_1_76' title="bbox 427 5194 3598 5275">
    <p class='ocr_par' dir='ltr' id='par_1_76' title="bbox 427 5194 3598 5275">
     <span class='ocr_line' id='line_1_81' title="bbox 427 5194 3598 5275; baseline 0.002 -25"><span class='ocrx_word' id='word_1_617' title='bbox 427 5194 564 5262; x_wconf 82' lang='lat' dir='ltr'><strong>Quis</strong></span> <span class='ocrx_word' id='word_1_618' title='bbox 591 5207 858 5264; x_wconf 86' lang='lat' dir='ltr'><strong>vestrum,</strong></span> <span class='ocrx_word' id='word_1_619' title='bbox 881 5207 945 5254; x_wconf 90' lang='lat' dir='ltr'><strong>ut</strong></span> <span class='ocrx_word' id='word_1_620' title='bbox 962 5209 1190 5256; x_wconf 86' lang='lat' dir='ltr'><strong>sanctus</strong></span> <span class='ocrx_word' id='word_1_621' title='bbox 1212 5210 1422 5273; x_wconf 88' lang='lat' dir='ltr'><strong>martyr</strong></span> <span class='ocrx_word' id='word_1_622' title='bbox 1448 5200 1689 5273; x_wconf 77' lang='lat' dir='ltr'><strong>lgnatius</strong></span> <span class='ocrx_word' id='word_1_623' title='bbox 1712 5202 2025 5262; x_wconf 62' lang='lat' dir='ltr'><strong>Antiochia}</strong></span> <span class='ocrx_word' id='word_1_624' title='bbox 2047 5203 2203 5259; x_wconf 88' lang='lat' dir='ltr'><strong>urbis</strong></span> <span class='ocrx_word' id='word_1_625' title='bbox 2230 5204 2549 5274; x_wconf 87' lang='lat' dir='ltr'><strong>episcopus,</strong></span> <span class='ocrx_word' id='word_1_626' title='bbox 2576 5213 2698 5275; x_wconf 92' lang='lat' dir='ltr'><strong>post</strong></span> <span class='ocrx_word' id='word_1_627' title='bbox 2722 5202 3079 5260; x_wconf 88' lang='lat' dir='ltr'><strong>admirabiles</strong></span> <span class='ocrx_word' id='word_1_628' title='bbox 3106 5201 3163 5256; x_wconf 92' lang='lat' dir='ltr'><strong>in</strong></span> <span class='ocrx_word' id='word_1_629' title='bbox 3190 5200 3410 5257; x_wconf 87' lang='lat' dir='ltr'><strong>Christo</strong></span> <span class='ocrx_word' id='word_1_630' title='bbox 3439 5211 3598 5256; x_wconf 87' lang='lat' dir='ltr'><strong>actus</strong></span> 
     </span>
    </p>
   </div>
   <div class='ocr_carea' id='block_1_77' title="bbox 364 5281 3627 5374">
    <p class='ocr_par' dir='ltr' id='par_1_77' title="bbox 364 5281 3627 5374">
     <span class='ocr_line' id='line_1_82' title="bbox 364 5281 3627 5374; baseline 0.003 -31"><span class='ocrx_word' id='word_1_631' title='bbox 364 5291 431 5345; x_wconf 82' lang='lat' dir='ltr'><strong>ob</strong></span> <span class='ocrx_word' id='word_1_632' title='bbox 452 5294 825 5353; x_wconf 81' lang='lat' dir='ltr'><strong>testimonium</strong></span> <span class='ocrx_word' id='word_1_633' title='bbox 853 5295 999 5369; x_wconf 85' lang='lat' dir='ltr'><strong>ejus,</strong></span> <span class='ocrx_word' id='word_1_634' title='bbox 1038 5296 1263 5351; x_wconf 88' lang='lat' dir='ltr'><strong>leonum</strong></span> <span class='ocrx_word' id='word_1_635' title='bbox 1302 5297 1467 5354; x_wconf 90' lang='lat' dir='ltr'><strong>molis</strong></span> <span class='ocrx_word' id='word_1_636' title='bbox 1504 5296 1694 5357; x_wconf 68' lang='lat' dir='ltr'><strong>Romae</strong></span> <span class='ocrx_word' id='word_1_637' title='bbox 1734 5296 2055 5355; x_wconf 88' lang='lat' dir='ltr'><strong>confractus</strong></span> <span class='ocrx_word' id='word_1_638' title='bbox 2083 5300 2205 5355; x_wconf 87' lang='lat' dir='ltr'><strong>est?</strong></span> <span class='ocrx_word' id='word_1_639' title='bbox 2234 5300 2409 5374; x_wconf 69' lang='lat' dir='ltr'><strong>Cujus</strong></span> <span class='ocrx_word' id='word_1_640' title='bbox 2438 5300 2627 5367; x_wconf 87' lang='lat' dir='ltr'><strong>verba,</strong></span> <span class='ocrx_word' id='word_1_641' title='bbox 2675 5316 2800 5355; x_wconf 90' lang='lat' dir='ltr'><strong>cum</strong></span> <span class='ocrx_word' id='word_1_642' title='bbox 2845 5299 2914 5354; x_wconf 88' lang='lat' dir='ltr'><strong>ad</strong></span> <span class='ocrx_word' id='word_1_643' title='bbox 2948 5281 3261 5369; x_wconf 79' lang='lat' dir='ltr'><strong>passionem</strong></span> <span class='ocrx_word' id='word_1_644' title='bbox 3305 5295 3627 5364; x_wconf 59' lang='lat' dir='ltr'><strong>duceretur,</strong></span> 
     </span>
    </p>
   </div>
   <div class='ocr_carea' id='block_1_78' title="bbox 366 5382 3624 5463">
    <p class='ocr_par' dir='ltr' id='par_1_78' title="bbox 366 5382 3624 5463">
     <span class='ocr_line' id='line_1_83' title="bbox 366 5382 3624 5463; baseline 0.003 -28"><span class='ocrx_word' id='word_1_645' title='bbox 366 5382 647 5439; x_wconf 84' lang='lat' dir='ltr'><strong>audientes</strong></span> <span class='ocrx_word' id='word_1_646' title='bbox 676 5385 761 5454; x_wconf 90' lang='lat' dir='ltr'><strong>(si</strong></span> <span class='ocrx_word' id='word_1_647' title='bbox 792 5385 1092 5456; x_wconf 88' lang='lat' dir='ltr'><strong>aliquando</strong></span> <span class='ocrx_word' id='word_1_648' title='bbox 1118 5390 1305 5446; x_wconf 89' lang='lat' dir='ltr'><strong>vultus</strong></span> <span class='ocrx_word' id='word_1_649' title='bbox 1329 5391 1498 5447; x_wconf 85' lang='lat' dir='ltr'><strong>vestri</strong></span> <span class='ocrx_word' id='word_1_650' title='bbox 1530 5392 1732 5448; x_wconf 88' lang='lat' dir='ltr'><strong>rubore</strong></span> <span class='ocrx_word' id='word_1_651' title='bbox 1773 5392 1969 5448; x_wconf 77' lang='lat' dir='ltr'><strong>suffusi</strong></span> <span class='ocrx_word' id='word_1_652' title='bbox 2002 5394 2224 5463; x_wconf 87' lang='lat' dir='ltr'><strong>essent)</strong></span> <span class='ocrx_word' id='word_1_653' title='bbox 2246 5433 2263 5459; x_wconf 92' lang='lat'><strong>,</strong></span> <span class='ocrx_word' id='word_1_654' title='bbox 2304 5408 2415 5447; x_wconf 91' lang='lat' dir='ltr'><strong>non</strong></span> <span class='ocrx_word' id='word_1_655' title='bbox 2469 5393 2647 5448; x_wconf 88' lang='lat' dir='ltr'><strong>solum</strong></span> <span class='ocrx_word' id='word_1_656' title='bbox 2684 5392 2737 5446; x_wconf 91' lang='lat' dir='ltr'><strong>in</strong></span> <span class='ocrx_word' id='word_1_657' title='bbox 2776 5390 3191 5461; x_wconf 88' lang='lat' dir='ltr'><strong>comparatione</strong></span> <span class='ocrx_word' id='word_1_658' title='bbox 3233 5388 3354 5458; x_wconf 86' lang='lat' dir='ltr'><strong>ejus</strong></span> <span class='ocrx_word' id='word_1_659' title='bbox 3384 5404 3483 5444; x_wconf 90' lang='lat' dir='ltr'><strong>vos</strong></span> <span class='ocrx_word' id='word_1_660' title='bbox 3512 5406 3624 5445; x_wconf 88' lang='lat' dir='ltr'><strong>non</strong></span> 
     </span>
    </p>
   </div>
   <div class='ocr_carea' id='block_1_79' title="bbox 367 5479 3624 5557">
    <p class='ocr_par' dir='ltr' id='par_1_79' title="bbox 367 5479 3624 5557">
     <span class='ocr_line' id='line_1_84' title="bbox 367 5479 3624 5557; baseline 0.002 -28"><span class='ocrx_word' id='word_1_661' title='bbox 367 5479 620 5543; x_wconf 78' lang='lat' dir='ltr'><strong>putabitis</strong></span> <span class='ocrx_word' id='word_1_662' title='bbox 653 5481 1001 5555; x_wconf 68' lang='lat' dir='ltr'><strong>sacerdotes,</strong></span> <span class='ocrx_word' id='word_1_663' title='bbox 1026 5482 1120 5538; x_wconf 89' lang='lat' dir='ltr'><strong>sed</strong></span> <span class='ocrx_word' id='word_1_664' title='bbox 1150 5498 1221 5539; x_wconf 82' lang='lat' dir='ltr'><strong>ne</strong></span> <span class='ocrx_word' id='word_1_665' title='bbox 1249 5485 1557 5545; x_wconf 87' lang='lat' dir='ltr'><strong>mediocres</strong></span> <span class='ocrx_word' id='word_1_666' title='bbox 1577 5486 1797 5557; x_wconf 91' lang='lat' dir='ltr'><strong>quidem</strong></span> <span class='ocrx_word' id='word_1_667' title='bbox 1821 5485 2171 5541; x_wconf 89' lang='lat' dir='ltr'><strong>Christianos</strong></span> <span class='ocrx_word' id='word_1_668' title='bbox 2198 5501 2341 5541; x_wconf 88' lang='lat' dir='ltr'><strong>esse.</strong></span> <span class='ocrx_word' id='word_1_669' title='bbox 2369 5484 2461 5540; x_wconf 88' lang='lat' dir='ltr'><strong>Ait</strong></span> <span class='ocrx_word' id='word_1_670' title='bbox 2487 5484 2631 5540; x_wconf 88' lang='lat' dir='ltr'><strong>enim</strong></span> <span class='ocrx_word' id='word_1_671' title='bbox 2662 5483 2717 5537; x_wconf 91' lang='lat' dir='ltr'><strong>in</strong></span> <span class='ocrx_word' id='word_1_672' title='bbox 2742 5481 3011 5554; x_wconf 88' lang='lat' dir='ltr'><strong>Epistola,</strong></span> <span class='ocrx_word' id='word_1_673' title='bbox 3036 5497 3201 5554; x_wconf 88' lang='lat' dir='ltr'><strong>quam</strong></span> <span class='ocrx_word' id='word_1_674' title='bbox 3229 5481 3296 5537; x_wconf 88' lang='lat' dir='ltr'><strong>ad</strong></span> <span class='ocrx_word' id='word_1_675' title='bbox 3320 5480 3624 5537; x_wconf 83' lang='lat' dir='ltr'><strong>Romanam</strong></span> 
     </span>
    </p>
   </div>
   <div class='ocr_carea' id='block_1_80' title="bbox 359 5569 3625 5654">
    <p class='ocr_par' dir='ltr' id='par_1_80' title="bbox 359 5569 3625 5654">
     <span class='ocr_line' id='line_1_85' title="bbox 359 5569 3625 5654; baseline 0.003 -32"><span class='ocrx_word' id='word_1_676' title='bbox 359 5569 651 5626; x_wconf 81' lang='lat' dir='ltr'><strong>Ecclesiam</strong></span> <span class='ocrx_word' id='word_1_677' title='bbox 697 5573 852 5629; x_wconf 89' lang='lat' dir='ltr'><strong>misit</strong></span> <span class='ocrx_word' id='word_1_678' title='bbox 878 5590 893 5629; x_wconf 91' lang='lat'><strong>:</strong></span> <span class='ocrx_word' id='word_1_679' title='bbox 931 5574 975 5628; x_wconf 85' lang='grc' dir='ltr'><strong><em>Α</em></strong></span> <span class='ocrx_word' id='word_1_680' title='bbox 1009 5575 1176 5648; x_wconf 79' lang='lat' dir='ltr'><strong>Syria</strong></span> <span class='ocrx_word' id='word_1_681' title='bbox 1210 5600 1376 5654; x_wconf 83' lang='lat' dir='ltr'><strong>usque</strong></span> <span class='ocrx_word' id='word_1_682' title='bbox 1400 5584 1627 5640; x_wconf 83' lang='lat' dir='ltr'><strong>Romam</strong></span> <span class='ocrx_word' id='word_1_683' title='bbox 1656 5601 1777 5639; x_wconf 91' lang='lat' dir='ltr'><strong>cum</strong></span> <span class='ocrx_word' id='word_1_684' title='bbox 1806 5585 1985 5640; x_wconf 83' lang='lat' dir='ltr'><strong>bestiis</strong></span> <span class='ocrx_word' id='word_1_685' title='bbox 2009 5594 2151 5639; x_wconf 86' lang='lat' dir='ltr'><strong>terra</strong></span> <span class='ocrx_word' id='word_1_686' title='bbox 2174 5584 2412 5652; x_wconf 84' lang='lat' dir='ltr'><strong>marique</strong></span> <span class='ocrx_word' id='word_1_687' title='bbox 2437 5582 2698 5653; x_wconf 82' lang='lat' dir='ltr'><strong>depugno,</strong></span> <span class='ocrx_word' id='word_1_688' title='bbox 2724 5580 2812 5635; x_wconf 87' lang='lat' dir='ltr'><strong>die</strong></span> <span class='ocrx_word' id='word_1_689' title='bbox 2844 5597 2907 5635; x_wconf 88' lang='lat' dir='ltr'><strong>ac</strong></span> <span class='ocrx_word' id='word_1_690' title='bbox 2934 5592 3083 5635; x_wconf 85' lang='lat' dir='ltr'><strong>nocte</strong></span> <span class='ocrx_word' id='word_1_691' title='bbox 3110 5595 3374 5635; x_wconf 72' lang='lat' dir='ltr'><strong>connexus</strong></span> <span class='ocrx_word' id='word_1_692' title='bbox 3394 5589 3444 5633; x_wconf 89' lang='lat' dir='ltr'><strong>et</strong></span> <span class='ocrx_word' id='word_1_693' title='bbox 3471 5580 3625 5633; x_wconf 61' lang='lat' dir='ltr'><strong>colli.</strong></span> 
     </span>
    </p>
   </div>
   <div class='ocr_carea' id='block_1_81' title="bbox 370 5662 3626 5751">
    <p class='ocr_par' dir='ltr' id='par_1_81' title="bbox 370 5662 3626 5751">
     <span class='ocr_line' id='line_1_86' title="bbox 370 5662 3626 5751; baseline 0.006 -41"><span class='ocrx_word' id='word_1_694' title='bbox 370 5670 520 5726; x_wconf 85' lang='lat' dir='ltr'><strong>gatus</strong></span> <span class='ocrx_word' id='word_1_695' title='bbox 549 5662 723 5719; x_wconf 82' lang='lat' dir='ltr'><strong>decem</strong></span> <span class='ocrx_word' id='word_1_696' title='bbox 752 5665 1049 5738; x_wconf 86' lang='lat' dir='ltr'><strong>leopardis,</strong></span> <span class='ocrx_word' id='word_1_697' title='bbox 1074 5674 1337 5729; x_wconf 84' lang='lat' dir='ltr'><strong>militibus</strong></span> <span class='ocrx_word' id='word_1_698' title='bbox 1368 5676 1489 5731; x_wconf 84' lang='lat' dir='ltr'><strong>dico</strong></span> <span class='ocrx_word' id='word_1_699' title='bbox 1533 5676 1603 5730; x_wconf 89' lang='lat' dir='ltr'><strong>ad</strong></span> <span class='ocrx_word' id='word_1_700' title='bbox 1633 5676 1930 5731; x_wconf 87' lang='lat' dir='ltr'><strong>custodiam</strong></span> <span class='ocrx_word' id='word_1_701' title='bbox 1966 5676 2138 5741; x_wconf 86' lang='lat' dir='ltr'><strong>datis,</strong></span> <span class='ocrx_word' id='word_1_702' title='bbox 2172 5676 2262 5745; x_wconf 85' lang='lat' dir='ltr'><strong>qui</strong></span> <span class='ocrx_word' id='word_1_703' title='bbox 2297 5689 2363 5729; x_wconf 70' lang='lat' dir='ltr'><strong>es</strong></span> <span class='ocrx_word' id='word_1_704' title='bbox 2397 5674 2661 5744; x_wconf 81' lang='lat' dir='ltr'><strong>beneﬁciis</strong></span> <span class='ocrx_word' id='word_1_705' title='bbox 2700 5672 2900 5728; x_wconf 86' lang='lat' dir='ltr'><strong>nostris</strong></span> <span class='ocrx_word' id='word_1_706' title='bbox 2929 5677 3170 5737; x_wconf 77' lang='lat' dir='ltr'><strong>swviores</strong></span> <span class='ocrx_word' id='word_1_707' title='bbox 3197 5675 3355 5744; x_wconf 77' lang='lat' dir='ltr'><strong>ﬁunt.</strong></span> <span class='ocrx_word' id='word_1_708' title='bbox 3398 5675 3504 5730; x_wconf 81' lang='lat' dir='ltr'><strong>Sed</strong></span> <span class='ocrx_word' id='word_1_709' title='bbox 3530 5692 3626 5751; x_wconf 84' lang='lat' dir='ltr'><strong>ego</strong></span> 
     </span>
    </p>
   </div>
   <div class='ocr_carea' id='block_1_82' title="bbox 371 5762 3626 5845">
    <p class='ocr_par' dir='ltr' id='par_1_82' title="bbox 371 5762 3626 5845">
     <span class='ocr_line' id='line_1_87' title="bbox 371 5762 3626 5845; baseline 0.004 -39"><span class='ocrx_word' id='word_1_710' title='bbox 371 5772 541 5810; x_wconf 70' lang='lat' dir='ltr'><strong>eorum</strong></span> <span class='ocrx_word' id='word_1_711' title='bbox 562 5762 811 5833; x_wconf 78' lang='lat' dir='ltr'><strong>nequitiis</strong></span> <span class='ocrx_word' id='word_1_712' title='bbox 836 5767 1005 5835; x_wconf 82' lang='lat' dir='ltr'><strong>magis</strong></span> <span class='ocrx_word' id='word_1_713' title='bbox 1029 5766 1245 5821; x_wconf 88' lang='lat' dir='ltr'><strong>erudiar</strong></span> <span class='ocrx_word' id='word_1_714' title='bbox 1261 5782 1281 5821; x_wconf 88' lang='lat'><strong><em>:</em></strong></span> <span class='ocrx_word' id='word_1_715' title='bbox 1306 5783 1397 5822; x_wconf 85' lang='lat' dir='ltr'><strong>nec</strong></span> <span class='ocrx_word' id='word_1_716' title='bbox 1422 5776 1599 5822; x_wconf 88' lang='lat' dir='ltr'><strong>tamen</strong></span> <span class='ocrx_word' id='word_1_717' title='bbox 1627 5768 1683 5822; x_wconf 80' lang='lat' dir='ltr'><strong>in</strong></span> <span class='ocrx_word' id='word_1_718' title='bbox 1707 5766 1803 5821; x_wconf 83' lang='lat' dir='ltr'><strong>hoc</strong></span> <span class='ocrx_word' id='word_1_719' title='bbox 1816 5766 2149 5836; x_wconf 78' lang='lat' dir='ltr'><strong>justiﬁcatus</strong></span> <span class='ocrx_word' id='word_1_720' title='bbox 2192 5781 2330 5822; x_wconf 86' lang='lat' dir='ltr'><strong>sum.</strong></span> <span class='ocrx_word' id='word_1_721' title='bbox 2356 5762 2401 5819; x_wconf 84' lang='grc' dir='ltr'><em>Ο</em></span> <span class='ocrx_word' id='word_1_722' title='bbox 2422 5763 2684 5820; x_wconf 87' lang='lat' dir='ltr'><strong>salutares</strong></span> <span class='ocrx_word' id='word_1_723' title='bbox 2708 5765 2900 5820; x_wconf 83' lang='lat' dir='ltr'><strong>bestias</strong></span> <span class='ocrx_word' id='word_1_724' title='bbox 2923 5784 3041 5839; x_wconf 83' lang='lat' dir='ltr'><strong>qua:</strong></span> <span class='ocrx_word' id='word_1_725' title='bbox 3061 5778 3435 5845; x_wconf 55' lang='lat' dir='ltr'><strong>praeparantur</strong></span> <span class='ocrx_word' id='word_1_726' title='bbox 3458 5765 3626 5820; x_wconf 82' lang='lat' dir='ltr'><strong>mihi!</strong></span> 
     </span>
    </p>
   </div>
   <div class='ocr_carea' id='block_1_83' title="bbox 374 5850 3627 5942">
    <p class='ocr_par' dir='ltr' id='par_1_83' title="bbox 374 5850 3627 5942">
     <span class='ocr_line' id='line_1_88' title="bbox 374 5850 3627 5942; baseline 0 -25"><span class='ocrx_word' id='word_1_727' title='bbox 374 5850 589 5917; x_wconf 69' lang='lat' dir='ltr'><strong>Quando</strong></span> <span class='ocrx_word' id='word_1_728' title='bbox 619 5861 821 5920; x_wconf 71' lang='lat' dir='ltr'><strong>venient</strong></span> <span class='ocrx_word' id='word_1_729' title='bbox 846 5865 875 5922; x_wconf 73' lang='grc'><strong><em>2</em></strong></span> <span class='ocrx_word' id='word_1_730' title='bbox 893 5864 1105 5935; x_wconf 80' lang='lat' dir='ltr'><strong>quando</strong></span> <span class='ocrx_word' id='word_1_731' title='bbox 1133 5865 1478 5942; x_wconf 70' lang='lat' dir='ltr'><strong>mittentur?</strong></span> <span class='ocrx_word' id='word_1_732' title='bbox 1492 5854 1702 5938; x_wconf 78' lang='lat' dir='ltr'><strong>quando</strong></span> <span class='ocrx_word' id='word_1_733' title='bbox 1727 5867 1801 5923; x_wconf 84' lang='lat' dir='ltr'><strong>eis</strong></span> <span class='ocrx_word' id='word_1_734' title='bbox 1834 5866 1943 5939; x_wconf 70' lang='lat' dir='ltr'><strong>frui</strong></span> <span class='ocrx_word' id='word_1_735' title='bbox 1973 5864 2147 5922; x_wconf 83' lang='lat' dir='ltr'><strong>licebit</strong></span> <span class='ocrx_word' id='word_1_736' title='bbox 2172 5864 2416 5921; x_wconf 87' lang='lat' dir='ltr'><strong>carnibus</strong></span> <span class='ocrx_word' id='word_1_737' title='bbox 2452 5866 2622 5922; x_wconf 87' lang='lat' dir='ltr'><strong>meis?</strong></span> <span class='ocrx_word' id='word_1_738' title='bbox 2654 5863 2798 5934; x_wconf 85' lang='lat' dir='ltr'><strong>Quas</strong></span> <span class='ocrx_word' id='word_1_739' title='bbox 2827 5882 2921 5938; x_wconf 87' lang='lat' dir='ltr'><strong>ego</strong></span> <span class='ocrx_word' id='word_1_740' title='bbox 2945 5879 3136 5939; x_wconf 63' lang='lat' dir='ltr'><strong>exopto</strong></span> <span class='ocrx_word' id='word_1_741' title='bbox 3165 5869 3404 5923; x_wconf 79' lang='lat' dir='ltr'><strong>acriores</strong></span> <span class='ocrx_word' id='word_1_742' title='bbox 3418 5864 3627 5933; x_wconf 77' lang='lat' dir='ltr'><strong>parari,</strong></span> 
     </span>
    </p>
   </div>
  </div>
