4136 6382
513 369 585 427 23
1603 367 1661 423 S.
1705 368 2049 439 lGNATlUS.
2090 401 2160 413 -—-
2195 366 2725 425 PROLEGOMENA.
3700 366 3772 421 24

516 496 565 541 et
608 482 840 536 inuitabo
871 482 941 535 ad
968 479 1356 536 devorationem
1391 478 1523 541 mei,
1549 487 1600 532 et
1645 478 1993 547 deprecabor,
2037 494 2099 532 ne
2130 478 2287 546 forte,
2322 487 2379 531 ut
2411 478 2679 534 nonnullis
2709 478 2983 547 fecerunt,
3012 479 3233 533 timeant
3270 478 3530 550 attingere
3580 496 3771 551 corpus

518 594 729 643 meum;
757 578 1014 648 quinimo,
1042 576 1088 629 si
1115 573 1522 640 cunctabantur,
1545 591 1638 645 ego
1653 574 1755 627 vim
1776 574 1995 643 faciam,
2018 590 2111 644 ego
2141 589 2222 627 me
2250 574 2505 644 ingeram.
2536 573 2693 640 Date,
2719 590 2918 645 quseso,
2941 575 3167 639 veniam;
3193 591 3286 645 ego
3312 576 3432 630 novi
3460 576 3587 646 quid
3613 593 3771 646 expe-

518 674 632 727 diat
658 670 820 734 mihi;
846 684 983 723 nunc
1018 667 1214 735 incipio
1246 681 1355 720 esse
1379 664 1584 719 Christi
1609 662 1926 735 discipulus.
1958 662 2212 718 Facessat
2240 664 2441 717 invidia
2472 664 2547 718 vel
2570 664 2789 719 humani
2812 666 3054 735 affectus,
3077 665 3155 721 vel
3179 667 3423 737 nequitiae
3444 669 3768 737 spiritualis,

518 773 578 817 ut
608 761 792 816 Jesum
818 760 1089 815 Christum
1119 774 1323 812 merear
1365 758 1616 827 adipisci.
1659 756 1852 828 Ignes,
1899 773 2113 823 cruces,
2147 755 2360 822 bestiw,
2407 757 2757 826 dispersiones
2806 758 3037 825 ossium,
3077 758 3554 829 discerptionesque
3600 776 3768 814 mem-

521 858 755 920 brorum,
788 871 850 907 ac
884 854 1046 907 totius
1072 854 1307 921 corporis
1336 866 1521 920 potate,
1558 863 1607 905 et
1634 853 1813 905 omnia
1840 852 1897 906 in
1930 868 2011 905 me
2044 867 2205 904 unum
2235 850 2497 920 supplicia
2537 850 2739 905 diaboli
2780 861 2896 907 arte
2928 854 3151 923 qutesita
3188 853 3572 925 compleantur,
3608 855 3768 909 dum-

520 947 674 1000 modo
704 944 885 999 Jesum
913 944 1182 999 Christum
1209 959 1414 996 merear
1436 943 1757 1011 adipisci....
1780 942 2129 997 Christianus
2152 956 2263 996 non
2299 941 2595 997 mediocris
2623 943 2717 998 sed
2743 942 3036 1014 perfectus,
3071 946 3327 1002 sacerdos
3371 961 3482 1001 non
3514 946 3635 1001 vilis
3664 948 3759 1002 sed

518 1037 845 1107 praecipuus,
876 1036 1046 1091 dicit:
1084 1034 1239 1088 Nunc
1276 1035 1473 1103 incipio
1501 1051 1612 1089 esse
1645 1034 1848 1089 Christi
1885 1032 2196 1102 discipulus.
2235 1032 2409 1106 Epist.
2443 1033 2511 1089 ad
2534 1031 2718 1103 Rom.,
2751 1049 2871 1106 cap.
2898 1035 2950 1090 5.
2980 1033 3060 1095 Ex
3110 1034 3330 1105 Ruﬁno,
3366 1034 3512 1092 Hist.
3552 1036 3737 1094 eccles.

503 1127 615 1201 lib.
648 1142 733 1193 ιιι,
766 1141 888 1196 cap.
919 1126 1008 1180 56.

2097 1216 2237 1272 XVI.

1288 1327 1489 1383 Auctor
1516 1327 1778 1384 Cnnomu
1808 1327 2127 1397 PASCIIALIS,
2157 1348 2279 1405 pag.
2306 1333 2437 1401 221,
2466 1332 2593 1388 edit.
2624 1332 2805 1391 Paris.
2840 1333 2997 1391 1688.

586 1446 744 1513 Quod
773 1454 953 1499 autem
990 1443 1280 1510 Dominus,
1311 1443 1606 1514 przedicato
1640 1458 1737 1514 per
1765 1452 1877 1499 tres
1906 1458 2084 1499 annos
2116 1472 2131 1513 λ

2263 1447 2383 1501 Ὀτι
2415 1446 2474 1501 δὲ
2501 1450 2649 1519 τρεῖς
2679 1448 2981 1512 ἐνιαυτοὺς.
3002 1448 3248 1519 κηρύξας
3290 1451 3352 1504 τὸ
3376 1450 3705 1520 Εὑαγγέλιον
3738 1454 3775 1505 ό

516 1538 833 1610 Evangelio,
857 1538 926 1593 ad
964 1537 1328 1593 voluntariam
1356 1545 1409 1591 et
1442 1535 1713 1591 viviﬁcam
1750 1552 1968 1593 crucem
1999 1551 2093 1591 ve-

515 1632 696 1696 nerit,
741 1630 901 1686 docet
945 1628 1188 1701 lgnatius
1228 1629 1321 1684 ille
1369 1626 1551 1683 Deifer
1592 1636 1647 1684 et
1694 1638 1937 1699 martyr,
1997 1632 2090 1699 qui

513 1720 742 1778 Joannis
767 1721 1004 1792 theologi
1028 1720 1299 1793 genuinus
1325 1718 1629 1789 discipulus
1650 1717 1781 1787 fuit,
1810 1720 2092 1774 sanctissi-

514 1829 728 1883 maeque
755 1813 1109 1869 Antiocheam
1124 1810 1378 1868 Ecclesiae
1405 1812 1701 1882 episcopus
1734 1811 1804 1866 ah
1829 1812 2092 1882 apostolis

515 1908 867 1962 constitutus.
900 1904 951 1961 ls
986 1905 1190 1976 quippe
1216 1903 1272 1961 in
1305 1902 1552 1974 Epistola
1584 1903 1651 1959 ad
1679 1902 1987 1963 Trallianos
2013 1903 2094 1961 sic

512 1998 684 2054 verbo
728 2010 890 2054 tenus
938 1998 1201 2068 scripsit:
1248 1995 1374 2053 Vere
1425 1997 1617 2053 statim
1666 1996 1865 2066 peperit
1914 1994 2093 2051 Maria

513 2107 723 2160 corpus,
761 2090 871 2145 Deo
902 2091 958 2143 in
981 2106 1040 2145 ea
1068 2089 1362 2155 habitante,
1395 2098 1445 2142 et
1474 2104 1591 2143 vere
1631 2097 1789 2145 natus
1831 2097 1910 2144 est
1951 2086 2092 2145 Deus

524 2180 749 2235 Verbum
773 2196 839 2235 ea:
877 2180 1111 2251 Virgine,
1145 2197 1333 2249 corpus
1374 2180 1625 2235 similiter
1660 2178 1812 2237 nobis
1842 2178 2094 2249 passibile

512 2273 624 2326 sine
662 2279 873 2342 peccato
914 2272 1160 2328 induens.
1223 2270 1351 2326 Vere
1396 2278 1676 2340 conceptus
1719 2278 1795 2325 est
1824 2270 1881 2323 in
1920 2279 2092 2337 utero,

513 2365 626 2435 (qui
651 2380 828 2420 omnes
857 2364 1091 2419 homines
1128 2365 1184 2417 in
1226 2364 1379 2418 vulva
1421 2364 1627 2433 ﬁngit),
1652 2363 1888 2430 formans
1917 2371 1968 2417 et
2009 2362 2094 2431 fa-

472 2512 480 2518 _
514 2458 656 2511 ciens
688 2457 787 2511 sibi
823 2472 1012 2524 corpus
1050 2472 1114 2511 ea:
1148 2454 1380 2524 Virgine,
1415 2454 1527 2509 sine
1572 2455 1767 2508 semine
1801 2454 2003 2509 scilicet
2045 2460 2097 2508 et

514 2547 895 2603 consuetudine
922 2548 1061 2612 viri;
1090 2556 1437 2616 portatusque
1466 2548 1520 2601 in
1548 2558 1719 2613 utero,
1744 2547 1884 2603 sicut
1920 2555 1972 2601 et
2001 2562 2097 2601 nos

515 2650 752 2707 tempore
779 2638 975 2708 portati
1004 2650 1226 2693 sumus:
1250 2646 1301 2692 et
1329 2653 1444 2693 vere
1466 2636 1698 2696 iactatus
1732 2646 1811 2695 est
1846 2645 1897 2691 et
1924 2638 2098 2693 nutri-

518 2739 603 2784 tus
630 2731 766 2784 sicut
793 2745 886 2784 nos
905 2746 925 2794 ;
957 2738 1007 2784 et
1036 2730 1152 2783 cibo
1178 2738 1228 2784 et
1250 2737 1378 2799 potu
1413 2729 1576 2785 sicuti
1603 2737 1653 2784 et
1685 2745 1781 2785 nos
1814 2745 1939 2786 usus
1976 2737 2096 2793 est;

2193 1540 2400 1612 Κύριος
2434 1541 2529 1595 ἐπὶ
2559 1542 2651 1595 τὸν
2673 1540 2919 1594 ἑκούσιον
2947 1541 3041 1595 καὶ
3068 1541 3328 1606 ζωοποιὸν
3356 1539 3485 1614 ἦλθε
3518 1545 3772 1617 σταυρὸν,

2190 1629 2429 1684 διδάσκει
2487 1632 2581 1684 καὶ
2631 1632 2890 1700 Ἰγνάτιος
2932 1633 2962 1685 ὁ
2998 1632 3270 1705 Θεοφόρος
3316 1635 3409 1689 καὶ
3459 1635 3704 1707 μάρτυς,
3743 1638 3775 1689 ὁ

2194 1722 2440 1776 Ἰωάννου
2464 1723 2559 1775 τοῦ
2588 1722 2847 1791 Θεολόγου
2874 1725 3096 1794 γνήσιος
3122 1723 3368 1796 μαθητὴς
3385 1724 3641 1794 γεγονὼς,
3672 1727 3775 1797 τῆς

2191 1812 2249 1867 δὲ
2285 1813 2344 1867 ὲν
2370 1814 2667 1886 Ἀντιοχείᾳ
2688 1815 2995 1887 ἁγιωτάτης
3020 1816 3344 1888 Ἐκκλησίας
3363 1817 3656 1880 ἐπίσκοπος
3669 1817 3783 1872 ὑπὸ.

2192 1905 2302 1960 τῶν
2331 1908 2643 1965 ἀποστόλων
2689 1908 3061 1974 κατασταθείς.
3097 1910 3187 1963 Ἐν
3226 1912 3295 1981 τῇ
3335 1910 3472 1981 πρὸς
3507 1910 3778 1982 Τραλλια-

2194 1998 2317 2062 νοὺς
2353 1998 2532 2052 τοίνυν
2562 1999 2850 2070 Ἐπιστολῇ
2891 1999 3167 2071 γέγραφεν
3210 2000 3302 2053 ἐπὶ
3336 1999 3535 2064 λέξεως
3568 1999 3777 2065 οὕτως’

2207 2088 2470 2157 Ἀληθῶς
2516 2091 2722 2143 τοίνυν
2780 2088 3072 2159 ἐγέννησε
3120 2090 3318 2157 Μαρία
3364 2088 3570 2158 σῶμα,
3630 2092 3782 2145 Θεὸν

2192 2180 2339 2250 ἕχον
2369 2180 2635 2243 ἕνοικον,
2669 2180 2767 2234 καὶ
2804 2180 3043 2249 ἀληθῶς
3086 2180 3376 2250 ἐγεννήθη
3404 2183 3437 2234 ό
3482 2181 3672 2250 Λόγος
3707 2180 3782 2234 ἐκ

2194 2271 2304 2340 τῆς
2360 2273 2659 2341 παρθένου
2692 2274 2959 2340 Μαρίας,
3002 2271 3173 2342 σῶμα
3220 2271 3574 2341 ὁμοιοπαθὲς
3635 2272 3781 2342 ἡμῖν

2192 2365 2622 2436 ἠμφιεσμένος.
2667 2364 2931 2434 Ἀληθῶς
2957 2364 3203 2436 γέγονεν
3227 2364 3297 2418 ἐν
3313 2363 3532 2435 μήτρᾳ,
3557 2367 3590 2418 ό
3628 2362 3785 2417 πάν-

2195 2474 2303 2524 τας
2327 2456 2679 2526 ἀνθρώπους
2700 2456 2770 2509 ὲν
2790 2455 2987 2526 μήτρᾳ
3017 2454 3424 2509 διαπλάττων·
3450 2453 3549 2507 καὶ
3576 2454 3783 2521 ἐποίηη

2195 2565 2309 2611 σεν
2341 2549 2533 2616 ἐαυτῷ
2574 2548 2747 2619 σῶμα
2780 2548 2850 2602 ἐκ
2890 2546 3008 2601 τῶν
3036 2546 3145 2616 τῆς
3175 2546 3484 2617 Παρθένου
3516 2544 3783 2617 σπερμά-

2197 2658 2336 2704 των,
2373 2640 2542 2708 πλὴν
2583 2640 2735 2694 ὅσον
2777 2640 3016 2710 ὁμιλίας
3044 2639 3267 2709 ἀνδρὸς
3302 2640 3469 2697 ἄνευ.
3520 2638 3789 2709 Ἀληθῶς

2197 2732 2608 2803 ἑκυοςοορήθη,
2646 2733 2731 2798 ὠς
2782 2732 2882 2788 καὶ
2934 2732 3127 2801 ἡμεῖς,
3170 2734 3407 2803 χρόνων
3448 2732 3786 2803 περιόδοις·

516 2831 569 2876 et
598 2822 822 2891 triginta
853 2837 1019 2877 annos
1060 2836 1218 2890 agens
1250 2820 1551 2889 baptizatus
1581 2828 1658 2875 est
1695 2836 1729 2873 a
1768 2818 2010 2883 Joanne.
2038 2822 2099 2879 in
2127 2810 2131 2863 ἶ

2201 2825 2298 2881 καὶ
2330 2823 2569 2893 ἀληθῶς
2603 2823 2837 2894 ἐτέχθη,
2862 2824 2944 2891 ὡς
2986 2824 3086 2879 καὶ
3124 2825 3327 2894 ήμεῑςι
3367 2827 3608 2895 άληθῶς
3646 2827 3787 2896 ἐτα-

515 2914 737 2967 veritate
769 2921 818 2968 et
840 2929 945 2966 non
971 2913 1027 2966 in
1050 2912 1441 2982 phantasmate.
1477 2910 1548 2965 Et
1581 2910 1746 2971 tribus
1774 2912 1928 2969 annis
1954 2925 2094 2979 prie.

2198 2912 2673 2982 λακτοτροφήθη,
2710 2913 2810 2967 καὶ
2836 2912 3063 2984 τροφῆς
3085 2913 3294 2983 κοινῆς
3310 2914 3409 2968 καὶ
3434 2915 3623 2970 ποτοῦ
3645 2932 3790 2986 μετ-

517 3005 715 3058 dicavit
745 3004 1113 3075 Evangelium,
1138 3014 1189 3058 et
1226 3004 1350 3073 fecit
1378 3002 1532 3073 signa
1558 3013 1608 3057 et
1640 3002 1884 3073 prodigia
1912 3017 2094 3055 coram

2201 3003 2401 3073 ἐσχεν,
2430 3004 2511 3068 ὡς
2555 3004 2655 3057 καὶ
2715 3003 2919 3073 ἡμεῖς·
2987 3005 3086 3058 καὶ
3124 3005 3284 3073 τρεῖς
3327 3005 3585 3074 δεκάδας
3632 3006 3790 3061 ὲτῶν

519 3096 675 3165 falsis
705 3095 949 3162 Iudaeis;
978 3105 1026 3150 et
1051 3095 1144 3155 sub
1175 3094 1356 3153 Pilato
1369 3095 1593 3166 prteside
1606 3093 1811 3153 ludam:
1819 3094 2097 3163 judicatus

517 3201 642 3253 est;
679 3189 982 3260 flagellatus
1024 3197 1138 3255 est,
1171 3188 1407 3257 colaphis
1451 3202 1617 3242 cwsus
1647 3196 1760 3254 est,
1805 3194 2095 3256 consputus

516 3292 619 3345 est,
646 3283 881 3351 spineam
911 3297 1160 3335 coronam
1189 3288 1609 3350 purpureamque
1638 3288 1827 3333 vestem
1848 3278 2097 3346 portavit,

519 3374 899 3428 condemnatus
918 3383 1017 3441 est,
1042 3374 1331 3443 crucifixus
1349 3382 1424 3427 est
1448 3388 1585 3438 vere,
1609 3387 1714 3425 non
1735 3371 2099 3441 phantastice;

519 3481 683 3535 neque
715 3466 987 3535 fallaciter
1015 3475 1255 3526 mortuus
1285 3475 1384 3531 est,
1423 3464 1514 3519 sed
1553 3479 1701 3527 vere;
1734 3461 1968 3532 sepultus
1999 3470 2098 3526 est,

518 3569 568 3614 et
596 3558 882 3613 resurrexit
912 3576 945 3612 a
970 3559 1213 3612 mortuis.
1244 3556 1386 3613 Ecce
1413 3565 1603 3627 aperte
1633 3556 1860 3611 omnino
1888 3555 2012 3610 talis
2036 3570 2102 3611 ac

519 3659 704 3706 tantus
728 3635 989 3706 Ecclesia:
1023 3648 1215 3705 doctor
1244 3648 1480 3704 triennio
1514 3663 1545 3701 a
1587 3646 1882 3701 Servatore
1904 3644 2101 3715 praedi-

521 3752 703 3797 catum
754 3742 1102 3814 evangelium
1164 3741 1316 3797 dicit.
1365 3739 1450 3795 Ea:
1491 3740 1644 3809 epist.
1684 3737 1753 3792 ad
1796 3736 2099 3791 Trallianos

519 3833 791 3903 interpol.,
825 3851 941 3904 cap.
974 3834 1060 3889 10.

2200 3093 2714 3163 πολιτευσάμενος
2748 3096 3081 3165 ἐϐαπτίσθη
3115 3096 3235 3153 ὑπὸ
3285 3098 3566 3153 Ἰωάννου
3590 3139 3605 3164 ,
3633 3100 3793 3168 ἁλη-

2202 3187 2319 3254 θῶς
2370 3188 2465 3241 καὶ
2506 3190 2579 3242 οὐ
2624 3187 2891 3255 δοκήσει.
2916 3189 3027 3243 Καὶ
3081 3196 3130 3259 γ’
3168 3190 3482 3259 ἐνιαυτοὺς
3520 3192 3792 3261 κηρύξας

2206 3281 2271 3334 τὸ
2302 3280 2693 3350 Εὐαγ-γέλιον,
2740 3281 2839 3334 καὶ
2879 3280 3140 3348 ποιήσας
3181 3282 3400 3352 σημεῶ
3442 3284 3541 3337 καὶ
3573 3283 3793 3352 τέρατα

2204 3371 2324 3425 ὑπὸ
2350 3370 2467 3426 τῶν
2509 3371 3007 3441 ψευδοτουδαίων,
3051 3373 3149 3425 καὶ
3190 3372 3453 3428 Πιλάτου
3493 3376 3793 3444 ἡγεμόνος

2207 3468 2240 3517 ό
2281 3462 2489 3531 κριτὴς
2518 3466 2743 3532 ἐκρίθη,
2791 3463 3164 3534 ἐμαστιτώθη
3190 3506 3205 3530 ,
3254 3465 3373 3519 ὑπὸ
3415 3466 3653 3521 δούλων
3687 3466 3793 3520 ἐπὶ

2208 3552 2391 3623 κόρης
2410 3556 2763 3625 ἐρῤαπίσθη,
2782 3557 3120 3626 ἑνεπτύσθη
3142 3597 3156 3622 ,
3195 3558 3521 3612 ἀκάνθινον
3562 3557 3790 3628 στέφα-

2206 3660 2321 3698 νον
2361 3646 2458 3700 καὶ
2496 3645 2846 3715 πορφυροῦν
2889 3646 3121 3716 ἱμάτιον
3150 3649 3422 3717 ὲφόρεσε,
3449 3650 3788 3718 κατεκρίθη,

2209 3736 2555 3805 ἐσταυρώθη
2605 3736 2863 3805 ἀληθῶς,
2903 3738 2975 3791 οὐ
3023 3736 3308 3804 δοκήσει,
3344 3741 3417 3793 οὐ
3460 3740 3787 3808 φαντασίᾳ,

2210 3830 2323 3882 οὐκ
2353 3828 2573 3898 ἀπάτη·
2627 3828 2928 3883 ἀπέθανεν
2964 3828 3224 3896 ἀληθῶς,
3271 3830 3369 3883 καὶ
3414 3829 3636 3900 ἐτάφη,
3688 3831 3789 3884 καὶ

521 3930 742 4000 ἠγέρθη
813 3929 884 3983 ἐκ
958 3927 1076 3981 τῶν
1108 3927 1355 3996 νεκρῶν.
1397 3926 1526 3979 Ἰδοὺ
1560 3926 1809 3996 φανερῶς
1855 3926 1884 3978 ὁ
1923 3921 2165 3985 τοιοῦτος
2222 3921 2317 3975 καὶ
2358 3921 2675 3992 τηλικοῦτος
2734 3921 2834 3992 τῆς
2887 3922 3209 3992 Ἐκκλησίας
3273 3922 3590 3987 διδάσκαλος
3641 3925 3789 3994 τρεῖς

530 4023 813 4084 ἐνιαυτοὺς
858 4020 1094 4091 κηρύξαι
1144 4021 1208 4072 τὸ
1257 4018 1592 4087 Εὑαγγέλιον
1631 4022 1723 4076 τὸν
1755 4021 1983 4091 Σωτῆρα
2033 4020 2198 4087 λέγει.

597 4177 677 4231 Cl.
712 4175 1037 4231 Dufresnius
1068 4178 1122 4231 in
1168 4175 1313 4232 notis
1351 4173 1419 4227 ad
1464 4173 1612 4228 hunc
1641 4174 1823 4227 locum
1867 4182 2055 4227 monet
2095 4183 2331 4228 veterem
2365 4172 2702 4244 lgnatianam
2742 4174 3256 4247 interpretationem
3290 4166 3784 4244 sihi'usurpatam;

529 4283 694 4336 quam
724 4279 906 4322 tamen
938 4266 1190 4321 nonnihil
1218 4265 1520 4336 pleniorem
1548 4275 1602 4319 et
1633 4263 1837 4319 alicubi
1864 4263 2074 4319 variam
2100 4263 2231 4318 editi
2256 4265 2535 4327 exhibent.

2068 4422 2228 4478 XVII.

625 4539 811 4596 Ionius
860 4540 1150 4595 monachus
1177 4583 1190 4609 ,
1223 4544 1297 4601 De
1336 4545 1673 4601 (Economia
1741 4545 2042 4619 seu_Verb0
2089 4547 2396 4613 incarnato,
2425 4548 2521 4619 lib.
2552 4563 2661 4616 vn,
2695 4564 2813 4619 cap.
2844 4549 2933 4603 51.
2970 4547 3124 4617 Apud
3152 4546 3402 4602 Ριιοτιυιι
3429 4544 3688 4601 Biblioth.

1820 4615 1954 4671 Cod.
1990 4632 2194 4685 ccxxu,
2226 4634 2349 4689 pag.
2382 4618 2508 4674 622.

600 4726 736 4783 Nam
762 4729 867 4784 tria
889 4728 1109 4784 divinus
1136 4728 1376 4799 lgnatins
1400 4731 1586 4786 saeculi
1614 4731 1777 4802 hujus
1800 4731 2107 4802 principem

2290 4737 2430 4807 Φησὶ
2457 4734 2570 4805 γὰρ
2596 4736 2625 4788 ὁ
2653 4734 2907 4805 θεοφόρος
2927 4732 3189 4802 Ἰγνάτιος
3210 4730 3338 4801 τρία
3355 4728 3539 4782 λαϐεῖν
3567 4726 3661 4780 τδν
3690 4724 3762 4796 ἄρ
3780 4752 3793 4764 -

530 4820 757 4876 latuisse
818 4831 1255 4891 commemorat;
1299 4823 1670 4895 virginitatem
1711 4824 1925 4890 Mariae,
1974 4840 2107 4880 con-

530 4915 837 4983 ceptionem
890 4914 1149 4983 Domini,
1206 4926 1261 4971 et
1317 4917 1752 4973 cruciﬁxionem.
1804 4916 1977 4988 Epist.
2034 4917 2104 4970 ad

534 5004 753 5076 Ephes.,
790 5024 907 5079 cap.
945 5008 1033 5063 19.

2218 4844 2382 4899 χοντα
2422 4827 2517 4880 τοῦ
2552 4826 2747 4889 αίῶνος
2794 4825 3013 4881 τούτου·
3048 4824 3151 4894 τὴν
3206 4820 3504 4892 παρθενίαν
3542 4816 3761 4889 Μαρίας
3773 4854 3792 4885 ,

2216 4920 2317 4991 τὴν
2357 4918 2619 4989 σύλληψιν
2650 4917 2744 4971 τοῦ
2772 4917 3002 4989 Κυρίου,
3042 4915 3139 4975 καὶ
3163 4914 3261 4983 τὴν
3292 4910 3595 4984 σταύρωσιν

2044 5187 2225 5243 XVIII.

806 5309 1080 5368 LEONTIUS
1105 5311 1471 5380 szm'rmus,
1502 5311 1593 5366 lib.
1628 5312 1701 5367 De
1726 5314 1914 5382 sectis,
1941 5318 2063 5369 Act.
2092 5331 2175 5381 ιιι,
2212 5314 2297 5371 Ex
2326 5314 2453 5370 bibl.
2497 5313 2615 5371 PP.
2654 5313 2835 5368 Paris.
2869 5322 2996 5366 tom.
3030 5307 3125 5377 XI,
3153 5323 3275 5380 pag.
3317 5304 3443 5373 503,
3479 5303 3545 5360 C.

606 5423 875 5482 Caeterum
918 5427 1257 5498 temporibus
1295 5428 1425 5495 illis,
1447 5444 1570 5499 quae
1598 5442 1629 5483 a
1657 5427 1863 5485 Christi
1916 5430 2114 5489 nativi-

545 5526 646 5575 ,ειο
676 5533 850 5589 usque
884 5518 953 5573 ad
994 5519 1281 5589 imperium
1325 5519 1671 5576 Constantini
1726 5532 2109 5592 numerantur,

536 5609 595 5662 hi
637 5608 888 5666 doctores
908 5619 962 5666 et
992 5608 1181 5667 Patres
1224 5612 1551 5669 exstiterunt
1589 5630 1602 5666 :
1645 5609 1892 5682 lgnatius
1933 5613 2112 5671 Theo—

2296 5430 2569 5501 Ἐγένοντο
2585 5430 2642 5484 δὲ
2668 5431 2725 5483 ὲν
2752 5431 2864 5492 τοῖς
2878 5428 3089 5501 χρόνοις
3111 5428 3223 5489 τοῖς
3242 5423 3350 5479 ἀπὸ
3373 5423 3473 5495 τῆς
3495 5419 3797 5493 γεννήσεως,

2221 5524 2319 5581 τοῦ
2350 5522 2585 5595 Χριστοῦ
2618 5522 2778 5595 μέχρι
2800 5524 2898 5594 τῆς
2932 5518 3205 5592 βασιλείας
3226 5513 3635 5573 Κωνσταντίνου
3665 5510 3802 5565 διδά-

2227 5615 2413 5669 σκαλοι
2452 5615 2547 5668 καὶ
2579 5614 2814 5686 πατέρες
2842 5613 2978 5667 οἶδε’
2993 5610 3256 5680 Ἰγνάτιος
3274 5609 3303 5661 ό
3324 5606 3612 5679 Θεοφόρος,
3631 5604 3797 5675 Εἰρη-

536 5702 767 5770 phorus,
806 5700 1063 5772 Irenzeus,
1102 5702 1493 5771 Justinus,ctc.
1539 5701 1649 5761 Hos
1676 5719 1869 5765 omnes
1911 5716 2113 5767 secutae

2224 5709 2393 5772 ναίος,
2427 5708 2741 5773 Ἰουστῖνος,
2770 5724 2824 5761 κ.
2855 5722 2906 5759 τ.
2938 5704 2989 5758 λ.
3029 5701 3263 5766 Τούτους
3310 5700 3557 5763 ἅπαντας
3584 5695 3641 5753 αἱ
3679 5693 3797 5765 μετ’

536 5795 788 5869 deinceps
819 5795 1053 5855 haereses
1086 5796 1381 5871 excipiunt.

2229 5799 2423 5864 αὐτοὺς
2481 5798 2767 5873 γενόμεναι
2815 5796 3053 5871 αἱρέσεις
3096 5793 3365 5877 δέχονταιΣ
