4136 6380
478 383 549 438 υ
1571 383 1632 439 s.
1673 382 2022 442 lGNATlUS.
2065 415 2133 427 —
2170 371 2730 441 PROLEGUMENAJ
3736 358 3814 413 98

2080 499 2243 556 XXV.

840 614 1090 671 Axenus
1115 612 1444 677 Canensrs.
1482 615 1668 688 homil.
1700 632 1767 688 ιι,
1799 616 1852 670 in
1882 614 2110 688 Nativit.
2137 616 2200 670 Β.
2239 616 2500 687 Virginis.
2538 617 2623 671 Ea:
2652 633 2750 671 ms.
2792 616 2966 672 Oxon.
3002 618 3143 688 apud
3165 616 3447 675 Pansam.

1614 686 1668 739 in
1699 687 1913 742 Vindic.
1948 687 2117 758 lgnat.
2156 698 2297 758 part.
2342 686 2380 755 i,
2405 704 2523 758 cap.
2552 689 2608 742 2.

555 795 627 854 Ut
660 800 739 853 ait
764 809 990 856 sanctus
1033 800 1139 866 vir,
1169 800 1259 856 cui
1302 816 1501 856 nomen
1531 802 1777 873 Ignatius
1808 820 1823 858 :
1857 803 2071 857 Princi—
2098 811 2145 867 Α

2130 828 2145 867 L
2246 805 2344 868 ’Ὧς
2372 805 2502 875 φησί
2528 822 2630 858 που
2684 804 2837 873 ἅγιος
2869 806 3028 877 ἀνὴρ,
3067 804 3329 873 Ἰγνάτιος
3373 802 3561 872 ὄνομα
3598 799 3763 861 αὑτῷ

481 906 596 959 pem
641 891 800 961 hujus
850 892 1036 947 διεσαιί
1062 892 1223 945 latuit
1254 893 1533 962 virginitas
1562 892 1773 959 Mariae,
1801 903 1853 948 et
1880 904 2065 964 partus

2177 897 2279 951 Καὶ
2313 898 2493 952 ἔλαθε
2517 896 2626 953 τὸν
2650 897 2915 967 ἄρχοντα
2945 896 3051 952 τοῦ
3082 896 3300 963 αἰῶνος
3330 894 3771 963 τούτουήπαρ
3789 916 3810 932 ·

480 983 615 1051 ejus,
642 983 892 1038 similiter
911 994 959 1037 et
999 1001 1140 1037 mars
1176 984 1376 1039 Christi
1401 1000 1419 1037 :
1448 986 1555 1039 tria
1582 986 1853 1041 tremenda
1876 997 2073 1057 myste-

2207 988 2338 1043 ενια
2378 991 2629 1059 Μαρίας,
2661 990 2759 1043 καὶ
2797 992 2830 1044 ὁ
2880 990 3058 1056 τόκος
3101 988 3312 1057 αὐτῆς,
3337 988 3577 1060 ὁμοίως
3623 985 3731 1039 καὶ
3763 985 3801 1038 d
3836 998 3840 1001 ‘

482 1076 588 1140 ria,
618 1091 735 1145 que
754 1077 807 1130 in
836 1076 1048 1132 silentio
1070 1075 1168 1133 Dei
1195 1077 1342 1147 facta
1369 1088 1515 1133 sunt.
1544 1076 1720 1149 Epist.
1744 1078 1812 1135 ad
1839 1078 2067 1150 Ephes.,

2170 1080 2425 1148 θάνατος
2447 1081 2552 1137 τοῦ
2566 1082 2846 1151 Χριστοῦ·
2865 1082 2998 1151 τρία
3014 1080 3318 1152 μυστήρια
3336 1078 3597 1151 φρικτὰ,
3609 1077 3798 1133 ἅτινα

482 1183 603 1240 cap.
645 1170 733 1225 19.
2171 1173 2243 1227 ἐν
2272 1176 2502 1245 ἠσυχίᾳ
2530 1173 2679 1229 Θεοῦ
2703 1173 2994 1244 ἐπράχθη.

2046 1288 2236 1345 XXVI.

1346 1381 1628 1441 Amemus
1656 1381 1915 1451 Meussa,
1956 1382 2087 1440 Loc.
2130 1400 2356 1452 comm.,
2388 1384 2482 1441 lib.
2516 1401 2578 1453 ιι,
2607 1401 2724 1455 cap.
2762 1384 2853 1440 48.

551 1492 755 1549 Omnes
807 1494 965 1561 ferto,
997 1506 1057 1551 ut
1100 1504 1154 1552 te
1198 1495 1500 1563 Dominus;
1530 1512 1722 1554 omnes
1755 1498 1967 1553 sustine
2010 1497 2065 1551 in

2246 1498 2461 1562 Πάντας
2495 1497 2733 1570 βάσταζε
2785 1498 2861 1563 ὦς
2904 1517 2961 1553 σε
2993 1500 3022 1552 6
3057 1499 3291 1571 Κύριος·
3316 1498 3554 1553 πάντων
3585 1494 3796 1566 ἀνέχου

482 1585 780 1654 charitate;
807 1588 1022 1657 postula
1038 1589 1385 1658 prudentiam
1409 1591 1672 1662 majorem
1689 1606 1754 1646 ea
1785 1605 1951 1661 quam
1968 1591 2068 1644 ha-

2175 1592 2233 1644 ὲν
2270 1591 2492 1664 ἀγάπῃ’
2528 1590 2679 1645 αἰτοῦ
2720 1591 2933 1645 σύνεσιν
2967 1591 3187 1646 πλείονα
3218 1587 3286 1663 ἦς
3334 1590 3515 1661 ἔχεις.
3554 1588 3797 1642 Πάντων

483 1678 601 1733 bes.
631 1678 888 1735 Omnium
918 1682 1144 1737 morbos
1166 1692 1358 1751 porta;
1387 1684 1477 1737 ubi
1509 1684 1657 1738 enim
1685 1682 1809 1752 plus
1838 1682 2071 1746 laboris,

2175 1683 2275 1747 τὰς
2305 1684 2493 1750 νόσους
2528 1684 2791 1755 βάσταξε·
2828 1685 2961 1739 ὅπου
2984 1684 3093 1757 γάρ
3114 1684 3312 1741 πλείων
3333 1684 3543 1747 κόπος,
3565 1679 3712 1737 πολὺ
3735 1678 3797 1733 τὸ

485 1772 560 1826 ibi
589 1771 728 1828 lucri
765 1772 1019 1829 multum.
1050 1772 1222 1844 Epist.
1248 1776 1318 1829 ad
1350 1774 1661 1847 Polycarp.,
1686 1792 1803 1846 cap.
1836 1777 1888 1831 1.
2175 1775 2395 1848 κέρδος.

1715 1896 1871 1961 incl,
1914 1894 2071 1961 ibid.,
2095 1893 2193 1948 lib.
2224 1908 2286 1959 ιι,
2311 1908 2429 1962 cap.
2460 1889 2548 1947 89.

557 2007 716 2064 Stato
758 2011 921 2080 quasi
966 2010 1145 2078 incus,
1184 2012 1316 2067 dum
1365 2012 1629 2079 caaderis;
1688 2012 1941 2083 generosi
1986 2023 2072 2068 est

2244 2011 2422 2081 Στῆκε
2461 2011 2538 2075 ὡς
2580 2010 2794 2082 ἄκμων,
2828 2010 3194 2081 τυπτόμενοςσ
3234 2007 3484 2080 μεγάλου
3540 2001 3797 2074 ἀθλητοῦ

484 2102 722 2170 ιιιΙιΙοιω,
758 2103 894 2159 οωδί
938 2114 994 2159 et
1048 2104 1302 2171 vincere;
1336 2105 1577 2160 maxime
1631 2114 1852 2177 propter
1897 2104 2070 2159 Deum

2174 2104 2292 2158 ἐστι
2339 2102 2592 2175 δέρεσθαι
2635 2104 2737 2161 καὶ,
2781 2105 2973 2175 νικᾷνο
3012 2102 3247 2174 μάλιστα
3290 2101 3347 2154 δὲ
3388 2101 3593 2153 ἕνεκεν
3646 2092 3795 2150 Θεοῦ

483 2196 669 2250 omnia
701 2197 1023 2252 sustinenda
1053 2205 1203 2263 sunt,
1241 2205 1302 2253 ut
1346 2198 1466 2268 ipse
1504 2212 1728 2269 quoque
1764 2211 1868 2253 nos
1904 2195 2073 2253 susti-

2176 2195 2356 2249 πάντα
2383 2196 2534 2268 ἡμᾶς
2564 2196 2858 2268 ὑπομένειν
2888 2195 2993 2261 δεῖ,
3019 2195 3108 2249 ἶνα
3139 2194 3233 2248 καὶ
3258 2193 3423 2256 αὐτὸς
3451 2190 3614 2263 ἡμᾶς
3649 2189 3793 2242 ὑπο-

486 2295 631 2341 neat.
663 2288 745 2342 Ad
776 2288 1089 2359 Palycarp.,
1123 2304 1242 2360 cap.
1267 2288 1322 2343 5.
2181 2289 2340 2361 μένῃ.

1687 2402 1843 2469 lusu,
1874 2401 2035 2470 ibid.,
2062 2401 2157 2458 lib.
2201 2418 2265 2471 ll,
2300 2419 2418 2474 cap.
2453 2402 2545 2459 25.

559 2513 714 2570 Servi
746 2531 857 2575 non
904 2516 1215 2574 desiderent
1241 2533 1271 2573 a
1298 2518 1580 2574 communi
1602 2517 1761 2573 liberi
1786 2518 1939 2582 fieri;
1968 2518 2065 2574 sed
2106 2504 2149 2558 Β

2245 2519 2310 2572 Οἱ
2338 2516 2517 2571 δοῦλοι
2548 2524 2623 2589 μὴ
2660 2516 2943 2590 έράτωσαν
2974 2515 3084 2571 ἀπὸ
3116 2514 3297 2569 κοινοῦ
3327 2508 3790 2583 ὲλευθεροῦσθαι,

487 2604 546 2659 in
592 2605 817 2675 gloriam
874 2606 969 2662 Dei
1006 2608 1129 2679 plus
1165 2610 1431 2677 serviant,
1458 2619 1521 2665 ut
1556 2610 1771 2665 meliori
1819 2610 2071 2667 libertate

2172 2608 2288 2664 ἀλλ’
2307 2610 2390 2673 εις
2415 2608 2573 2673 δόξαν
2592 2608 2737 2663 Θεοῦ
2764 2608 2926 2662 πλέον
2957 2606 3377 2671 δουλευέτωσαν,
3409 2606 3501 2660 ἵνα
3523 2604 3789 2676 κρείττον-

487 2711 520 2751 a
548 2695 659 2753 Deo
682 2698 982 2767 potiantur.
1023 2702 1106 2755 Ad
1131 2700 1443 2773 Polycarp.,
1467 2719 1582 2773 cap.
1616 2701 1669 2756 4.

1558 2720 1582 2756 ι.
1616 2701 1669 2756 4.
2175 2717 2266 2765 νος
2295 2699 2610 2775 ἐλευθερίας
2637 2700 2746 2754 ἀπὸ
2772 2699 2909 2754 Θεοῦ
2936 2699 3191 2770 τύχωσιν.

1711 2816 1867 2881 insit,
1909 2814 2066 2878 ibid.,
2098 2812 2194 2869 lib.
2228 2830 2269 2880 ι,
2290 2830 2409 2884 cap.
2452 2812 2540 2870 14.

562 2907 621 2963 Si
652 2908 776 2979 quis
804 2908 859 2963 in
892 2909 1144 2965 castitate
1196 2925 1417 2966 manere
1457 2919 1639 2982 potest
1682 2912 1750 2966 ad
1802 2913 2070 2966 honorem

2244 2911 2313 2964 Ei’
2335 2925 2420 2973 τις
2439 2909 2662 2963 δύναται
2689 2909 2748 2963 ὲν
2776 2906 2971 2979 ἁγνείᾳ
3003 2906 3185 2979 μένειν
3206 2908 3288 2970 είς
3318 2907 3483 2979 τιμὴν
3517 2908 3624 2979 τῆς
3652 2925 3790 2979 σαρ-

486 3002 674 3058 carnis
705 3001 942 3069 Domini,
970 3002 1089 3057 sine
1111 3002 1377 3072 jactantia
1417 3014 1664 3071 maneat;
1707 3012 1763 3059 et
1810 3004 1857 3060 si
1897 3004 2071 3059 videri

2175 3002 2270 3067 κὺς
2301 3002 2399 3057 τοῦ
2432 3002 2740 3074 Κυρίου,ὲν
2771 3000 3085 3072 ἀκαυχησίᾳ
3118 3000 3327 3071 μενέτω
3350 3017 3364 3030 ·
3399 3001 3494 3054 καὶ
3527 2999 3629 3053 ἐὰν
3650 3017 3796 3068 γνω-

488 3092 607 3147 vult
634 3093 757 3162 plus
787 3094 1069 3164 episcopo,
1107 3105 1401 3166 corruptus
1426 3105 1528 3151 est.
1564 3094 1733 3153 Decet
1757 3105 1939 3153 autem
1968 3096 2073 3151 du-

2184 3093 2289 3165 σθῇ
2324 3093 2486 3147 πλέον
2516 3092 2610 3147 τοῦ
2645 3094 2971 3157 ἐπισκόπου,
3002 3092 3291 3166 ἔφθαρται.
3327 3093 3549 3164 Πρέπει
3587 3093 3649 3147 δὲ
3677 3095 3795 3157 τοῖς

486 3194 678 3247 centes
730 3194 788 3241 et
829 3186 1023 3243 ductas
1068 3203 1194 3243 cum
1228 3187 1500 3243 sententia
1534 3188 1776 3259 episcopi
1807 3188 2071 3244 unionem

2180 3186 2420 3258 γαμοῦσι
2474 3188 2571 3240 καὶ
2618 3190 2739 3251 ταῖς
2792 3185 3191 3257 γαμουμέναις,
3225 3186 3368 3259 μετά
3408 3185 3663 3259 γνώμης
3691 3183 3792 3241 τοῦ

488 3276 692 3345 facere,
742 3288 804 3332 ut
852 3280 1059 3350 nuptias
1113 3280 1246 3334 liant
1293 3279 1604 3336 secundum
1650 3278 1843 3349 Deum,
1873 3290 2077 3337 etnon

2182 3279 2485 3335 ἐπισκόπου
2513 3279 2613 3351 τὴν
2643 3279 2840 3333 ἕνωσιν
2872 3280 3168 3348 ποιεῖσθαι,
3200 3281 3291 3336 ἵνα
3313 3280 3344 3334 6
3371 3280 3556 3352 γάμος
3641 3278 3790 3341 κατὰ

488 3371 791 3430 secundum
819 3371 1197 3442 cupiditatem.
1224 3372 1310 3433 Ad
1345 3369 1661 3442 Polycarp.,
1681 3388 1800 3442 cap.
1841 3372 1894 3427 5.

1473 3388 1800 3442 ycarp.,cap.
1841 3372 1894 3427 5.
2184 3370 2343 3436 Θεὸν,
2372 3372 2469 3425 καὶ
2511 3372 2589 3445 μὴ
2634 3374 2754 3426 κατ’
2789 3372 3106 3443 ἐπιθυμίαν.

1743 3488 1901 3557 lusu,
1928 3488 2085 3556 ibid.,
2114 3488 2210 3545 lib.
2238 3503 2302 3556 ιι,
2335 3504 2453 3559 cap.
2489 3487 2579 3543 84.

566 3602 845 3661 Patienter
888 3602 978 3658 alii
1020 3603 1161 3666 alios
1182 3620 1307 3661 cum
1341 3606 1765 3662 mansuetudine
1796 3605 2072 3676 patimini,

2248 3602 2675 3676 Μακροθυμεῖτε
2724 3603 2841 3674 μετ’
2874 3601 3119 3673 ἀλλήλων
3176 3598 3236 3653 ὲν
3286 3596 3588 3675 πραΰτητι,
3632 3596 3721 3667 ὡς
3754 3597 3786 3655 6

495 3705 556 3752 ut
578 3712 678 3752 nos
703 3710 920 3768 semper
944 3694 1108 3753 Deus.
1135 3697 1217 3752 Ad
1246 3697 1559 3770 Polycarp.,
1586 3716 1705 3771 cap.
1736 3698 1791 3754 6.

1386 3716 1559 3770 carp.,
1586 3716 1705 3771 cap.
1736 3698 1791 3754 6.
2183 3696 2317 3761 Θεὸς
2349 3697 2465 3768 μεθ’
2495 3695 2652 3768 ἡμῶν
2683 3695 2773 3750 διά
2801 3694 3019 3759 παντός.

1750 3814 1907 3880 incl,
1939 3809 2096 3879 ibid.,
2122 3809 2220 3865 lib.
2248 3825 2310 3875 ιι,
2339 3826 2457 3880 cap.
2489 3809 2543 3863 5.

570 3932 704 3987 Date
732 3948 957 4003 operam
994 3948 1064 3988 ne
1092 3933 1371 3992 resistatis
1396 3934 1677 4006 episcopo,
1700 3943 1762 3989 ut
1803 3933 1926 3990 sitis
1971 3931 2084 3987 Deo
2112 3932 2157 3991 (ἒ

2145 3934 2157 3988 ἱ
2258 3930 2606 3985 Σπουδάσατε
2661 3930 2736 4001 μὴ
2778 3924 3194 3985 ἀντιτάσσεσθαι
3232 3922 3311 3995 τῷ
3348 3918 3657 3991 ὲπισκόπῳ,
3689 3919 3778 3972 ἵνα

500 4020 764 4089 subjecti;
810 4029 865 4075 et
906 4035 1018 4091 quo
1070 4022 1248 4093 magis
1295 4024 1525 4078 tacitum
1573 4024 1822 4079 videritis
1866 4022 2083 4093 episco-

2188 4020 2287 4097 ἦτε
2331 4023 2451 4094 Θεῷ
2484 4022 2911 4093 ὑποτασσόμενοι
2934 4038 2949 4053 ο
2981 4018 3077 4074 καὶ
3118 4020 3241 4072 ὅσον
3277 4014 3501 4085 βλέπετε
3536 4010 3776 4080 σιγῶντα

501 4125 655 4179 pum,
696 4125 763 4165 eo
819 4112 995 4183 magis
1042 4112 1198 4167 illum
1240 4114 1486 4169 metuite.
1514 4114 1913 4184 Quemcunque
1937 4112 2083 4168 enim

2186 4117 2278 4170 τὸν
2306 4118 2623 4180 ἐπίσκοπον,
2655 4115 2817 4168 πλέον
2850 4113 3012 4168 αὑτὸν
3055 4109 3329 4181 φοϐεῖσθε.
3364 4106 3549 4161 Πάντα
3578 4104 3689 4176 γάρ
3716 4103 3776 4156 δν

502 4203 671 4257 mittit
724 4202 1118 4273 paterfamilias
1172 4213 1234 4260 ut
1282 4206 1358 4261 rei
1413 4205 1730 4261 domesticae
1758 4205 1964 4275 prasit,
2005 4204 2087 4259 sic

2191 4206 2398 4277 πέμπει
2424 4208 2453 4259 ό
2477 4204 2859 4272 οἰκοδεσπότης
2881 4205 2959 4266 είς
2989 4200 3132 4255 ἰδίαν
3152 4197 3482 4270 οἰκονομίαν,
3498 4193 3675 4258 οὕτως
3695 4193 3777 4247 δεῖ

502 4296 661 4351 decet
687 4312 791 4353 nos
829 4297 1081 4368 excipere
1108 4299 1258 4353 velut
1290 4298 1472 4368 ipsum
1514 4296 1609 4367 qui
1637 4297 1824 4352 mittit.
1857 4296 2086 4366 Episco-

2190 4299 2339 4369 ἡμᾶς
2382 4297 2546 4351 αὐτὸν
2589 4295 2838 4367 δέχεσθαι
2876 4294 2952 4357 ὼς
3000 4292 3162 4345 αὑτὸν
3191 4290 3283 4344 τὸν
3326 4288 3633 4359 πέμποντα.
3669 4286 3775 4339 Τὸν

504 4403 635 4457 ριιιιι
686 4388 851 4459 igitur
896 4397 1159 4459 tanquam
1212 4388 1507 4444 Dominum
1562 4389 1744 4459 ipsum
1800 4390 2084 4459 suspicere

2189 4386 2284 4445 οὖν
2339 4389 2637 4447 ἐπίσκοπον
2686 4388 2763 4452 ὡς
2818 4387 2980 4441 αὐτὸν
3030 4385 3124 4439 τὸν
3168 4385 3372 4457 Κύριον
3412 4381 3493 4435 δεῖ
3540 4378 3772 4452 προελέ-

502 4489 740 4553 oportet.
770 4479 855 4534 Ad
878 4479 1096 4553 Ephcs.,
1123 4497 1276 4553 capp.
1302 4482 1336 4539 5
1373 4490 1428 4537 et
1462 4480 1517 4537 6.
2195 4499 2341 4536 πειν.

1714 4595 1876 4663 ΔΙιιειι,
1911 4593 2064 4663 ibid.,
2093 4593 2189 4652 lib.
2228 4612 2290 4660 ιι,
2318 4611 2438 4666 cap.
2471 4593 2561 4650 67.

574 4716 722 4774 Nihil
742 4727 828 4775 est
844 4734 978 4790 pace
1001 4720 1233 4786 melius,
1274 4734 1387 4791 qua
1423 4732 1588 4775 omne
1618 4717 1821 4773 bellum
1854 4713 2079 4771 dirimi.

2264 4714 2433 4776 Οὐδέν
2479 4714 2626 4771 ἐστιν
2660 4711 2881 4784 ἄμεινον
2906 4708 3130 4782 εἰρήνης
3150 4743 3165 4769 ,
3188 4704 3246 4757 ὲν
3356 4702 3463 4765 πᾶς
3488 4701 3518 4754 6
3541 4697 3772 4767 πόλεμος

508 4822 618 4868 tur.
646 4812 729 4867 Ad
761 4811 978 4883 Ephes.,
1009 4830 1128 4884 cap.
1156 4813 1244 4869 15.

2196 4805 2539 4861 καταλύεται.
2994 4836 2996 4839 -

1724 4926 1877 4995 locu,
1911 4924 2071 4988 ibid.,
2101 4920 2195 4977 lib.
2230 4936 2293 4984 ιι,
2319 4936 2435 4989 cap.
2474 4918 2563 4974 19.

580 5029 803 5086 Samuel
849 5042 975 5084 cum
1019 5026 1204 5081 adhuc
1246 5038 1451 5095 parvus
1492 5037 1630 5095 puer
1670 4994 2090 5089 esset,Videns
2122 5042 2167 5098 υ

2138 5043 2167 5098 D
2278 5013 2339 5068 '0
2365 5010 2618 5083 Σαμουὴλ
2652 5008 2940 5082 παιδάριον
2973 5005 3072 5071 ὢν,
3104 5001 3379 5098 6
3681 4994 3771 5098 καὶ

510 5132 595 5179 est
617 5134 867 5189 vocatus,
901 5136 966 5176 ac
997 5120 1052 5175 in
1088 5118 1478 5190 prophetarum
1504 5130 1734 5171 numero
1752 5123 1837 5170 est
1868 5120 2091 5183 coopta-

2137 5087 2162 5098 ν
2193 5106 2272 5179 τῷ
2316 5104 2462 5177 χορῷ
2502 5102 2612 5157 τῶν
2650 5099 2948 5174 προφητῶν
2985 5093 3370 5168 ὲγκατελέχθη.
3424 5090 3619 5162 Δανιὴλ
3654 5087 3770 5196 νέος

511 5226 619 5271 tus.
645 5214 833 5270 Daniel
853 5183 1041 5268 adhuc
1058 5183 1279 5282 juvenis
1304 5224 1571 5265 consenes
1590 5207 1857 5278 quosdam
1879 5204 2089 5276 judicio

2195 5201 2292 5267 ὢν,
2309 5199 2519 5271 ἔκρινεν
2543 5193 2906 5268 όμογέροντάς
2924 5208 3096 5255 τινας,
3118 5188 3296 5253 δείξας
3315 5184 3531 5282 ἐξώλεις
3553 5183 3766 5243 αὐτοὺς,

510 5305 815 5369 damnavit,
837 5316 1045 5372 eosque
1059 5276 1189 5357 ⁷ῐιοιι
1221 5301 1489 5366 seniores,
1534 5276 1629 5356 sed
1654 5297 1864 5368 perdite
1906 5294 2092 5351 libidi-

2195 5293 2258 5347 οὐ
2284 5288 2689 5362 πρεσϐυτέρους
2718 5282 2877 5339 εἶναι.
2913 5281 3183 5353 Ἱερεμίας
3209 5278 3299 5332 διά
3321 5277 3384 5331 τδ
3418 5276 3539 5376 νέον
3564 5288 3768 5376 fugat:

513 5415 680 5456 nosos
704 5412 829 5454 esse
862 5393 1279 5452 demonstravit.
1314 5392 1584 5449 Jeremias
1629 5405 1755 5447 cum
1786 5388 2093 5460 iuventutis

2195 5361 2455 5455 τούμέενος
2489 5380 2590 5453 τὴν
2633 5373 3079 5449 ὲγχειριζομένην
3132 5371 3280 5442 αὐτῷ
3315 5368 3469 5442 παρά
3504 5366 3600 5421 τοῦ
3633 5361 3767 5460 θεοῦ

514 5508 683 5548 causa
714 5532 730 5556 ,
764 5505 885 5546 eam
934 5503 1100 5559 quam
1140 5486 1284 5543 Deus
1333 5484 1387 5542 ei
1438 5485 1689 5541 tradebat
1730 5456 2096 5554 prophetandi

2198 5475 2554 5550 προφητείαν,
2579 5471 2796 5527 ἀκούειο
2828 5470 2922 5541 Μὴ
2948 5469 3103 5539 λέγε,
3142 5464 3407 5535 νεώτερος
3454 5460 3599 5569 εἰμί·
3634 5456 3769 5569 διότι

513 5551 853 5658 provinciam
871 5551 1175 5649 recusaret,
1196 5596 1228 5635 a
1247 5580 1359 5636 Deo
1382 5579 1475 5635 illa
1504 5579 1691 5634 audit:
1726 5551 1803 5632 'i‘e
1817 5551 2095 5647 iuniorem

2196 5569 2334 5642 πρὸς
2369 5567 2575 5630 πάντας
2615 5565 2711 5630 οὒς
2744 5563 2843 5618 ἐὰν
2874 5558 3219 5629 ἐξαποστελῶ
3249 5575 3332 5623 σε,
3366 5554 3629 5657 πορεόσῃ.
3661 5551 3765 5603 Σα-

517 5650 643 5732 esse
662 5691 731 5735 ne
751 5675 921 5731 dicito
946 5693 960 5730 :
985 5673 1055 5729 ad
1084 5687 1444 5745 quoscunque
1462 5671 1609 5727 enim
1635 5677 1689 5726 te
1714 5668 1939 5733 misero,
1966 5680 2098 5737 pro-

2195 5661 2380 5733 λομῶν
2410 5662 2466 5717 δὲ
2489 5662 2519 5714 ὁ
2548 5659 2710 5729 σοφδς
2728 5697 2745 5722 ι
2785 5656 3109 5718 δυοκαίδεκα
3138 5650 3420 5722 τυγχάνων
3446 5650 3612 5745 ἑτῶν,
3639 5656 3769 5745 aut.

518 5733 806 5823 ﬁciseeris.
842 5733 1121 5823 Salomon.
1142 5772 1328 5820 autem
1356 5733 1468 5819 ἰιιο
1508 5762 1765 5833 sapiens,
1796 5776 1922 5817 cum
1955 5733 2093 5815 duo-

2195 5757 2297 5828 ἧκε
2340 5754 2403 5808 τὸ
2447 5753 2590 5825 μέγα
2636 5752 2735 5822 τῆς
2761 5748 3034 5819 ἀγνωσίας
3062 5746 3172 5800 τῶν
3211 5741 3486 5815 γυναικῶν
3523 5738 3619 5792 ἐπὶ

520 5860 697 5921 decim
722 5859 943 5917 haberet
966 5873 1160 5927 annos,
1186 5872 1442 5930 magnam
1477 5854 1837 5930 quiesﬁoncm
1861 5851 1928 5909 de
1948 5851 2096 5922 igno-

2198 5846 2477 5920 σφετέροις
2527 5844 2735 5908 τέκνοις
2775 5842 3011 5915 ζήτημα.
3048 5837 3212 5897 Δασὶδ
3240 5838 3271 5890 6
3313 5833 3595 5908 προφήτης
3631 5828 3768 5899 ὁμοῦ
