4136 6400
502 377 567 433 51
1579 382 1637 436 8.
1681 380 2030 438 lGNATlUS.
2069 413 2139 424 —-
2171 381 2707 439 PROLEGOIENA.
3688 385 3765 443 33

1958 510 2110 578 1³η,

2164 512 2291 567 ibid.

574 624 639 679 Et
672 627 804 681 dicit
829 628 993 683 etiam
1029 628 1314 699 (lgnatius)
1344 630 1396 682 in
1428 627 1665 698 Epistola
1698 646 1794 683 sua
1833 629 1897 683 ad
1925 628 2327 686 Antiochenses
2355 650 2366 685 :
2401 630 2506 696 Qui
2537 631 2703 684 credit
2733 646 2871 683 nunc
2903 631 2959 683 in
2990 628 3234 695 Christo,
3270 640 3319 685 et
3364 648 3467 685 non
3516 633 3571 685 in
3604 632 3756 684 obla-

503 723 641 774 tione
666 739 763 775 sua
796 722 927 791 (esse
961 726 1103 793 eum)
1140 722 1340 776 Filium
1370 723 1467 776 Dei
1507 724 1759 775 creatoris
1791 723 1993 789 mundi,
2033 723 2270 793 dicetque
2300 724 2438 794 quod
2467 732 2545 776 est
2580 723 2693 776 illic
2724 723 2869 792 ﬁlius
2899 724 3061 788 alius,
3093 734 3141 778 et
3165 723 3449 778 substituet
3488 742 3606 777 eum
3637 725 3759 778 loco

500 812 636 881 ejus,
678 813 740 867 de
764 831 865 883 quo
894 816 1172 868 vaticinati
1199 822 1321 867 sunt
1350 815 1635 883 prophetat,
1666 829 1920 885 quemque
1954 816 2315 883 prwdicarunt
2348 814 2621 883 discipuli,
2653 814 2913 885 palatium
2953 824 3029 870 est
3071 815 3293 870 diaboli.
3321 816 3397 869 Ex
3424 816 3592 887 Epist.
3627 832 3752 887 sup-

502 910 665 976 posit.
695 910 763 964 ad
795 910 1146 977 Antiochen.,
1182 926 1301 981 cap.
1328 911 1379 965 5.

1194 1218 1662 1389 ISAACI
1750 1271 2227 1391 vossu
2316 1273 3075 1390 PR/EFATIO

1364 1514 1490 1602 IN
1564 1511 2215 1606 EPISTOLAS
2286 1513 2381 1604 S.
2462 1514 2931 1603 IGNATII

642 1707 786 1773 Quae
814 1708 1013 1777 primus
1044 1710 1093 1760 in
1132 1708 1299 1761 lucem
1336 1706 1527 1760 extulit
1560 1706 1965 1771 Amstelodami,
2002 1723 2141 1761 anno
2181 1705 2341 1773 1646,
2382 1708 2521 1773 iit—4,
2550 1722 2615 1761 ex
2645 1708 2821 1760 codice
2848 1724 2945 1760 ms.
2982 1708 3305 1763 bibliothecae
3344 1707 3611 1766 Medicae.

567 1863 643 1917 Ita
674 1872 759 1918 est
785 1906 799 1926 ,
832 1864 1004 1918 lector
1049 1864 1447 1919 humanissime
1473 1905 1486 1929 ,
1518 1864 1665 1933 quod
1707 1873 1761 1919 et
1800 1874 1856 1918 tu
1889 1875 1943 1919 et
1964 1878 2067 1931 ego

2179 1873 2420 1929 testatur,
2475 1879 2598 1919 cum
2645 1864 2757 1919 ait:
2804 1864 3107 1936 Ἐγράψατέ
3150 1883 3239 1935 μοι
3284 1868 3377 1919 καὶ
3427 1868 3607 1938 ὑμεῖς,
3664 1869 3762 1923 καὶ

500 1960 698 2027 Saepius
750 1957 1267 2023 animadvertimus;
1310 1957 1497 2011 omnia
1542 1957 1665 2023 illa,
1698 1974 1820 2027 quae
1858 1958 1941 2013 vel
1978 1973 2081 2011 na-

499 2058 619 2103 tura
654 2048 939 2114 etlinxerit,
984 2050 1066 2103 vel
1108 2058 1224 2103 arte
1270 2049 1377 2104 sint
1418 2048 1682 2104 fabricata
1716 2088 1730 2112 ,
1783 2049 1932 2102 illam
1976 2050 2080 2104 ha-

500 2147 628 2195 bent
662 2141 1053 2205 conditionem,
1096 2150 1155 2195 ut
1193 2157 1316 2211 quae
1362 2141 1415 2194 iu
1451 2156 1649 2212 genere
1679 2156 1781 2195 suo
1812 2141 1922 2195 sint
1959 2157 2082 2211 per-

499 2232 742 2297 fectiora,
768 2241 973 2303 quanto
1009 2232 1215 2287 diutius
1250 2242 1302 2287 et
1338 2235 1599 2289 attentius
1623 2234 2078 2303 Contemplemur,

500 2335 651 2379 tanto
680 2326 906 2393 pulchra
925 2328 1102 2395 magis
1127 2338 1181 2381 et
1212 2326 1876 2394 artilleiosa,intuentium
1904 2327 2080 2383 oculis

498 2436 620 2475 sese
640 2419 891 2473 offerant.
926 2418 1119 2474 Simile
1146 2417 1279 2488 Quid
1329 2419 1463 2473 mihi
1508 2421 1690 2474 evenit
1746 2419 1800 2472 in
1846 2417 2077 2489 lgnatio,

498 2512 659 2581 cujus
692 2527 971 2581 nunquam
1024 2510 1301 2582 Epistolas
1330 2512 1518 2580 relegi,
1547 2512 1678 2580 quin
1729 2525 1944 2579 semper
1975 2510 2078 2564 ali-

498 2605 627 2673 quid
656 2604 805 2667 novi,
834 2619 945 2673 quo
978 2605 1155 2672 magis
1204 2619 1325 2658 sese
1359 2603 1495 2657 mihi
1546 2602 1873 2672 probarent,
1902 2602 1957 2655 in
2010 2602 2080 2657 iis

498 2695 951 2765 deprehenderim
985 2714 997 2748 :
1031 2696 1246 2765 quoties
1275 2736 1290 2761 ,
1340 2700 1565 2764 inquam
1594 2734 1609 2760 ,
1640 2694 1761 2749 illas
1796 2695 1851 2748 in
1883 2710 2080 2750 manus

500 2788 769 2856 resumpsi
798 2828 815 2855 ,
852 2789 1012 2843 toties
1042 2787 1249 2858 aliquid
1284 2787 1537 2857 apparuit
1561 2827 1575 2848 ,
1608 2785 1752 2840 unde
1782 2788 2078 2857 genuinum

500 2881 771 2951 potuerim
810 2895 1111 2950 agnoscere
1140 2880 1500 2950 scriptorem;
1550 2893 1697 2932 nunc
1728 2878 1949 2947 elegans
1988 2876 2079 2933 illa

498 2972 847 3041 simplicitas,
872 2981 927 3026 et
968 2972 1171 3028 saeculo
1220 2988 1330 3041 quo
1362 2971 1497 3025 vixit
1537 2970 2077 3040 convenientissima,

498 3081 645 3119 nunc
693 3082 876 3119 rerum
907 3075 963 3120 et
1007 3066 1300 3121 verborum
1355 3066 1563 3136 passlm
1590 3073 1645 3120 et
1689 3066 1892 3135 ubique
1944 3079 2078 3120 con-

497 3158 747 3228 gruentia
794 3174 859 3213 ac
880 3159 1083 3214 veritas
1111 3177 1125 3227 ;
1156 3174 1304 3214 nunc
1335 3158 1486 3214 zelus
1517 3167 1573 3214 et
1609 3158 1855 3230 martyrii
1876 3157 2075 3227 fervor,

495 3249 591 3321 qui
629 3266 751 3305 cum
782 3251 933 3317 alibi,
973 3259 1089 3305 tum
1132 3251 1371 3305 maxime
1420 3252 1475 3305 in
1504 3249 1742 3321 Epistola
1778 3252 1845 3305 ad
1875 3246 2077 3305 Roma-

499 3359 599 3397 nos
626 3344 839 3410 elucet;
871 3344 1055 3398 omnia
1099 3344 1331 3413 denique
1384 3351 1662 3398 auctorem
1714 3356 1877 3399 suum
1912 3352 2079 3398 testa-

498 3437 717 3490 bantur.
754 3438 875 3502 ρυο
906 3437 1079 3507 magis
1129 3435 1300 3489 miror
1339 3434 1545 3502 fuisse,
1572 3436 1669 3505 qui
1709 3450 1820 3489 non
1862 3442 2077 3489 tantum

496 3543 628 3599 nega
639 3537 758 3582 rent
776 3529 1036 3599 epistolas
1056 3528 1154 3582 has
1168 3543 1289 3583 esse
1306 3528 1517 3598 lgnatii,
1536 3528 1629 3582 sed
1650 3543 1748 3582 nec
1765 3527 1951 3582 dubita
1962 3536 2079 3581 rent

496 3621 767 3675 allii-mare
799 3622 953 3675 illum
980 3621 1161 3675 nullas
1188 3620 1415 3674 omnino
1457 3619 1764 3689 scripsisse.
1816 3618 1935 3673 Non
1968 3619 2076 3674 alio

496 3716 548 3768 id
566 3723 895 3785 argumento
920 3714 1251 3784 persuadere
1266 3712 1632 3777 conabantur,
1651 3727 1816 3781 quam
1842 3726 1908 3766 eo
1930 3711 2076 3780 quod

495 3808 741 3863 dicerent
769 3808 1047 3863 neminem
1076 3814 1339 3871 veterum,
1376 3814 1501 3860 ante
1532 3804 1850 3869 Eusebium,
1886 3819 2075 3859 earum

496 3901 835 3957 meminisse.
869 3899 1008 3955 Nam
1059 3899 1360 3956 sententias
1389 3914 1511 3967 qua:
1540 3896 1683 3967 apud
1731 3896 1995 3951 Irenaeum
2023 3904 2078 3951 et

495 3992 785 4063 Origenem
806 4001 1109 4059 exstarent,
1129 4008 1223 4048 eas
1254 4008 1351 4047 ore
1379 3990 1800 4061 pronuntiasse,
1835 4004 1943 4041 non
1980 4002 2077 4041 au-

496 4094 602 4139 tem
632 4101 698 4140 ex
725 4085 972 4154 epistolis
1002 4085 1122 4154 ejus
1151 4100 1272 4140 esse
1324 4084 1559 4153 petitas:
1590 4099 1701 4138 non
1732 4082 2080 4137 attenderuut

497 4186 599 4239 viri
623 4185 929 4240 doctissimi
963 4185 1031 4239 ad
1077 4200 1201 4239 eum
1249 4182 1500 4253 Origenis
1538 4184 1741 4249 locum,
1769 4183 1863 4253 qui
1900 4190 2080 4237 exstat

497 4278 690 4333 homil.
727 4293 776 4330 γι
825 4278 879 4330 in
929 4276 1133 4332 Lucam
1169 4295 1181 4330 :
1219 4275 1366 4330 Unde
1396 4274 1660 4344 eleganter
1693 4275 1750 4327 iu
1798 4273 2079 4343 cujusdam

497 4372 750 4439 martyris
777 4369 1002 4439 epistola
1053 4370 1241 4439 reperi,
1283 4368 1557 4439 lgnatium
1602 4368 1720 4421 dico
1776 4368 2078 4437 episcopum

498 4463 812 4523 Antiochitc,
838 4472 953 4531 post
985 4462 1205 4515 Petrum
1235 4461 1544 4525 secundum;
1564 4462 1653 4531 qui
1674 4463 1729 4515 in
1758 4463 2078 4531 persecutio-

2186 1956 2472 2035 Ἰγνάτιος.
2512 1956 2823 2025 Supervixit
2852 1966 3035 2012 autem
3060 1956 3266 2027 lgnatio
3298 1957 3628 2028 Polycarpus
3658 1976 3764 2014 an-

2183 2050 2271 2103 nis
2298 2049 2421 2117 plus
2454 2050 2636 2102 minus
2686 2049 2990 2119 sexaginta.
3016 2047 3116 2103 llic
3142 2048 3277 2118 jam,
3326 2066 3480 2120 rogo,
3506 2066 3761 2120 quaenam

2181 2140 2295 2194 veri
2336 2150 2421 2194 est
2474 2141 2775 2194 similitudo
2835 2150 2935 2207 ut,
2991 2140 3293 2213 Polycarpo
3321 2145 3577 2211 vivente,
3618 2162 3765 2202 vera:

2183 2230 2304 2287 ista:
2335 2231 2530 2303 lgnatii
2557 2232 2800 2301 epistola:
2832 2232 3035 2288 fuerint
3069 2250 3394 2303 suppressus,
3418 2246 3471 2290 et
3492 2238 3610 2291 alia:
3630 2254 3767 2308 sup-

2181 2326 2419 2395 positae?
2450 2324 2703 2395 Nunquid
2744 2341 2838 2381 eas
2883 2327 3115 2396 perdidit
3145 2326 3499 2399 Polycarpus,
3534 2339 3593 2384 ut
3620 2346 3767 2400 opus

2181 2417 2348 2473 fuerit
2378 2418 2515 2472 alias
2565 2418 2913 2487 excogitare?
2965 2418 3083 2473 Non
3132 2429 3266 2490 puto
3312 2436 3645 2491 quemquam
3684 2423 3765 2477 ita

2181 2509 2297 2564 fore
2331 2509 2645 2574 ridiculum,
2681 2519 2743 2563 ut
2771 2510 2895 2565 talia
2926 2512 3136 2581 probet.
3179 2510 3298 2566 Jam
3328 2529 3491 2583 pergo
3522 2531 3535 2566 :
3567 2513 3622 2569 Si
3656 2515 3767 2571 Po-

2180 2600 2437 2672 lycarpus
2481 2616 2577 2657 eas
2623 2602 2897 2668 habuerit,
2959 2604 3151 2673 utique
3182 2604 3402 2659 easdem
3433 2606 3623 2660 habuit
3646 2605 3767 2662 Ire-

2182 2710 2353 2760 nreus,
2381 2693 2502 2763 ejus
2530 2694 2854 2763 discipulus,
2878 2696 2970 2765 qui
2999 2696 3118 2751 illas
3140 2696 3341 2752 citavit.
3371 2696 3632 2753 Irenaeum
3663 2715 3768 2755 ox—

2181 2786 2313 2856 eipit
2345 2786 2629 2854 Origenes,
2657 2787 2815 2856 cujus
2838 2786 2952 2856 jam
2982 2788 3147 2841 verba
3171 2789 3427 2845 vidimus.
3464 2789 3634 2845 Nemo
3660 2807 3766 2845 au-

2180 2891 2313 2944 tem,
2341 2888 2492 2948 puto,
2520 2879 2613 2942 sit,
2651 2879 2746 2948 qui
2776 2880 3049 2934 existimet
3078 2880 3323 2937 diversas
3354 2882 3525 2937 fuisse
3565 2883 3765 2954 lgnatii

2181 2972 2442 3042 epistolas
2482 2971 2685 3041 quibus
2736 2988 2868 3027 usus
2901 2980 2985 3026 est
3030 2971 3290 3042 Origenes
3319 3016 3333 3038 ,
3368 2976 3437 3029 ab
3485 2976 3592 3030 illis
3620 2994 3766 3047 quas

2182 3062 2315 3117 citat
2360 3061 2650 3118 Eusebius.
2708 3062 3005 3117 Eusebium
3037 3073 3343 3132 sequuntur
3398 3067 3763 3137 Athanasius,

2182 3153 2568 3226 Hieronymus,
2599 3154 3033 3226 Chrysostomus
3058 3196 3072 3221 ,
3098 3153 3475 3212 Tbeodoretus
3498 3200 3513 3225 ,
3560 3160 3765 3214 Antio-

2179 3247 2426 3310 chenus,
2455 3243 2830 3302 Damascenus
2862 3287 2877 3312 ,
2918 3245 3148 3302 Photius
3175 3290 3189 3314 ,
3222 3257 3275 3303 et
3324 3250 3597 3306 innumeri
3625 3255 3713 3307 alii
3740 3272 3762 3323 ;

2178 3340 2273 3410 qui
2301 3354 2492 3395 omnes
2524 3339 2608 3394 usi
2640 3347 2771 3392 sunt
2812 3340 3129 3396 testimonio
3174 3339 3401 3411 lgnatii;
3437 3351 3491 3398 et
3522 3346 3595 3399 ita
3635 3347 3764 3416 qui-

2178 3433 2326 3497 dem,
2359 3440 2418 3485 ut
2444 3446 2724 3500 nunquam
2758 3447 2787 3485 a
2836 3448 3115 3501 quoquam
3148 3435 3288 3490 inter
3316 3438 3659 3507 apocryphos
3687 3440 3765 3495 sit

2180 3526 2413 3592 relatus;
2448 3524 2593 3594 quod
2618 3533 2797 3595 tamen
2839 3540 2907 3579 ne
2939 3530 3063 3580 novi
3105 3528 3321 3596 quidem
3358 3527 3602 3584 Fmderis
3634 3529 3759 3582 libri

2178 3618 2414 3687 eﬂ‘ugere
2457 3632 2650 3672 omnes
2706 3625 3021 3686 potuerunt.
3066 3620 3204 3673 Cum
3260 3621 3443 3690 itaque
3500 3622 3589 3676 hic
3648 3637 3758 3676 non

2178 3710 2539 3778 interruptam
2613 3709 2911 3764 habeamus
2972 3712 3167 3766 seriem
3226 3727 3417 3766 eorum
3452 3754 3467 3779 ,
3502 3714 3594 3783 qui
3657 3716 3759 3771 has

2178 3802 2439 3871 epistolas
2464 3802 2906 3871 approbaverunt
2932 3819 2944 3853 :
2975 3818 3080 3855 non
3124 3803 3283 3858 video
3312 3820 3421 3873 quo
3463 3822 3756 3875 argumen-

2180 3903 2235 3949 to
2270 3894 2585 3964 Opinionem
2631 3910 2786 3949 suam
2835 3895 3162 3951 confirmare
3210 3898 3442 3966 possint,
3468 3898 3562 3968 qui
3608 3900 3758 3955 aliud

2180 3990 2442 4043 sentiunt.
2466 3986 2642 4041 Lecta:
2662 3995 2790 4041 sunt
2820 3986 3085 4043 hactenus
3117 3987 3309 4059 lgnatii
3337 3991 3602 4059 epistolae,
3632 4007 3759 4061 pro-

2179 4089 2237 4134 ut
2260 4080 2328 4133 ab
2367 4080 2756 4149 iuterpolatore
2786 4078 3006 4134 fuerant
3027 4090 3333 4151 corruptae:
3366 4091 3419 4138 et
3445 4091 3626 4137 tamen
3646 4100 3757 4139 non

2180 4170 2422 4237 defuere,
2456 4172 2764 4242 quijudicii
2797 4174 3098 4227 acrimonia
3146 4174 3309 4228 etiam
3348 4190 3534 4229 verum
3568 4177 3624 4230 in
3650 4177 3758 4232 illis

2179 4266 2584 4335 deprehendere
2621 4266 2917 4334 potuerint.
2949 4263 3201 4320 Ostendit
3249 4267 3355 4321 hoc
3394 4267 3531 4322 satis
3560 4283 3756 4337 super-

2180 4374 2287 4427 que
2332 4358 2415 4411 vir
2445 4372 2696 4412 summus
2738 4356 2983 4413 Andreas
3030 4356 3278 4413 Rivetus.
3323 4357 3757 4429 Verasjam-ex-

2182 4450 2345 4504 hibeo
2369 4459 2423 4504 et
2461 4450 2728 4519 genuinas
2748 4488 2766 4515 ,
2799 4458 2854 4505 et
2884 4449 3215 4505 testimoniis
3255 4451 3607 4521 antiquorum
3636 4454 3757 4507 uhi-

496 4571 559 4607 ne
607 4554 788 4608 Roma:
823 4555 1072 4623 pugnavit
1108 4554 1177 4607 ad
1224 4555 1457 4608 bestias:
1493 4573 1511 4605 ι
1553 4554 1849 4623 Priueipem
1892 4554 2077 4607 δαναιιὶ
2103 4555 2149 4617 C
2182 4558 2289 4612 que
2338 4551 2747 4614 congruentes;
2780 4558 2845 4597 θο
2885 4542 2999 4612 iam
3047 4543 3371 4615 confugiunt
3396 4586 3412 4610 ν
3462 4555 3520 4600 υἱ
3560 4556 3760 4617 ηθεθηι

496 4647 653 4715 hujus
701 4645 863 4698 latuit
911 4647 1190 4716 virginitas
1240 4646 1450 4711 Mariae,
1492 4665 1511 4698 ι
1542 4655 1648 4701 etc.
1696 4645 1801 4701 Sed
1833 4647 1899 4701 ad
1936 4647 2079 4701 anti-

495 4740 691 4809 quiora
722 4740 1026 4804 veniamus,
1060 4755 1170 4808 quo
1213 4739 1385 4809 magis
1409 4747 1669 4809 appareat
1695 4739 1993 4809 antiquitas
2025 4751 2079 4795 ct

496 4832 704 4888 veritas
754 4831 947 4903 lgnatii
976 4832 1148 4887 nostri
1176 4873 1191 4897 ,
1217 4840 1273 4887 et
1300 4847 1457 4886 error
1484 4848 1674 4886 eorum
1718 4832 1812 4903 qui
1854 4842 2077 4887 contra-

498 4923 641 4977 rium
672 4933 942 4979 statuunt.
964 4924 1185 4980 Primus
1211 4926 1394 4994 itaque
1415 4926 1509 4995 qui
1536 4941 1726 4980 earum
1747 4926 2075 4991 meminerit,

498 5017 545 5071 is
575 5025 659 5072 est
685 5016 1020 5088 Polycarpus
1037 5026 1244 5087 martyr
1270 5017 1322 5070 in
1340 5017 1580 5087 Epistola
1596 5017 1663 5072 ad
1682 5017 2074 5089 Philippenses;

497 5110 657 5179 cujus
680 5111 844 5165 verba
874 5111 990 5165 hare
1019 5119 1149 5165 sunt
1174 5126 1186 5161 :
1216 5109 1327 5173 Τὰς
1359 5110 1646 5174 ἐπιστολὰς
1686 5111 1943 5179 Ἰγνατίου
1978 5110 2077 5174 τὰς

494 5200 837 5270 ⁸γάιιλκρθείσας
871 5202 1003 5272 ἡμῖν
1037 5202 1129 5254 ὑπ’
1161 5200 1348 5267 αὐτοῦ,
1389 5202 1483 5254 καὶ
1515 5201 1677 5264 ἄλλας
1694 5203 1825 5265 ὅσας
1856 5202 2076 5272 εἴχομεν

498 5292 627 5363 παρ’
646 5293 800 5363 ἡμῖν,
834 5293 1160 5364 ἐπέμψαμεν
1182 5294 1329 5364 ὑμῖν,
1366 5292 1549 5357 καθὼς
1580 5293 1952 5357 ὲνετείλασθε,
1988 5293 2076 5346 αἵ⁴⁵

496 5399 641 5445 τινες
687 5383 1124 5453 ὑποτεταγμέναι
1152 5385 1259 5438 εἰσὶ
1282 5386 1350 5455 τῇ
1394 5382 1647 5455 ἐπιστολῇ
1694 5384 1886 5455 ταύτῃ,
1913 5384 1973 5449 ἐξ
2000 5376 2078 5438 ὧν

502 5474 713 5545 μεγάλα
745 5475 1090 5545 ὠφεληθῆναι
1120 5476 1433 5549 δυνήσεσθε.
1478 5476 1800 5549 Περιέχουσι
1845 5475 1956 5547 γὰρ
1985 5475 2077 5530 πί-

502 5584 620 5621 στιν
651 5567 746 5621 καὶ
772 5567 1070 5638 ὑπομονὴν,
1104 5570 1197 5623 καὶ
1230 5571 1411 5623 πᾶσαν
1437 5568 1725 5639 οἰκοδομὴν
1746 5568 1845 5637 τὴν
1876 5568 1957 5631 εἰς
1987 5566 2079 5620 τὸν

499 5657 705 5728 Κύριον
731 5657 889 5727 ἡμῶν
920 5659 1247 5729 ἀνήκουσαν.
1276 5657 1453 5713 Nemo
1481 5658 1595 5727 jam
1622 5658 1796 5726 possit
1825 5656 2079 5711 dubitare

502 5751 636 5821 quin
672 5750 1006 5822 Polycarpus
1038 5752 1139 5807 iste
1164 5752 1357 5822 lgnatii
1392 5752 1644 5807 habuerit
1669 5750 1949 5821 epistolas,
1989 5749 2079 5804 cui

504 5847 670 5903 etiam
703 5862 868 5902 unam
899 5862 964 5902 ex
1016 5846 1120 5901 illis
1172 5855 1376 5916 septem
1433 5845 1740 5915 inscripsit,
1771 5844 1917 5914 quod
1963 5844 2080 5913 ipse

2180 4644 2475 4706 martyrem
2511 4635 2664 4689 illum
2709 4636 2971 4705 epistolas
3021 4636 3326 4706 scripsisse.
3364 4637 3469 4692 Sed
3506 4637 3758 4692 fruantur

2179 4728 2256 4782 illi
2289 4728 2545 4797 opinione
2572 4743 2671 4782 sua
2692 4768 2706 4792 ,
2735 4737 2916 4782 certus
2962 4744 3083 4783 sum
3129 4744 3334 4799 paucos
3383 4730 3609 4784 omnino
3640 4730 3759 4785 fore

2178 4822 2273 4891 qui
2304 4837 2429 4877 cum
2460 4805 2595 4891 ipsis
2636 4821 2912 4887 sentiant;
2942 4820 3037 4891 qui
3082 4836 3216 4876 vero
3264 4821 3318 4876 id
3361 4837 3488 4877 cum
3540 4823 3760 4877 ratione

2180 4912 2367 4980 faciat,
2396 4915 2696 4969 neminem.

2248 5006 2409 5074 Quod
2443 5015 2625 5063 autem
2660 5023 2796 5077 pura
2824 5023 3195 5078 germanaque
3219 5007 3332 5079 jam
3368 5009 3547 5078 legere
3578 5010 3758 5078 possis

2178 5100 2382 5169 scripta
2415 5100 2531 5154 lucc
2578 5098 2877 5171 lgnatiana,
2903 5100 3161 5155 benevole
3196 5101 3388 5166 lector,
3419 5100 3759 5157 bibliotheca:

2177 5190 2429 5248 Mediceat
2477 5192 2679 5258 debes;
2727 5192 2893 5248 debes
2944 5192 3299 5248 serenissimo
3352 5193 3581 5263 principi
3626 5191 3758 5247 Fer-

2177 5286 2419 5341 dinando
2442 5284 2484 5339 ll
2506 5326 2521 5351 ,
2545 5300 2746 5355 magno
2790 5285 3021 5340 Etruria:
3053 5285 3215 5351 duci,
3243 5286 3404 5355 cujus
3451 5285 3755 5339 incredibili

2176 5394 2304 5451 erga
2350 5379 2530 5434 studia
2578 5393 2793 5445 amore,
2828 5380 3043 5450 inclyta:
3077 5378 3199 5449 ejus
3228 5379 3572 5435 bibliotheca:
3620 5378 3757 5432 mihi

2177 5471 2412 5539 Contigit
2473 5486 2663 5535 usura,
2692 5478 2747 5525 et
2775 5486 2870 5539 per
2910 5471 3051 5525 hanc
3088 5470 3402 5539 lgnatianus
3435 5471 3526 5525 ille
3549 5510 3563 5533 ,
3593 5485 3758 5539 quem

2179 5566 2396 5633 damus,
2414 5566 2725 5621 thesaurus.
2752 5563 2973 5619 Utinam
2991 5579 3123 5619 vero
3143 5564 3224 5620 sic
3252 5565 3343 5619 alii
3363 5579 3585 5634 quoque
3608 5565 3759 5633 prin-

2181 5657 2328 5727 cipes
2356 5656 2582 5711 animati
2638 5655 2841 5719 forent,
2891 5670 2993 5710 nec
3036 5654 3281 5724 plerique
3324 5655 3476 5708 avari
3509 5654 3645 5707 adeo
3688 5652 3757 5707 iis

2183 5750 2415 5819 pretium
2471 5758 2792 5813 statuerent,
2826 5747 2985 5817 quasi
3032 5747 3235 5817 aliquid
3291 5747 3411 5801 suis
3451 5746 3519 5800 de
3559 5745 3755 5814 opibus

2148 5921 2157 5926 ν
2182 5842 2600 5913 detereretur,si
2616 5840 2739 5899 libri
2758 5841 2969 5911 publice
2996 5840 3177 5912 potius
3196 5842 3353 5897 utiles
3384 5840 3564 5896 forent
3589 5854 3758 5908 quam
