4136 6400
410 400 489 461 55
1488 428 1495 431 -
1580 398 1624 454 Ι.
1663 398 1728 454 Β.
1763 397 1999 455 COTEL!

2099 398 2133 454 ll
2166 397 2511 458 JUDICIUM.
3625 400 3695 458 ’54

414 514 613 571 blattis
632 523 689 571 et
718 513 883 571 tineis
904 514 1227 575 absumendi
1256 519 1730 590 relinquerentur;
1764 523 1820 577 hi
1843 524 2014 591 enim,
2046 532 2091 586 Α
2118 522 2384 595 Paganini
2421 523 2747 592 Gaudentii,
2778 527 2875 597 qui
2922 527 3112 583 favore
3153 539 3289 593 suo,
3317 538 3384 581 eo
3418 540 3506 580 me
3553 526 3699 596 apud

414 622 532 661 non
565 621 688 663 sua:
718 607 1023 677 quidquam
1050 609 1239 683 gloria:
1278 612 1618 681 adimerent,
1652 614 1698 669 si
1729 616 2020 673 serenissi-

414 699 494 753 mi
549 700 821 771 principis
866 702 1184 773 exemplum
1239 706 1651 761 armularentur.
1696 707 1878 777 Atque
1928 708 2019 764 hic

412 791 540 860 ejus
557 792 928 865 ardormagis
954 794 1156 859 eluxit,
1176 805 1488 867 postquam,
1520 806 1582 853 ut
1610 799 1745 854 mihi
1783 801 2015 855 relatum

411 892 522 949 est,
549 882 939 941 Laurentiano:
973 902 1091 943 sua:
1129 888 1373 958 przefecit
1402 889 1670 946 Joannem
1713 891 2013 961 Baptistam

412 974 679 1042 Donium,
715 978 896 1034 virum
932 980 1198 1050 nobilem,
1226 982 1613 1054 dignissimum
1645 984 1792 1039 Petri
1827 984 2012 1041 Victo—

410 1071 486 1125 rii
531 1085 939 1141 successorem,
968 1090 1073 1131 nec
1102 1075 1282 1146 ipsum
1328 1076 1493 1131 modo
1513 1078 2011 1145 ,‘litteratissimum,

411 1164 515 1219 sed
556 1180 623 1220 ea
674 1167 963 1236 praeditum
1010 1168 1336 1239 prudentia,
1372 1179 1432 1225 ut
1463 1184 1623 1225 nemo
1646 1170 1857 1240 judicio
1892 1187 2015 1226 ma-

407 1255 522 1326 jori
553 1258 627 1311 ad
654 1274 719 1313 ea
742 1261 989 1315 sacraria
1021 1262 1094 1317 sit
1123 1261 1475 1317 admissurus
1503 1278 1856 1333 quemquam.
1885 1264 2015 1320 Post

409 1356 634 1402 tantum
680 1349 898 1419 imperii
940 1352 1079 1405 tanti
1116 1352 1419 1422 principem
1443 1392 1461 1421 ,
1500 1351 1699 1421 majori
1732 1352 1894 1407 etiam
1925 1353 2013 1407 di-

405 1439 771 1508 gnissimum,
806 1452 990 1499 tacere
1020 1457 1134 1499 non
1180 1443 1355 1500 debeo
1395 1444 1658 1500 beneﬁcia
1689 1444 1789 1499 viri
1811 1445 2013 1501 summi

2119 617 2423 687 principem
2455 633 2615 673 suum
2645 618 2768 674 loco
2814 620 3126 686 collocavit,
3156 627 3216 673 ut
3253 634 3419 689 quam
3450 617 3704 673 diutissi—

2117 723 2208 764 me
2239 709 2574 765 bibliotheca
2619 709 2723 764 hac
2764 710 2933 778 bono,
2961 721 3018 766 et
3045 726 3190 774 meo,
3222 718 3276 766 et
3321 710 3562 779 publico,
3591 708 3699 765 frui

2116 800 2325 856 liceret.
2360 800 2467 856 Sed
2497 801 2565 856 de
2592 802 2713 871 ejus
2753 818 2882 873 erga
2922 818 3010 857 me
3032 802 3135 857 viri
3180 803 3423 868 meritis,
3457 803 3698 870 dabitur,

2115 908 2297 962 spero,
2328 893 2671 949 commodius
2703 897 2932 964 posthac
2966 895 3225 965 loquendi
3259 903 3493 964 tempus.
3542 894 3700 952 Nune

2116 985 2234 1039 haec
2261 984 2529 1055 attingere
2570 986 2704 1041 satis
2728 987 2945 1056 putavi,
2977 996 3061 1053 ut,
3092 987 3225 1042 licet
3251 1003 3339 1042 mc
3363 989 3563 1043 debitis
3586 1004 3696 1044 non

2116 1077 2418 1143 absolvam,
2441 1076 2723 1133 beneficiis
2778 1088 2964 1134 tamen
3017 1095 3130 1135 non
3178 1079 3370 1135 videar
3416 1082 3692 1152 indignus.

2110 1167 2223 1225 Nec
2256 1171 2416 1225 video
2447 1186 2546 1226 cur
2572 1172 2802 1227 ulterius
2833 1182 2885 1228 te
2911 1173 3217 1240 detineam,
3246 1173 3435 1229 lector.
3488 1173 3697 1228 Occur-

2112 1270 2241 1317 runt
2286 1264 2471 1317 animo
2502 1274 2556 1318 ct
2607 1264 2734 1329 alia,
2761 1281 2863 1320 nec
2916 1266 2986 1319 ab
3046 1266 3297 1321 instituto
3345 1266 3521 1321 aliena
3558 1286 3569 1320 :
3600 1267 3694 1321 sed

2111 1352 2236 1408 aliis
2279 1354 2347 1409 iis
2392 1354 2612 1409 dabitur
2662 1356 3079 1410 convenientior
3123 1358 3296 1413 locus.
3340 1358 3471 1412 Vale
3507 1359 3690 1428 igitur,

2110 1447 2377 1518 pluraque
2402 1448 2459 1503 in
2494 1449 2610 1505 dies
2638 1465 2667 1504 a
2691 1466 2780 1505 me
2806 1459 3081 1520 exspecta.

1324 1654 3668 1683 _____.____.__________________________~

1453 1824 1566 1939 J.
1659 1822 1789 1936 B.
1888 1819 2659 1940 COTELERII

917 2062 1515 2157 JUDICIUM
1598 2062 1746 2150 DE
1822 2057 2451 2151 EPISTOLIS
2520 2062 2614 2152 S.
2698 2062 3215 2153 IGNATII.

1324 2278 1524 2352 {Pan-gs
1547 2272 1819 2343 apostolici,
1854 2272 1937 2323 ed.
1962 2272 2237 2322 Amstelnd.
2266 2271 2412 2336 1724,
2442 2276 2492 2324 ῑ.’
2510 2275 2571 2338 ll,
2588 2288 2641 2341 p.
2667 2279 2740 2343 9.)

471 2456 594 2514 Nisi
622 2456 791 2513 ofﬁcii
814 2457 923 2512 mei
956 2456 1101 2513 ratio
1129 2438 1497 2527 ﬂagitaret-ut
1526 2452 1582 2505 in
1608 2459 1864 2517 campum
1908 2434 2006 2497 de-
2035 2444 2079 2504 Β
2108 2442 2203 2512 qui
2258 2442 2555 2501 Eusebium
2608 2452 3006 2525 transcribunt)
3060 2470 3183 2525 quae
3215 2455 3286 2511 ah
3311 2457 3434 2512 aliis
3481 2475 3693 2518 memo-

400 2550 767 2616 scenderem,
820 2549 1068 2604 tuiturus
1107 2548 1192 2603 vel
1220 2547 1643 2616 impugnaturus
1691 2537 2005 2609 lgnatianas

391 2643 680 2716 Epistolas
702 2685 718 2709 ,
746 2644 983 2699 libenter
1010 2642 1347 2697 abstinerem
1392 2651 1482 2692 me
1518 2633 1717 2691 celebri
1750 2630 1893 2686 bello
1921 2627 2007 2681 lit-

401 2737 639 2803 terario,
673 2736 824 2806 quod
857 2734 1032 2791 sciam
1061 2732 1409 2804 proﬂigatum
1437 2727 1630 2793 fuisse,
1655 2724 1782 2780 dein
1823 2721 2005 2777 redin-

403 2837 708 2900 tegratum,
744 2836 800 2882 et
831 2826 899 2882 ad
931 2825 1081 2896 quod
1113 2820 1515 2879 conﬁciendum
1544 2818 1724 2873 adhuc
1751 2813 2005 2882 accinge~

401 2936 463 2975 ne
511 2935 576 2975 se
612 2918 785 2973 armis
832 2917 1051 2972 audiam
1085 2916 1225 2971 duos
1268 2911 1439 2967 fortes
1486 2909 1802 2969 bellatores,
1828 2916 2001 2959 unum

403 3011 495 3063 hic
536 3009 596 3063 in
635 3007 836 3073 Gallia,
863 3007 1096 3062 alterum
1143 3005 1199 3058 in
1240 3001 1374 3059 orbe
1401 3000 1665 3056 Britanno
1689 3038 1706 3065 ,
1735 2997 2005 3051 adversus

402 3115 685 3170 nuperum
736 3101 974 3165 hostem,
1002 3106 1325 3151 veteranum
1369 3094 1599 3149 militem
1621 3132 1636 3156 ,
1668 3103 1996 3161 pugnacem,

398 3194 585 3248 doctis
621 3191 956 3261 disertisque
999 3188 1162 3245 dictis
1217 3195 1520 3243 certantem
1560 3192 1616 3239 et
1665 3180 1997 3245 maledictis,

400 3284 648 3355 peritum
699 3284 769 3338 ad
818 3284 937 3338 haec
988 3280 1291 3352 cauponari
1325 3278 1527 3334 bellum
1557 3285 1613 3332 et
1654 3274 1995 3345 belligerare,

397 3379 497 3449 qui
531 3379 641 3433 hoc
670 3384 1064 3447 stratagemate
1092 3373 1360 3429 utendum
1405 3370 1634 3442 putavit,
1665 3377 1749 3435 ut,
1769 3366 1900 3437 quia
1939 3366 1996 3420 in

398 3486 601 3525 verum
645 3469 921 3540 lgnatium
968 3466 1190 3523 abunde
1237 3480 1349 3521 non
1405 3459 2005 3534 suppetebantjacula,

397 3561 607 3617 falsum
661 3561 851 3631 praelio
880 3559 1205 3624 involveret,
1236 3570 1347 3627 quo
1390 3554 1663 3610 imbellem
1705 3552 1994 3617 vincendo,

395 3655 667 3710 invictum
702 3653 868 3707 etiam
915 3651 1115 3706 vicisse
1160 3648 1456 3704 videretur.
1511 3646 1617 3702 Sed
1652 3646 1767 3716 jam
1815 3658 1999 3715 pugna

2106 2533 2217 2587 rari
2262 2544 2558 2605 poterant,
2615 2549 2671 2594 et
2721 2557 2854 2597 vero
2903 2545 3021 2613 pari
3101 2546 3317 2603 ratione
3372 2550 3693 2607 debebant?

2104 2623 2253 2682 Eane
2283 2629 2470 2684 omnia
2489 2624 2853 2702 'supposititia
2878 2637 3063 2693 dicent
3086 2637 3493 2711 ?7Nequaquam
3531 2654 3689 2715 puto.

2102 2716 2365 2808 Quanam
2395 2738 2529 2778 vero
2573 2735 2703 2781 sunt
2733 2743 2856 2797 quae
2882 2739 3167 2799 opponunt
3213 2733 3351 2789 locis
3378 2734 3688 2808 Polycarpi,

2101 2807 2290 2864 lrenaei
2317 2820 2372 2866 et
2393 2811 2685 2883 Origenis?
2709 2816 2851 2874 Ecce
2874 2821 2966 2875 illa
2985 2840 2997 2875 :
3018 2821 3353 2892 Nicephorus
3377 2807 3692 2897 patriarcha

2100 2900 2208 2957 (ΣΡ.
2240 2903 2298 2956 in
2329 2904 2515 2959 Indice
2548 2911 2969 2980 apocryphorum
3006 2913 3146 2969 Novi
3180 2914 3521 2985 Testamenti,
3550 2925 3690 2976 scri-

2099 3000 2192 3062 pta
2231 2992 2434 3064 Ignatii
2461 3005 2513 3051 et
2544 2996 2832 3071 Polycarpi
2859 3004 3159 3074 apocrypha
3178 3006 3417 3075 judicat.
3448 3010 3687 3065 Anasta-

2098 3084 2211 3137 sius
2230 3083 2687 3143 Bibliothecarius
2717 3093 2901 3145 eadem
2925 3093 3079 3148 habet
3109 3096 3163 3148 in
3189 3094 3375 3151 Indice
3402 3115 3555 3169 quem
3587 3100 3691 3154 Hi-

2097 3180 2279 3233 storia:
2329 3196 2442 3235 suae
2474 3180 2868 3238 Ecclesiasticaz
2918 3187 3172 3255 prwﬁxit,
3204 3204 3324 3258 qua
3356 3192 3463 3244 nisi
3497 3194 3686 3247 eadem

2098 3286 2217 3323 cum
2249 3269 2552 3342 Niceplwm
2581 3275 2645 3329 de
2675 3276 2756 3330 ln's
2785 3278 3021 3347 epistolis
3050 3281 3323 3347 sensisset,
3348 3284 3454 3336 non
3483 3285 3689 3339 videtur

2098 3364 2264 3433 fuisse
2316 3365 2427 3419 sine
2478 3367 2660 3437 aliqua
2706 3385 2931 3424 censura
2974 3372 3056 3425 vel
3106 3373 3571 3429 animadversione
3605 3378 3689 3431 di-

2097 3457 2378 3511 missurus.
2411 3456 2837 3516 Verum-auctor
2858 3461 3025 3533 hujus
3060 3463 3311 3521 laterculi
3341 3483 3455 3521 non
3488 3484 3685 3523 aman-

2098 3548 2193 3604 dat
2238 3551 2304 3605 ad
2348 3554 2657 3624 apocrypha
2705 3554 2966 3631 epistolas
3025 3556 3220 3628 lgnatii
3267 3568 3321 3614 et
3369 3559 3688 3632 Polycarpi,

2100 3643 2359 3698 amandat
2387 3642 2577 3714 lgnatii
2606 3654 2660 3699 et
2680 3645 2963 3717 Polycarpi
3010 3650 3285 3704 nonnihil.
3315 3650 3451 3705 Illud
3502 3662 3685 3708 autem

393 3748 583 3802 danda
600 3755 705 3803 est.
721 3744 854 3801 Rem
875 3743 1288 3816 paucisverbis,
1307 3755 1415 3796 una
1434 3740 1849 3796 ratiocinatione
1867 3752 2000 3793 con-
2038 3811 2062 3816 _
2102 3735 2356 3789 nonnihil
2406 3751 2507 3791 cur
2560 3752 2671 3791 non
2724 3739 2910 3807 potius
2950 3754 3290 3809 exponemus
3334 3742 3402 3797 de
3437 3744 3688 3799 doctrina

392 3840 585 3896 cludo.
608 3811 1171 3909 Sanctum-ignauum
1188 3835 1451 3906 epistolas
1476 3832 1765 3902 scripsisse
1792 3830 1998 3886 diserte
2022 3811 2066 3870 (ἶ
2100 3827 2293 3897 lgnatii
2333 3835 2388 3881 et
2428 3828 2497 3884 de
2532 3827 2782 3885 doctrina
2825 3830 3147 3903 Polycarpi,
3191 3832 3346 3889 libris
3390 3836 3685 3906 pseudepi-

393 3940 635 3987 testatur
664 3930 786 4000 ejus
817 3928 1111 3983 familiaris
1141 3928 1335 3982 beatus
1368 3924 1703 3996 Polycarpus
1732 3938 1743 3971 :
1772 3922 1873 3977 has
1901 3936 1998 3977 ve-

394 4037 463 4078 ro
493 4037 637 4092 quas
657 4036 757 4090 per
792 4019 976 4074 virum
1006 4018 1377 4074 clarissimum
1409 4015 1659 4072 Isaacum
1685 4013 1941 4070 Vossium
1965 4028 1998 4069 e

391 4114 593 4169 codice
620 4110 943 4167 Florentino
988 4110 1230 4181 primum
1269 4109 1444 4165 editas
1489 4108 1745 4179 legimus,
1773 4107 1994 4163 easdem

388 4222 520 4262 esse
542 4220 714 4275 puras
766 4213 931 4275 putas
974 4202 1169 4275 ignatii
1201 4201 1499 4258 ostendunt
1544 4200 1796 4255 relata‘in
1841 4199 1995 4253 testi-

389 4298 605 4356 moniis
653 4305 904 4352 veterum
968 4296 1090 4352 loca
1135 4292 1692 4364 Irenaei,'0rigenis,
1750 4290 1990 4358 Eusebii,

390 4390 713 4456 Athanasii,
746 4387 1090 4461 Hieronymi,
1122 4384 1489 4451 Theodoreti,
1523 4394 1990 4456 caterorumque:

388 4496 527 4535 nam
587 4479 941 4549 reperiuntur
992 4480 1050 4534 in
1104 4478 1198 4534 illa
1248 4477 1506 4536 editione.
1537 4475 1683 4544 Quid
1744 4476 1999 4534 clarius?

389 4572 527 4642 quid
560 4571 815 4629 certius?

460 4664 678 4723 Contra
708 4666 826 4721 haec
868 4673 925 4721 et
958 4673 1150 4722 contra
1181 4673 1432 4721 nostrum
1480 4662 1749 4734 ignatium
1796 4678 1992 4733 excep—

386 4760 578 4815 tiones
612 4756 1057 4817 adversariorum
1082 4754 1271 4812 multte
1315 4763 1469 4822 sunt,
1498 4755 1683 4810 multae
1721 4754 1989 4823 objectio-

386 4865 517 4914 nes,
548 4847 839 4919 generales
861 4847 1007 4914 aliae,
1045 4846 1166 4902 alia;
1208 4844 1591 4917 particulares.
1627 4844 1724 4901 His
1750 4845 1818 4899 ad
1870 4845 1990 4901 loca

385 4942 640 5013 singula,
690 4956 818 4995 cum
868 4954 1095 4997 necesse
1143 4940 1538 5011 iudicabimus,
1590 4954 1985 4995 occurremus:

386 5036 615 5090 illarum
675 5032 984 5104 praecipuas
1031 5033 1430 5103 expendamus.
1481 5034 1540 5086 in
1591 5032 1730 5087 duas
1784 5032 1988 5088 classes

2097 3918 2360 3989 graphis?
2411 3918 2571 3975 Certe
2627 3922 2884 3990 Ἱγνατίου
2927 3923 3147 3996 διδαχὴν
3204 3934 3264 3979 ut
3312 3927 3688 3998 apocrypham

2093 4011 2423 4066 recensitam
2455 4013 2625 4069 habes
2662 4015 2754 4069 illo
2782 4031 2888 4070 ms.
2916 4015 3182 4084 indiculo,
3221 4033 3384 4089 quem
3409 4019 3687 4076 Anastasii

2094 4098 2504 4167 Qu’mstionibus
2553 4105 2907 4176 subjunctum
2956 4108 3091 4163 citat
3125 4108 3483 4165 doctissimus
3531 4108 3688 4166 Usse-

2094 4196 2233 4262 rius,
2261 4196 2327 4251 de
2356 4196 2550 4267 Ignatii
2590 4199 2860 4268 epistolis,
2905 4215 3031 4271 cap.
3076 4201 3129 4267 l,
3166 4212 3221 4257 et
3248 4202 3512 4270 Ἰγνατίου
3546 4203 3687 4256 διδα-

2103 4290 2331 4344 σκαλίαν
2368 4307 2493 4346 cum
2536 4292 2896 4365 Πολυκάρπου
2930 4295 3280 4368 διδασκαλίᾳ,
3316 4297 3557 4353 indiculo
3585 4298 3687 4352 iis-

2092 4385 2216 4439 dem
2261 4384 2671 4451 Quazstionibus
2724 4387 3026 4457 adjuncto,
3078 4389 3422 4446 bibliothecae
3492 4390 3680 4463 Regia:

2092 4476 2371 4531 volumine
2406 4476 2570 4540 1789,
2596 4478 2690 4548 qui
2722 4494 2752 4532 a
2776 4494 2865 4532 me
2891 4495 3057 4551 supra
3086 4480 3299 4550 positus
3322 4480 3425 4536 fuit
3453 4482 3508 4536 in
3544 4486 3687 4539 meis

2093 4569 2260 4625 notis.
2298 4570 2497 4641 lgnatii
2522 4585 2652 4625 vero
2695 4569 3095 4643 Polycarpique
3126 4574 3392 4644 epistolas
3452 4576 3508 4630 in
3551 4592 3683 4646 apo-

2092 4663 2296 4734 crypha
2331 4663 2533 4718 relatas
2559 4664 2752 4719 nullihi
2806 4665 3077 4720 videmus.
3128 4664 3200 4721 Ut
3223 4667 3471 4721 omittam
3500 4666 3681 4724 Litur-

2091 4752 2236 4823 giam
2284 4753 2500 4824 lgnatii,
2549 4753 2617 4809 de
2679 4769 2790 4825 qua
2839 4755 3033 4810 eodem
3091 4756 3214 4812 loco
3273 4755 3571 4825 Usserius,
3616 4774 3681 4817 ac

2091 4843 2343 4913 ejusdem
2407 4845 2667 4923 martyris
2733 4846 2942 4915 aliquid
2983 4846 3051 4902 de
3095 4863 3156 4903 re
3207 4847 3330 4903 ﬁdei
3354 4857 3408 4903 et
3454 4850 3685 4903 canoni—

2090 4934 2230 5000 bus,
2265 4937 2321 4991 in
2370 4938 2620 5009 catalogo
2669 4936 2977 5010 Hebedjesu
3007 4982 3024 5008 ,
3083 4956 3239 4995 num.
3302 4940 3413 5005 18,
3465 4942 3673 4998 videtut

2088 5028 2234 5082 enim
2285 5029 2564 5085 diversum
2614 5045 2737 5085 esse
2786 5032 2856 5085 ah
2903 5032 3149 5103 epistolis
3203 5032 3513 5088 Chaldaicis
3566 5033 3682 5090 sive

384 5123 657 5179 distribui
686 5131 923 5192 possunt
954 5141 968 5177 :
998 5131 1093 5177 aut
1135 5123 1282 5177 enim
1320 5131 1580 5193 petuntur
1622 5138 1690 5178 ex
1730 5123 1986 5191 antiquo-
2015 5160 2065 5218 Β
2094 5116 2339 5190 Syriacis
2368 5120 2539 5188 illius,
2569 5123 2638 5177 ab
2670 5120 2896 5179 Usserio
2940 5124 2995 5178 in
3028 5140 3148 5194 cap.
3176 5125 3211 5178 4
3250 5124 3587 5179 memoratis.
3613 5123 3682 5180 Et

383 5233 517 5272 rum
554 5215 803 5283 silentio,
834 5223 932 5269 aut
949 5229 980 5269 e
1006 5215 1147 5286 stylo
1172 5214 1554 5284 cpistolarum.
1575 5213 1744 5271 Aiunt
1766 5216 1982 5287 itaque:

386 5309 541 5376 Quot
573 5324 605 5363 e
625 5307 827 5378 primis
860 5306 1117 5362 Patribus
1146 5308 1483 5362 mentionem
1528 5306 1709 5363 facere
1735 5316 1988 5378 poterant

386 5415 459 5454 ac
486 5400 766 5455 debebant
814 5400 1226 5471 lgnatianarum
1278 5399 1633 5470 cpistolarum
1654 5442 1669 5469 ,
1709 5417 1811 5457 nec
1840 5400 1987 5458 fece-

385 5501 526 5546 runt
575 5500 705 5546 ante
746 5489 1047 5546 Eusebium
1068 5493 1095 5544 ‘!
1120 5489 1409 5562 Polycarpi
1445 5492 1739 5562 siquidem,
1772 5493 1983 5561 Irenaéi,

385 5584 650 5657 Origenis
692 5586 1009 5642 testimonia
1052 5594 1312 5656 suspecta
1374 5585 1645 5641 habentur
1672 5588 1799 5653 ,vel
1848 5587 1985 5642 nihil

386 5679 654 5750 probant.
710 5675 1026 5747 Retorqueo
1079 5691 1180 5747 ego
1235 5677 1302 5731 ad
1349 5676 1497 5733 hunc
1543 5679 1769 5734 modum
1804 5679 1988 5746 :Quot

382 5768 898 5825 ccclesiasticorum
933 5782 1161 5838 operum
1198 5767 1409 5837 primus
1438 5784 1505 5824 ac
1531 5784 1674 5840 saepe
1696 5786 1841 5828 unus
1869 5788 1985 5828 me-

386 5864 554 5919 minit
598 5860 871 5920 Eusebius
905 5862 1108 5934 (neque
1145 5861 1292 5947 enim
1330 5862 1386 5918 in
1423 5878 1710 5922 numerum
1759 5866 1988 5923 veniunt

2090 5228 2222 5271 vero
2247 5211 2565 5285 (occasione
2591 5230 2715 5271 sese
2744 5214 3006 5271 offerente
3026 5216 3265 5271 monebo
3291 5216 3368 5286 id)
3401 5216 3678 5287 objectum

2088 5306 2325 5362 indicem
2384 5321 2482 5363 seu
2533 5323 2801 5363 canonem
2850 5307 3288 5378 Scripturarum,
3317 5309 3383 5364 ad
3430 5317 3676 5379 tempora

2088 5396 2997 5470 NicephoriConstantinopolitani
3047 5409 3102 5455 et
3144 5399 3425 5456 Anastasii
3474 5399 3680 5458 Biblio-

2090 5492 2321 5548 thecarii
2349 5507 2699 5563 nequaquam
2733 5491 3205 5561 pertinere,facile
3234 5507 3451 5548 mecum
3479 5491 3680 5546 intelii—

2092 5596 2199 5658 get,
2225 5585 2320 5656 qui
2371 5586 2797 5641 consideravcrit
2834 5600 2983 5639 nono
3029 5601 3153 5641 mra:
3207 5585 3537 5641 Christiana:
3579 5601 3681 5642 sae-

2094 5680 2222 5735 culo
2253 5676 2528 5734 Ecclesias
2553 5676 2798 5732 Graecam
2823 5685 2877 5732 et
2902 5677 3209 5733 Romanam
3244 5693 3355 5733 non
3398 5678 3682 5732 dubitasse

2095 5769 2163 5826 de
2187 5777 2264 5824 tot
2313 5783 2484 5823 sacra:
2539 5767 2837 5838 Scriptura:
2888 5768 3064 5834 libris,
3093 5776 3232 5839 quot
3278 5768 3333 5822 in
3360 5768 3588 5823 dubium
3614 5782 3681 5821 eo

2097 5867 2151 5922 in
2187 5863 2454 5921 laterculo
2504 5873 2855 5920 revocantur.
2891 5863 3073 5931 Quare
3102 5863 3187 5918 vel
3222 5860 3530 5931 Nicephoro
3575 5874 3679 5928 pa-
