4136 6386
502 372 575 427 35
1596 368 1655 423 S.
1691 365 2044 424 IGNATIUS.
2082 394 2152 407 —-
2185 364 2721 423 PHOLEGOMENA.
3687 354 3756 409 56

502 485 759 544 triarche
785 499 961 540 canon
991 482 1361 555 abjudicetur,
1380 480 1468 537 vel
1489 480 1701 537 dicatur
1721 483 1790 537 ab
1821 497 1886 537 eo
1914 479 2090 551 magis
2119 485 2166 543 Α
2193 478 2507 550 Dionysius,
2542 479 2619 533 De
2649 478 2843 534 divinis
2868 478 3192 544 nominibus,
3226 493 3277 534 c.
3311 478 3368 544 4,
3394 495 3451 534 n.
3487 479 3554 534 l2
3579 499 3592 534 :
3624 481 3762 552 Γρά-

503 578 770 634 collectus
797 593 960 648 quam
1000 576 1375 645 compositus;
1409 590 1505 644 per
1559 572 1912 629 Anastasium
1963 587 2092 626 vero

503 685 804 725 conversus
831 678 1042 724 tantum
1065 677 1306 738 putetur,
1321 681 1427 719 non
1444 673 1624 721 autem
1648 664 1811 719 etiam
1826 663 2088 718 creditus.

502 761 682 830 Atque
721 760 851 814 hinc
875 757 1153 813 evanescit
1179 757 1230 810 in
1260 771 1423 810 auras
1454 755 1717 825 quidquid
1739 768 1935 824 magna
1966 769 2090 808 ver-

502 852 698 906 borum
723 865 945 921 pompa,
970 850 1040 904 ob
1065 848 1434 917 Nicephorum
1459 857 1514 902 et
1537 847 1887 901 Anastasium
1912 862 1942 900 a
1973 846 2093 900 viro

503 942 666 997 docto
697 942 854 996 toties
882 941 1146 1011 jactatur.
1175 938 1248 994 Ut
1269 953 1492 994 necesse
1515 953 1624 992 non
1643 938 1713 992 sit
1737 938 2088 1006 respondere,

504 1050 629 1106 qua:
677 1045 860 1089 tamen
891 1050 999 1089 non
1024 1033 1458 1104 improbabiliter
1497 1033 1778 1087 dicentur:
1802 1040 1897 1086 aut
1926 1031 2089 1102 Poly-

503 1145 732 1200 carpum
788 1145 914 1184 cum
967 1127 1175 1198 lgnatio
1208 1125 1379 1181 fuisse
1402 1126 1794 1195 proscriptum,
1828 1125 1898 1179 ob
1926 1125 2092 1196 syllo-

502 1235 604 1290 geu
639 1220 880 1290 epistola:
906 1219 1310 1290 Polycarpianae
1331 1227 1385 1273 et
1404 1219 1758 1289 epistolarum
1787 1216 2092 1287 lgnatiana-

500 1327 623 1367 rum
656 1321 764 1365 tam
812 1313 1263 1381 interpolatarum
1304 1327 1470 1381 quam
1519 1310 1805 1377 falsarum,
1837 1320 1932 1366 aut
1985 1313 2093 1380 epi-

503 1402 704 1457 stolam
729 1401 1016 1472 Polycarpi
1044 1411 1097 1456 et
1119 1401 1377 1472 epistolas
1401 1400 1594 1472 lgnatii
1619 1401 2092 1472 apocryphasesse

501 1496 824 1566 appellatas,
850 1495 1020 1566 quod,
1073 1495 1200 1550 licet
1253 1495 1514 1563 innoxiae,
1549 1510 1650 1550 nec
1699 1494 2090 1565 pseudepigra-

502 1589 647 1657 phae,
673 1596 829 1643 extra
857 1603 1122 1643 canoncm
1165 1588 1409 1642 omnium
1453 1587 1814 1643 ecclesiarum
1848 1586 2092 1654 legeren-

501 1689 612 1735 tur.
634 1680 775 1746 Quid
798 1681 966 1746 enim,
993 1695 1212 1749 quasso,
1242 1679 1412 1746 noxii,
1445 1680 1577 1749 quid
1627 1677 1933 1748 apostolico
1973 1675 2091 1729 viro

503 1769 710 1842 indigni
753 1771 997 1826 continet
1019 1770 1427 1843 jPolycarpiana
1464 1772 1598 1825 illa?
1639 1771 1876 1840 Pergunt
1900 1769 2091 1823 adver-

504 1879 600 1919 sus
620 1863 906 1933 epistolam
932 1861 1244 1934 Polycarpi,
1271 1873 1324 1918 et
1353 1862 1758 1917 aﬂirmanteam
1788 1860 2085 1931 pugnantia

501 1955 696 2026 loqui,
749 1953 1016 2025 lgnatium
1065 1956 1339 2010 viventem
1370 1995 1386 2022 ,
1435 1953 1705 2025 lgnatium
1765 1963 2083 2008 mortuum:

505 2061 704 2116 nempe
725 2045 877 2116 prius
902 2060 996 2114 per
1028 2045 1142 2101 haec
1169 2045 1332 2100 verba
1356 2061 1403 2099 c.
1432 2045 1530 2099 l3:
1552 2063 1570 2097 ι
1598 2043 1665 2098 Et
1690 2044 1756 2098 de
1787 2045 1907 2115 ipso
1937 2042 2088 2115 lgna-

501 2137 603 2202 tio,
629 2147 679 2191 et
705 2138 771 2192 de
803 2136 888 2192 his
917 2136 1163 2206 quicum
1194 2151 1261 2191 eo
1291 2145 1453 2203 sunt,
1487 2137 1633 2206 quod
1666 2136 1869 2192 certius
1919 2151 2086 2206 agno-

499 2229 690 2283 veritis
714 2228 1070 2300 significate.»
1103 2227 1384 2284 Posterius
1416 2244 1515 2300 per
1551 2244 1612 2283 ea
1645 2243 1770 2299 qua:
1811 2229 2085 2284 habentur

499 2321 676 2392 capite
708 2322 761 2387 9,
803 2321 869 2376 de
921 2321 1132 2392 lgnatio
1181 2321 1415 2391 aliisque
1465 2320 1799 2391 martyribus
1825 2361 1840 2386 ,
1871 2335 2082 2376 necnon

501 2413 785 2483 apostolis,
821 2413 968 2483 quod
990 2413 1174 2470 cuncti
1204 2422 1332 2484 post
1358 2428 1559 2484 agones
1580 2428 1714 2469 suos
1738 2413 1792 2466 in
1827 2412 1948 2468 loco
1977 2411 2082 2467 sibi

500 2504 683 2559 debito
715 2505 824 2559 sint
855 2505 996 2574 apud
1035 2503 1227 2561 Deum.
1263 2504 1400 2559 Mira
1425 2506 1672 2575 profecto
1701 2504 2005 2573 ἀντιλογία,
2033 2504 2080 2559 si

501 2593 728 2648 veritate
763 2593 1026 2649 niteretur
1065 2612 1078 2648 :
1125 2602 1181 2648 at
1238 2609 1303 2650 ea
1353 2595 1516 2666 plane
1557 2593 1890 2650 destituitur.
1943 2593 2080 2648 Nam

500 2694 760 2756 ponatur,
789 2685 1255 2756 quemadmodum
1292 2686 1580 2748 sentimus,
1606 2685 1894 2755 scripsisse
1923 2685 2081 2756 Poly-

500 2791 728 2845 carpum
790 2785 920 2830 tunc
960 2775 1244 2846 temporis,
1279 2790 1405 2829 cum
1469 2773 1710 2845 lgnatius
1758 2776 2081 2847 martyrium

501 2869 739 2924 subiisse
772 2867 1120 2936 credebatur,
1156 2868 1350 2923 incerti
1385 2876 1565 2922 tamen
1601 2871 1684 2937 (ut
1727 2867 1841 2923 fere
1879 2869 1960 2939 fit)
1988 2883 2081 2922 ru-

500 2974 684 3016 mores
713 2959 1030 3016 ferebantur
1058 2961 1124 3017 de
1153 2961 1221 3017 iis
1249 2976 1373 3032 quae
1421 2961 1476 3015 in
1512 2973 1689 3017 morte
1719 2962 1867 3018 illius
1900 2963 2080 3017 conti-

500 3061 709 3123 gerant.
748 3052 862 3108 Hoc
884 3053 1085 3124 posito,
1114 3069 1297 3110 nonne
1327 3055 1685 3109 conveniebat
1734 3064 1794 3109 ut
1826 3054 2080 3127 Polycar-

497 3160 603 3216 pus
646 3145 848 3202 diceret
893 3145 1159 3214 lgnatium
1194 3145 1336 3216 apud
1369 3145 1539 3200 Deum
1583 3146 1762 3201 locum
1787 3161 1947 3201 suum
1981 3146 2080 3200 ob-

502 3239 710 3305 tinere,
738 3239 1010 3308 simulque
1041 3244 1246 3308 peteret
1273 3238 1492 3294 edoceri
1527 3237 1658 3310 περὶ
1695 3237 1953 3308 Ἱγνατίου
1987 3238 2080 3290 καὶ

497 3332 629 3404 περὶ
675 3329 786 3384 τῶν
836 3330 967 3402 περὶ
1023 3331 1221 3395 αὐτόν,
1281 3330 1327 3385 si
1387 3330 1518 3401 quid
1568 3329 1946 3400 Philippenses
1992 3345 2081 3384 ex-

494 3420 694 3548 plplrati
748 3420 1138 3492 accepissent?
1190 3419 1427 3476 Dubium
1507 3420 1720 3476 nullum
1802 3428 1920 3486 est,
1971 3420 2078 3476 nisi

521 3509 550 3546 a
595 3508 675 3546 or.

521 3508 675 3546 aIIOI'.

567 3584 613 3634 A
641 3581 943 3654 Polycarpo
964 3581 1031 3636 ad
1061 3583 1328 3637 lrenmum
1356 3599 1371 3637 :
1403 3599 1421 3634 ι
1455 3579 1928 3647 Quemadmodum
1956 3579 2079 3650 qui-

496 3674 623 3729 dam
651 3674 718 3730 de
744 3675 946 3730 nostris
977 3674 1158 3742 dixit,
1193 3683 1413 3745 propter
1460 3674 1782 3745 martyrium
1816 3675 1870 3729 in
1905 3674 2075 3730 Deum

495 3766 844 3836 adjudicatus
879 3767 946 3822 ad
980 3766 1225 3822 bestias:
1253 3766 1516 3836 quoniam
1569 3764 1903 3821 frumentum
1952 3781 2076 3822 sum

494 3858 723 3923 Christi,
763 3877 782 3910 ι
823 3868 930 3914 etc.
987 3857 1177 3922 Dixit,
1229 3858 1778 3929 exponunt,locutus
1821 3869 1942 3925 est,
1967 3874 2076 3914 non

495 3950 728 4019 scripsit.
757 3948 870 4020 Ego
901 3965 1053 4014 vero,
1088 3966 1213 4005 cum
1250 3952 1474 4005 verbum
1510 3952 1645 4006 dixit
1669 3952 1737 4007 ad
1766 3965 2076 4007 sermonem

493 4051 547 4096 et
577 4041 645 4096 ad
683 4041 1012 4110 scripturam
1047 4041 1272 4110 perinde
1319 4039 1622 4109 referatur,
1659 4058 1896 4113 cumque
1943 4057 2078 4096 con-

492 4142 600 4190 stet
629 4149 696 4189 ex
714 4133 866 4190 Actis
893 4145 947 4189 et
971 4131 1093 4189 Vita
1116 4134 1332 4205 lgnatii,
1361 4144 1525 4205 atque
1565 4151 1633 4189 ex
1667 4134 1998 4206 Hieronymo
2022 4141 2078 4188 et

492 4227 710 4290 Adone,
745 4241 810 4281 ea
867 4228 1031 4282 verba
1079 4241 1112 4281 a
1165 4224 1465 4281 fortissimo
1507 4235 1744 4298 martyre
1797 4227 1854 4280 in
1905 4239 2076 4295 agone

497 4333 719 4388 quoque
752 4318 872 4388 ipso
901 4317 1073 4373 fuisse
1104 4319 1454 4389 pronuntiata
1475 4359 1489 4384 ,
1520 4334 1620 4373 cur
1645 4317 1786 4387 apud
1811 4315 2074 4371 Irenaeum

497 4411 787 4481 epistolam
843 4411 1028 4481 potius
1073 4411 1374 4482 intelligam
1424 4425 1588 4480 quam
1641 4424 1831 4464 vocem
1860 4448 1875 4474 ,
1908 4422 2074 4462 causa

2194 588 2284 641 φει
2318 571 2374 623 δὲ
2407 571 2505 625 καὶ
2549 573 2578 625 ὁ
2626 571 2769 635 θεῖος
2816 571 3097 640 Ἰγνάτιος·
3145 572 3203 626 '0
3235 571 3365 642 ὲμὸς
3397 571 3534 644 ἔρως
3571 573 3766 626 ἐσταύ-

2194 681 2383 732 ρωται.
2418 661 2638 735 Origeni
2669 665 2842 717 εἰπεῖν
2871 672 2976 731 est,
3005 664 3150 734 quod
3197 662 3460 735 Dionysio
3510 665 3765 734 γράφειν.

2196 755 2324 823 Sed,
2359 757 2634 827 inquiunt,
2664 758 3044 812 commentarii
3075 757 3155 811 illi
3200 772 3307 811 non
3341 765 3471 812 sunt
3492 756 3765 829 Origeuis.

2193 847 2236 900 E
2277 849 2545 903 memoria
2604 849 2824 904 illorum
2883 849 3168 904 efﬂuxerat
3216 848 3372 903 citari
3407 863 3503 904 eos
3559 849 3613 902 in
3663 849 3769 904 fine

2193 939 2528 996 Philocaliaz.
2561 940 2640 996 Tu
2671 957 2824 1006 vero,
2856 956 2924 997 ne
2974 953 3189 1012 tempus
3237 950 3408 996 teram
3459 941 3514 996 in
3559 944 3768 1012 agenda

2193 1049 2252 1088 re
2276 1046 2415 1098 acta,
2446 1035 2570 1090 vide
2611 1051 2732 1105 qua:
2765 1051 2794 1090 a
2841 1035 3159 1090 doctissimo
3190 1035 3606 1107 clarissimoque
3649 1037 3768 1090 viro

2192 1124 2352 1180 Petro
2387 1125 2614 1181 Daniele
2664 1125 2859 1182 Huetio
2906 1128 3079 1184 solide
3124 1128 3192 1182 de
3249 1128 3354 1183 hac
3396 1129 3769 1183 controversia

2193 1219 2467 1290 disputata
2503 1229 2632 1275 sunt
2668 1217 3122 1291 Origenianorum
3153 1221 3247 1276 lib.
3282 1238 3366 1289 ιιι,
3391 1238 3447 1293 p.
3474 1222 3598 1278 248.
3628 1222 3770 1294 Lege

2191 1313 2396 1379 pariter
2430 1327 2551 1382 qum
2597 1313 2787 1367 eodem
2833 1313 3007 1380 libro,
3052 1329 3104 1384 p.
3145 1314 3274 1380 252,
3301 1314 3430 1381 255,
3465 1313 3770 1369 afferuntur

2191 1417 2291 1472 pro
2338 1405 2582 1474 ejusdem
2626 1405 2938 1460 Adamantii
2991 1404 3242 1460 Homiliis
3287 1407 3344 1459 in
3377 1405 3600 1474 Lucam,
3628 1423 3770 1476 quas

2191 1495 2356 1550 etiam
2390 1496 2518 1566 quia
2551 1496 2656 1552 sibi
2688 1497 3096 1552 incommodant
3119 1505 3302 1566 aperta
3328 1495 3588 1551 citatione
3610 1495 3768 1566 lgna-

2191 1587 2353 1642 tiana'
2381 1588 2655 1658 Epistolas,
2686 1589 2912 1658 rejieere
2958 1599 3265 1656 conantur,
3291 1590 3453 1659 idque
3493 1604 3590 1659 per
3634 1589 3766 1643 levi-

2192 1681 2313 1737 cula
2345 1690 2662 1752 argumenta
2688 1722 2703 1747 ,
2735 1682 2915 1737 solutu
2950 1682 3130 1738 facilia
3169 1683 3249 1738 eis
3282 1683 3376 1754 qui
3407 1682 3652 1737 animum
3679 1691 3765 1737 at-

2192 1772 2465 1826 tenderint
2497 1773 2694 1842 partim
2720 1774 2787 1827 ad
2824 1772 3213 1846 Hieronymum
3238 1776 3612 1843 interpretem,
3641 1789 3768 1843 par-

2191 1865 2288 1919 tim
2323 1865 2391 1920 ad
2422 1866 2676 1935 juvenem
2710 1881 2775 1920 eo
2809 1875 3052 1936 tempore
3073 1864 3381 1936 Origenem.
3405 1864 3597 1920 Videto
3626 1881 3766 1936 quo-

2187 1971 2294 2025 que
2325 1971 2426 2011 nos
2467 1956 2608 2011 infra
2643 1957 2696 2010 in
2720 1972 2768 2013 c.
2807 1959 2874 2013 19
2899 1957 2996 2028 Ep.
3026 1959 3094 2013 ad
3136 1957 3363 2028 Ephes.,
3390 1957 3458 2014 de
3482 1957 3684 2015 Basilio
3712 1967 3767 2014 et

2187 2043 2516 2118 Hieronymo
2552 2047 2652 2103 bas
2675 2047 2927 2105 homilias
2950 2050 3274 2120 legentibus.

2258 2135 2532 2194 Hactenus
2561 2139 2629 2194 de
2666 2149 2932 2210 praeterito
2953 2151 3198 2197 veterum
3229 2143 3466 2200 silentio.
3512 2141 3670 2198 Nunc
3697 2142 3767 2197 ad

2185 2228 2384 2298 stylum
2447 2229 2805 2298 epistolarum
2861 2231 3205 2287 accedamus.
3271 2231 3548 2303 lgnatiana
3589 2233 3767 2288 oratio

2184 2318 2412 2372 diversa:
2439 2333 2469 2372 a
2515 2327 2701 2374 nostra
2739 2322 3023 2376 sententiae
3061 2321 3379 2378 auctoribus
3416 2323 3630 2377 videtur
3663 2325 3767 2376 mi-

2183 2423 2304 2462 rum
2339 2408 2821 2480 prodigiosumque
2858 2411 2910 2465 in
2938 2413 3160 2467 modum
3194 2427 3353 2481 nova,
3382 2414 3615 2484 poetica,
3650 2425 3768 2468 tur-

2183 2500 2304 2570 gida
2327 2541 2342 2566 ,
2373 2500 2588 2570 putida,
2625 2501 2821 2572 frigida
2843 2544 2857 2569 ,
2896 2504 3131 2558 obscura
3153 2546 3168 2571 ,
3195 2505 3354 2574 plena
3393 2506 3680 2560 cacozeliae
3712 2515 3769 2561 et

2186 2589 2515 2660 battologiae,
2547 2594 2774 2647 omnino
2807 2594 3044 2650 absurda
3071 2606 3235 2665 atque
3267 2598 3523 2652 simulata
3543 2641 3560 2665 ,
3588 2598 3768 2653 nulla-

2181 2687 2340 2735 tenus
2401 2683 2721 2752 apostolica.
2756 2683 2942 2755 Longe
3006 2685 3163 2741 aliter
3200 2688 3446 2744 sentiunt
3494 2688 3619 2754 alii,
3671 2689 3770 2758 qui

2181 2774 2417 2843 plurima
2458 2775 2514 2829 in
2547 2775 2640 2828 illa
2686 2776 3029 2847 antiquitatis
3054 2793 3119 2833 ac
3151 2778 3516 2848 simplicitatis
3543 2791 3770 2851 aposto-

2182 2867 2304 2922 lica:
2337 2867 2756 2938 certissimaque
2782 2868 3198 2939 deprehendunt
3224 2873 3471 2943 vestigia,
3500 2875 3638 2927 nihil
3672 2890 3768 2929 ve-

2181 2971 2245 3011 ro
2284 2956 2746 3012 inconsideratum
2770 2998 2786 3024 ,
2816 2959 2953 3012 nihil
2981 2959 3166 3014 fictum
3194 3001 3210 3026 ,
3241 2968 3337 3015 aut
3366 2978 3473 3017 non
3499 2963 3768 3033 apostoli-

2180 3063 2329 3107 cum.
2364 3049 2742 3106 Concedamus
2785 3059 2970 3105 tamen
3002 3050 3193 3121 lgnatii
3227 3054 3523 3109 dictionem
3557 3055 3768 3125 aliquid

2106 3177 2148 3236 α
2183 3139 2386 3196 habere
2423 3141 2704 3208 novitatis,
2733 3141 2986 3208 tumoris,
3023 3142 3396 3199 obscuritatis.
3432 3143 3572 3211 Quid
3600 3155 3715 3200 tum
3735 3146 3769 3200 ,τ

2185 3229 2330 3286 Suus
2366 3232 2564 3303 cuique
2596 3233 2769 3304 stylus
2801 3242 2885 3288 est
2909 3274 2925 3300 ,
2960 3247 3062 3288 sua
3097 3234 3369 3291 scribendi
3406 3236 3570 3291 ratio.
3616 3235 3766 3290 Non-

2181 3339 2249 3379 ne
2275 3324 2320 3379 si
2345 3324 2659 3395 hujusmodi
2684 3327 3094 3396 argutationu‘m
3121 3328 3370 3383 minutiis
3393 3329 3556 3384 datur
3582 3330 3763 3394 locus,

2179 3415 2557 3470 convellentur
2603 3414 2764 3470 facile
2804 3416 3064 3487 pleraque
3093 3417 3380 3473 vetustatis
3419 3417 3566 3472 haud
3597 3419 3766 3475 dubia

2179 3506 2574 3561 monumenta?
2594 3504 2871 3563 Nauseant
2900 3509 3059 3578 pauci
3091 3508 3158 3563 ad
3181 3510 3428 3578 quaedam
3458 3511 3766 3580 Ignatiana,

2179 3598 2274 3653 sed
2319 3597 2530 3653 cancris
2568 3596 2764 3653 fortior
2816 3608 2900 3655 est
2949 3601 3288 3656 stomachus.
3345 3603 3490 3657 Sane
3543 3605 3760 3659 veniam

2178 3690 2491 3745 merebatur
2523 3690 2908 3747 sanetissimus
2942 3701 3171 3764 martyr,
3193 3693 3519 3764 quod,inter
3557 3696 3762 3752 milites

2179 3782 2472 3854 leopardos
2507 3783 2776 3849 scribens,
2809 3800 3086 3854 unamque
3115 3785 3333 3854 spirans
3371 3787 3618 3857 martyrii
3661 3803 3761 3842 co-

2178 3889 2393 3940 ronam,
2425 3874 2734 3944 nequiverit
2779 3876 3043 3946 epistolas
3073 3891 3203 3932 suas
3248 3878 3520 3947 perpolire
3564 3894 3628 3934 ac
3658 3895 3758 3934 va-

2177 3966 2339 4021 riare.
2365 3967 2542 4036 Atque
2566 3968 2682 4023 haec
2717 3967 3189 4038 inprarsentiarum
3215 3969 3462 4026 suﬂicere
3479 3980 3757 4042 poterunt,

2178 4054 2416 4111 breviter
2443 4058 2589 4113 dicta
2620 4074 2720 4129 pro
2749 4060 2964 4115 ratione
2991 4070 3267 4128 notarum,
3297 4061 3471 4117 donec
3491 4062 3762 4132 prodeant

2178 4149 2522 4204 eruditorum
2567 4152 2852 4206 hominum
2900 4168 3000 4222 pro
3035 4153 3244 4224 lgnatio
3279 4165 3606 4225 exspectata:
3644 4159 3759 4213 dis—

2178 4239 2526 4294 sertationes.
2566 4238 2780 4295 Paucos
2828 4241 3085 4296 existimo
3130 4242 3247 4299 fore
3293 4245 3388 4314 qui
3420 4245 3606 4310 trium,
3633 4247 3759 4303 licet

2177 4331 2360 4401 magni
2391 4332 2587 4386 merito
2635 4332 2878 4388 nominis
2910 4333 3254 4403 criticorum,
3281 4335 3563 4404 Salmasii,
3589 4337 3757 4394 Blon-

2177 4421 2326 4487 delli,
2371 4420 2578 4487 Dallaai,
2611 4436 2901 4477 censuram
2947 4423 3239 4493 praeferant
3275 4427 3481 4497 judicio
3510 4427 3755 4494 Eusebii,

496 4513 582 4560 est
627 4510 742 4556 ῑιιιῐι
777 4503 1078 4558 θυοίοτίιθε
1112 4503 1352 4569 Eusebii,
1395 4503 1488 4573 (ιιιί
1536 4502 1611 4556 ita
1662 4501 1908 4570 accep“:
1958 4507 2075 4553 tum
2107 4514 2152 4569 D
2180 4512 2491 4580 Athanasii,
2520 4511 2859 4585 Hieronymi,
2893 4510 3248 4584 Theodoriti,
3286 4519 3564 4589 totiusque
3609 4521 3754 4575 anti-

496 4597 642 4668 quod
678 4595 919 4652 lrenaaus
952 4612 1062 4650 non
1103 4599 1382 4667 scripserit
1417 4595 1762 4668 Θηριομαχῶν
1786 4635 1800 4659 ,
1837 4611 1956 4648 cum
1981 4594 2072 4647 bc-

2178 4604 2448 4675 quitatis,
2486 4618 2701 4659 necnon
2751 4605 2981 4675 hujusce
3034 4609 3297 4679 temporis
3356 4611 3754 4666 catholicorum

497 4691 618 4745 stiis
649 4705 910 4759 pugnans,
936 4699 1031 4743 aut
1055 4690 1187 4760 quid
1213 4690 1410 4755 simile,
1433 4690 1528 4744 sed
1557 4687 1905 4759 κατακριθεὶς
1934 4687 2072 4760 πρὸς
2173 4695 2421 4749 omnium
2441 4735 2458 4762 ,
2485 4709 2550 4750 ac
2611 4696 3071 4754 beterodoxorum
3126 4699 3510 4770 plurimorum.
3562 4702 3753 4758 Dicam

499 4779 683 4852 θηρία,
719 4781 1005 4834 damnatus
1034 4788 1102 4834 ad
1138 4781 1348 4836 bestias.
1377 4779 1640 4851 Origenes
1667 4782 1893 4852 prologo
1916 4781 2074 4837 Com-
2172 4794 2355 4840 autem
2379 4788 2447 4841 de
2469 4802 2701 4842 numero
2733 4789 3085 4860 epistolarum
3130 4791 3186 4846 in
3228 4792 3372 4846 illam
3397 4793 3463 4847 ad
3497 4791 3753 4865 Polycar-

498 4871 883 4923 mentarinrum
923 4870 981 4923 in
1023 4869 1304 4925 Canticum
1364 4871 1692 4924 canticorum
1720 4886 1740 4924 :
1775 4890 1793 4922 ε
1829 4869 2075 4940 Denique
2173 4893 2342 4947 pum;
2377 4878 2445 4933 de
2468 4879 2715 4949 epistolis
2748 4895 2880 4936 vero
2912 4882 3255 4956 interpolatis
3281 4883 3424 4940 etde
3449 4885 3751 4941 subdititiis

502 4959 725 5012 memini
748 4961 986 5031 aliquem
1011 4969 1332 5016 sanctorum
1353 4960 1579 5025 dixisse,
1600 4961 1871 5031 Ignatium
1897 4959 2078 5016 nomi-

503 5065 592 5118 ne,
622 5051 689 5106 de
714 5051 972 5110 Christo:
1010 5052 1158 5108 Meus
1196 5063 1373 5108 autem
1421 5069 1570 5108 amor
1609 5053 1895 5123 cruciﬁxus
1918 5063 2019 5110 est.
2048 5071 2071 5111 ο

2173 4984 2275 5026 suo
2296 4970 2458 5026 etiam
2482 4969 2603 5027 loco
2628 4969 2947 5030 disseretur.
