4136 6394
416 376 488 433 ῐτ
1108 378 1161 435 ι.
1202 375 1567 436 PEARSONII
1607 381 1928 439 VINDICIZE
1954 381 1965 436 l

2065 382 2377 440 ιΑτιΑΝΑῖ.
2417 414 2489 429 -α
2514 386 2919 447 PROIEMIUM.
3609 375 3678 432 58

1187 535 2935 945 unus—ium

937 1090 1849 1249 VINDIGUE
1964 1092 3134 1257 IGNATIAN/E.
3232 990 3246 1009 ί

1257 1413 1591 1477 (Commius,
1614 1414 1964 1476 Patresppost.
1993 1412 2057 1472 Il,
2080 1411 2192 1474 252,
2226 1413 2313 1464 ed.
2335 1413 2609 1466 Amste'od.
2633 1413 2758 1469 1724
2782 1420 2801 1485 )

416 527 447 553 ξ

452 528 2322 563 fw

1560 1767 1810 1812 DOHINO
1856 1771 2081 1816 SUMME
2132 1769 2520 1816 BEVERENDO

1810 1849 1874 1893 D.
1921 1852 2233 1895 GILBERTO

1071 1926 1574 1972 ARCHIEPISCOPO
1614 1926 2120 1983 CANTUABIENSI,
2166 1930 2394 1973 TOTIUS
2438 1929 2683 1972 ANGLIE
2721 1930 3009 1977 PRIMA“.

464 2103 601 2155 Lam
632 2100 953 2156 Anastasius
1008 2099 1363 2171 Antiochenus
1403 2098 1473 2171 ad
1509 2097 1821 2171 Gregorium
1845 2099 2100 2171 Magnum
2145 2101 2472 2170 scripsisset,
2520 2110 2568 2155 et
2615 2099 2673 2155 S.
2699 2098 2900 2167 Ignatii
2938 2099 3234 2153 clausulam
3278 2101 3516 2169 epistolae
3553 2118 3668 2159 suis

386 2172 759 2241 subjunxisset
781 2211 798 2235 ,
828 2173 1071 2241 eamdem
1100 2186 1213 2241 suis
1238 2170 1398 2241 etiam
1430 2170 1714 2241 Gregorius
1755 2170 2044 2241 subtexuit,
2077 2180 2127 2223 et
2162 2172 2298 2224 hanc
2333 2173 2592 2225 rationem
2628 2172 2893 2241 reddidit,
2934 2172 3057 2241 quin
3098 2186 3207 2224 non
3244 2178 3454 2225 tantum
3488 2186 3665 2227 vester

386 2239 497 2307 est,
541 2243 637 2296 sed
679 2252 732 2297 et
763 2251 970 2297 noster.
1014 2239 1105 2294 Ita
1137 2239 1434 2294 Occidentis
1477 2251 1527 2293 et
1570 2239 1802 2295 Orientis
1837 2241 2158 2309 patriarcha
2193 2257 2288 2310 pro
2324 2242 2662 2295 sanctissimo
2704 2240 2801 2294 illo
2844 2239 3070 2308 praesule
3107 2249 3156 2293 et
3182 2251 3411 2310 martyre
3444 2242 3581 2295 inter
3610 2260 3665 2297 se

386 2311 800 2366 contendebant.
856 2311 969 2364 Alii
1013 2311 1173 2380 hujus
1219 2311 1403 2380 steculi
1448 2326 1655 2373 mores,
1706 2310 1829 2364 alia:
1879 2309 2292 2365 concertationes
2333 2327 2353 2365 :
2423 2319 2475 2365 et
2521 2312 2664 2363 docti
2711 2320 2760 2365 et
2816 2309 3058 2373 indocti,
3114 2318 3165 2364 et
3218 2309 3364 2363 domi
3411 2321 3461 2364 et
3506 2311 3662 2380 foris,

384 2383 807 2451 pretiosissimas
843 2382 994 2435 illius
1018 2379 1275 2449 martyris
1310 2379 1562 2451 reliquias
1593 2381 1909 2435 convellunt.
1956 2382 2040 2434 Ad
2072 2381 2244 2434 sedem
2284 2382 2451 2450 igitur
2480 2390 2711 2451 vestram
2747 2380 3244 2451 archiepiscopalem
3286 2379 3521 2451 confugit
3551 2382 3663 2451 ipse

386 2449 843 2533 archiepiscopus,
888 2461 939 2533 et
982 2451 1091 2533 hoc
1121 2467 1284 2533 unum
1322 2449 1597 2533 emugitat,
1641 2467 1718 2533 ne‘
1743 2467 1839 2533 pro
1880 2449 2506 2533 impostoreOh‘abeaturh
2551 2449 2651 2533 Tu,
2691 2450 2775 2503 cui
2819 2450 2978 2533 apud.
3009 2465 3101 2502 nos
3144 2450 3239 2502 sub
3280 2467 3396 2531 rege
3428 2449 3663 2533 maxime

387 2520 601 2592 summa
647 2520 953 2592 in'negotio
994 2521 1264 2590 religionis
1295 2530 1344 2574 et
1382 2536 1510 2592 cura
1538 2530 1587 2573 et
1628 2529 1881 2592 potestas,
1916 2520 2179 2591 singulari
2197 2520 2295 2574 Dei
2323 2520 2673 2592 providentia,
2703 2520 3066 2592 meritissimo
3109 2521 3389 2592 commissa
3436 2530 3535 2584 est,
3569 2523 3662 2589 qui

392 2590 691 2645 Ecclesiam
741 2589 979 2648 nostram
1023 2589 1273 2645 adversus
1320 2589 1650 2643 exulceratos
1701 2591 1972 2645 hominum
2006 2589 2253 2655 animos,
2314 2589 2365 2645 et
2406 2590 2920 2645 luctuosissimorum
2968 2599 3258 2658 temporum
3309 2591 3435 2643 vitio
3474 2602 3660 2645 enatas

388 2664 711 2716 inimicitias
739 2662 1038 2731 prudentia
1078 2660 1405 2731 incredibilis
1442 2662 1760 2715 auctoritate
1795 2662 1980 2726 tueris,
2014 2671 2123 2731 tam
2150 2661 2471 2729 prteclarum
2495 2662 2737 2731 pristina:
2774 2658 3282 2731 simplicitatiscum
3335 2660 3388 2731 in
3414 2661 3661 2714 doctrina

387 2734 659 2786 catholica
690 2729 801 2785 tum
832 2733 887 2785 in
913 2732 1201 2802 disciplina
1227 2730 1581 2784 ecclesiastica
1612 2742 2003 2784 monumentum
2036 2730 2099 2784 ab
2131 2732 2355 2802 ingeniis
2384 2729 2735 2800 maleferiatis
2765 2731 3031 2797 ventilari,
3072 2730 3324 2799 epistolas
3357 2729 3413 2783 in
3436 2730 3660 2783 vinculis

387 2748 659 2786 catnouca
690 2748 801 2785 tum
832 2749 887 2785 in
913 2748 1201 2854 aisctfuna
1227 2748 1581 2784 eCCleSIaﬂtca
1612 2748 2003 2784 monumentum
2036 2748 2099 2784 ao
2131 2748 2355 2802 ingentis
2384 2748 2735 2800 matelertam
2765 2748 3031 2797 ventilari,
3072 2748 3324 2799 epistotas
3357 2748 3413 2783 in
3436 2748 3659 2783 vmcutts

385 2804 527 2855 inter
560 2803 930 2871 ferocientium
958 2802 1031 2855 mi
1056 2803 1191 2855 itum
1224 2817 1410 2853 manus
1447 2810 1495 2854 et
1526 2817 1797 2854 carcerum
1828 2802 2105 2871 angustias
2137 2804 2317 2855 animo
2344 2802 2756 2870 praesentissimo
2797 2808 3049 2854 exaratas
3077 2809 3331 2867 tanquam
3356 2802 3659 2854 invenustus

385 2873 578 2936 rejici,
652 2874 936 2927 lueresium
988 2880 1101 2925 tum
1146 2872 1317 2940 primo
1379 2880 1687 2941 exortaifum
1732 2879 1782 2924 et
1822 2888 1959 2925 nunc
2017 2871 2229 2925 demum
2288 2871 2733 2941 repullulantium
2803 2871 3249 2941 schismatumque
3305 2871 3661 2924 certissimum

386 2944 677 2995 remedium
711 2942 1027 3011 exstirpari,
1070 2939 1261 3010 faciem
1299 2942 1517 3010 denique
1547 2939 1799 2995 Ecclesia:
1833 2941 2120 3011 primitivte
2150 2939 2448 2995 clarissime
2488 2951 2922 3011 reprcesentatam
2964 2939 3239 3009 deturpari
3280 2948 3329 2991 et
3378 2940 3661 3011 obliterars

383 3029 656 3083 nunquam
679 3010 922 3083 patieris.
949 3012 1092 3076 Quid
1129 3012 1466 3083 felicissimos
1505 3010 1857 3065 eruditissimi
1887 3012 2135 3081 primatis
2158 3012 2484 3083 Armachani
2510 3010 2729 3065 conatus
2754 3028 2773 3065 :
2795 3010 2926 3083 quid
2943 3010 3658 3083 conspirantemoriginalis

389 3079 569 3137 Cruci
606 3079 807 3136 codicis
867 3100 900 3136 a
938 3079 1246 3135 doctissimo
1302 3080 1486 3151 Vossio
1525 3079 1907 3151 peropportune
1959 3093 2303 3151 procuratum
2351 3082 2636 3136 editionem
2694 3095 2713 3133 .'
2764 3079 2891 3151 quid
2932 3079 3258 3134 Hammondi
3302 3079 3659 3151 _viri_'optims

381 3154 995 3233 consummatissitnique
1034 3152 1261 3233 theologi
1297 3148 2165 3233 lucubraiionescommemorem?
2203 3150 2339 3233 _Non
2369 3154 2509 3206 eitim
2541 3152 2726 3205 dubito
2764 3148 2913 3233 quin.
2940 3151 3127 3233 horum
3170 3149 3404 3233 omnium
3426 3148 3656 3233 labores,

386 3225 623 3275 maximo
661 3219 918 3277 Ecclesiai
947 3219 1298 3292 emolumento
1331 3229 1620 3289 susceptos,
1656 3221 1747 3275 diu
1786 3230 1909 3275 ante
1940 3221 2242 3290 probaveris
2278 3238 2571 3292 magnoque
2610 3219 2860 3274 acerrimi
2885 3220 3084 3290 judicii
3117 3219 3508 3292 prudentiaeque
3551 3229 3659 3274 tua:

379 3294 611 3361 pondere
646 3294 992 3348 stabiliveris.
1048 3291 1183 3347 Cum
1226 3301 1399 3345 autem
1423 3292 1533 3345 ha'c
1577 3293 1756 3344 omnia
1790 3293 1859 3344 ad
1887 3306 2122 3345 severum
2147 3292 2306 3345 nimis
2335 3291 2555 3346 etamen
2587 3302 2775 3345 vocata
2819 3293 2959 3353 sint;
2996 3307 3113 3361 qua:
3157 3291 3252 3343 hoc
3307 3291 3659 3359 qualicunque

381 3360 534 3435 opere
570 3365 869 3435 reponenda
911 3364 1090 3428 duxit,
1133 3364 1180 3435 si
1222 3378 1325 3416 non
1348 3361 1527 3416 eodem
1558 3361 1767 3427 judicio
1796 3362 2043 3432 probare,
2086 3371 2262 3417 tamen
2304 3379 2363 3417 eo
2387 3378 2489 3433 quo
2524 3364 2698 3432 ipsum
2736 3362 2873 3417 soles
2913 3360 3141 3415 candore
3191 3360 3418 3428 recipere
3458 3369 3516 3435 _ut
3553 3376 3657 3413 non

381 3432 705 3503 dedigneris,
739 3434 1045 3488 humillime
1066 3432 1197 3503 petit

1806 3501 2129 3558 Paternitati
2156 3508 2264 3558 tua:
2284 3501 2675 3559 devotissimus

3002 3569 3242 3624 Joannes
3281 3568 3549 3623 Punsou.

1562 3932 1717 4025 AD
1788 3930 2486 4027 LECTOREM.

448 4161 809 4232 Quacunque
839 4161 910 4217 ad
946 4164 1377 4219 controversiam
1418 4162 1525 4217 hoc
1564 4174 1729 4231 opere
1766 4165 1965 4213 tracta-

2071 4155 2339 4225 apostolos
2396 4155 2704 4209 institutum
2743 4162 2864 4219 est;
2920 4152 3251 4224 νεωτερικὴν
3310 4168 3429 4207 vero
3475 4152 3649 4219 τάξιν.

374 4265 491 4309 tam
516 4264 669 4310 recte
691 4254 1101 4326 intelligendam
1130 4255 1440 4322 conferant,
1469 4255 1525 4309 in
1555 4252 1830 4308 Prooemio
1851 4251 1966 4321 jam
2068 4246 2335 4301 novellam
2367 4247 2761 4301 institutionem
2797 4255 2970 4309 vocat,
3003 4262 3121 4299 eam
3150 4260 3270 4315 quis
3298 4261 3394 4299 suo
3423 4255 3653 4315 tempore

374 4349 518 4404 satis
558 4348 847 4419 perspicue
891 4358 948 4405 ει
985 4350 1211 4421 copiose
1256 4349 1502 4420 exposita
1549 4357 1708 4413 sum,
1755 4354 1817 4401 ιη
1860 4345 1966 4401 alia
2067 4339 2371 4407 episcopum
2404 4338 2729 4407 presbyteris
2766 4336 3130 4408 prteponebat.
3181 4336 3399 4391 Certum
3434 4347 3511 4391 est
3548 4354 3650 4391 au-

373 4442 705 4512 pmtatione
772 4442 852 4497 uti
919 4457 1392 4513 supervacaneum
1467 4440 1628 4511 plane
1692 4438 1964 4493 videatur.
2077 4439 2180 4484 tem
2216 4446 2336 4483 eum
2391 4431 2665 4500 scripsisse
2702 4440 2819 4500 post
2854 4428 3126 4484 Valentini
3162 4430 3396 4483 hteretici
3423 4438 3649 4498 tempus,

377 4533 622 4589 Unicum
668 4543 851 4589 tamen
904 4541 991 4589 est
1037 4534 1107 4589 de
1154 4548 1265 4604 quo
1315 4544 1388 4600 te,
1436 4530 1635 4587 Lector
1686 4530 1963 4595 benevole,

374 4626 636 4696 inprimis
671 4624 1006 4681 monendum
1065 4625 1219 4680 duxi.
1272 4624 1544 4680 Putarunt
1574 4624 1838 4680 hactenus
1868 4638 1966 4678 no.

371 4718 499 4782 stri,
521 4716 586 4771 S.
612 4716 807 4789 lgnatii
848 4717 1113 4788 epistolas
1151 4717 1466 4787 antiquitati
1502 4716 1851 4786 episcopatus
1882 4715 1967 4769 lu-

370 4808 828 4863 culentissimum
873 4808 1252 4863 testimonium
1288 4807 1612 4877 prmbuisse.
1649 4805 1846 4861 Nescio
1884 4813 1967 4860 ta-

373 4915 502 4955 men
530 4914 647 4970 quo
677 4908 840 4971 pacto
878 4898 1131 4955 ellectum
1176 4908 1278 4964 est,
1313 4909 1375 4954 ut
1413 4913 1481 4953 ex
1523 4898 1628 4953 hoc
1671 4912 1782 4954 uno
1823 4896 1965 4952 scri-

371 5002 557 5063 ptore,
586 4997 644 5047 et
672 4990 894 5062 quidem
916 4990 1198 5059 defmcato,
1244 4990 1379 5047 satis
1404 4991 1622 5045 ﬁrmum
1673 5003 1966 5061 argumen-

371 5094 497 5138 tum
540 5096 643 5152 pro
696 5082 939 5138 novitate
985 5082 1199 5137 ordinis
1254 5081 1582 5153 episcopalis
1629 5080 1755 5137 duci
1803 5093 1965 5149 posse

369 5174 704 5229 existiment
736 5172 1014 5239 nonnulli,
1045 5173 1291 5244 illudque
1329 5173 1385 5227 in
1412 5172 1616 5228 scholis
1644 5170 1964 5242 theologicis

373 5272 671 5335 usurpem.
731 5262 874 5321 Ecce
914 5264 1103 5330 enim,
1157 5263 1300 5317 inter
1343 5266 1528 5319 theses
1576 5263 1631 5317 in
1685 5261 1963 5317 academia

376 5355 752 5412 Salmuriensi
812 5356 919 5411 sub
968 5355 1227 5426 praesidio
1288 5353 1551 5411 Ludovici
1610 5354 1849 5425 Cappelli
1896 5352 1966 5409 de

2065 4521 2157 4590 qui
2193 4520 2419 4575 Romam
2470 4522 2608 4575 venit
2668 4522 2764 4575 sub
2798 4519 3009 4591 Hygino
3059 4536 3220 4589 papa,
3268 4521 3412 4572 circa
3452 4536 3652 4573 annum

2066 4628 2099 4665 a
2159 4610 2373 4667 Christo
2432 4623 2559 4666 nato
2602 4612 2725 4666 144.
2788 4610 2879 4664 Ita
2950 4612 3012 4680 fit
3065 4610 3406 4678 manifestum
3463 4626 3649 4662 novam

2066 4703 2499 4757 constitutionem
2536 4704 2601 4757 de
2638 4702 2871 4772 episcopi
2922 4702 2975 4754 in
3014 4701 3345 4769 presbyteros
3378 4715 3653 4769 prteroga-

2068 4797 2176 4850 tiva
2212 4805 2264 4849 et
2309 4795 2633 4848 auctoritate
2669 4795 2871 4863 factam
2916 4809 3028 4847 esse
3064 4802 3184 4862 post
3222 4792 3561 4845 centesimum
3598 4806 3652 4844 et

2064 4886 2554 4958 quinquagesimum
2586 4902 2620 4939 a
2654 4883 2855 4939 Christi
2898 4883 3295 4946 resurrectione,
3336 4889 3386 4934 et
3416 4879 3649 4949 Spiritus

2066 4978 2242 5031 sancti
2260 4976 2509 5030 missione
2522 4977 2579 5029 in
2593 4974 2885 5044 apostolos,
2901 4989 3118 5026 annum.
3135 4969 3248 5024 Hoc
3263 4975 3649 5038 argumentum

2067 5068 2301 5124 Dallteus
2336 5067 2705 5138 praetermisit,
2734 5066 2822 5121 vel
2864 5064 3013 5135 quod
3057 5063 3107 5118 ei
3154 5061 3360 5116 nullam
3399 5060 3510 5113 vim
3560 5058 3650 5112 in-

2066 5177 2190 5218 esse
2240 5170 2507 5232 putaret,
2564 5159 2648 5213 vel
2701 5159 2846 5229 quod
2900 5157 3227 5225 scriptorem
3292 5150 3649 5222 epistolarum

2066 5257 2425 5325 impostorem
2487 5267 2598 5307 non
2642 5252 2933 5322 probaret,
2988 5247 3085 5303 sed
3136 5251 3510 5315 supponeret;
3562 5242 3650 5297 vel

2065 5347 2212 5417 quod
2269 5361 2383 5401 suae
2418 5343 2708 5417 hypothesi
2757 5341 2985 5397 minime
3032 5337 3369 5403 conveniret,
3400 5333 3497 5405 qui
3542 5332 3649 5387 im-

370 5450 625 5521 episcopi
653 5459 709 5505 et
736 5450 1039 5522 presbyteri
1068 5448 1389 5504 discrimine
1409 5448 1736 5519 disputatas,
1760 5462 1959 5501 novum
1993 5502 2034 5522 ἢ
2066 5448 2343 5509 pastorem
2374 5452 2535 5493 suum
2562 5434 2648 5491 vel
2679 5435 2785 5489 sub
2803 5434 2964 5488 linem
2994 5429 3167 5493 tertii,
3188 5428 3272 5483 vel
3302 5426 3406 5482 sub
3429 5425 3651 5480 initium

372 5502 767 5611 aigumrentum
816 5541 872 5595 in
904 5502 1067 5597 Jbunc
1112 5541 1339 5596 modum
1388 5502 1676 5595 coniicitur
1708 5502 1735 5594 τ’
1761 5540 1964 5593 Auctor
1993 5502 2036 5557 Β
2067 5531 2251 5602 quarti
2290 5529 2473 5585 saeculi
2504 5528 2711 5583 vixisse
2739 5524 2982 5597 putavit;
3032 5538 3144 5594 quo
3184 5530 3430 5589 ιθωροτθ
3462 5532 3649 5582 nemo.

376 5630 645 5702 Epistolis
671 5631 742 5685 ad
766 5630 1068 5702 Hagnesios
1105 5633 1301 5702 primo,
1330 5630 1744 5702 πρεσϐυτέριον,
1769 5630 1865 5683 hoc
1887 5638 1964 5684 est

2068 5624 2163 5694 qui
2206 5639 2318 5679 non
2361 5622 2734 5685 insanivisset,
2780 5619 3157 5689 episcopatum
3191 5612 3451 5668 novellam
3488 5611 3618 5665 insti

372 5725 672 5794 collegium
742 5726 1225 5796 presbyterorum,
1284 5734 1333 5778 et
1383 5722 1636 5778 Ecclesiae
1685 5738 1776 5791 per
1827 5722 1964 5776 illud
2070 5720 2326 5773 tationem
2366 5724 2636 5771 vocasset.
2682 5710 2794 5768 Nos
2835 5710 2905 5765 ab
2935 5709 3028 5764 illo
3074 5705 3503 5778 praetermissum
3533 5702 3653 5796 illic

374 5794 921 5870 administrationem
952 5825 1111 5885 atque
1147 5816 1401 5885 regimen,
1426 5825 1576 5869 vocat
1601 5812 1837 5884 Χριστοῦ
1880 5813 1966 5867 νό-
2067 5810 2475 5868 discutiendum
2519 5804 2867 5878 putavimus;
2916 5816 2986 5857 ne
3010 5801 3134 5872 quis
3166 5806 3357 5870 postea
3386 5806 3497 5851 tam
3529 5794 3648 5847 ine—

379 5922 504 5967 μον.
535 5908 663 5976 quia
711 5922 778 5962 ea:
822 5906 1163 5963 institutione
1201 5916 1251 5963 et
1298 5906 1569 5962 voluntate
1621 5902 1822 5961 Christi
1874 5922 1967 5970 per
2068 5913 2222 5975 ptum
2263 5902 2470 5976 lgnatio
2504 5913 2727 5959 sensum
2779 5897 3019 5967 aﬂingat,
3048 5904 3141 5951 aut
3175 5908 3240 5950 ex
3267 5891 3360 5946 illo
3387 5897 3498 5945 tam
3548 5885 3648 5941 ial-
