4136 6386
542 389 613 447 59
1608 377 1662 434 S.
1698 378 2050 436 lCNATlUb.
2080 411 2150 423 —-—
2191 380 2742 439 PROLEGOMENA.‘
3740 382 3812 437 40

538 512 665 554 sum
720 505 781 553 et
844 491 1103 554 Ecclesia
1178 498 1551 568 perniciosum
1607 500 1805 571 dogma
1864 501 2118 557 deducat.
2151 510 2197 567 Α
2224 501 2317 557 sed
2346 502 2687 571 iuventutem
2724 502 2965 574 episcopi
2991 501 3235 557 denotat.
3264 496 3584 556 Bloudellus
3633 502 3807 557 verba

611 586 671 641 Si
713 587 861 641 enim
897 589 1291 644 concederetur
1331 598 1386 643 et
1431 598 1712 645 auctorem
1760 592 2005 661 epistolae
2052 593 2122 648 ad

538 678 853 751 Magnesios
902 682 1258 750 impostorem
1292 681 1487 751 fuisse,
1518 694 1573 738 et
1599 684 1971 755 episcopatum
2016 700 2121 740 no-

537 776 735 831 vellam
782 776 1182 832 institutionem
1212 793 1475 843 vocasse,
1513 779 1662 835 nullo
1698 780 1860 835 modo
1890 779 2121 837 manife-

538 880 685 923 stum
728 879 874 924 esset
923 870 1371 925 constitutionem
1402 876 1473 926 de
1500 872 1743 943 episcopi
1794 874 2123 929 auctoritate

538 972 662 1031 post
700 977 903 1016 annum
959 978 991 1017 a
1036 962 1243 1018 Christi
1292 966 1704 1021 resurrectione
1754 967 1859 1021 l50
1911 965 2117 1022 factam

538 1054 725 1109 fuisse.
771 1053 907 1108 Nam
934 1055 1132 1124 primo,
1163 1056 1211 1111 si
1250 1056 1523 1127 impostor
1546 1067 1713 1125 esset,
1751 1074 1862 1112 non
1893 1074 2121 1116 necesse

538 1154 685 1200 esset
711 1156 770 1201 ut
818 1148 882 1201 de
945 1164 1041 1202 suo
1097 1157 1324 1219 tempore
1387 1150 1736 1221 loqueretur;
1806 1153 2120 1223 ﬁngendum

538 1238 685 1291 enim
714 1238 816 1293 sibi
846 1238 1148 1308 sumpsisse
1176 1240 1440 1296 dicendus
1461 1252 1606 1297 esset
1628 1252 1870 1298 veterem
1902 1252 1956 1298 et
1985 1259 2119 1312 apo-

541 1331 795 1384 stolicum
821 1329 1019 1397 virum,
1046 1332 1114 1385 ab
1141 1334 1405 1401 apostolis
1432 1335 1746 1389 ordinatum
1774 1336 2116 1406 episcopum,

538 1432 593 1478 et
626 1423 789 1492 paulo
814 1432 939 1493 post
967 1423 1024 1477 S.
1057 1422 1287 1480 Joannis
1329 1428 1561 1495 apostoli
1605 1428 1813 1483 obitum
1858 1430 2121 1499 martyrio

538 1522 882 1569 coronatum.
931 1513 1087 1580 Quod
1130 1515 1178 1570 si
1226 1516 1587 1586 impostorem
1634 1519 1773 1573 bene
1807 1530 2010 1589 ageret,
2052 1520 2119 1575 ad

540 1621 663 1661 eam
697 1615 908 1661 aetatem
940 1608 1127 1663 omnia
1161 1608 1366 1663 referre
1394 1611 1622 1678 debuit;
1656 1624 1711 1666 et
1740 1611 1807 1665 ad
1848 1613 1982 1667 illud
2014 1629 2118 1668 saa-

540 1697 727 1751 culum
772 1698 888 1752 haec
930 1698 1047 1768 ipsa
1078 1714 1205 1753 eum
1242 1714 1351 1754 non
1401 1703 1675 1767 retulisse,
1706 1703 1924 1772 probari
1969 1704 2120 1759 nullo

539 1786 705 1841 modo
762 1796 960 1856 potest.
1013 1785 1160 1841 IVihil
1218 1787 1385 1858 igitur
1446 1788 1596 1843 aliud
1651 1806 1719 1846 ex
1769 1790 1971 1861 duplici
2026 1792 2119 1846 illa

540 1878 897 1933 concessione
964 1879 1259 1949 sequitur,
1328 1895 1496 1951 quam
1562 1882 1709 1951 quod
1748 1896 1815 1937 ex
1862 1884 2125 1953 impostoo

540 1967 618 2024 ris
649 1969 918 2025 sententia
952 1971 1322 2040 episcopatus,
1350 1984 1413 2027 ut
1460 1974 1841 2045 presbyteratu
1874 1976 2127 2045 superior

537 2070 643 2127 est,
658 2070 789 2118 tunc
817 2062 1030 2116 novella
1059 2061 1330 2118 institutio
1356 2062 1542 2130 fuerit,
1568 2081 1695 2121 cum
1720 2075 1948 2122 sanctus
1966 2067 2126 2139 lgna-

538 2156 652 2211 tius
674 2156 743 2211 ad
773 2156 1097 2226 martyrium
1127 2172 1221 2227 per
1243 2156 1431 2213 Asiam
1458 2159 1769 2215 duceretur.
1801 2160 1915 2216 Hoc
1941 2170 2124 2217 autem

538 2240 745 2297 factum
797 2251 883 2299 est
936 2244 1081 2299 intra
1131 2244 1199 2299 75
1258 2261 1436 2301 annos
1487 2255 1614 2317 post
1665 2251 2122 2307 resurrectionem

538 2333 769 2401 Christi,
821 2335 962 2390 intra
991 2334 1024 2390 8
1054 2344 1180 2406 post
1218 2348 1452 2393 mortem
1496 2338 1555 2394 S.
1578 2340 1810 2397 Joannis
1848 2345 2121 2413 apostoli;

536 2436 603 2481 ut
643 2427 993 2496 episcopatus
1022 2437 1077 2482 et
1118 2430 1332 2483 novella
1374 2430 1647 2487 institutio
1688 2432 1817 2499 dici,
1854 2444 1909 2488 et
1939 2444 2123 2491 tamen

538 2519 875 2589 apostolicus
900 2535 1024 2575 esse
1047 2522 1303 2591 potuerit.
1345 2522 1461 2576 Sub
1486 2524 1764 2579 Antonino
1793 2527 1877 2581 vel
1898 2528 2123 2584 Aurelio

539 2611 742 2666 vixisse
769 2611 1124 2681 impostorem
1155 2628 1317 2668 suum
1340 2615 1459 2668 vult
1490 2614 1816 2683 Salmasius,
1846 2620 1990 2675 unde
2020 2636 2121 2689 pro

538 2722 693 2761 more
728 2722 829 2761 suo
874 2706 1156 2761 concludit
1186 2728 1197 2763 :
1222 2706 1300 2760 Eo
1354 2710 1548 2763 stmulo
1583 2711 1764 2780 palam
1787 2722 1894 2781 est,
1924 2730 2122 2768 νεωτε-

541 2794 704 2868 ρικὴν
726 2796 879 2849 illam
916 2795 1070 2862 τάξιν
1103 2798 1334 2867 episcopi
1372 2814 1533 2867 supra
1566 2801 1898 2871 presbyteros
1944 2804 2117 2857 intro-

538 2888 755 2941 ductam
782 2905 919 2955 esse,
948 2900 1007 2943 ut
1038 2904 1103 2943 ex
1125 2890 1225 2942 hac
1267 2890 1492 2957 epistola
1521 2892 1631 2946 sole
1663 2893 1863 2950 clarius
1900 2896 2116 2953 dilucet.

539 2981 641 3047 At,
686 2981 735 3036 si
776 2981 1045 3051 impostor
1090 2982 1181 3037 ille
1220 2982 1324 3037 sub
1364 2983 1469 3038 hoc
1514 2986 1600 3040 vel
1648 2986 1743 3041 illo
1792 2986 2121 3057 imperatore

537 3075 755 3142 vixerit,
777 3075 957 3145 palam
978 3091 1088 3131 non
1117 3087 1215 3143 est,
1247 3078 1572 3149 νεωτερικὴν
1596 3079 1747 3145 τάξιν
1772 3096 1919 3135 nunc
1949 3081 2119 3139 fuisse

2222 593 2416 661 lgnatii
2471 592 2931 657 notavit,Latine
2976 607 3087 647 non
3140 591 3377 648 reddidit
3420 610 3436 647 :
3490 591 3799 650 Salmasius

2222 684 2471 738 omnium
2522 685 2733 754 primus
2771 684 3103 756 νεωτερικὴν
3142 682 3520 749 τάξινωοοιτο
3569 683 3779 754 lgnatia

2222 790 2355 829 num
2396 776 2669 846 loquendi
2722 790 2956 843 morem,
2996 785 3190 832 contra
3233 775 3586 832 manifestum
3629 779 3803 833 totius

2222 878 2512 927 contextus
2541 886 2787 940 sensum,
2830 879 3022 927 contra
3070 878 3309 927 mentem
3342 869 3625 940 scriptoris
3674 870 3808 926 alibi

2221 964 2357 1020 satis
2404 963 2753 1034 explicatam,
2802 980 2991 1020 novam
3033 963 3423 1019 institutionem
3473 962 3559 1017 vel
3611 977 3804 1015 novum

2221 1057 2461 1111 ordinem
2485 1058 2738 1114 reddidit.
2767 1056 2848 1113 Ad
2875 1058 3021 1112 hanc
3035 1054 3447 1111 translationem
3464 1053 3809 1109 conﬁrman-

2219 1147 2348 1204 dam
2377 1149 2557 1204 locum
2588 1149 2781 1220 lgnatii
2806 1150 3007 1204 misere
3027 1144 3287 1211 detorsit;
3314 1152 3371 1199 et
3395 1159 3521 1199 cum
3551 1153 3807 1198 nostrum

2221 1240 2554 1297 locutionem
2588 1242 2646 1297 S.
2672 1242 2829 1297 Pauli
2856 1241 3094 1297 maxime
3114 1247 3366 1295 secutum
3392 1252 3515 1293 esse
3536 1238 3805 1302 novisset,

2221 1333 2372 1388 illum
2425 1336 2591 1390 etiam
2634 1350 2919 1406 perperam
2975 1343 3030 1389 et
3060 1341 3250 1388 coacte
3288 1331 3671 1399 interpretatus
3700 1336 3808 1383 est.

2224 1422 2293 1476 In
2361 1422 2609 1493 Epistula
2671 1422 2855 1489 Pauli,
2940 1421 3157 1493 inquit,
3214 1420 3284 1475 ad
3352 1420 3683 1474 Timotheum
3742 1416 3810 1485 ll,

2222 1528 2342 1585 cap.
2373 1531 2434 1581 ιι,
2466 1515 2896 1587 22,νεωτερικα“ι
2924 1514 3210 1585 ἐπιθυμίαι
3250 1528 3351 1566 non
3382 1523 3504 1566 sunt
3524 1510 3801 1581 juveniles

2222 1606 2570 1677 cupiditates,
2597 1609 2687 1662 sed
2718 1623 2892 1676 novae,
2922 1608 3001 1662 vel
3032 1622 3302 1663 novarum
3340 1620 3550 1670 rerum,
3585 1614 3642 1656 ut
3674 1602 3811 1656 alibi

2222 1713 2315 1751 nos
2365 1697 2769 1767 explicabimus.
2834 1697 3046 1754 Idcirco
3079 1738 3095 1765 ,
3140 1706 3199 1753 ut
3252 1697 3360 1752 hoc
3426 1706 3812 1766 argumentum

2222 1804 2448 1858 prorsus
2474 1789 2815 1860 explodatur,
2833 1791 3032 1859 primo,
3065 1790 3235 1845 lector
3261 1788 3545 1855 benevole,
3578 1787 3634 1841 S.
3653 1785 3812 1840 Pauli

2154 1867 2197 1923 Β
2227 1882 2403 1948 locus,
2438 1896 2600 1952 quem
2615 1891 2866 1940 secutum
2899 1883 2991 1938 hic
3017 1891 3079 1937 ut
3108 1883 3239 1938 alibi
3270 1891 3520 1937 nostrum
3545 1896 3667 1935 esse
3701 1893 3814 1932 non

2228 1975 2435 2045 injusta
2461 1976 2707 2046 suspicio
2746 1984 2852 2042 est,
2885 1976 3275 2045 explicabitur;
3311 1974 3573 2037 secundo,
3611 1973 3811 2043 lgnatii

2226 2068 2392 2122 verba
2419 2068 2563 2122 nude
2591 2076 2648 2123 et
2674 2077 2861 2137 aperte
2892 2076 3256 2138 exponentur,
3295 2075 3353 2121 et
3379 2066 3448 2122 ab
3477 2065 3814 2135 importunis

2228 2158 2676 2214 adversariorum
2714 2159 2915 2229 glossis
2944 2159 3384 2215 vindicabuntur.

2295 2267 2439 2324 Νέον
2484 2285 2630 2324 nunc
2670 2268 2935 2339 juvenem,
2962 2286 3109 2325 nunc
3139 2286 3329 2324 novum
3356 2269 3667 2341 signiﬁcare
3692 2286 3816 2326 om-

2226 2378 2330 2417 nes
2360 2372 2581 2417 norunt.
2612 2361 2951 2418 Glossarium
2975 2362 3293 2428 Vetuszvéo;
3321 2363 3628 2435 ἄνθρωπος,
3658 2364 3815 2431 juve-

2225 2459 2329 2523 nis,
2390 2457 2508 2521 νέος
2530 2454 2697 2523 οἶκος,
2730 2458 2762 2529 ἦ
2793 2458 2977 2531 ἕτερόν
3007 2475 3081 2525 τι,
3118 2473 3300 2521 novus,
3328 2456 3594 2520 novellus;
3622 2472 3651 2509 a
3691 2456 3815 2519 νέος

2223 2546 2486 2619 νεώτερος
2510 2550 2715 2619 pariter
2740 2550 2826 2605 vel
2850 2550 3056 2619 junior,
3082 2549 3166 2604 vel
3197 2549 3485 2613 recentior;
3516 2560 3611 2602 aut
3642 2548 3813 2604 etiam

2214 2640 2445 2710 juvenis.
2479 2640 2804 2713 Hesychius,
2828 2641 3111 2715 νεώτερον,
3138 2642 3200 2694 οὺ
3232 2641 3390 2712 μόνον
3418 2640 3811 2713 συγκριτικῶς,

2222 2733 2360 2788 ἀλλὰ
2414 2736 2508 2788 καὶ
2562 2737 2681 2789 νέεν
2725 2736 2979 2790 ’Δττικοί.
3013 2736 3182 2791 Vetus
3203 2735 3564 2802 Glossarium,
3599 2736 3810 2805 junior,

2223 2827 2503 2899 νεώτερος,
2516 2828 2747 2897 juvenis,
2771 2827 3055 2900 νεώτερος.
3079 2827 3146 2883 Et
3166 2830 3218 2883 in
3244 2827 3548 2899 Excerptis,
3575 2829 3810 2898 juvenis,

2221 2920 2505 2991 νεώτερος,
2561 2936 2593 2976 a
2647 2920 2915 2994 νεώτερος
2956 2937 3063 2977 vox
3110 2922 3418 2993 possessiva
3464 2922 3809 2993 νεωτερικός,

2213 3012 2485 3081 juvenilis.
2527 3011 2867 3067 Glossarium
2898 3012 3371 3069 Graeco-Latinum
3405 3032 3419 3068 -.
3462 3013 3810 3085 νεοηερικός,

2212 3103 2462 3178 juvenilis
2498 3123 2520 3158 δ
2571 3104 3070 3173 Latino-Graecum,
3115 3106 3387 3175 juvenilis,
3442 3104 3809 3177 νεωτερικός;

540 3168 943 3235 introductam;
980 3168 1096 3223 ﬁeri
1128 3169 1276 3224 enim
1307 3171 1575 3239 potuisse,
1613 3181 1673 3227 ut
1702 3171 1893 3243 lgnatii
1922 3175 2117 3233 simius

2218 3168 2464 3267 juvenile,
2503 3199 2842 3270 νεωτερικόν.
2896 3168 3238 3271 Νεωτερίκός
3268 3168 3434 3271 igitur
3478 3214 3510 3254 a
3558 3168 3813 3269 θεωτερος

538 3271 844 3362 ωενιγτειιι-
880 3262 1059 3362 ipsi"?
1116 3274 1570 3362 περςῖεεθηιπίῗξν
1624 3266 1695 3362 afl
1734 3282 1855 3362 ea“?
1900 3276 2118 3362 ἓιπθω
2149 3262 2189 3272 *
2212 3262 2504 3360 juvenilis,
2546 3262 2879 3345 non-rerum
2918 3308 3172 3345 novarum
3212 3292 3457 3361 cupidus,
3487 3291 3581 3362 qui
3622 3290 3812 3345 Graece

538 3370 649 3427 qua
680 3356 918 3425 lgnatius
943 3356 1101 3422 vixit,
1132 3366 1186 3410 et
1214 3356 1413 3413 Damas
1441 3359 1622 3414 adhuc
1654 3359 1874 3430 juvenis
1901 3360 2118 3433 Magne-

2222 3384 2633 3454 νεωτεριστικός
2687 3383 2908 3449 dicitur,
2951 3399 2983 3439 a
3018 3386 3187 3439 verbo
3236 3384 3601 3455 νεωτερίζειν.
3652 3382 3813 3440 Unde

539 3451 753 3505 siorum
788 3449 1080 3520 episcopus
1126 3449 1262 3517 fuit,
1315 3452 1634 3522 respiceret,
1667 3467 1861 3510 omnes
1893 3455 2117 3511 vident:

539 3544 686 3599 unde
720 3544 967 3614 sequitur
999 3559 1123 3598 eam
1167 3545 1439 3600 novellam
1489 3546 1893 3602 institutionem
1941 3549 2119 3618 primo

538 3637 739 3692 saeculo
768 3636 1039 3693 introduci
1067 3638 1333 3707 potuisse.
1364 3639 1430 3693 Et
1452 3654 1640 3695 revera
1672 3641 2120 3696 constitutionem

537 3728 883 3784 auctoritatis
932 3728 1263 3798 episcopalis
1294 3729 1363 3786 ad
1392 3746 1595 3804 annum
1627 3730 1735 3786 150
1762 3741 1888 3801 post
1909 3730 2118 3789 Christi

536 3823 1018 3889 resurrectionem,
1066 3824 1170 3877 hoc
1214 3834 1318 3888 est,
1368 3825 1437 3879 ad
1479 3825 1723 3895 vulgaris
1764 3841 1886 3880 aera:
1913 3842 2120 3881 annum

538 3915 645 3968 185
682 3913 909 3981 referre,
940 3931 1007 3970 ex
1036 3925 1193 3970 astate
1240 3917 1578 3987 impostoris,
1608 3920 1678 3976 ab
1707 3921 1859 3991 omni
1906 3922 2121 3977 ratione

537 4005 779 4059 alienum
824 4017 945 4073 est,
990 4022 1115 4061 cum
1166 4008 1241 4061 illi
1287 4010 1380 4079 qui
1426 4027 1553 4067 eum
1597 4014 1955 4083 impostorem
1999 4031 2122 4071 esse

535 4100 749 4167 volunt,
784 4099 853 4156 de
892 4098 1011 4171 ejus
1054 4108 1213 4156 attate
1255 4106 1549 4160 convenire
1594 4122 1877 4176 nunquam
1924 4118 2120 4178 potue-

535 4196 668 4249 rint.
712 4194 873 4249 Circa
914 4194 1156 4250 medium
1202 4198 1427 4252 secundi
1476 4200 1661 4255 saeculi
1716 4200 2005 4270 epistolam
2053 4202 2124 4257 ad

536 4285 845 4357 Magnesios
875 4286 1136 4357 scriptam
1166 4287 1339 4343 fuisse
1375 4292 1547 4346 sensit
1574 4291 1927 4361 Albertinus;
1960 4295 2123 4364 paulo

535 4380 813 4451 posterius
867 4379 1007 4435 forte
1035 4378 1361 4436 Salmasius.
1417 4381 1491 4436 At.
1532 4383 1579 4438 si
1619 4385 1832 4439 novella
1873 4401 1940 4441 eo
1980 4396 2122 4442 tem-

2220 3473 2364 3529 inter
2391 3474 2589 3529 vitiosa
2625 3483 2681 3529 et
2721 3475 3079 3544 vituperanda
3111 3475 3348 3529 oratoris
3389 3484 3485 3529 aut
3521 3476 3811 3547 demagogi

2219 3566 2458 3636 epitheta
2486 3568 2601 3622 haec
2629 3576 3025 3622 enumerantur
3052 3583 3083 3622 a
3130 3566 3278 3624 Julio
3332 3567 3578 3635 Polluce,
3626 3586 3812 3641 παρα-

2219 3658 2459 3730 τρέπων,
2485 3658 2839 3731 νεωτερίζων,
2864 3661 3244 3731 νεωτεριστὴς,
3275 3661 3701 3733 νεωτεριστικὸς.
3726 3659 3810 3714 E0

2221 3752 2389 3822 igitur
2442 3752 2588 3820 loco,
2618 3752 2712 3807 ubi
2767 3754 2873 3807 hoc
2919 3751 3206 3806 Timotheo
3256 3750 3551 3822 Apostolus
3601 3767 3810 3821 praece-

2222 3852 2378 3913 ptum
2395 3842 2489 3897 dat
2524 3861 2537 3895 :
2568 3842 2680 3905 Τὰς
2703 3842 2761 3895 δὲ
2782 3841 3113 3915 νεωτερικὰς
3144 3842 3438 3913 ἐπιθυμίας
3459 3842 3645 3912 φεῦγε,
3670 3860 3807 3895 νεω-

2219 3935 2441 4010 τερικὰς
2490 3935 2783 4007 ἐπιθυμίας
2828 3951 2939 3990 non
2988 3952 3167 4002 novas,
3194 3936 3287 3991 sed
3313 3936 3573 4005 juveniles
3601 3936 3811 4004 cupidi-

2224 4040 2356 4084 tates
2404 4030 2558 4085 reddi
2604 4029 2837 4097 debere,
2897 4029 3157 4085 omnibus
3218 4039 3365 4084 recte
3410 4030 3808 4100 interpretandi

2222 4123 2525 4177 rationibus
2547 4122 2925 4192 probabimus.
2953 4119 3090 4175 Nam
3119 4120 3320 4191 primo,
3336 4122 3453 4177 sive
3480 4138 3596 4177 rem
3627 4124 3806 4192 ipsam

2223 4229 2347 4283 qua
2372 4222 2587 4269 velatur
2615 4223 2854 4283 spectes,
2885 4213 2999 4269 sive
3031 4227 3326 4283 personam
3356 4215 3443 4270 cui
3474 4227 3807 4287 praeceptum

2228 4306 2391 4360 datur
2416 4304 2708 4374 respicias,
2734 4305 2954 4375 utrique
2984 4306 3099 4361 haec
3129 4306 3505 4376 interpretatio
3534 4308 3807 4376 imprimis

2225 4398 2498 4454 convenit.
2514 4396 2653 4453 Nam
2673 4397 2850 4468 reipsa
2878 4396 3187 4469 ἐπιθυμίαι,
3205 4400 3320 4453 sive
3334 4398 3672 4469 cupiditates,
3690 4399 3809 4454 sive

536 4487 670 4544 pore
700 4472 972 4528 institutio
997 4471 1124 4539 fuit,
1158 4473 1429 4530 institutio
1455 4485 1638 4531 tamen
1665 4475 1790 4540 fuit,
1822 4486 1878 4533 et
1900 4477 2118 4547 quidem

2225 4492 2495 4560 libidines,
2515 4492 2629 4547 sive
2650 4492 2931 4561 desideria,
2955 4494 3067 4548 sive
3082 4494 3354 4563 appetitus.
3368 4495 3449 4551 vel
3478 4497 3806 4565 appetentius

536 4574 663 4620 ante
692 4564 833 4621 Πιυά
861 4573 1074 4634 tamplis
1096 4564 1270 4632 facta;
1304 4567 1581 4637 (ιιιοιηοάο
1612 4568 1779 4638 ἱείιυτ
1807 4569 1916 4624 δῖοί
1946 4571 2123 4639 Dom“-
2149 4566 2198 4627 υ
2222 4594 2435 4638 vertere
2476 4583 2707 4653 placeat,
2739 4584 2808 4639 ab
2854 4585 3110 4641 omnibus
3138 4600 3356 4655 semper
3396 4564 3628 4657 juvenili
3655 4589 3807 4647 aetati

535 4658 654 4712 haec
686 4658 1005 4713 constitutio
1044 4668 1169 4728 post
1195 4674 1401 4714 annum
1445 4659 1585 4715 facta
1611 4661 1759 4716 l82?
1799 4661 2114 4720 Blondellus

534 4749 777 4820 lgnatius
827 4750 1215 4823 ὑποϐολιμαῖον
1255 4761 1379 4821 post
1424 4753 1717 4810 Clementis
1760 4756 2114 4814 Alexandrini

533 4842 768 4908 obitum,
796 4842 901 4898 hoc
926 4849 1030 4908 est,
1062 4851 1189 4912 post
1207 4842 1425 4898 initium
1453 4845 1597 4899 tertii
1624 4847 1805 4901 saeculi
1823 4864 1837 4912 ;
1856 4846 2110 4917 Dallaeus,

526 4942 623 4989 aut
647 4934 795 4989 circa
819 4934 980 4988 linem
1004 4934 1282 5001 tertii,aut
1311 4934 1528 4990 initium
1556 4937 1759 5006 quarti;
1787 4938 2111 5006 Bochartus,

526 5026 630 5081 sub
664 5024 895 5095 imperio
920 5024 1290 5090 Constantini,
1344 5027 1631 5097 scripsisse
1674 5031 1897 5097 statuit;
1951 5047 2117 5087 nemo

524 5125 717 5173 autem
774 5133 944 5173 sanus
994 5119 1222 5185 diceret,
1279 5135 1344 5175 ea
1389 5131 1548 5177 aetate
1588 5122 1961 5193 episcopatum
2014 5140 2113 5179 no-

524 5208 608 5262 vel
623 5208 733 5263 lam
763 5209 1166 5265 institutionem
1198 5209 1393 5267 fuisse.

604 5298 713 5356 Sed
739 5309 993 5357 neutrum
1013 5303 1418 5359 concedendum
1440 5313 1553 5361 est:
1578 5321 1689 5361 non
1706 5308 1967 5378 primum,
1983 5310 2113 5380 quia

534 5404 728 5449 auctor
746 5394 991 5464 epistolae
1014 5397 1081 5450 ad
1106 5396 1434 5466 Magnesios,
1466 5407 1523 5453 ut
1550 5408 1607 5453 et
1631 5415 1728 5455 sex
1756 5401 2111 5471 reliquarum,

531 5498 649 5539 non
675 5484 962 5555 impostor,
999 5488 1097 5543 sed
1127 5504 1290 5547 verus
1332 5488 1596 5561 lgnatius,
1651 5493 1954 5550 Antiochia:
1992 5496 2113 5565 epi-

533 5592 731 5647 scopus
765 5577 888 5646 fuit,
930 5588 993 5633 ut
1017 5589 1131 5635 toto
1179 5582 1283 5637 hoc
1319 5599 1485 5653 opere
1523 5585 1810 5653 probatum
1851 5596 1969 5655 est;
2002 5604 2113 5643 non

532 5669 858 5734 secundum,
885 5671 1014 5740 quia
1064 5674 1296 5743 scriptor
1329 5675 1438 5742 ille,
1466 5676 1718 5746 quisquis
1751 5678 1875 5746 fuit,
1899 5680 2115 5749 episco-

532 5767 720 5829 patum
772 5764 1041 5819 novellam
1094 5766 1496 5823 institutionem
1547 5786 1829 5841 nunquam
1869 5774 2108 5828 vocavit.

532 5849 628 5907 llla
647 5852 795 5911 enim
823 5870 925 5913 vox
959 5860 1256 5929 νεωτερική
1277 5875 1386 5917 non
1417 5861 1708 5919 novitatem
1737 5864 2110 5936 episcopatus,

2215 4676 2489 4746 prmcipue
2554 4676 2758 4731 tributa
2804 4686 2958 4733 sunt.
3008 4679 3353 4748 Aristoteles,
3397 4679 3807 4737 Rhetorieorum

2216 4770 2308 4825 lib.
2344 4785 2405 4836 tt,
2434 4785 2555 4840 cap.
2598 4771 2660 4824 ll
2710 4788 2724 4825 :
2765 4772 2829 4824 Οί
2873 4772 2973 4843 μὲν
3005 4768 3098 4826 οὖν
3137 4772 3246 4826 νέοι
3271 4774 3339 4827 τὰ
3378 4774 3475 4845 ἔθη
3505 4776 3644 4830 εἰσὶν
3678 4778 3805 4830 em-

2216 4859 2623 4931 θυμητικοί.Αο
2652 4878 2846 4917 rursus
2876 4862 3280 4933 εΕὑμετάϐολοι
3311 4864 3369 4916 δὲ
3416 4865 3511 4919 καὶ
3549 4865 3807 4939 ἁψίκοροι

2215 4952 2354 5024 πρὸς
2377 4951 2690 5023 ἐπιθυμίας.
2726 4953 2895 5019 idem,
2916 4952 3232 5024 Topicorum
3249 4955 3347 5011 lib.
3371 4970 3457 5023 tu,
3479 4971 3529 5011 c.
3558 4956 3595 5009 2
3619 4975 3632 5010 :
3659 4957 3806 5011 Μᾶλ-

2214 5038 2303 5094 λον
2326 5040 2436 5113 γὰρ
2465 5042 2516 5093 οἱ
2548 5042 2657 5096 νέοι
2688 5041 2797 5094 τῶν
2822 5042 3205 5115 πρεσϐυτέρων
3232 5044 3337 5097 ὑπὸ
3367 5044 3475 5099 τῶν
3498 5046 3805 5117 ἐπιθυμιῶν

2214 5130 2575 5199 ἐνοχλοῦνται.
2600 5130 2728 5187 Inde
2754 5132 2931 5187 Varro
2962 5134 3017 5187 in
3072 5133 3307 5190 Tithono
3343 5136 3486 5208 apud
3526 5136 3801 5193 Nonium:

2216 5218 2389 5285 Quam
2407 5222 3054 5295 dereliquitmulticupida
3092 5226 3424 5296 juvenilitas.
3452 5228 3510 5283 S.
3533 5228 3799 5286 Basilius:

2214 5312 2429 5382 Κοῦφον
2457 5316 2490 5384 ἡ
2524 5315 2711 5387 νεότης
2744 5318 2836 5370 καὶ
2860 5318 3139 5389 εὐκίνητον
3165 5319 3301 5391 πρὸς
3331 5320 3401 5374 τὰ
3443 5321 3644 5391 φαῦλα,
3680 5323 3804 5375 sm-

2216 5402 2403 5474 θυμίαι
2440 5406 2815 5471 δυσκάθεκτοι,
2853 5409 3000 5475 Quas
3047 5411 3223 5483 ὁρμὰς
3253 5412 3653 5477 δυσκαθέκτους
3704 5430 3801 5484 ap-

2207 5493 2427 5565 pellavit
2450 5492 2607 5548 Philo
2633 5493 2876 5553 Iudaeus.
2899 5498 2955 5554 S.
2976 5501 3586 5576 Chrysostomus,upo;
3617 5511 3789 5576 θυμὸν

2208 5587 2305 5642 καὶ
2337 5587 2475 5658 πρὸς
2499 5586 2795 5659 ἐπιθυμίας
2820 5592 3169 5665 εὐέμπτωτος
3193 5596 3392 5668 μᾶλλόν
3421 5598 3565 5657 ἐστιν
3587 5601 3615 5652 ὁ
3643 5600 3783 5663 νέος.

2209 5679 2345 5747 Quis
2370 5680 2535 5751 igitur
2557 5698 2682 5737 cum
2706 5685 3001 5757 ἐπιθυμίας
3020 5690 3218 5746 vetitas
3247 5700 3457 5761 cernat,
3485 5691 3663 5761 iisque
3691 5707 3785 5746 vo-

2215 5788 2332 5828 cem
2364 5774 2694 5847 νεωτερικὰς
2736 5778 3047 5848 adjunctam
3084 5781 3499 5847 animadvertat,
3536 5796 3647 5834 non
3684 5787 3799 5833 sta-

2217 5869 2313 5925 tim
2343 5884 2437 5926 eas
2461 5870 2715 5943 iuveniles
2746 5887 2869 5931 esse
2892 5872 3189 5945 iudicabit?
3223 5873 3320 5933 Est
3347 5875 3492 5933 enim
3536 5889 3791 5947 νεωτερι-
