4136 6408
341 417 408 469 4i
1065 413 1115 468 Ι.
1154 405 1523 465 PEARSONII
1550 404 1877 465 VlNDlClE
1918 405 2348 462 lCNATlANzE.
2390 438 2455 447 —-
2495 403 2917 461 PROCEMIUM.
3560 398 3630 453 4⁸3

342 537 444 598 κός
498 549 605 586 vox
665 529 1003 602 possessiva,
1033 537 1096 582 ut
1136 522 1479 598 grammatici
1536 524 1860 594 loquuntur,
1888 527 1943 573 et
1979 526 2018 578 Α
2050 517 2196 593 fuge.
2227 519 2495 573 Juvenilia
2530 518 2796 572 desideria
2833 527 2882 572 et
2914 516 2970 570 in
3009 516 3220 570 senibus
3249 532 3359 569 esse
3388 528 3631 584 possunt,

342 629 527 683 forma
554 636 610 679 et
643 622 1066 695 signiﬁcatione.
1104 621 1315 673 Ἐκεῖνα
1345 619 1404 673 δέ
1425 618 1544 671 ἐστι
1571 616 1651 688 τῷ
1666 615 1825 686 τύπῳ
1853 614 1946 667 καὶ

336 720 425 791 τῷ
466 717 857 790 σημαινομένῳ
898 713 1157 785 κτητικὰ,
1190 714 1290 767 ὃσα
1339 713 1420 776 είς
1462 712 1565 784 τὴν
1597 709 1817 782 γενικὴν
1850 709 1945 763 τοῦ

341 812 715 887 πρωτοτύπου
745 808 1090 873 ἀναλύονται,
1119 808 1297 877 inquit
1328 807 1693 878 etymologus.
1729 806 1945 860 Νεωτε-

340 906 505 979 ρικός
537 914 721 959 autem
754 902 1051 958 resolvitur
1094 915 1149 955 tn
1206 908 1505 971 genitivum
1565 904 1686 969 ejus
1730 914 1881 953 vocis
1914 912 1943 951 a

337 1014 456 1069 qua
499 998 773 1068 originem
822 994 1001 1058 duxit,
1033 1002 1096 1048 ut
1126 994 1268 1049 idem
1314 993 1385 1047 sit
1411 990 1764 1064 νεωτερικὰς,
1797 991 1946 1060 quod

336 1090 636 1161 νεωτέρων
688 1086 1004 1158 ἐπιθυμίας.
1036 1094 1158 1141 .lam
1208 1101 1336 1141 vero
1378 1100 1636 1155 persona,
1678 1083 1769 1137 cui
1814 1097 1949 1152 prae-

337 1190 571 1252 ceptum
596 1182 704 1237 hoc
727 1182 917 1236 datum
951 1189 1037 1237 est
1054 1180 1274 1250 juvenis
1305 1176 1429 1233 fuit.
1462 1176 1599 1233 Nam
1634 1176 1654 1229 l
1692 1174 1942 1259 Timziv,

340 1274 460 1328 ηε
500 1274 710 1345 Μηδείς
742 1290 839 1326 σου
872 1272 975 1344 τῆς
1022 1272 1276 1343 νεότητος
1314 1269 1744 1343 καταφρονείτω.
1775 1266 1945 1323 Nemo

339 1367 768 1421 adolescentiam
823 1372 975 1419 tuam
1038 1373 1361 1425 contemnat.
1407 1364 1516 1429 vel,
1561 1373 1621 1419 ut
1668 1360 1947 1416 antiauior

340 1459 643 1517 translatio
664 1459 811 1527 apud
825 1457 1322 1523 Ambrosiastrum,
1332 1452 1945 1527 juventutem.Secunda

340 1559 537 1604 autem
568 1549 815 1620 Epistola
846 1550 1105 1621 proximo
1138 1558 1261 1619 post
1283 1548 1519 1618 primam
1550 1561 1697 1602 anno
1738 1546 1945 1615 scripta

335 1656 429 1700 est
466 1664 481 1699 :
519 1645 703 1700 adhuc
729 1644 897 1715 igitur
928 1643 1251 1698 Timotheus
1273 1641 1494 1712 juvenis
1528 1640 1651 1695 fuit.
1678 1638 1943 1695 Juvenem

335 1739 520 1808 igitur
575 1737 877 1808 Apostolus
924 1743 1136 1801 monet,
1189 1743 1252 1790 ut
1299 1732 1595 1805 ἐπιθυμίας
1623 1731 1819 1803 fugiat,
1849 1746 1945 1789 eas

335 1831 685 1903 νεωτερικὰς
725 1829 1017 1899 indigitat;
1051 1829 1172 1883 sine
1210 1828 1402 1891 dubio,
1427 1841 1645 1897 nempe,
1674 1825 1944 1895 juveniles

336 1924 640 1981 intellexit.
694 1923 975 1988 Secundo,
1030 1922 1180 1977 hunc
1236 1936 1361 1977 esse
1408 1921 1609 1976 horum
1642 1918 1941 1975 verborum

337 2031 573 2072 sensum
602 2015 778 2086 liquet
802 2029 871 2069 ex
904 2012 1163 2068 omnibus
1191 2020 1437 2066 veterum
1466 2008 1939 2064 translationibus.

344 2108 523 2165 Vetus
551 2109 823 2178 interpres
867 2106 1121 2173 Latinus,
1152 2104 1427 2159 Juvenilia
1463 2115 1648 2159 autem
1672 2102 1943 2157 desideria

338 2201 488 2273 fuge,
516 2201 725 2271 aliique
752 2214 825 2256 eo
862 2200 1205 2270 antiquiores
1252 2196 1458 2253 Latini.
1485 2194 1778 2262 Quomodo
1817 2193 1942 2266 Syri

335 2293 676 2364 Apostolum
733 2292 1126 2355 intellexerint,
1168 2289 1310 2345 inter
1361 2303 1503 2359 quos
1554 2296 1806 2343 versatus
1858 2294 1944 2342 est

339 2386 404 2441 S.
433 2385 705 2457 lgnatius,
730 2401 843 2440 non
872 2385 1072 2439 melius
1100 2383 1448 2453 intelligitur,
1480 2397 1647 2452 quam
1671 2396 1737 2436 ex
1771 2377 1942 2435 veteri

341 2479 605 2534 versione
632 2478 884 2560 Syriaca,
912 2492 1037 2546 quae
1071 2476 1152 2531 sic
1196 2475 1311 2560 haec
1361 2474 1529 2529 verba
1581 2472 1831 2539 reddidit,
1869 2480 1945 2560 τε

552 2554 803 2633 sxw’na‘t
866 2575 1066 2631 »πη-τ
1118 2551 1281 2656 ιιι-τιτι
1337 2566 1416 2621 Ab
1489 2566 1733 2621 omnibus
1786 2551 1941 2636 cupi-

337 2655 609 2719 ditatibus
666 2662 1040 2717 adolescentia:
1088 2655 1229 2731 fuge.
1287 2655 1430 2713 Sunt
1498 2658 1681 2726 enim,
1740 2667 1945 2722 κηλῇ-ι

338 2740 593 2819 summa
640 2756 875 2827 ὀρέξεις,
938 2755 1024 2810 vel
1076 2753 1360 2825 ἐπιθυμίαι
1426 2754 1527 2825 τῆς
1576 2752 1848 2827 νεότητος,
1884 2762 1945 2810 ιιι

341 2851 539 2905 Matth.
610 2865 730 2916 xix,
791 2847 910 2902 20:
964 2830 1249 2918 ’πώποτε
1287 2848 1354 2900 ὲκ
1402 2845 1656 2917 νεότητός
1709 2863 1834 2917 μου,
1887 2855 1943 2902 et

340 2943 548 2998 lTim.
606 2958 685 3009 iv,
719 2940 834 2995 ηε
890 2922 1103 3023 τινῆιο
1272 2948 1427 2999 una:
1488 2948 1611 2999 iam
1679 2922 1776 2998 κιγι
1839 2957 1945 3011 μη·

336 3037 452 3100 δείς
496 3052 594 3088 σου
632 3034 734 3105 τῆς
764 3032 1017 3103 νεότητος
1054 3030 1483 3102 καταφρονείτω.
1525 3030 1605 3086 Ita
1652 3033 1945 3104 utrobique

335 3131 687 3200 juventutem
747 3124 1023 3180 Timothei
1077 3124 1377 3195 respiciens
1440 3124 1689 3180 eamdem
1749 3141 1941 3182 vocem

2048 613 2095 666 si
2120 614 2230 667 lucc
2284 620 2468 682 agant,
2524 626 2642 680 quis
2695 609 2949 679 gravitati
2996 625 3100 662 non
3135 611 3442 665 conveniant
3472 614 3631 667 Cliti-

2048 708 2239 761 stiana:
2260 721 2277 757 :
2301 716 2348 756 st
2378 722 2411 758 a
2428 705 2710 774 juvenibus
2740 706 2879 758 vinci
2903 715 3145 774 possunt,
3178 706 3224 759 si
3251 717 3467 761 cat-eant
3501 708 3599 762 levi
3617 740 3632 749 -

2050 808 2233 853 tatem.
2285 797 2575 853 Sedulius:
2605 795 2876 852 Juvenilia
2932 798 3203 855 desideria
3264 800 3411 872 fuge,
3452 802 3509 856 id
3554 810 3632 856 est

2049 893 2489 961 fornicationem;
2516 908 2681 961 quam
2704 908 2817 947 rem
2844 909 3041 947 novam
3068 910 3193 949 esse
3226 911 3389 951 nemo
3411 897 3629 952 dixerit.

2047 984 2279 1051 Quarto,
2309 994 2517 1039 veteres
2546 984 2803 1041 Ecrlesim
2829 987 3127 1058 scriptores
3155 990 3455 1044 secundum
3487 992 3634 1045 hunc

2047 1076 2340 1132 Paulinum
2374 1092 2596 1131 sensum
2630 1094 2816 1133 vocem
2845 1080 3170 1151 νεωτερικός
3191 1083 3551 1150 usurpabant.
3574 1094 3634 1138 ut

2047 1167 2341 1236 Eusebius,
2389 1170 2530 1223 libro
2583 1170 2657 1224 De
2693 1171 3018 1242 martyribus
3070 1174 3401 1243 Palwstinw,
3428 1192 3548 1246 cap.
3574 1178 3630 1239 4,

2049 1263 2142 1317 ubi
2203 1263 2464 1318 describit
2517 1262 2879 1319 fortissimum
2934 1273 3229 1337 martyrem
3280 1267 3629 1337 Apphianuui

2047 1354 2293 1409 nondum
2334 1355 2526 1425 viginti
2571 1370 2747 1410 annos
2794 1366 3008 1419 natum,
3038 1358 3135 1427 qui
3177 1357 3358 1429 Beryti
3385 1360 3628 1414 vixerat:

2045 1447 2356 1519 Παράδοξον
2388 1449 2484 1502 καὶ
2514 1450 2688 1501 εἰπεῖν
2729 1449 2806 1512 ὡς
2835 1451 2893 1502 ὲν
2921 1448 3148 1523 τοιαύτῃ
3176 1451 3329 1504 πόλει
3364 1451 3472 1505 τῶν
3500 1470 3633 1505 νεω-

2045 1540 2279 1612 τερικῶν
2310 1540 2617 1612 ἐπιθυμιῶν
2648 1542 2904 1613 ὑπεράνω
2936 1544 3247 1613 γενόμενος,
3271 1545 3365 1599 καὶ
3394 1545 3519 1617 μήθ’
3538 1546 3632 1599 ὑπ’

2045 1630 2231 1703 ἀκμῆς
2271 1630 2369 1685 τοῦ
2405 1632 2677 1703 σώματος.
2724 1632 2852 1704 μήθ’
2881 1633 2989 1686 ὑπὸ
3031 1635 3131 1705 τῆς
3173 1635 3282 1689 τῶν
3314 1637 3449 1690 νέων
3482 1639 3631 1691 ἑται-

2049 1724 2199 1795 ρείας
2223 1723 2537 1797 διαφθαρεὶς
2563 1724 2661 1778 τὸν
2692 1725 2913 1797 τρόπον,
2946 1727 3299 1798 σωφροσύνην
3333 1730 3629 1799 ἠσπάζετο.

2048 1816 2368 1872 Incredibile
2412 1817 2560 1870 dictu
2600 1826 2700 1875 est.
2733 1833 2836 1889 quo
2877 1829 3032 1888 pacto
3064 1820 3119 1873 in
3142 1820 3241 1873 tali
3262 1822 3479 1877 civitate
3506 1826 3634 1878 ado-

1975 1879 2018 1934 Β
2045 1906 2308 1962 ίεεεειιιίιε
2327 1907 2715 1978 cupiditatibus
2743 1909 3007 1977 superior,
3050 1926 3142 1963 nec
3175 1912 3350 1982 vigore
3370 1916 3630 1983 corporis,

2046 2018 2138 2055 nec
2175 2002 2429 2070 juvenum
2470 2004 2724 2057 sodalitio
2761 2020 2932 2058 mores
2971 2021 3094 2059 suos
3119 2008 3385 2076 corrumpi
3412 2025 3624 2078 passus.

2044 2095 2359 2149 modestiam
2415 2096 2750 2165 amplexatus
2807 2110 2906 2154 est.
2973 2100 3031 2155 S.
3074 2101 3505 2171 Chrysostomus
3563 2104 3632 2157 ile

2046 2187 2228 2256 seipso
2256 2188 2437 2244 adhuc
2459 2189 2687 2259 juvene,
2719 2193 2970 2247 oratione
2995 2193 3074 2249 De
3096 2197 3393 2249 sacerdotio
3417 2198 3627 2267 prima:

2059 2280 2308 2334 Ἐπειδὰν
2359 2281 2417 2335 δὲ
2464 2282 2569 2337 ἔδει
2612 2283 2705 2337 τὸν
2753 2285 3025 2356 μακάριον
3075 2287 3166 2340 τὸν
3209 2288 3319 2341 τῶν
3381 2290 3631 2360 μοναχῶν

2049 2374 2404 2446 μεταδιώκειν
2432 2376 2567 2448 βίον,
2590 2381 2686 2433 καὶ
2710 2380 2809 2449 τὴν
2830 2380 3147 2450 φιλοσοφίαν
3179 2382 3277 2453 τὴν
3304 2382 3503 2455 ἀληθῆ,
3535 2385 3633 2438 καὶ

2044 2471 2146 2525 οὐκ
2173 2471 2253 2525 ἔτι
2274 2472 2407 2543 ἡμῖν
2429 2472 2459 2525 6
2489 2472 2653 2540 ζυγὸς
2680 2468 2837 2537 οὗτος
2880 2474 2994 2539 ίσος
3024 2470 3112 2546 ἦν,
3130 2475 3248 2529 ἀλλ’
3272 2478 3304 2546 ἡ
3340 2476 3439 2547 μὲν
3465 2478 3631 2532 αὐτοῦ

2046 2562 2316 2634 πλάστιγξ
2364 2566 2681 2635 ὲκουφίζετο
2732 2566 3023 2638 μετέωρος,
3059 2564 3172 2635 ἐγὼ
3209 2567 3252 2621 δ’
3277 2568 3359 2622 ἔτι
3388 2572 3508 2634 ταῖς
3535 2570 3631 2623 τοῦ

2046 2657 2253 2729 κόσμου
2268 2657 2471 2729 πεπεδη
2481 2658 2639 2730 μένος
2657 2658 2972 2729 ἐπιθυμίαις
2986 2659 3271 2715 καθεῖλκον
3279 2661 3379 2734 τὴν
3392 2663 3631 2733 ἐμαυτοῦ

2045 2749 2243 2826 ψυχὴν,
2297 2753 2391 2806 καὶ
2452 2751 2752 2825 ὲὸιαζὸμην
2815 2753 2968 2808 κάτω
3038 2753 3220 2825 μένειν
3281 2758 3632 2826 νεωτερικαῖς

2044 2846 2216 2917 αὐτὴν
2248 2844 2548 2917 ἐπιϐρίθων
2591 2846 2937 2916 φαντασίαις.
2969 2847 3104 2904 Cum
3146 2856 3323 2903 autem
3369 2858 3629 2917 oporteret

2047 2937 2258 2991 beatam
2287 2937 2639 2993 monasticam
2665 2939 2830 2994 vitam
2859 2942 3123 3012 persequi,
3151 2958 3429 3012 veramque
3458 2940 3633 3011 philo-

2046 3031 2308 3100 sophiam,
2342 3048 2435 3087 nec
2475 3030 2596 3100 jam
2636 3032 2788 3086 nobis
2811 3048 2911 3101 par
2935 3042 3137 3087 statera
3161 3043 3317 3099 esset,
3346 3034 3439 3088 sed
3481 3035 3631 3090 illius

2046 3124 2198 3192 lant,
2224 3134 2405 3196 utpote
2427 3127 2611 3194 levior,
2663 3124 2905 3181 sublimis
2937 3127 3186 3197 ferretur,
3211 3144 3305 3199 ego
3328 3143 3448 3184 vero
3478 3145 3631 3183 mun-

339 3220 658 3290 usurpavit.
706 3216 827 3273 Non
888 3217 1047 3272 aliter
1096 3217 1279 3272 versio
1316 3216 1576 3283 Arabica,
1628 3225 1686 3272 et
1724 3214 1945 3274 Ethio-
1970 3232 2013 3291 ο
2045 3219 2202 3274 donis
2228 3220 2611 3290 cupiditatibus
2638 3221 3135 3291 impeditus,meam
3158 3222 3361 3276 lancem
3383 3222 3630 3279 deorsum

342 3314 489 3383 pica.
548 3310 755 3375 Tertio,
806 3320 1020 3365 veteres
1045 3322 1238 3364 omnes
1280 3317 1395 3364 tum
1426 3307 1598 3364 Graeci
1623 3318 1739 3364 tum
1762 3309 1943 3366 Latini

340 3406 541 3460 autem
574 3403 743 3458 modo
776 3403 923 3457 hunc
952 3401 1136 3457 locum
1170 3402 1511 3472 interpretati
1537 3410 1687 3457 sunt.
1708 3403 1944 3458 Ambro-

342 3498 568 3561 siaster,
592 3496 687 3566 qui
713 3495 819 3549 sub
845 3493 1084 3550 Damaso
1110 3492 1333 3563 scripsit
1360 3510 1374 3547 :
1401 3490 1676 3549 Juvenilia
1707 3503 1766 3549 tu
1800 3494 1947 3551 desi-

340 3589 500 3643 deria
549 3585 998 3657 lugeJuvenilia
1047 3584 1315 3641 desideria
1353 3583 1579 3639 adversa
1610 3594 1735 3640 sunt
1772 3602 1791 3641 :
1820 3597 1944 3642 sunt

339 3685 488 3737 enim
533 3682 831 3750 voluptates
890 3681 1200 3745 mundanar,
1231 3699 1351 3752 qua:
1399 3682 1645 3738 omnibus
1683 3682 1943 3738 illecebris

340 3778 669 3843 mancipati:
725 3786 870 3843 sunt,
905 3793 969 3830 ac
1015 3792 1108 3845 per
1149 3778 1243 3829 hoc
1277 3793 1311 3830 a
1349 3775 1445 3830 Dei
1486 3793 1633 3832 servo
1680 3777 1946 3848 fugienda:

340 3882 491 3924 sunt.
550 3868 776 3924 Sectare
821 3884 954 3925 vero
1016 3869 1311 3941 justitiam,
1364 3869 1943 3938 ﬁdem,charilatem,

345 3979 564 4034 pacem.
596 3961 729 4017 Ha'c
760 3963 1017 4017 sectanda
1040 3962 1213 4033 jubet,
1244 3980 1363 4034 qua:
1379 3962 1605 4033 juvenili
1627 3964 1780 4019 tutati
1797 3963 1946 4019 devia

343 4057 599 4110 videntur
618 4064 668 4109 et
690 4072 899 4124 aspera.
925 4054 983 4109 S.
1006 4054 1435 4127 Chrysostomus
1462 4056 1528 4111 ad
1558 4055 1737 4111 locum
1763 4073 1777 4110 :
1803 4055 1948 4109 Νεω-

343 4150 568 4221 τερικαὶ
595 4149 694 4218 οὐχ
737 4143 897 4201 αὗταί
924 4149 1062 4201 εἰσιν
1093 4148 1153 4201 αί
1188 4148 1289 4219 τῆς
1314 4147 1571 4220 πορνείας
1603 4148 1783 4219 μόνον,
1812 4147 1949 4201 ἀλλὰ

346 4245 503 4297 πᾶσα
557 4241 825 4311 ἐπιθυμία
888 4240 1092 4304 ἄτοπος
1138 4241 1468 4313 νεωτερικήσ
1503 4241 1851 4295 ὰκουέτωσαν
1896 4241 1948 4294 oi

344 4336 728 4407 γεγηρακότες
758 4336 835 4388 ὅτι
865 4334 931 4388 ού
970 4335 1053 4388 δεῖ
1076 4333 1147 4388 τὰ
1175 4333 1285 4387 τῶν
1313 4334 1594 4406 νεωτέρων
1625 4337 1819 4388 ποιεῖν.
1848 4334 1950 4389 Ju-

348 4429 551 4484 oeniles
594 4428 677 4483 ha
702 4428 1034 4498 cupiditates
1072 4443 1178 4481 non
1201 4426 1368 4480 solius
1400 4426 1773 4495 fornicationis
1799 4436 1945 4492 sunt,

348 4522 441 4577 sed
467 4521 647 4574 omnis
674 4520 942 4590 cupiditas
974 4517 1209 4573 absurda
1217 4518 1492 4588 juvenilis.
1514 4518 1753 4573 Audiant
1777 4535 1945 4583 senes,

348 4615 494 4684 quod
547 4629 655 4665 non
697 4589 937 4681 oporteat
977 4627 1041 4666 ea
1083 4612 1286 4681 facere,
1343 4628 1461 4682 qua:
1517 4621 1639 4665 sunt
1671 4612 1944 4681 juvenum.
1980 4589 2024 4644 D

352 4706 511 4762 lianc
550 4706 1061 4775 interpretationem
1086 4713 1394 4775 sequuntur
1424 4702 1865 4775 Theopliylactus
1897 4714 1948 4760 et

353 4800 757 4855 (Ecumenius.
804 4796 1077 4871 Pelagius,
1109 4807 1170 4853 ut
1198 4797 1431 4863 videtur,
1458 4799 1511 4851 in
1538 4796 1951 4854 Commentario

350 4895 458 4947 sub
480 4890 803 4961 Hieronymi
834 4890 1059 4945 nomine
1080 4889 1229 4945 edito
1257 4931 1268 4943 .
1300 4887 1572 4943 Juvenilia
1597 4898 1778 4945 autem
1803 4891 1951 4946 desi-

349 4987 511 5042 deria
559 4984 707 5053 fuge.
747 4984 886 5049 Quia
925 4982 979 5035 lii
1021 4997 1087 5036 ex
1120 4982 1418 5036 senioribus
1452 4997 1562 5035 esse
1589 4998 1692 5035 non
1707 4993 1948 5036 vossunt.

350 5082 399 5136 si
439 5081 554 5135 hac
604 5087 764 5148 agant
821 5092 937 5146 qua:
977 5076 1229 5146 gravitati
1273 5090 1375 5128 non
1421 5076 1733 5128 conveniunt
1793 5074 1952 5131 Chri-

351 5179 585 5238 stianae;
616 5181 665 5227 et
702 5190 735 5225 a
766 5169 1049 5240 juvenibus
1091 5170 1394 5230 vincuntur,
1432 5168 1478 5221 si
1508 5167 1734 5221 habeant
1765 5168 1961 5223 levitao.

355 5279 481 5321 tem.
519 5267 581 5321 Β.
613 5264 991 5320 'l'licodoretus
1016 5265 1071 5318 in
1098 5264 1507 5320 Commentario
1538 5284 1550 5318 :
1584 5264 1695 5328 Τὰς
1730 5265 1786 5318 δὲ
1820 5283 1952 5318 νεω-

353 5361 587 5432 τερικὰς
620 5360 941 5429 ἐπιθυμίας,
974 5360 1244 5421 τουτέστι,
1272 5360 1507 5430 τρυφὴν,
1542 5359 1775 5428 γέλωτος
1817 5360 1952 5429 ἀμε-

353 5454 539 5525 τρίαν,
572 5452 732 5519 δόξαν
765 5452 946 5522 κενὴν,
985 5452 1080 5506 καὶ
1117 5450 1187 5505 τὰ
1232 5451 1443 5513 τούτοις
1476 5452 1797 5522 προσόμοια.
1836 5451 1951 5504 Iloc

353 5557 457 5609 est,
516 5546 763 5611 delicias,
796 5547 965 5597 risum
1008 5544 1442 5607 immoderatum,
1477 5560 1667 5598 vanam
1701 5543 1949 5613 gloriam,

354 5648 407 5693 et
427 5654 551 5709 quae
571 5648 694 5691 sunt
722 5638 803 5690 liis
828 5636 1062 5701 similia;
1095 5652 1218 5706 quae
1239 5636 1458 5706 quidem
1490 5651 1598 5690 non
1632 5645 1760 5691 sunt
1786 5654 1950 5703 novw,

356 5739 455 5785 aut
491 5743 759 5784 novarum
787 5743 964 5781 rerum
994 5727 1345 5798 cupiditates,
1366 5727 1459 5783 sed
1486 5727 1747 5797 juvenilis
1776 5728 1953 5782 aetatis

356 5822 612 5881 comites.
668 5820 977 5876 Primasiiw
1034 5837 1050 5873 :
1106 5817 1373 5875 Juvenilia
1439 5829 1620 5876 autem
1683 5819 1952 5876 desideria

691 5985 952 6041 ιἈτιιοι.
1016 5979 1132 6039 Gn.
1178 5980 1247 6041 ν.

2047 3312 2329 3379 traherent,
2349 3321 2399 3367 et
2417 3313 2640 3384 inferius
2668 3330 2881 3368 manere
2902 3330 3158 3385 cogerem,
3171 3313 3495 3383 juvenilibus
3514 3333 3632 3372 eam

2046 3421 2343 3476 aggravans
2371 3407 2803 3478 cogitationibus.
2834 3407 2934 3464 Hic
2968 3411 3114 3465 enim
3138 3412 3345 3481 pariter
3378 3430 3631 3484 νεωτερι-

2045 3499 2152 3562 κὰς
2180 3499 2484 3568 φαντασίας
2509 3502 2814 3571 usurpavit,
2848 3518 2912 3558 ac
2936 3503 2990 3557 in
3018 3504 3364 3574 expositione
3413 3505 3515 3559 loci
3561 3505 3629 3559 ad

2047 3589 2419 3660 Timotheum,
2469 3594 2771 3663 φαντασίας
2818 3596 3151 3667 νεωτερικὰς
3201 3595 3391 3665 φεῦγε.
3423 3599 3632 3651 Auctor

2048 3682 2500 3739 Constitutionum
2530 3686 2985 3755 Apostolicarum,
3041 3687 3137 3741 lib.
3168 3703 3228 3751 ιι,
3258 3702 3308 3742 c.
3355 3688 3409 3755 1,
3438 3705 3504 3742 ex
3541 3688 3633 3741 Di-

2047 3777 2311 3842 dasealia,
2356 3784 2416 3830 ut
2465 3776 2702 3840 videtur,
2740 3792 2805 3836 ea
2858 3792 2983 3847 qua:
3011 3779 3225 3849 lgnatio
3262 3780 3629 3843 tribuebatur,

2048 3868 2207 3924 docet
2267 3869 2584 3939 episcopum
2634 3887 2741 3923 non
2787 3870 2986 3925 debere
3031 3886 3154 3927 esse
3185 3871 3454 3928 minorem
3498 3883 3628 3927 natu

2048 3977 2213 4032 quam
2256 3977 2527 4017 annorum
2555 3962 2977 4033 quinquaginta,
3018 3964 3100 4016 ὃτι
3152 3964 3340 4036 τρόπῳ
3379 3966 3484 4019 τινὶ
3534 3968 3633 4030 τὰς

2047 4053 2379 4126 νεωτερικὰς
2411 4053 2636 4120 ἀταξίας
2676 4055 2771 4108 καλ¹
2809 4056 2911 4118 τὰς
2960 4054 3158 4122 ἔξωθεν
3188 4057 3439 4122 διαϐολὰς
3467 4060 3632 4112 ἐκπε-

2049 4145 2266 4217 φευγὼς
2304 4146 2561 4219 ὑπάρχει.
2614 4146 2771 4213 Quod
2801 4164 2863 4202 ea
2897 4157 3030 4204 aetas
3080 4151 3472 4219 quodammodo
3510 4151 3628 4220 jmn

2040 4238 2297 4310 juveniles
2340 4240 2688 4307 petulantias,
2721 4250 2771 4295 et
2799 4256 2983 4295 eorum
3019 4243 3110 4313 qui
3139 4242 3273 4313 foris
3304 4254 3427 4297 sunt
3457 4244 3634 4297 obtre-

2048 4334 2306 4387 ctationes
2334 4333 2617 4404 eﬁ’ugerit;
2652 4331 2758 4387 nisi
2808 4330 2954 4388 forte
2995 4334 3122 4404 quis
3151 4333 3354 4405 dignus
3404 4334 3480 4390 sit
3517 4336 3637 4403 cpi-

2049 4436 2276 4497 scopatu
2298 4469 2312 4494 ,
2347 4426 2434 4481 διὰ
2479 4429 2580 4499 τῆς
2612 4427 2860 4498 νεότητος
2896 4430 2953 4482 ὲν
2988 4428 3253 4501 πραότητι
3277 4428 3370 4482 καὶ
3413 4426 3637 4499 εὐταξίᾳ

2049 4518 2227 4589 γῆρας
2284 4519 2758 4590 ἐπιδεικνύμενος,
2806 4518 2863 4576 in
2907 4519 3194 4592 iuventute
3245 4529 3532 4575 mansuete
3580 4531 3636 4576 et

2052 4613 2354 4682 composite
2383 4613 2619 4667 vivendo
2646 4621 2981 4669 senectutem
3006 4613 3319 4668 ostendens.
3351 4612 3632 4680 Pluribus,

2053 4705 2268 4775 opinor,
2290 4706 2471 4762 modis
2500 4706 2791 4776 explicatio
2820 4706 2970 4761 vocis
2997 4706 3285 4778 μονήρους,
3313 4721 3436 4776 quae
3464 4708 3634 4761 semel

2053 4808 2267 4855 tantum
2337 4800 2392 4854 in
2456 4798 2737 4869 Scriptura
2798 4800 3089 4868 reperitur,
3147 4796 3463 4852 conﬁrmari
3522 4812 3634 4850 non

2052 4902 2233 4963 potest
2265 4912 2277 4947 :
2313 4906 2465 4955 cum,
2495 4891 2541 4945 si
2578 4906 2692 4946 rem
2732 4890 2907 4961 ipsam
2940 4904 3064 4961 quae
3094 4896 3328 4953 vetatur,
3359 4887 3404 4943 si
3448 4902 3641 4956 perso-

2054 5001 2181 5041 nam
2241 4986 2331 5041 cui
2393 4985 2581 5048 datum
2651 4991 2738 5039 est
2784 4991 3139 5054 praeceptum,
3197 4980 3536 5043 consideres,
3587 4981 3633 5035 si

2054 5079 2397 5148 interpretes,
2424 5077 2469 5133 si
2501 5085 2986 5141 commentatores,
3013 5074 3060 5129 si
3087 5073 3364 5144 vulgatum
3382 5073 3636 5127 vocabuli

2054 5172 2199 5242 apud
2220 5180 2432 5227 veteres
2455 5186 2617 5227 usum
2643 5179 2881 5240 spectes,
2910 5182 3103 5223 omnes
3127 5169 3181 5222 in
3206 5169 3307 5223 hac
3330 5183 3438 5223 una
3464 5182 3637 5236 espo-

2055 5267 2254 5321 sitione
2297 5262 2647 5319 consentiant
2692 5272 2856 5331 atque
2907 5260 3241 5329 conspirent.
3276 5257 3433 5326 Quod
3482 5261 3527 5314 si
3573 5273 3637 5311 ea

2053 5357 2205 5413 vocis
2235 5354 2400 5424 hujus
2430 5352 2673 5423 acceptio
2697 5350 2841 5420 apud
2864 5348 3186 5418 Apostolum
3215 5346 3386 5418 recipi
3407 5345 3638 5401 omnino

2055 5448 2272 5511 debeat,
2319 5444 2611 5514 plusquam
2671 5440 2969 5496 verisimile
3022 5448 3128 5504 est,
3168 5438 3311 5508 apud
3364 5438 3636 5508 lgnatium

2055 5552 2330 5604 nostrum,
2365 5552 2526 5606 quem
2558 5545 2672 5589 tum
2706 5536 2758 5588 in
2790 5534 2957 5589 rebus
2988 5542 3102 5587 tum
3131 5532 3183 5586 in
3225 5530 3405 5587 verbis
3430 5529 3639 5585 S.Pau-

2055 5632 2169 5686 lum
2207 5629 2481 5700 prmcipue
2521 5626 2794 5679 imitatum
2832 5639 2953 5680 esse
2979 5634 3033 5679 et
3064 5624 3237 5679 nostri
3282 5622 3543 5686 fatentur,
3583 5628 3640 5673 et

2057 5720 2355 5779 adversarii
2381 5727 2708 5789 queruntur,
2734 5708 2986 5773 eamdem
3018 5730 3208 5772 vocem
3242 5714 3435 5771 eodem
3472 5726 3638 5768 sensu

2058 5812 2429 5885 accipiendam
2468 5825 2610 5868 esse.

3287 5966 3326 6023 2
