4136 6408
464 406 534 460 45
1573 397 1629 453 S.
1670 394 2001 454 [GNATIUS
2066 428 2130 439 —-
2169 394 2708 455 PROLEGOMENA.
3670 406 3739 462 44

540 518 609 575 Ut
640 528 818 573 autem
850 519 954 571 hoc
989 516 1288 573 dilucidius
1321 526 1599 587 appareat,
1631 517 1811 571 locum
1845 517 2047 586 ipsum,
2083 518 2527 577 A-ecclesiastica
2569 526 2844 585 sumatur,
2879 533 2987 571 non
3026 516 3426 588 infrequentius
3464 525 3642 571 tamen
3678 511 3744 565 ad

462 625 524 669 ut
553 615 695 684 apud
728 620 979 665 nostrum
1004 619 1205 677 exstat,
1234 610 1506 680 integrant
1527 624 1819 679 apponam.
1846 608 1924 662 Ex
1948 624 2044 663 eo-

461 708 583 761 dice
624 704 867 759 Mcdiceo
906 704 960 757 in
1002 701 1246 773 Epistola
1277 703 1343 757 ad
1378 701 1688 771 Magnesios
1723 702 1838 755 haec
1894 710 2047 755 tran-

460 800 754 855 scribimus
793 817 806 853 :
838 798 950 853 Καὶ
988 799 1117 869 ὑμῖν
1163 796 1219 850 δὲ
1251 798 1451 868 πρέπει
1498 796 1571 866 μὴ
1604 794 1942 866 συγχρᾶσθαι
1977 796 2044 865 τῇ

458 893 646 965 ἡλικίᾳ
672 891 767 945 τοῦ
800 890 1129 957 ἐπισκόπου,
1168 888 1303 943 ἀλλὰ
1342 887 1485 942 κατὰ
1513 887 1740 958 δύναμιν
1769 886 1902 939 Θεοῦ
1934 887 2045 939 Πα-

456 987 585 1059 τρὸς
615 988 795 1042 πᾶσαν
834 985 1103 1057 ἐντροπὴν
1132 983 1282 1054 αὐτῷ
1311 982 1627 1053 ἀπονέμειν,
1663 979 1846 1043 καθὼς
1875 979 2045 1049 ἔγνων

456 1081 551 1132 κα¹ι
576 1079 703 1142 τοὺς
734 1078 921 1147 ἁγίους
949 1075 1372 1149 πρεσϐυτέρους,
1402 1074 1463 1127 οὐ
1495 1070 1927 1145 προσειληφότας
1946 1071 2046 1143 τὴν

457 1171 790 1243 φαινομένην
821 1168 1151 1241 νεωτερικὴν
1178 1168 1362 1233 τάξιν,
1394 1166 1509 1220 ἀλλ’
1549 1165 1625 1228 ὼς
1667 1163 1961 1235 φρονίμους
1989 1164 2047 1215 ἐν

454 1264 575 1336 Θεῷ
604 1262 1022 1335 συγχωροζντας
1048 1260 1215 1331 αὐτῷ.
1244 1260 1517 1328 [interpres
1540 1254 1907 1313 Usserianus:
1941 1252 2044 1308 Sed

454 1364 505 1407 et
526 1372 615 1409 vos
651 1354 795 1407 decet
832 1368 935 1404 non
971 1350 1115 1404 couti
1152 1359 1310 1405 aetate
1343 1348 1596 1421 episcopi,
1640 1345 1731 1399 sed
1756 1343 2045 1399 secundum

455 1446 702 1499 virtutem
729 1442 827 1496 Dei
859 1440 1043 1494 Patris
1072 1439 1414 1495 reuerentiam
1433 1438 1481 1491 ei
1514 1434 1765 1500 tribuere,
1783 1434 1925 1499 sicut
1956 1449 2047 1486 co-

454 1538 609 1609 gnovi
643 1546 692 1590 et
729 1544 941 1590 sanctos
991 1532 1353 1604 presbyteros,
1389 1545 1493 1583 non
1522 1536 1846 1581 assumentes
1876 1542 2044 1596 appa-

454 1636 654 1682 rentem
681 1626 952 1695 juniorem
987 1623 1259 1685 ordinem,
1302 1618 1391 1674 sed
1430 1627 1489 1671 ut
1521 1613 1801 1686 prudentes
1838 1613 1894 1665 in
1935 1611 2045 1666 Deo

454 1719 791 1775 concedentes
822 1717 943 1787 ipsi.
976 1714 1163 1769 Primo
1198 1713 1364 1783 igitur
1387 1711 1535 1765 hunc
1568 1708 1923 1775 interpretem
1943 1704 2044 1758 ba-

454 1813 652 1871 bemus
691 1809 1149 1870 consentientem,
1177 1805 1271 1875 qui
1321 1802 1388 1859 ad
1424 1810 1639 1858 aetatem
1683 1798 1925 1870 episcopi
1961 1813 2045 1853 re-

2150 609 2256 663 alia
2300 610 2559 673 refertur,
2600 620 2655 665 et
2695 611 2916 681 quidem
2965 626 3031 665 ea
3072 626 3195 681 qua:
3237 610 3412 664 sacris
3455 610 3742 666 ordinibus

2149 713 2523 770 opponuntur.
2546 702 2604 757 S.
2630 702 3064 774 Chrysostmuus
3082 703 3274 757 bomil.
3296 703 3330 757 5
3359 703 3613 756 adversus
3636 702 3741 757 Ju-

2148 796 2291 849 daeos
2338 811 2353 847 :
2392 790 2559 857 υῦτος
2600 798 2628 849 ὀ
2671 795 2919 866 Ἀϐραὰμ
2962 798 2991 849 ὁ
3030 794 3295 867 πρόγονος
3329 794 3438 847 τῶν
3477 794 3743 861 Λευῖτῶν,

2146 886 2255 940 τῶν
2302 887 2605 941 Ἰουδαϊκῶν
2639 888 2829 959 ἱερέων
2860 888 2953 940 ἐπὶ
2976 887 3072 941 τοῦ
3102 886 3458 956 Μελχισεδὲκ,
3480 886 3539 949 ὃς
3555 876 3629 952 ἦν
3648 887 3742 940 τύ-

2148 995 2249 1041 πος
2277 980 2377 1049 τῆς
2414 979 2535 1033 καθ’
2567 981 2715 1051 ἡμᾶς
2750 979 3083 1050 ἱερωσύνης,
3116 977 3308 1032 λαῖκοῦ
3337 976 3492 1042 τάξιν
3534 980 3741 1047 ἐπεῖχε.

2149 1068 2257 1124 Hic
2294 1071 2559 1125 Abraham
2581 1072 2885 1141 progenitor
2913 1070 3241 1137 Levitarum,
3281 1068 3638 1123 Iudaicarum
3660 1085 3723 1121 sn

2150 1164 2450 1225 cerdotum.
2480 1164 2576 1219 sub
2610 1164 3012 1232 Melchisedech,
3041 1164 3131 1235 qui
3152 1163 3324 1217 nostri
3348 1163 3634 1216 sacerdotii
3657 1172 3741 1234 ty-

2145 1273 2246 1328 pus
2287 1266 2425 1321 erat,
2483 1256 2611 1311 laici
2650 1257 2927 1321 ordinem,
2980 1256 3065 1310 vel
3093 1255 3267 1309 locum
3312 1255 3564 1309 obtinuit.
3591 1252 3741 1309 Idem

2147 1350 2277 1405 alibi
2304 1350 2596 1421 distinguit
2618 1351 2732 1403 τῶν
2769 1350 2961 1422 ἱερέων
2990 1349 3052 1403 τὸ
3072 1348 3313 1419 ἀξίωμα,
3344 1356 3399 1403 et
3426 1347 3517 1402 τὸν
3547 1348 3745 1400 ὑποτε-

2144 1440 2415 1512 ταγμένον
2454 1441 2552 1494 καὶ
2589 1442 2648 1493 ἐν
2696 1442 2847 1506 τάξει
2876 1442 3081 1495 λαῖκῶν
3120 1441 3267 1495 ὄντα.
3316 1440 3519 1496 Eodem
3575 1443 3743 1497 modo

2144 1535 2301 1600 τάξιν
2350 1533 2562 1588 ἰδιώτου
2608 1534 2777 1602 dixit,
2814 1546 2868 1590 et
2903 1535 3219 1591 sacerdotes
3261 1536 3560 1606 οἰκονόμων
3586 1535 3743 1600 τάξιν

2144 1628 2238 1679 καὶ
2264 1625 2575 1698 ἐπιτρόπων
2617 1626 2713 1680 καὶ
2739 1628 3012 1699 ἀγοραίων
3051 1629 3213 1683 τινῶν
3252 1629 3743 1684 ἀντικαταλλάττο-

2148 1718 2363 1789 μένους.
2396 1717 2760 1789 Quotcunque
2787 1720 2963 1776 modis
2989 1720 3243 1776 homines
3263 1721 3431 1776 dividi
3468 1730 3521 1776 et
3553 1722 3743 1776 distri-

2144 1810 2237 1865 bui
2264 1820 2515 1881 possunt,
2544 1811 2599 1866 in
2624 1820 2977 1883 quotcunque
3001 1812 3205 1868 classes
3234 1812 3423 1884 redigi,
3452 1811 3521 1866 ad
3550 1821 3627 1867 tot
3642 1813 3742 1868 τάο

455 1905 717 1976 spicieus,
756 1899 1084 1973 νεωτερικὴν
1107 1898 1283 1965 τάξιν,
1314 1912 1425 1951 non
1451 1894 1716 1949 novellam
1746 1892 2039 1947 institutio-

2147 1902 2261 1970 ξεις
2305 1918 2335 1956 a
2382 1902 2587 1958 Graecis
2621 1904 2955 1959 referuntur.
3008 1903 3085 1959 ita
3131 1904 3364 1973 legimus
3401 1902 3554 1969 τάξιν
3587 1904 3744 1975 βασι-

455 2014 594 2064 ηεηι,
622 1995 717 2052 sed
737 1995 1005 2066 juniorem
1038 1992 1277 2046 ordinem
1300 1988 1480 2044 vertit.
1515 1986 1655 2041 Huic
1685 1984 2041 2055 adjungimus

454 2090 895 2160 interpolatorem
931 2087 1045 2142 sive
1087 2085 1505 2156 paraphrasten,
1534 2080 1629 2150 qui
1672 2094 1771 2149 pro
1802 2077 2041 2148 lgnatia-

453 2185 540 2239 uis
565 2198 664 2239 sua
694 2183 809 2237 haec
832 2181 1032 2250 posuit,
1065 2180 1126 2232 ού
1149 2178 1285 2249 πρὸς
1312 2177 1413 2247 τὴν
1431 2172 1763 2244 φαινομένην
1793 2168 2042 2241 ἀφορῶν-

450 2292 550 2338 τας
569 2274 819 2345 νεότητα.
853 2271 1117 2338 Vulgatus
1141 2269 1409 2337 interpres
1436 2284 1449 2319 :
1488 2263 1610 2317 Non
1632 2271 1845 2333 propter
1852 2261 2042 2329 juven-

454 2380 617 2425 tutem
641 2382 758 2437 qua:
780 2366 836 2418 in
865 2379 924 2418 eo
965 2362 1177 2416 videtur
1210 2360 1531 2413 arbitrantes
1557 2371 1675 2410 eum
1708 2363 2042 2409 contemnen-

452 2466 600 2515 dum.
635 2458 791 2513 Unde
831 2455 1182 2511 occasionem
1231 2460 1429 2507 nactus
1466 2462 1815 2505 communem
1855 2445 2039 2500 locum

450 2553 519 2608 de
548 2548 842 2623 prudentia
871 2548 1136 2617 juvenum
1179 2560 1279 2614 pro
1307 2558 1410 2598 suo
1439 2541 1694 2595 instituto
1733 2538 1900 2593 latius
1927 2545 2040 2591 tra-

448 2654 582 2705 ctat.
611 2652 666 2699 et
692 2641 959 2711 exemplis
993 2655 1061 2694 ex
1086 2636 1271 2692 Veteri
1312 2644 1366 2691 et
1406 2634 1558 2689 Novo
1588 2632 1814 2688 Fcedere
1838 2630 2039 2685 contir-

448 2747 585 2793 mat.
623 2734 735 2790 Hos
760 2749 830 2789 ex
862 2732 1138 2787 veteribus
1163 2728 1317 2785 solos
1360 2726 1556 2799 lgnatii
1588 2726 1915 2793 interpretes
1938 2721 2038 2775 ha-

448 2832 667 2895 bemus,
705 2826 798 2898 qui
832 2825 1004 2881 totius
1030 2830 1320 2878 contextus
1347 2827 1536 2874 tenore
1562 2815 1710 2872 ducti
1748 2814 1895 2868 hunc
1938 2825 2037 2865 no-

450 2924 536 2979 bis
581 2921 872 2976 verborum
923 2930 1145 2971 sensum
1192 2911 1553 2969 tradiderunt.
1598 2906 1889 2971 Secundo,
1947 2920 2036 2959 res

450 3016 569 3087 ipsa
614 3012 854 3077 clamat,
899 3016 953 3064 et
1002 3008 1147 3062 hanc
1175 3002 1678 3073 interpretationem
1725 2994 2037 3053 necessario

449 3105 711 3176 postulat.
745 3102 949 3157 Auctor
978 3098 1239 3169 Epistolae
1284 3095 1523 3151 ostendit
1572 3109 1631 3149 se
1680 3091 1883 3147 vidisse
1929 3088 2037 3143 Da-

2146 1994 2301 2061 λέως,
2330 1994 2487 2060 τάξιν
2517 1996 2792 2067 πατέρων,
2823 1996 2975 2061 τάξιν
3005 1996 3377 2061 διδασκάλων,
3408 1997 3563 2064 τάξιν
3596 2000 3741 2070 ὁμή-

2148 2104 2279 2158 ρων,
2306 2087 2461 2154 τάξιν
2492 2086 2872 2159 αἰχμαλώτου,
2901 2088 3054 2153 τάξιν
3085 2091 3363 2161 πενήτων,
3393 2089 3547 2154 τάξιν
3574 2106 3741 2161 νομο-

2145 2179 2446 2248 θετοῦντος,
2478 2190 2531 2236 et
2569 2182 3029 2253 συμϐουλεύοντος
3048 2224 3062 2247 ,
3092 2182 3247 2249 τάξιν
3276 2183 3613 2255 θεραπαίνης
3638 2226 3651 2249 ,
3682 2193 3742 2238 et

2144 2273 2366 2328 similia.
2394 2271 2453 2327 in
2497 2275 2741 2344 qualibet
2772 2284 2956 2329 autem
2989 2276 3208 2330 civitate
3246 2291 3461 2345 semper
3493 2276 3738 2332 distincti

2143 2374 2273 2419 sunt
2292 2366 2544 2434 juvenes,
2587 2366 2709 2432 viri,
2746 2383 2908 2423 senes
2939 2384 2952 2420 :
2984 2378 3039 2423 et
3075 2370 3160 2423 ha;
3214 2371 3419 2440 ubique
3444 2371 3737 2426 hominum

2142 2458 2443 2513 secundum
2515 2468 2726 2515 aetatem
2786 2460 2987 2525 τάξεις.
3044 2459 3103 2515 1η
3162 2461 3301 2518 duas
3361 2463 3566 2518 classes
3599 2480 3736 2516 νεω-

2139 2550 2318 2622 τέρων
2351 2560 2405 2605 et
2449 2551 2837 2623 πρεσϐυτέρων
2892 2552 3144 2608 dividunt
3192 2556 3422 2624 apostoli
3473 2557 3735 2626 populum

2140 2644 2516 2699 Christianum
2540 2645 2595 2699 in
2624 2660 2957 2715 unaquaque
2984 2644 3251 2709 Ecclesia,
3284 2645 3386 2701 utl
3414 2645 3559 2703 Tim.
3588 2665 3641 2715 v,
3673 2652 3694 2702 1
3720 2669 3733 2701 ;

2141 2737 2503 2808 Πρεσὸυτέρῳ
2533 2738 2607 2808 μὴ
2645 2737 2978 2808 ἐπιπλήξῃς,
3007 2736 3145 2791 ἀλλὰ
3174 2739 3487 2809 παρακάλει
3526 2740 3604 2802 ὡς
3632 2758 3736 2794 πα-

2139 2827 2294 2897 τέρα,
2326 2828 2624 2900 νεωτέρους
2652 2828 3412 2901 ὼςὰδελφοὺς,πρεσ6υτέρας
3462 2830 3539 2894 ὡς
3570 2834 3737 2904 μητέ-

2144 2936 2264 2991 ρας,
2315 2921 2586 2993 νεωτέρας
2627 2921 2702 2985 ὡς
2743 2921 2997 2990 ἀδελφάς.
3041 2921 3310 2977 Seniorem
3348 2940 3411 2977 ne
3440 2924 3731 2993 increpata,

2138 3013 2229 3065 sed
2258 3011 2476 3065 obsecra
2511 3022 2570 3065 ut
2598 3022 2825 3081 patrem,
2850 3013 3093 3082 juniores
3134 3023 3192 3067 ut
3230 3014 3450 3082 fratres,
3502 3031 3635 3069 anus
3674 3028 3735 3069 ut

2138 3112 2361 3168 matres,
2384 3102 2703 3172 juvenculas
2745 3112 2803 3157 ut
2842 3119 3066 3159 sorores.
3138 3104 3219 3159 Ad
3273 3104 3459 3159 Titum
3515 3119 3555 3158 tl
3582 3143 3597 3165 ,
3643 3101 3731 3157 6:

450 3212 598 3253 mam
628 3210 820 3251 eorum
846 3193 1187 3263 episcopum,
1206 3198 1259 3243 et
1287 3187 1571 3243 Sotionem
1597 3186 1717 3256 ejus
1740 3185 2033 3239 diaconum

2144 3194 2461 3266 Πρεσϐύτας
2498 3194 2793 3265 νηφαλίους
2824 3191 2993 3259 εἶναι,
3033 3201 3162 3261 τοὺς
3211 3198 3509 3269 νεωτέρους
3549 3198 3736 3252 ὡσαύ-

450 3290 658 3354 laudat,
684 3286 839 3358 quod
860 3288 1121 3356 episcopo
1153 3297 1254 3338 suo
1276 3323 1291 3347 ,
1344 3289 1405 3335 ut
1436 3279 1681 3350 oportuit
1705 3319 1721 3344 ,
1750 3277 2034 3347 subjectus

448 3392 613 3440 esset.
658 3381 841 3435 Monet
892 3378 1059 3448 igitur
1091 3375 1355 3446 populum
1401 3370 1837 3443 Magnesiauum,
1870 3377 1929 3422 ut
1956 3368 2035 3421 illi

447 3476 611 3532 etiam
641 3474 817 3530 nolint
842 3468 1200 3541 συγχρᾶσθαι,
1228 3482 1337 3522 non
1358 3465 1521 3520 nimis
1544 3462 1890 3519 familiariter
1909 3476 2035 3517 cum

448 3586 514 3624 eo
546 3576 731 3640 agant,
762 3574 857 3620 aut
885 3565 1067 3636 ipsum
1092 3568 1469 3624 contemnant,
1496 3556 1643 3628 quod
1674 3554 2034 3625 videaturju-

447 3663 571 3717 nior
590 3668 772 3724 :etate,
805 3658 899 3714 sed
945 3666 1005 3713 ut
1041 3653 1403 3711 reverentiam
1433 3651 1484 3706 ei
1510 3649 1825 3706 exhibeant.
1869 3645 2036 3717 Urget

447 3753 756 3823 exemplum
782 3749 1253 3821 presbyterorum,
1272 3760 1508 3816 quorum
1535 3743 1673 3797 duos
1698 3757 1881 3797 secum
1906 3750 2037 3794 tunc

448 3846 662 3911 habuit,
706 3844 937 3898 Bassum
988 3852 1043 3895 et
1073 3838 1448 3909 Apollonium,
1482 3850 1735 3907 quosque
1772 3833 1926 3889 novit
1954 3833 2036 3887 ei-

447 3941 571 3995 dem
602 3938 862 4007 episeopo
884 3975 899 4002 ,
936 3932 1190 4004 quamvis
1215 3930 1444 4001 juuiori,
1489 3928 1727 3983 debitam
1778 3942 2033 3982 reveren-

450 4032 582 4085 tiam
607 4027 949 4098 przestitisse.
983 4022 1236 4079 Ostendit
1253 4023 1596 4092 juventutem
1620 4020 1741 4089 ejus
1769 4034 1891 4073 esse
1909 4034 2036 4086 φαι-

448 4123 705 4195 νομένην,
743 4119 926 4175 innuit
955 4132 1081 4173 eum
1116 4124 1275 4171 aetate
1296 4115 1519 4185 quidem
1549 4121 1605 4168 et
1629 4120 1923 4181 conspectu
1950 4110 2038 4179 ju-

449 4231 667 4279 venem,
699 4212 944 4269 moribus
973 4220 1155 4265 autem
1199 4224 1386 4264 senem
1428 4206 1598 4262 fuisse
1626 4225 1640 4259 :
1670 4203 2037 4261 obedientiam

447 4312 499 4366 ei
527 4306 896 4379 praestandam
924 4305 1102 4370 docet,
1128 4312 1221 4356 aut
1252 4301 1436 4372 potius
1462 4301 1515 4353 in
1546 4313 1613 4354 eo
1631 4297 1743 4353 Deo
1767 4297 1892 4367 ipsi,
1921 4309 2040 4349 om»

449 4403 605 4457 nium
645 4400 928 4470 epiScopo.
959 4394 1096 4449 Nam
1122 4403 1183 4448 ut
1232 4403 1379 4449 recte
1413 4390 1726 4447 observavit
1771 4387 1829 4443 S.
1861 4388 2038 4457 Chry-

450 4505 761 4556 sostomus,
790 4490 1106 4560 Apostolus,
1167 4488 1301 4559 περὶ·
1338 4486 1436 4557 μὲν
1476 4483 1788 4537 ἐπισκόπων
1818 4481 2038 4534 διατατ-

2136 3305 2263 3350 τως.
2308 3286 2502 3351 Senes,
2541 3299 2599 3342 ut
2635 3290 2802 3343 sobrii
2836 3291 2975 3355 sint,
3006 3290 3225 3358 juvenes
3257 3290 3526 3344 similiter.
3565 3290 3738 3356 Τάξις

2137 3390 2318 3435 autem
2349 3383 2669 3453 νεωτερική,
2703 3382 2843 3437 idem
2876 3390 2960 3437 est
2980 3384 3127 3452 quod
3155 3384 3292 3437 νέων
3313 3385 3397 3438 vel
3428 3383 3734 3454 νεωτέρων,

2138 3488 2233 3527 seu
2263 3472 2386 3525 νέου
2414 3473 2500 3527 vel
2531 3474 2798 3544 νεωτέρου
2835 3473 3007 3538 τάξις.
3044 3473 3114 3529 Ut
3155 3490 3281 3529 cum
3308 3473 3465 3530 Plato
3510 3490 3736 3546 rempu-

2138 3568 2337 3623 blicam
2382 3568 2435 3621 in
2476 3568 2756 3637 γεωργοὺς
2802 3576 2858 3622 et
2897 3566 3165 3636 φύλακας,
3208 3568 3455 3637 aliosque
3506 3567 3733 3631 divisit,

2137 3658 2367 3713 Proclus
2426 3659 2481 3712 in
2547 3658 2812 3713 Timaeum
2872 3658 2993 3713 illos
3038 3659 3351 3731 γεωργικὴν
3386 3658 3559 3723 τάξιν,
3588 3659 3738 3716 hanc

2139 3750 2511 3822 φρουρητικὴν
2542 3748 2696 3815 τάξιν
2726 3750 3000 3821 appellat,
3029 3766 3152 3820 quae
3184 3751 3246 3804 τὸ
3273 3751 3615 3823 γεωργικόν,
3644 3753 3733 3806 vel

2137 3844 2198 3896 τὸ
2228 3843 2594 3915 φρουρητικόν
2629 3852 2776 3897 recte
2803 3843 3025 3897 dicitur.
3056 3841 3201 3897 Nihil
3244 3843 3391 3898 aliud
3438 3844 3527 3899 hic
3557 3844 3734 3898 voluit

2140 3937 2400 4007 lgnatius,
2432 3947 2486 3992 et
2514 3937 2649 3993 satis
2687 3936 2824 3990 bene
2863 3937 3196 4007 νεωτερικὴν
3234 3934 3387 4001 τάξιν
3416 3933 3732 4005 Parapbra-

2142 4042 2250 4087 stes
2276 4049 2373 4102 per
2394 4032 2622 4103 νεότητα
2651 4030 2941 4100 expressit.
3748 4088 3749 4091 η

2210 4125 2330 4180 Jam
2353 4140 2484 4179 vero
2513 4124 2606 4195 qui
2638 4123 2727 4178 hic
2762 4138 2869 4177 non
2900 4131 3115 4176 aetatem
3157 4120 3421 4192 episcopi,
3448 4122 3541 4177 sed
3574 4122 3731 4175 novi-

2139 4229 2305 4274 tatem
2344 4218 2558 4273 ordinis
2595 4215 2924 4287 episc0palis
2963 4216 3215 4270 denotari
3261 4216 3480 4281 volunt,
3512 4225 3567 4269 et
3610 4230 3727 4270 rem

2141 4312 2410 4366 inducunt
2434 4310 2502 4366 ab
2525 4309 2767 4365 auctoris
2806 4319 2986 4363 mente
3020 4322 3246 4377 prorsus
3289 4308 3554 4373 alienam;
3585 4316 3639 4362 et
3668 4319 3731 4363 ut

2142 4404 2195 4458 id
2233 4403 2441 4458 faciant
2468 4411 2644 4458 totum
2670 4410 2989 4457 contextum
3034 4401 3173 4456 mire
3203 4410 3589 4471 contorquent.
3621 4398 3731 4455 Ne-

2143 4512 2251 4566 que
2275 4497 2419 4550 enim
2450 4496 2567 4565 ipse
2594 4493 2861 4565 lgnatius,
2900 4508 3077 4563 neque
3101 4508 3272 4549 sanus
3296 4499 3591 4563 qulsquam
3623 4493 3729 4548 sub

449 4586 677 4658 τόμενος
706 4559 940 4653 οὐδαμοῦ
969 4580 1183 4652 τίθησιν
1212 4578 1351 4632 ἐτῶν
1380 4576 1613 4649 ἀριθμόν
1632 4618 1646 4642 ,
1680 4574 1745 4630 de
1781 4573 2037 4644 episcopis

2145 4590 2295 4643 illius
2321 4603 2579 4653 persona,
2616 4590 2683 4643 de
2702 4588 2943 4643 novitate
2969 4586 3323 4655 episcopatus
3351 4585 3726 4651 disseruisset,

452 4688 717 4749 praecepta
758 4676 892 4730 dans
935 4674 1127 4727 nullibi
1166 4684 1432 4725 annorum
1480 4684 1757 4723 numerum
1806 4666 2036 4730 statuit,

451 4774 603 4827 Orat.
628 4776 685 4826 in
716 4770 934 4825 viduam
948 4768 1213 4838 juvenem.
1255 4763 1383 4820 Haec
1426 4762 1611 4818 omnia
1646 4777 1714 4817 ex
1754 4761 1875 4831 ipso
1908 4774 2037 4814 eou-

453 4875 602 4920 textu
630 4872 790 4919 enata
811 4863 947 4917 adeo
969 4861 1152 4931 plana,
1170 4858 1480 4929 perspicua,
1510 4855 1725 4937 sibiqpe
1751 4853 2035 4909 cohaeren-

454 4959 527 5012 tia
560 4966 722 5023 sunt;
756 4964 815 5010 ut
848 4970 948 5009 nec
988 4953 1157 5007 alium
1192 4965 1415 5006 sensum
1448 4951 1563 5003 litec
1595 4948 1757 5002 verba
1783 4954 1878 5000 aut
1910 4944 2038 4998 lun-

454 5051 587 5105 dant
611 5056 707 5104 aut
734 5046 1047 5102 admittant.
1090 5042 1280 5113 Neque
1314 5042 1615 5113 quidquam
1658 5039 1859 5094 habent
1889 5037 2037 5107 quod

454 5148 737 5213 opponant
775 5138 1121 5202 adversarii,
1161 5137 1269 5192 nisi
1312 5136 1459 5206 quod
1514 5134 1734 5189 modum
1777 5129 2037 5201 loquendi

456 5245 697 5306 spectat;
730 5234 825 5304 qui
849 5234 895 5288 si
925 5231 1243 5287 inusitatior
1272 5231 1544 5295 videatur,
1569 5244 1635 5282 eo
1664 5227 1850 5281 minus
1879 5223 2038 5295 lgna-

455 5330 641 5384 tianus
688 5327 859 5382 videri
902 5341 1011 5380 non
1043 5324 1250 5378 debuit.
1283 5319 1633 5393 Νεωτερικὴν
1663 5317 1815 5382 τάξιν
1845 5317 1913 5372 de
1948 5316 2039 5385 ju-

455 5431 676 5476 ventute
720 5418 904 5474 Damae
950 5418 1192 5488 episcopi
1238 5415 1466 5485 intelligi
1518 5414 1748 5477 uolunt,
1781 5410 1910 5480 quia
1941 5408 2039 5461 τά-

458 5514 541 5581 ξις
565 5514 633 5569 ad
661 5522 874 5568 aetatem
914 5511 1104 5567 referri
1135 5527 1241 5565 non
1278 5516 1476 5581 potest,
1522 5516 1581 5563 ut
1606 5515 1794 5562 censet
1825 5502 2041 5558 Salma-

459 5610 596 5663 sius.
642 5606 749 5661 Sed
783 5620 846 5661 ea
885 5621 990 5661 vox
1024 5613 1135 5659 tam
1169 5604 1291 5658 latae
1321 5599 1739 5673 signiﬁcationis
1770 5607 1855 5654 est
1895 5598 2039 5667 apud

458 5701 700 5763 Graecos,
729 5708 789 5754 ut
824 5699 891 5754 ad
921 5707 1134 5753 aetatem
1173 5708 1269 5752 aut
1297 5694 1593 5767 quemlibet
1625 5694 1879 5747 humana:
1915 5691 2041 5745 vita:

459 5802 663 5848 Statum
711 5807 824 5847 srve
865 5792 1237 5848 conditionem
1281 5789 1476 5845 referri
1526 5790 1719 5858 possit.
1776 5784 2039 5851 Quamvis

448 5889 604 5943 enim
626 5886 779 5954 τάξις
805 5901 948 5959 saepe
988 5899 1088 5957 pro
1127 5884 1318 5940 ordine
1358 5896 1538 5948 sacro,
1572 5887 1665 5934 aut
1692 5876 2040 5932 ordinatione

2139 4683 2195 4737 in
2223 4697 2333 4752 quo
2361 4681 2479 4752 ipse
2511 4682 2626 4751 jam
2654 4689 3043 4736 consenuerat.
3081 4677 3372 4745 Quomodo
3402 4678 3492 4733 ille
3520 4678 3731 4748 episcov

2140 4783 2329 4845 patum
2362 4774 2629 4829 novellam
2674 4773 3075 4829 institutionem
3115 4785 3237 4826 esse
3264 4770 3489 4834 diceret,
3517 4779 3572 4825 et
3605 4769 3732 4839 qui-

2140 4868 2264 4922 dem
2286 4874 2369 4921 tot
2399 4865 2580 4931 annis,
2613 4874 2675 4919 ut
2709 4865 2784 4919 illi
2824 4864 3034 4929 volunt,
3069 4871 3195 4932 post
3226 4862 3473 4916 omnium
3505 4870 3729 4931 aposto—

2140 4958 2318 5014 lorum
2363 4969 2595 5012 mortem
2638 4957 3029 5023 introductam,
3065 4955 3161 5025 qui
3191 4953 3403 5009 ordinis
3436 4952 3727 5022 episcopa»

2140 5052 2210 5107 lis
2245 5051 2647 5107 institutionem
2698 5065 2912 5120 semper
2950 5048 3060 5105 Deo
3104 5058 3157 5104 et
3196 5047 3422 5103 Christo
3463 5057 3727 5116 tanquam

2142 5144 2352 5198 auctori
2380 5143 2606 5198 tribuit?
2631 5141 2754 5197 Iloc'
2774 5142 2895 5212 ipso
2919 5142 3041 5195 loco
3064 5140 3252 5194 laudat
3273 5136 3557 5193 Sotionem
3577 5138 3728 5206 quod

2142 5236 2423 5305 subjectus
2455 5236 2524 5290 sit
2562 5236 2855 5305 episcopo,
2912 5234 2989 5298 ὡς
3016 5232 3202 5305 χάριτι
3247 5230 3417 5296 Θεοῦ,
3472 5239 3726 5299 tanquam

2142 5330 2330 5397 gratia:
2355 5328 2469 5381 Dei.
2506 5326 2748 5397 Epistula
2784 5327 2850 5381 ad
2899 5325 3168 5396 Ephesios
3204 5342 3216 5377 :
3260 5326 3309 5379 οἱ
3340 5324 3629 5377 ἐπίσκοποι
3676 5326 3727 5377 οἱ

2141 5419 2284 5474 κατὰ
2326 5418 2538 5489 πέρατα
2575 5416 2885 5488 ὁρισθέντες
2929 5419 2987 5471 ἐν
3030 5416 3204 5488 Ἰησοῦ
3240 5414 3477 5489 Χριστοῦ
3531 5414 3727 5487 γνώμῃ

2142 5512 2267 5566 εἰσί.
2304 5509 2473 5564 Vetus
2504 5509 2772 5578 interpres
2804 5526 2817 5562 :
2855 5508 2999 5579 Ipsi,
3039 5509 3122 5564 vel
3144 5509 3396 5579 episcopi,
3437 5507 3725 5561 secundum

2144 5615 2297 5658 terra:
2326 5602 2454 5671 ﬁnes
2500 5601 2839 5655 determinati
2878 5599 3008 5655 Iesu
3047 5600 3249 5656 Christi
3289 5601 3550 5656 sententia
3579 5607 3722 5653 sunt.

2143 5693 2413 5748 Describit
2452 5692 2771 5761 episcopum
2806 5710 2818 5744 :
2870 5690 2929 5743 ὃν
2974 5691 3184 5761 πέμπει
3229 5688 3612 5760 οἰκοδεσπότης
3645 5689 3726 5749 εἰς

2146 5787 2280 5840 ἰδίαν
2306 5784 2636 5856 οἰκονομίαν,
2660 5800 2809 5854 quem
2835 5785 3000 5837 mittit
3029 5783 3289 5838 Dominus
3310 5784 3497 5837 domus
3526 5782 3579 5832 in
3608 5796 3726 5848 pro-

2141 5878 2314 5948 priam
2344 5876 2807 5947 dispensationem,
2831 5876 2923 5948 qui
2955 5884 3037 5932 est
3060 5874 3339 5931 Christus.
3380 5872 3623 5945 Epistula
3652 5869 3720 5925 ad
