4136 6394
404 456 481 509 45
1132 454 1183 508 J.
1222 449 1588 510 PEARSONll
1637 452 1963 510 VINDICUE
2001 452 2424 510 IGNATIANE.
2466 484 2537 496 -—
2566 453 2988 517 PROCEMIUM.
3628 471 3698 525 46

401 567 758 634 Trallianos,
789 572 1076 642 Ἔρρωσθε
1111 577 1168 629 ἐν
1201 576 1380 647 Ἰησοῦ
1410 575 1661 648 Χριστῷ,
1702 577 1991 631 ὑποτασσό-

2109 579 2369 645 ostendit,
2403 589 2461 633 ut
2500 580 2758 650 episcopo
2785 597 2908 648 suo,
2938 584 3191 652 quamvis
3207 584 3429 654 juvene,
3464 586 3699 645 familia-

401 681 563 733 μενοι
595 664 678 736 τῷ
717 666 1025 737 ὲπισκόπῳ,
1058 668 1137 733 ὡς
1182 672 1248 740 τῇ
1282 670 1501 741 ἐντολῇ,
1543 669 1723 724 Valete
1764 671 1821 723 in
1873 668 2005 724 Iesu

400 755 642 821 Christo,
670 758 897 829 subjecti
918 760 1183 830 episcopo,
1214 772 1273 816 ut
1315 762 1415 815 Dei
1443 762 1724 816 mandato.
1755 758 1814 815 Si
1848 761 2003 815 novi-

400 864 574 908 tatem
625 856 956 928 episcopalis
986 859 1202 914 ordinis
1250 869 1443 914 notare
1493 860 1761 915 voluisset
1809 866 2003 916 auctor

401 947 808 1015 Epistolarum,
833 960 933 1006 cur
961 966 1070 1006 non
1103 952 1233 1007 alibi
1261 954 1447 1023 potius
1494 953 1548 1008 id
1580 951 1753 1008 fecit?
1799 951 1857 1007 Si
1904 969 2003 1007 no-

398 1042 544 1094 veila
576 1042 694 1097 haec
722 1043 996 1099 institutio
1022 1044 1238 1112 fuisset,
1263 1061 1328 1100 ea
1355 1045 1595 1114 objectio
1621 1056 1730 1099 tam
1753 1045 1807 1099 in
1834 1043 2002 1116 Poly-

398 1129 511 1195 bio,
543 1130 832 1194 Onesimo.
858 1143 912 1189 et
932 1134 1261 1207 Polycarpo,
1287 1151 1453 1206 quam
1494 1140 1547 1189 in
1581 1135 1752 1190 Dama
1791 1134 2001 1191 valuis-

396 1235 513 1290 set;
556 1233 614 1278 et
647 1227 959 1282 consultius
992 1229 1169 1283 multo
1209 1228 1449 1293 fecisset,
1495 1228 1541 1282 si
1579 1236 1713 1282 tunc
1743 1242 1866 1283 eam
1895 1227 2001 1282 tol-

396 1317 511 1373 lere
532 1328 770 1375 conatus
791 1330 956 1386 esset,
990 1337 1115 1375 cum
1137 1322 1399 1394 grandior
1419 1323 1663 1392 episcopi
1686 1331 1842 1387 aetas,
1871 1338 1999 1377 cum

394 1412 645 1480 gravitas
678 1424 734 1469 et
764 1422 1010 1483 spectata
1046 1415 1151 1469 viri
1184 1416 1473 1485 prudentia
1500 1416 1741 1485 aliquam
1782 1417 1999 1471 novello

394 1505 582 1559 ordini
625 1506 1017 1560 auctoritatem
1068 1507 1447 1562 conciliarent.
1494 1506 1611 1561 Non
1640 1517 1749 1561 tam
1783 1508 1997 1578 impru-

392 1596 618 1651 dentem
678 1596 950 1668 lgnatium
979 1638 994 1664 ,
1047 1615 1157 1654 non
1197 1609 1306 1654 tam
1363 1601 1590 1655 stultum
1641 1600 1995 1670 impostorem

391 1689 521 1755 quis
556 1697 751 1758 putet,
779 1698 839 1743 ut
883 1688 1089 1759 populo
1122 1689 1464 1760 juventutem
1494 1690 1760 1761 episcopi,
1796 1700 1851 1747 et
1875 1707 1998 1762 pre-

390 1782 637 1853 sbyteris
666 1782 832 1861 simul
860 1783 1165 1837 novitatem
1191 1784 1403 1839 ordinis
1434 1784 1765 1853 episcopalis
1796 1784 1998 1854 proba-

393 1888 451 1925 re
487 1881 807 1927 conaretur.
834 1873 988 1928 Adeo
1017 1875 1247 1930 novellae
1286 1875 1651 1930 institutionis
1683 1876 1890 1933 mentio
1927 1876 1997 1931 ab

395 1965 570 2034 hujus
612 1965 721 2021 loci
772 1975 968 2021 natura
1018 1976 1075 2022 et
1125 1967 1409 2036 scriptoris
1476 1968 1729 2023 instituto
1770 1986 1998 2040 prorsus

394 2058 576 2112 aliena
641 2067 746 2115 est.
779 2058 937 2125 Quod
979 2060 1162 2115 adhuc
1207 2061 1545 2116 lueulentius
1593 2064 1901 2132 apparebit,
1950 2064 1996 2118 si

395 2150 936 2217 animadvertamus,
963 2152 1167 2220 quibus
1198 2152 1472 2208 cuniculis
1503 2155 1748 2210 auctoris
1777 2166 1997 2211 senten-

392 2243 529 2295 tiam
560 2242 852 2303 subruant,
882 2243 1087 2314 quibus
1128 2244 1400 2298 machinis
1426 2246 1611 2301 omnia
1645 2249 1998 2314 conturbent,

390 2335 489 2404 qui
538 2334 810 2388 novellam
846 2336 987 2389 hanc
1031 2335 1433 2391 institutionem
1476 2338 1743 2395 hactenus
1782 2340 1997 2396 inaudi-

389 2437 505 2480 tam
540 2426 671 2481 hinc
690 2428 994 2481 extundere
1016 2440 1306 2482 conantur.
1350 2428 1537 2485 Primo
1565 2432 1868 2487 Salmasius
1900 2434 1997 2489 ob-

395 2527 585 2573 servat
614 2518 973 2586 impcstorem
998 2534 1183 2585 suum,
1200 2520 1469 2591 lgnatium
1493 2531 1765 2588 nostrum,
1788 2525 1998 2581 dixisse

390 2611 792 2683 πρεσϐυτέριον
812 2626 935 2667 esse
966 2612 1131 2682 νόμον
1151 2612 1411 2685 Χριστοῦ,
1441 2616 1568 2685 quia
1594 2632 1659 2669 ex
1698 2616 1997 2670 institutio-

392 2722 457 2757 ne
484 2713 538 2759 et
569 2704 844 2758 voluntate
884 2702 1089 2760 Christi
1134 2704 1499 2759 introductum
1543 2716 1662 2773 est,
1710 2706 1995 2763 Sotionem

391 2808 581 2853 autem
610 2797 898 2864 laudasse,
947 2798 1093 2867 quod
1121 2798 1381 2868 episcopo
1417 2798 1701 2869 subjectus
1723 2807 1888 2867 esset,
1920 2799 1998 2864 ὡς

390 2892 579 2963 χάριτι
606 2890 768 2958 Θεοῦ,
793 2900 853 2945 ut
889 2892 1081 2962 gratite
1111 2890 1227 2957 Dei,
1260 2907 1363 2963 quo
1404 2909 1593 2947 novam
1617 2894 1751 2947 hanc
1778 2895 1998 2949 institue

392 2986 593 3039 tionem
632 2984 867 3054 episcopi
905 2984 1225 3054 presbyteris
1261 2986 1650 3056 superponendi
1681 2985 1792 3041 Deo
1830 2987 1993 3041 etiam

389 3078 601 3146 placere
622 3077 938 3130 extenderet.
970 3073 1078 3129 Sed
1104 3074 1229 3145 quis
1255 3091 1499 3146 unquam
1532 3091 1597 3131 ex
1625 3091 1692 3131 eo
1736 3077 1994 3133 ostende-

393 3177 480 3222 ret
511 3168 895 3236 episcopatum
932 3164 1269 3236 presbyteris
1300 3166 1478 3234 primo
1501 3167 1992 3237 superimpositum

2111 670 2242 725 riter
2267 680 2522 738 utantur;
2557 680 2766 726 tantam
2799 673 2849 728 ei
2871 674 3051 729 cilicio
3075 675 3392 747 dignitatem
3423 681 3698 750 attribuit,

2108 772 2170 818 ut
2201 764 2273 819 ob
2302 780 2593 833 personam
2623 766 2918 822 evilescere
2944 784 3052 822 non
3091 770 3306 825 debeat.
3338 771 3384 825 A
3414 774 3701 846 presbyte—

2108 857 2186 910 ris
2213 856 2350 911 nihil
2393 857 2622 913 omnino
2670 861 2808 929 petit
2861 877 2876 914 :
2921 862 3068 933 quod
3118 878 3309 920 eorum
3364 866 3600 924 cilicium
3642 871 3696 925 in

2107 948 2211 1003 hac
2238 964 2296 1004 re
2319 949 2409 1016 sit,
2449 966 2516 1005 ne
2540 952 2699 1007 docet
2730 952 2972 1022 quidem,
3008 955 3154 1023 quod
3186 971 3283 1012 eos
3328 959 3463 1014 satis
3491 960 3558 1014 ad
3591 962 3698 1017 hoc

2105 1043 2480 1109 praestandum
2512 1053 2795 1113 promptos
2827 1056 2882 1099 et
2910 1046 3121 1102 alacres
3143 1063 3267 1105 esse
3300 1051 3565 1107 novisset.
3592 1051 3700 1107 Eo—

2106 1150 2229 1189 rum
2262 1134 2428 1204 igitur
2459 1136 2770 1207 exemplum
2811 1138 2953 1208 plebi
2977 1141 3237 1210 proponit
3261 1184 3276 1208 ,
3316 1144 3695 1213 aequissimum

2104 1241 2227 1282 esse
2249 1227 2528 1298 judicans,
2562 1238 2621 1284 ut
2659 1230 2736 1284 illi
2766 1232 3001 1302 populus
3025 1248 3151 1287 cum
3188 1235 3339 1289 omni
3388 1240 3697 1293 reverentia

2104 1317 2493 1387 subjiceretur,
2531 1319 2622 1374 cui
2671 1321 2975 1393 presbyteri
3024 1323 3144 1378 sine
3186 1324 3293 1379 ulla
3340 1328 3698 1382 excusatione

2102 1420 2377 1478 parerent.
2410 1409 2527 1467 Hoc
2555 1421 2735 1468 autem
2768 1414 2871 1469 sibi
2902 1416 3071 1485 probe
3111 1418 3390 1487 cognitum
3420 1434 3543 1474 esse
3565 1436 3694 1490 pro-

2104 1502 2305 1569 ﬁtetur,
2337 1503 2431 1574 qui
2465 1521 2573 1560 non
2598 1515 2810 1561 tantum
2842 1506 3067 1562 Damam
3090 1510 3407 1580 episcOpum
3440 1527 3565 1567 cum
3595 1511 3696 1567 Sc-

2106 1597 2257 1651 tione
2287 1596 2523 1652 diacono
2554 1598 2676 1668 ejus
2699 1640 2713 1666 ,
2748 1601 2840 1656 sed
2874 1613 2928 1656 et
2972 1600 3224 1669 Bassum,
3248 1613 3304 1658 et
3342 1604 3692 1673 Apollonium

2100 1690 2455 1762 presbyteros
2486 1706 2698 1756 secum.
2728 1703 2861 1749 tunc
2890 1710 3014 1749 cum
3055 1696 3342 1755 scriberet,
3394 1697 3589 1753 habuit
3615 1715 3629 1767 ;
3661 1716 3692 1754 a

2100 1784 2304 1853 quibus
2331 1786 2500 1854 probe
2530 1785 2799 1841 intellexit
2824 1803 2989 1857 quam
3025 1788 3283 1859 episcopo
3328 1804 3431 1845 suo
3469 1791 3694 1861 presby-

2102 1878 2204 1933 teri
2238 1879 2602 1934 reverentiam
2633 1879 2985 1935 exhibuerint
3016 1895 3029 1931 :
3069 1880 3214 1935 unde
3241 1896 3337 1950 per
3361 1891 3528 1936 totam
3562 1881 3694 1952 Epi—

2103 1969 2299 2025 stclam
2330 1986 2612 2040 nunquam
2631 1971 2979 2041 presbyteros
3005 1980 3189 2026 monet
3209 1980 3267 2026 ut
3286 1973 3544 2042 episcopo
3568 1988 3689 2038 suo,

2104 2060 2197 2115 sed
2225 2061 2485 2130 pupulum
2517 2070 2753 2127 tantum,
2788 2070 2848 2115 ut
2882 2071 2936 2116 et
2960 2062 3219 2132 episcopo
3246 2072 3302 2116 et
3333 2065 3688 2134 presbyteris.

2103 2160 2290 2221 utpote
2314 2152 2515 2222 optime
2555 2154 3058 2217 consentientibus,
3090 2150 3323 2224 subjecti
3374 2156 3503 2210 sint.
3543 2154 3690 2211 Nihil

2104 2242 2270 2313 igitur
2300 2257 2333 2297 a
2375 2244 2713 2314 presbyteris
2747 2244 2881 2314 petit
2923 2263 2935 2298 :
2988 2260 3054 2300 ne
3085 2245 3311 2299 minima
3342 2245 3563 2315 quidem
3596 2264 3691 2301 vo-

2103 2334 2224 2389 cula
2254 2343 2357 2399 est,
2392 2349 2514 2404 qua:
2538 2335 2703 2389 ullam
2740 2336 2974 2405 speciem
3007 2337 3131 2391 talis
3164 2337 3444 2407 petitionis
3473 2346 3568 2392 aut
3590 2354 3687 2394 ex--

2104 2426 2430 2483 hortaticnis
2461 2443 2570 2497 prae
2606 2444 2664 2483 se
2694 2427 2853 2482 ferat.
2884 2427 2988 2495 Qui
3013 2444 3128 2483 rem
3160 2444 3357 2484 novam
3406 2433 3691 2487 sententia:

2104 2516 2305 2573 inferre
2344 2519 2552 2585 voluit,
2597 2536 2796 2575 novam
2837 2522 3153 2591 petitionem
3187 2524 3535 2596 excogitavit,
3569 2527 3690 2582 sine

2102 2624 2211 2678 qua
2234 2624 2297 2664 ea
2324 2609 2513 2664 inferri
2544 2611 2693 2665 nullo
2732 2612 2898 2667 modo
2921 2613 3117 2683 potuit.
3156 2610 3263 2667 Sed
3297 2613 3540 2685 lgnatius
3563 2619 3690 2672 uni-

2100 2715 2221 2756 cam
2253 2700 2691 2758 exhortationem
2733 2704 2801 2760 ad
2830 2706 3091 2775 populum
3118 2707 3487 2778 persequitur,
3519 2725 3686 2781 quam

2099 2795 2354 2865 exemplo
2395 2795 2840 2867 presbyterorum
2888 2798 3089 2867 premit
3128 2810 3425 2871 urgetque,
3470 2801 3685 2866 καθὼς,

2100 2888 2299 2958 inquit,
2340 2885 2536 2955 ἔγνων,
2562 2887 3029 2958 quemadmodum
3073 2890 3304 2961 cognovi
3337 2891 3686 2963 presbyteros

2099 2978 2376 3033 animatos
2405 2992 2552 3041 esse,
2584 2978 2658 3032 ita
2689 2986 2743 3033 et
2773 2994 2872 3034 vos
2898 2980 3125 3037 animati
3154 2981 3294 3036 sitis.
3322 2979 3481 3037 Nulla
3520 2983 3687 3053 igitur

2099 3076 2217 3121 arte
2247 3066 2507 3136 populum
2542 3067 2860 3137 aggreditur
2884 3067 3349 3139 lgnatius,'multc
3374 3072 3559 3127 minus
3577 3075 3684 3128 alia

2097 3158 2357 3227 populum
2380 3198 2396 3224 ,
2436 3156 2548 3211 alia
2591 3159 2921 3229 presbyteros
2967 3171 3083 3217 arte
3118 3165 3445 3233 aggreditur,
3479 3176 3539 3219 ut
3569 3167 3685 3222 vult

390 3260 571 3316 fuisse
597 3261 774 3331 gratia
827 3258 963 3321 Dei,
991 3258 1122 3328 quia
1166 3259 1564 3328 presbyterium
1615 3274 1682 3314 ex
1733 3259 1850 3328 lege
1894 3257 1990 3312 Dei
2020 3297 2061 3353 ϐ
2102 3246 2430 3313 Salmasius,
2462 3263 2603 3318 quos
2644 3264 2711 3303 ex
2767 3249 3011 3319 ipsorum
3061 3256 3477 3309 conversatione
3534 3257 3686 3311 novit

390 3353 780 3422 pwscriptum
824 3360 930 3417 est,
974 3351 1325 3421 episcopatus
1365 3351 1462 3405 illo
1505 3351 1761 3421 superior
1795 3367 1863 3405 ex
1892 3367 1991 3406 vo-

392 3445 611 3499 luntate
666 3444 952 3497 hominum
991 3443 1360 3509 introductus,
1390 3453 1445 3498 et
1478 3444 1696 3513 quidem
1741 3444 1835 3498 diu
1866 3454 1993 3515 post

390 3537 779 3609 apostolorum
798 3536 1048 3591 omnium
1083 3536 1475 3593 mortem?Aut
1494 3537 1621 3605 quis
1650 3536 1891 3606 colliget,
1921 3553 1987 3591 ex

386 3646 478 3696 eo,
503 3630 655 3700 quod
685 3629 815 3701 quid
835 3631 1011 3701 gratia
1035 3629 1130 3684 Dei
1152 3628 1353 3684 factum
1371 3644 1492 3684 esse
1508 3629 1730 3695 dicitur,
1758 3630 1898 3683 idem
1922 3646 1988 3683 ex

384 3723 676 3778 voluntate
701 3730 751 3776 et
784 3720 1133 3777 institutione
1155 3719 1339 3774 divina
1364 3720 1528 3775 etiam
1568 3718 1826 3789 primmva
1860 3735 1989 3789 pro-

387 3816 599 3871 fectum
626 3830 737 3869 non
769 3816 934 3870 esse?
976 3812 1307 3869 Salmasium
1340 3814 1519 3884 ipsum
1561 3813 1794 3883 appello,
1830 3812 1991 3883 cujus

386 3908 511 3963 haec
542 3908 711 3963 verba
747 3916 879 3962 sunt
911 3923 924 3957 :
960 3905 1130 3971 Quasi
1153 3923 1272 3959 vero
1303 3923 1365 3960 ea
1401 3922 1520 3975 qute
1554 3920 1619 3958 ea:
1651 3904 1988 3958 institutione

385 3998 595 4053 Christi
627 4007 939 4062 manarunt,
969 4014 1074 4051 non
1099 3998 1261 4051 etiam
1289 3997 1382 4051 Dei
1411 3998 1645 4069 gratiam
1674 3997 1984 4067 pra’j'erant.

386 4093 467 4147 Ea
494 4093 617 4149 sine
638 4092 789 4148 omni
817 4091 986 4147 dubio
1016 4090 1301 4161 scriptoris
1330 4106 1488 4145 mens
1515 4089 1639 4154 fuit,
1663 4090 1755 4161 qui
1774 4090 1988 4158 episco-

385 4185 572 4256 palem
602 4185 877 4249 ordinem,
917 4194 1192 4254 quatenus
1214 4183 1556 4254 presbyterio
1593 4182 1987 4251 superimposi-

385 4289 477 4335 tus
504 4288 627 4343 est,
673 4292 820 4332 nunc
869 4277 1031 4349 χάριν
1078 4274 1244 4343 Θεοῦ,
1282 4291 1430 4330 nunc
1463 4270 1689 4347 γνώμην
1720 4273 1983 4345 Χριστοῦ,

385 4388 540 4427 nunc
570 4373 671 4443 τὴν
703 4370 926 4443 ἐντολήν
966 4370 1239 4441 appellat,
1275 4370 1523 4439 adeoque
1556 4385 1621 4423 ex
1654 4370 1829 4440 gratia
1866 4366 1984 4433 Dei,

383 4481 453 4520 ex
485 4465 764 4521 sententia
792 4463 1025 4526 Christi,
1057 4479 1123 4518 ex
1155 4464 1415 4518 mandato
1458 4462 1646 4517 divino
1674 4462 1983 4517 institutum

386 4556 565 4612 fuisse
593 4556 774 4610 docet.
802 4554 1032 4609 Frustra
1048 4553 1214 4623 igitur
1239 4554 1546 4623 excogitata
1564 4563 1647 4608 est
1670 4552 1758 4605 illa
1788 4552 1985 4606 distin-

2094 3341 2162 3396 ad
2192 3341 2553 3395 reverentiam
2594 3340 2853 3411 episcopo
2891 3344 3254 3400 exhibendam
3305 3348 3438 3402 satis
3490 3359 3685 3418 sponte

2094 3452 2193 3491 sua
2225 3435 2377 3490 ferri.
2419 3434 2567 3489 Adeo
2612 3435 2812 3489 misere
2854 3437 3003 3491 hunc
3043 3437 3224 3492 locum
3260 3442 3418 3494 torsit
3467 3439 3679 3495 Salma-

2094 3529 2231 3592 sius,
2259 3538 2319 3583 ut
2347 3529 2415 3583 ad
2457 3544 2614 3584 suam
2662 3529 2989 3583 sententiam
3021 3544 3147 3583 eum
3182 3531 3443 3586 traheret.
3491 3532 3681 3605 Neque.

2092 3623 2317 3677 mirum.
2345 3621 2546 3676 Totum
2568 3621 2713 3675 enim
2739 3622 2872 3676 illud
2896 3622 3208 3690 aedilicium,
3244 3624 3392 3694 quod
3417 3625 3534 3696 ipse
3551 3643 3678 3683 cum

2092 3714 2397 3782 Blondello,
2436 3714 2504 3769 de
2528 3714 2885 3769 successione
2912 3715 3152 3783 proximi
3182 3716 3487 3787 presbyteri
3516 3718 3570 3773 in
3597 3719 3679 3774 lo-

2092 3823 2218 3863 cum
2248 3823 2347 3863 seu
2374 3807 2669 3877 primatum
2688 3806 3023 3871 decedentis,
3048 3817 3414 3873 exstruxerat,
3444 3811 3546 3866 hoc
3569 3828 3679 3867 uno

2093 3900 2407 3955 testimonio
2428 3898 2735 3967 subruitur,
2752 3908 2806 3953 et
2827 3897 3073 3955 funditus
3099 3900 3382 3955 evertitur.
3402 3900 3504 3956 Ubi
3529 3904 3675 3958 enim

2090 3991 2183 4046 illa
2210 3991 2490 4046 successio
2510 3990 2670 4060 primi
2696 3990 2996 4046 secundum
3030 3992 3427 4048 institutionem
3450 3996 3676 4068 presby-

2091 4083 2194 4139 teri
2243 4099 2300 4138 tn
2343 4085 2524 4139 locum
2554 4083 2832 4151 defuncti,
2865 4083 2961 4138 ubi
3008 4083 3239 4153 Damas,
3277 4096 3436 4142 relate
3460 4087 3673 4157 junicr,

2090 4178 2187 4234 toti
2231 4178 2573 4250 presbyterio
2624 4179 2961 4249 praeﬁcitur?
3008 4176 3166 4233 Unde
3217 4180 3353 4234 tanti
3404 4181 3675 4253 privilegii

2089 4286 2223 4326 usus
2245 4278 2488 4340 apparet,
2528 4286 2654 4325 cum
2681 4272 2784 4341 ipsi
2816 4271 3119 4342 presbyteri
3155 4270 3205 4326 ei
3232 4271 3311 4327 rei
3346 4281 3455 4327 tam
3490 4290 3675 4345 prom-

2088 4374 2177 4434 pte
2195 4365 2566 4420 consentirent
2588 4366 2611 4419 ?

2155 4459 2324 4515 Miror
2355 4468 2535 4514 autem
2570 4458 2891 4532 Dionysium
2930 4458 3238 4527 Petavium,
3272 4462 3366 4533 qui
3397 4463 3674 4522 Salmasio

2088 4550 2226 4605 adeo
2252 4551 2573 4605 adversatus
2602 4558 2707 4615 est,
2737 4566 2863 4603 eum
2912 4558 3093 4605 tamen
3127 4554 3180 4605 in
3211 4552 3315 4608 hac
3346 4554 3673 4624 interpreta-

382 4652 496 4705 ctio
544 4650 688 4705 inter
718 4648 953 4720 gratiam
997 4658 1051 4702 et
1094 4649 1264 4718 legem
1305 4648 1400 4703 Dei
1443 4649 1839 4719 evangelicum.
1886 4647 1983 4701 Se-
2019 4647 2059 4700 ι)
2090 4644 2237 4698 tione
2260 4643 2495 4698 duorum
2535 4642 2927 4697 vocabulorum
2954 4652 3202 4699 secutum
3232 4658 3376 4711 esse,
3399 4654 3454 4701 et
3477 4646 3547 4701 ad
3577 4664 3674 4701 tto-

383 4742 595 4803 cundo,
630 4741 814 4795 adhuc
860 4737 1209 4795 manifestius
1241 4740 1354 4793 vim
1396 4740 1518 4795 loco
1565 4738 1729 4795 infert
1758 4740 1986 4793 minimc

384 4833 699 4897 ferendam,
751 4831 881 4885 dum
914 4829 1186 4901 duplicem
1229 4845 1296 4885 ex
1334 4829 1420 4884 his
1452 4829 1632 4884 verbis
1665 4828 1983 4899 petitionem

381 4924 670 4996 proponit,
700 4932 763 4977 ut
788 4922 856 4977 de
898 4922 1064 4977 rebus
1103 4922 1319 4977 duabus
1343 4923 1666 4991 scriptorem
1709 4937 1890 4992 agere,
1918 4922 1985 4977 de

378 5020 681 5089 jnventute
727 5016 939 5070 scilicet
985 5014 1227 5084 episcopi
1261 5024 1315 5069 et
1354 5014 1597 5069 novitate
1633 5014 1984 5082 episcopatus

381 5112 608 5163 doceat.
642 5104 821 5161 Unam
852 5105 1168 5175 petitionem
1200 5104 1267 5159 ad
1298 5103 1537 5173 plebem,
1567 5103 1732 5157 aliam
1762 5103 1829 5156 ad
1860 5119 1984 5173 pre-

384 5202 645 5272 sbyteros
673 5198 877 5270 dirigit.
916 5197 1087 5263 Petit,
1120 5197 1322 5267 inquit,
1354 5213 1387 5250 a
1413 5196 1579 5268 plebe,
1613 5207 1670 5250 ut
1690 5212 1793 5250 non
1820 5196 1981 5250 nimis

384 5290 739 5361 familiariter
760 5306 878 5343 cum
896 5290 1138 5358 episcopo
1167 5298 1314 5358 agat,
1343 5288 1484 5358 quod
1516 5287 1981 5355 videaturjunior;

379 5386 516 5454 petit
547 5400 581 5435 α
600 5382 942 5452 presbyteris,
980 5389 1038 5434 ut
1064 5381 1176 5435 sine
1205 5379 1902 5451 prtejndicioapprobandaz
1932 5390 1982 5433 et

380 5475 706 5544 recipienda:
757 5474 973 5529 novella:
1019 5473 1178 5544 hujus
1220 5473 1577 5528 institutionis
1604 5514 1619 5536 ,
1651 5475 1903 5527 honorem
1932 5475 1980 5527 ei

379 5567 675 5635 deferrent.
702 5563 779 5620 lta
803 5563 1105 5635 Epistolam
1156 5564 1363 5634 duplici
1408 5564 1634 5619 nomine
1670 5564 1978 5633 petitoriam

378 5658 669 5727 proponit,
694 5674 821 5714 cum
850 5674 921 5713 ne
944 5673 1053 5712 una
1082 5658 1304 5727 quidem
1330 5656 1419 5711 hic
1442 5656 1631 5725 petitio
1652 5656 1744 5719 sit,
1775 5656 1976 5710 nedum

377 5749 527 5805 dure.
548 5746 668 5801 Non
690 5748 820 5818 petit
838 5746 1089 5820 lgnatius
1109 5747 1408 5817 quidquam
1428 5762 1457 5800 a
1473 5746 1693 5816 populo,
1710 5746 1804 5800 sed
1820 5745 1997 5815 docet

379 5841 519 5914 quid
553 5856 652 5896 eos
691 5843 925 5907 deceat;
963 5842 1096 5907 ὑμῖν
1122 5840 1179 5894 δὲ
1216 5838 1450 5911 πρέπει,
1500 5838 1698 5908 inquit,
1742 5837 1816 5908 μὴ
1849 5854 1976 5906 συγ·

379 5932 621 6006 χρᾶσθαι
651 5937 716 6006 τῇ
748 5934 936 6008 ἡλικίᾳ
989 5933 1085 5987 τοῦ
1128 5932 1462 5999 ἐπισκόπου,
1499 5932 1815 5988 indecorum
1853 5946 1977 5989 esse

2086 4750 2213 4789 vam
2270 4734 2641 4803 conjecturam
2671 4734 2798 4789 inde
2848 4734 3185 4806 confugisse.
3217 4737 3540 4810 Νεωτερικὴ
3573 4740 3672 4794 τάν

2088 4823 2170 4890 Et;
2193 4864 2208 4889 ,
2246 4825 2421 4895 inquit
2469 4825 2581 4891 ille,
2622 4827 2827 4881 novitia
2858 4836 2913 4882 et
2963 4842 3155 4883 recens
3179 4837 3265 4884 est
3315 4830 3589 4888 ordinatio
3616 4842 3671 4888 et

2086 4917 2379 4973 institutio.
2408 4916 2509 4972 Per
2538 4917 2688 4972 illam
2720 4928 2902 4973 autem
2935 4934 3043 4972 non
3074 4919 3339 4974 intellexit
3371 4920 3672 4979 institutio-

2086 5025 2211 5065 nem
2249 5010 2463 5066 ordinis
2497 5011 2828 5082 episcopalis
2869 5026 2991 5066 cum
3025 5009 3318 5075 Salmasic,
3350 5013 3447 5069 sed
3480 5015 3669 5084 aliam,

2084 5118 2250 5173 quam
2285 5104 2400 5174 ipse
2422 5112 2770 5160 commentus
2794 5113 2911 5171 est;
2945 5105 3093 5159 illam
3129 5120 3342 5174 nempe,
3367 5124 3485 5177 qua:
3522 5126 3669 5163 com--

2084 5198 2279 5252 moveri
2303 5207 2353 5251 et
2382 5197 2587 5267 jactari
2619 5206 2728 5252 tum
2770 5209 3016 5268 mperat,
3072 5197 3343 5252 nonnullis
3370 5216 3463 5268 per
3493 5202 3668 5254 ambi-

2087 5288 2284 5342 tionem
2350 5300 2397 5343 et
2472 5290 2820 5359 cupiditatem
2889 5291 3223 5346 introdu:ere
3286 5291 3667 5359 molientibus;

2083 5381 2360 5447 nimirum,
2385 5391 2442 5435 ut
2480 5384 2812 5451 episcopatus
2852 5400 2953 5436 non
2982 5383 3149 5437 libera
3186 5382 3436 5439 electione
3474 5385 3538 5438 ab
3574 5387 3665 5454 iis,

2082 5489 2305 5543 quorum
2336 5474 2610 5540 intererat,
2642 5474 2732 5528 sed
2760 5491 2823 5529 ex
2850 5477 3023 5529 relatis
3052 5476 3129 5530 vel
3152 5479 3399 5546 temporis
3431 5488 3667 5532 anteces-

2083 5564 2249 5629 sione,
2282 5567 2461 5635 quoin
2488 5565 2687 5620 clerum
2726 5575 2877 5620 erant
2922 5568 3202 5638 assumpti,
3226 5577 3285 5621 ut
3310 5585 3413 5623 nm
3454 5570 3665 5640 dignis-

2082 5659 2248 5713 simus
2274 5658 2514 5729 quisque,
2543 5659 2634 5715 sed
2660 5659 3068 5730 antiquissimus
3107 5670 3406 5728 caperetur.
3439 5660 3515 5714 lta
3553 5662 3664 5715 duo

2081 5749 2263 5819 magni
2293 5749 2394 5802 viri
2419 5764 2485 5804 ex
2517 5751 2787 5805 diametro
2813 5751 3047 5821 oppositi
3076 5764 3224 5806 sunt.
3257 5751 3349 5807 Ille
3379 5750 3520 5806 hanc
3560 5768 3662 5807 an-

2081 5840 2289 5909 tiquam
2336 5840 2735 5897 institutionem
2766 5851 2953 5913 putat,
2979 5844 3071 5898 hic
3119 5844 3381 5898 novitiam
3414 5862 3425 5897 :
3458 5843 3547 5899 ille
3593 5845 3663 5897 ab

2084 5932 2399 6003 apostolicis
2431 5935 2767 6006 temporibus
2797 5935 3109 6003 deductam,
3150 5936 3241 5991 hic
3271 5951 3381 5991 non
3407 5945 3518 5989 tam
3566 5950 3664 6004 per
