4136 6394
493 474 558 529 47
1584 454 1640 509 S.
1678 450 2024 509 IGNATIUS.
2067 479 2134 488 —
2169 443 2706 503 PROLEGOMENA.
3676 443 3744 498 .53

494 567 846 624 ambitionem
873 558 1265 619 introductam,
1297 567 1461 623 quam
1486 567 1514 605 a
1540 550 1897 619 presbyteris,
1932 549 2062 602 dum
2097 553 2141 607 Α
2170 551 2347 597 sonat.
2380 539 2456 595 lta
2488 540 2654 610 igitur
2700 546 2874 604 verto,
2899 538 2956 590 οὐ
2995 536 3459 608 προσειληφότας,
3510 552 3612 589 non
3658 553 3742 589 co-

493 662 584 717 alii
616 657 801 714 nescio
824 652 918 723 qui
948 666 1067 706 eam
1128 648 1474 702 introducere
1506 651 1859 707 conarentur,
1900 656 2063 710 repu-

492 754 717 807 diatam.
751 745 855 801 Sed
890 743 1052 799 talem
1100 739 1497 793 institutionem
1529 745 1622 789 aut
1646 747 1887 802 unquam
1921 733 2066 785 obti-

496 843 702 905 nuisse,
729 848 825 892 aut
866 844 1000 889 tunc
1054 832 1397 901 repudiatam
1443 842 1564 881 esse
1613 833 1806 877 neuter
1846 821 2059 891 probat.

493 931 841 987 Timotheum
873 924 1131 981 Ecclesia:
1159 920 1467 991 Ephesium,
1504 926 1558 972 et
1593 916 1818 970 Damam
1844 914 2067 985 Magne-

494 1026 661 1080 sianze
692 1022 970 1093 iuniorem
1026 1014 1377 1086 praepositum
1435 1009 1606 1063 fuisse
1654 1008 1925 1062 fatentur:
1971 1004 2066 1059 sed

492 1119 716 1188 quinam
759 1114 834 1168 illi
868 1110 1092 1174 fuerint,
1125 1105 1219 1175 qui
1280 1113 1337 1156 ut
1376 1099 1714 1170 antiquitatis
1762 1097 1899 1150 ratio
1929 1110 2067 1165 prat-

490 1211 643 1279 cipue
686 1206 968 1259 duceretur
1019 1215 1110 1269 per
1161 1196 1417 1250 ambitum
1446 1204 1495 1247 et
1546 1192 1827 1261 factionem
1859 1204 2066 1257 pugna-

494 1277 643 1366 bant,
695 1297 935 1351 nondum
983 1290 1364 1360 intelligimus.
1416 1284 1552 1339 Nam
1605 1282 1752 1353 quod
1798 1277 2067 1349 ejusmodi

495 1397 667 1451 fuisse
697 1389 1101 1448 contentionem
1158 1384 1307 1438 illam
1340 1379 1525 1435 credat
1569 1375 1852 1439 Petavius,
1887 1389 2011 1442 qua».
2039 1386 2069 1424 a

493 1488 774 1543 Clemente
802 1479 1087 1553 epistolam
1124 1476 1191 1530 ad
1208 1472 1535 1529 Corinthios
1562 1468 1852 1553 expressit,
1878 1465 1928 1519 id
1954 1464 2073 1518 sine

496 1581 609 1635 ullo
636 1547 992 1634 fundamento
1025 1570 1247 1626 dicitur.
1280 1566 1361 1620 Illi
1402 1564 1549 1619 enim
1594 1547 1737 1616 unus
1782 1571 1831 1615 et
1866 1559 2003 1611 alter
2026 1557 2072 1611 si

496 1687 557 1728 se
594 1669 899 1741 prieteritos
950 1678 1071 1720 esse
1119 1658 1413 1724 doluerint,
1462 1666 1573 1710 tam
1628 1648 1878 1725 'juniores
1907 1664 2072 1719 quam

496 1763 741 1818 seniores
770 1774 913 1822 esse,
946 1765 1057 1810 tam
1080 1768 1181 1824 pro
1202 1751 1401 1806 merito
1431 1762 1593 1818 quam
1640 1760 1741 1815 pro
1781 1752 1937 1797 tetate
1974 1754 2075 1811 pu-

500 1867 668 1925 gnare
698 1857 1012 1921 potuerunt.
1066 1844 1395 1911 Quicunque
1449 1849 1628 1892 autem
1686 1834 1920 1899 fuerint,
1980 1846 2074 1886 eos

2169 638 2421 706 gitantes,
2475 651 2575 687 non
2629 632 3041 695 considerantes,
3103 647 3207 684 non
3264 631 3618 700 respicientes.
3679 629 3750 685 [lt

2170 726 2562 795 Paraphrastcs
2584 765 2597 788 ,
2648 724 2706 775 οὐ
2746 723 2883 795 πρὸς
2931 722 3031 793 τὴν
3067 722 3397 793 φαινομένην
3428 721 3752 793 ἀφορῶντας

2170 818 2421 887 νεότητα.
2476 815 2592 867 Non
2622 814 2766 866 enim
2821 814 2909 867 hic
2956 812 3239 882 lgnatiana
3298 813 3593 866 miserrimc
3625 830 3747 882 per—

2176 909 2329 963 vertit
2366 908 2477 973 ille,
2504 906 2700 961 utvult
2743 904 3065 971 Salmasius,
3093 905 3183 958 sed
3218 903 3445 957 fideliter
3484 911 3538 959 et
3591 904 3753 974 plane

2172 999 2432 1069 explicat.

2242 1090 2445 1157 Quare,
2500 1105 2624 1145 cum
2670 1089 2785 1143 haec
2841 1097 3051 1143 aetatem
3113 1086 3295 1142 Damae
3346 1086 3751 1159 Magnesiorum

2171 1181 2409 1251 episcopi
2447 1178 2828 1234 tantummodo
2880 1178 3196 1247 respiciant,
3245 1195 3368 1233 cum
3399 1191 3593 1233 auctor
3619 1178 3751 1248 Epi-

2173 1270 2439 1326 stolarum
2466 1270 2670 1341 ubique
2700 1270 3074 1339 episcopatum
3099 1284 3128 1322 a
3178 1267 3402 1323 Christo
3434 1269 3751 1323 institutum

2173 1377 2294 1417 esse
2318 1361 2609 1431 signiticet,
2641 1376 2764 1415 cum
2802 1360 3143 1413 Christianos
3186 1375 3400 1421 omnes,
3439 1360 3600 1413 etiam
3626 1376 3752 1430 pre-

2174 1455 2447 1523 sbyteros,
2503 1467 2643 1522 quos
2698 1467 2728 1506 a
2781 1450 2892 1505 Deo
2920 1452 3201 1505 institutos
3253 1449 3419 1505 fuisse
3470 1451 3653 1517 docet,
3693 1460 3756 1506 ut

2176 1546 2434 1615 episcopo
2468 1552 2700 1615 pareant
2749 1551 3074 1599 constanter
3127 1551 3364 1608 moneat,
3412 1559 3535 1598 cum
3563 1559 3756 1598 omnes

2176 1638 2269 1707 qui
2304 1638 2381 1691 illi
2409 1638 2522 1706 jam
2556 1638 2690 1707 ipsis
2729 1636 3157 1705 superimposito
3195 1635 3561 1706 refragantur,
3612 1637 3754 1689 mala

2177 1729 2515 1782 conscientia
2575 1728 2771 1797 premi,
2804 1736 2860 1782 et
2906 1728 3125 1783 diabolo
3170 1727 3435 1782 inservire
3461 1728 3754 1795 ostendat;

2181 1821 2356 1889 palam
2382 1828 2486 1885 est,
2522 1820 2667 1874 hunc
2697 1820 2879 1874 locum
2933 1818 3001 1874 de
3056 1820 3266 1874 novella
3302 1820 3649 1889 episcopatus
3672 1822 3758 1874 in-

498 1911 618 2013 ipse
646 1911 755 1996 non
801 1937 869 1994 de
916 1937 1257 2008 episcopatu.
1300 1934 1395 1987 sed
1441 1927 2069 1999 presbyteratuconten—
2097 1936 2144 1996 Β
2175 1911 2459 1966 stilutione
2495 1911 2723 1982 intelligi
2774 1926 2886 1966 non
2933 1928 3115 1982 posse.
3170 1913 3280 1966 Aut
3306 1914 3354 1967 si
3400 1913 3525 1983 quis
3560 1914 3630 1967 sit
3657 1914 3756 1983 qui

502 2011 651 2087 disse
696 2029 918 2094 fatetur,
977 2035 1030 2080 et
1084 2024 1457 2093 conjecturam
1515 2032 1669 2071 suam
1729 2011 2072 2067 Salmasiana

498 2121 939 2179 verisimiliorem
970 2127 1181 2172 tantum
1214 2128 1337 2168 esse
1382 2109 1536 2173 dicit,
1565 2122 1664 2177 pro
1687 2106 1912 2159 veritate
1951 2102 2072 2171 ejus

501 2214 793 2272 asserenda
824 2210 962 2267 nihil
1021 2208 1197 2264 affert.
1267 2203 1374 2259 Sed
1419 2202 1582 2256 video
1612 2199 1757 2254 unde
1777 2197 1831 2251 in
1862 2204 2075 2251 tantam

503 2304 966 2368 incertitudinem,
996 2309 1220 2368 tamque
1243 2292 1659 2367 improbabilcm
1697 2288 2073 2359 conjecturam

493 2396 755 2451 inciderit
794 2394 877 2447 vir
923 2390 1299 2447 doctissimus.
1347 2384 1525 2440 Verba
1564 2382 1653 2436 illa
1701 2378 1977 2451 lgnatiana
2013 2376 2074 2429 οὐ

504 2482 937 2558 προσειληφότας
974 2480 1114 2533 male
1145 2478 1305 2547 cepit.
1333 2475 1582 2534 Omnino,
1611 2471 1808 2539 inquit,
1866 2470 2079 2538 presby-

504 2592 641 2633 teros
674 2574 977 2645 repudiasse
1034 2587 1125 2625 nec
1155 2570 1435 2622 admisisse
1464 2565 1600 2619 illud
1657 2564 1868 2628 asserit,
1913 2562 2079 2631 quod-

503 2683 707 2737 cunque
768 2664 981 2718 tandem
1028 2658 1357 2732 νεωτερικὴν
1409 2656 1563 2721 τάξιν
1616 2655 1868 2723 appellat.
1939 2654 2077 2708 Cum

506 2762 674 2831 igitur
721 2770 825 2811 nec
870 2754 1233 2826 juventutem,
1284 2764 1387 2804 nec
1429 2748 1792 2819 episcopalem
1828 2746 2078 2800 ordinem

507 2848 917 2921 repudiaverim
971 2842 1259 2918 Magnesii,
1304 2850 1366 2897 ut
1411 2856 1479 2896 ex
1513 2840 1634 2911 ipso
1677 2841 1798 2894 loco
1829 2847 2078 2903 constat;

506 2942 655 2998 aliud
687 2939 891 3011 aliquid
932 2935 1353 3008 excogitandum
1376 2932 1588 3005 putavit
1636 2931 1910 2997 Petavius,
1933 2930 2079 3001 quod

506 3036 579 3090 ab
653 3034 762 3088 illis
828 3030 1179 3101 repudiatum
1261 3036 1387 3092 est,
1451 3024 1708 3096 quodque
1784 3020 2083 3095 νεωτερικὴ

505 3125 661 3191 τάξις
694 3122 881 3178 vocari
916 3129 1121 3191 posset.
1169 3119 1237 3173 Et
1286 3133 1478 3172 omnes
1520 3116 1737 3188 quidem
1769 3115 1862 3184 qui
1889 3129 2085 3167 νεωτε-

509 3219 669 3289 ρικὴν
702 3213 856 3279 τάξιν
889 3212 1147 3267 novellam
1179 3211 1567 3265 institutionem
1606 3208 1860 3270 reddunt,
1904 3205 1957 3257 in
1991 3204 2083 3257 illa

502 3281 643 3363 voce
694 3303 1129 3379 προσειληφότας
1191 3301 1511 3371 explicanda
1590 3299 1819 3353 luerent.
1885 3281 2152 3358 Καθὼςε

508 3399 679 3469 ἔγνων
710 3398 805 3451 καὶ
834 3397 963 3460 τοὺς
993 3393 1183 3464 ἁγίους
1229 3390 1658 3464 πρεσϐυτέρους,
1707 3389 1767 3441 οὐ
1802 3386 2088 3459 προσειλη-

508 3494 676 3563 φότας
730 3491 832 3565 τὴν
886 3487 1219 3560 φαινομένην
1267 3481 1599 3555 νεωτερικὴν
1630 3479 1817 3545 τάξιν,
1868 3478 1984 3532 ἀλλ’
2010 3478 2087 3542 ὼς

507 3587 804 3659 φρονίμους
849 3586 908 3637 ὲν
947 3580 1067 3652 Θεῷ
1118 3576 1539 3649 συγχωροῦντας
1587 3571 1769 3642 αὐτῷ,
1824 3571 1905 3626 sic
1961 3570 2085 3623 red-

507 3675 589 3730 dit
629 3671 977 3729 Salmasius:
1027 3668 1178 3725 Sicut
1223 3666 1441 3737 cognovi
1486 3664 1851 3734 presbyteros,
1900 3676 2005 3714 non
2030 3667 2090 3713 ut

509 3768 825 3837 accipientes
854 3779 994 3829 eam,
1032 3777 1162 3833 qua:
1208 3776 1349 3814 nova
1385 3765 1627 3828 apparet,
1677 3756 2085 3817 institutionem,

510 3858 602 3911 sed
628 3868 883 3925 tanquam
933 3852 1216 3923 prudentes
1266 3851 1321 3903 in
1374 3849 1504 3912 Deo,
1530 3846 1770 3900 cedentes
1819 3843 1944 3912 ipsi.
1982 3838 2087 3894 Ubi

511 3947 691 4017 primo
742 3942 838 3998 καί
870 3941 1194 4011 particulam
1221 3940 1442 4007 omittit,
1488 3946 1550 3994 ut
1575 3935 1925 4007 explicationi
1978 3948 2091 3989 suae

512 4036 819 4100 inimicam,
846 4032 996 4103 quod
1046 4048 1110 4087 ea
1141 4031 1399 4086 ostendat
1435 4031 1757 4100 scriptorem
1796 4028 1864 4081 de
1899 4026 2089 4081 eadem

514 4145 575 4183 re
605 4126 779 4195 loqui,
812 4140 938 4186 cum
988 4124 1437 4195 presbyterorum
1472 4122 1778 4191 exemplum
1808 4116 2090 4187 proponit,

450 4226 459 4233 '
514 4222 583 4276 de
610 4234 719 4289 qua
749 4216 1012 4288 populum
1065 4222 1376 4278 monuerat,
1424 4213 1653 4289 scilicet,
1682 4211 1749 4265 de
1788 4218 1948 4264 aetate
1978 4205 2093 4275 epi-

516 4310 671 4382 SCOpi
697 4329 711 4365 :
760 4285 922 4363 aliter
948 4308 1095 4364 enim
1121 4304 1304 4370 καθὼς
1338 4285 1664 4374 καίέιροηί
1695 4318 1805 4357 non
1836 4306 2093 4371 possunt.

518 4400 796 4466 Secundo,
821 4398 1072 4454 voculam
1118 4405 1180 4452 ut
1236 4396 1302 4451 de
1347 4409 1449 4450 suo
1478 4392 1714 4459 addidit;
1759 4390 1896 4444 vidit
1923 4388 2093 4452 enim,

518 4510 623 4550 non
655 4493 993 4563 accipientes,
1023 4490 1115 4545 hic
1140 4490 1322 4544 locum
1352 4486 1553 4541 habere
1592 4500 1700 4538 non
1726 4497 1909 4553 posse.
1945 4479 2094 4534 The-

2176 2005 2355 2060 adhuc
2380 2005 2609 2068 dubitet,
2640 2020 2709 2057 an
2737 2004 2854 2058 haec
2876 2005 3060 2059 omnia
3114 2004 3181 2058 ad
3204 2012 3417 2058 :etatem
3456 2002 3640 2057 Damze
3670 2020 3759 2058 re-

2180 2096 2308 2150 ferri
2368 2096 2631 2161 debeant;
2684 2111 2811 2151 eum
2869 2096 3098 2151 omnino
3159 2104 3375 2165 oportet
3421 2095 3759 2167 νεωτερικὴν

2176 2185 2330 2252 τάξιν
2363 2186 2430 2240 de
2482 2188 2713 2251 recenti,
2747 2202 2859 2241 non
2902 2186 3253 2256 episcopatus
3293 2202 3386 2240 seu
3424 2186 3608 2250 ollieii,
3660 2187 3757 2241 sed

2182 2279 2419 2335 hominis
2464 2295 2560 2335 seu
2588 2280 2830 2350 episcopi
2856 2280 3199 2334 ordinatione
3231 2278 3617 2349 interpretari;
3649 2278 3761 2331 nisi

2177 2370 2306 2425 velit
2327 2372 2613 2441 scriptoris
2658 2372 2909 2425 instituto
2931 2379 3117 2441 aperte
3146 2371 3540 2425 contradicere.
3566 2370 3764 2425 Fateor

2176 2464 2324 2519 enim
2358 2479 2545 2519 vocem
2579 2466 2911 2535 νεωτερικήν
2955 2464 3023 2518 de
3064 2479 3123 2518 re
3174 2463 3355 2533 aliqua
3386 2464 3627 2527 recenti,
3658 2478 3760 2518 seu

2180 2555 2443 2610 moderna
2489 2557 2746 2625 usurpari
2800 2569 2984 2625 posse,
3042 2564 3099 2610 et
3142 2556 3279 2610 satis
3318 2555 3539 2625 quidem
3561 2555 3762 2623 origini

2181 2662 2295 2702 suae
2324 2663 2585 2718 congrue.
2607 2647 2759 2703 Utde
2781 2647 3010 2703 Hierace
3037 2648 3396 2717 Epiphanius,
3420 2648 3613 2703 haeresi
3642 2647 3712 2701 67
3740 2668 3758 2703 :

2179 2737 2429 2809 ψαλμοὺς
2495 2738 2723 2803 πολλοὺς
2767 2739 3135 2810 νεωτερικοὺς
3179 2740 3475 2793 ἐπλάσατο.
3514 2738 3763 2792 Psalmos

2182 2832 2475 2900 complures
2531 2840 2786 2898 recentes,
2833 2847 2929 2889 seu
2970 2833 3194 2886 novitios
3249 2833 3526 2902 conﬁnxit.
3578 2830 3644 2885 Et
3666 2832 3763 2900 qui

2185 2926 2258 2979 ita
2319 2924 2467 2980 hunc
2533 2924 2859 2994 scriptorem
2926 2923 3253 2979 intellexerit
3298 2924 3367 2979 de
3412 2923 3766 2979 ordinatione

2184 3017 2369 3074 Damae
2405 3027 2653 3073 recenter
2680 3016 2847 3082 facta,
2885 3017 3191 3073 doctrinam
3243 3015 3581 3088 lgnatianam
3632 3015 3764 3069 alibi

2185 3112 2408 3180 copiose
2433 3110 2760 3180 explicatam
2816 3110 2961 3163 haud
2997 3108 3255 3174 violabit;
3302 3108 3395 3163 sed
3429 3123 3593 3177 quam
3631 3121 3767 3160 cou-

2186 3218 2381 3272 gruum
2416 3202 2542 3257 huic
2564 3203 2689 3256 loco
2712 3216 2934 3257 sensum
2961 3216 3025 3255 ea
3056 3199 3502 3269 interpretatione
3525 3199 3767 3252 tribuere

2187 3293 2384 3364 possit,
2417 3293 2535 3362 ipse
2567 3291 2784 3347 viderit.
2818 3289 2934 3345 Vox
2966 3293 3111 3344 enim
3142 3290 3230 3343 illa
3264 3288 3595 3359 φαινομένην
3626 3303 3766 3356 pra:—

2188 3394 2269 3439 ter
2299 3384 2405 3438 alia
2436 3384 2689 3453 superius
2728 3383 2957 3438 adducta
3018 3382 3149 3435 mihi
3194 3381 3477 3452 postulare
3527 3380 3764 3443 videtur,

2188 3486 2249 3531 ut
2279 3474 2578 3547 νεωτερικὴ
2607 3474 2760 3538 τάξις
2800 3474 2868 3528 ad
2910 3482 3126 3528 aetatem
3181 3472 3473 3526 referatur.
3534 3470 3765 3525 Denotat

2187 3568 2333 3622 enim
2378 3568 2500 3623 sine
2527 3567 2696 3621 dubio
2724 3566 2928 3635 aliquid
2964 3566 3110 3635 quod
3147 3580 3214 3619 ex
3252 3574 3545 3632 conspectu
3582 3563 3767 3617 Damae

2189 3658 2522 3728 apparebat;
2552 3665 2613 3710 ut
2645 3655 2953 3711 ostenderet
2977 3668 3102 3708 eum
3151 3652 3304 3707 vultu
3342 3651 3618 3721 juvenem,
3645 3666 3767 3703 mo-

2191 3753 2340 3807 ribus
2364 3752 2563 3806 virum.
2588 3748 2709 3816 Quo
2739 3749 2903 3803 etiam
2935 3747 3048 3812 illa,
3102 3746 3193 3798 τὸν
3228 3744 3529 3798 ἐπίσκοπον
3576 3743 3768 3797 τοῦτον

2187 3848 2280 3901 τὸν
2316 3846 2667 3919 βλεπόμενον,
2703 3859 2828 3915 quae
2856 3843 3042 3899 statim
3070 3842 3125 3896 in
3153 3841 3343 3896 eadem
3385 3837 3647 3909 periocha
3678 3850 3767 3890 se-

2189 3948 2455 4009 quuntur,
2478 3945 2746 4007 spectant.

2263 4031 2401 4085 Dum
2475 4032 2621 4094 haec,
2665 4042 2833 4098 opere
2883 4026 3102 4097 penitus
3132 4024 3305 4091 finito,
3357 4021 3554 4078 Lector
3597 4020 3767 4074 benc-

2192 4118 2333 4183 vole,
2374 4118 2575 4181 scribo,
2606 4124 2971 4186 pervenerunt
2992 4115 3058 4169 ad
3101 4129 3297 4168 manus
3326 4127 3498 4177 meas,
3520 4108 3622 4165 SS.
3657 4107 3767 4161 Pa-

2196 4220 2334 4262 trum
2360 4210 2448 4278 qui
2470 4208 2788 4277 temporibus
2820 4206 3127 4275 apostolicis
3170 4205 3463 4273 ﬂoruerunt
3507 4201 3701 4269 Opera,
3734 4212 3765 4250 a

2192 4299 2404 4354 Joanne
2442 4299 2683 4367 Baptista
2733 4296 3042 4363 Cotelerio,
3111 4294 3388 4350 societatis
3453 4289 3768 4346 Sorbonica:

2196 4390 2452 4461 theologo
2486 4388 2830 4453 doctissimo,
2887 4388 3053 4443 edita.
3114 4385 3235 4452 Quo
3279 4385 3420 4439 libro
3450 4391 3764 4451 conspecto,

2199 4481 2349 4538 hisce
2396 4480 2730 4551 temporibus
2781 4495 2891 4534 non
2945 4480 3097 4548 potui
3145 4494 3253 4533 non
3302 4477 3446 4532 serio
3482 4471 3765 4544 gratulari,

520 4602 645 4642 seos
705 4582 1035 4655 Capelliana
1096 4589 1290 4636 auctor
1348 4579 1503 4634 aliter
1563 4577 1870 4631 versionem
1933 4586 2090 4628 suam
2128 4615 2170 4670 υ
2197 4575 2346 4645 quod
2380 4573 2544 4629 etiam
2576 4573 2631 4625 in
2660 4572 2902 4627 Ecclesia
2926 4572 3230 4636 Gallicana,
3280 4567 3626 4624 libertatibus
3652 4564 3805 4645 suis.

521 4675 882 4747 temperavit:
945 4671 1220 4737 Quomodo
1256 4685 1437 4724 censeo
1474 4677 1682 4721 sanctos
1732 4664 2092 4734 presbyteros;

519 4770 568 4823 si
593 4768 768 4821 asinus
800 4763 1057 4833 recipiant
1084 4760 1343 4815 novellam
1360 4759 1520 4812 istum
1541 4772 1660 4835 qua:
1678 4756 1795 4824 jam
1822 4764 1904 4807 est
1938 4753 2094 4805 insti-

523 4862 799 4925 tutionem,
842 4857 1035 4912 saltem
1075 4865 1327 4925 tanquam
1381 4854 1660 4923 prudentes
1694 4850 1747 4902 in
1776 4847 1883 4902 Deo
1909 4848 2095 4901 cedant

521 4955 782 5021 episcopo,
835 4960 919 5017 ut,
973 4964 1100 5004 cum
1153 4945 1335 5002 omnia
1368 4941 1697 5008 confuderit,
1745 4940 1882 4994 nihil
1929 4939 2094 4993 dicat.

524 5043 779 5098 Petavius
806 5057 839 5097 a
864 5039 1117 5096 versione
1162 5045 1322 5092 caute
1365 5034 1650 5097 abstinuit,
1703 5032 1807 5085 hac
1835 5030 2097 5085 observa-

524 5135 677 5190 tione
712 5142 1041 5195 contentus,
1096 5130 1443 5200 presbyteros
1484 5126 1582 5197 τὴν
1636 5121 1966 5193 νεωτερικὴν
1998 5120 2096 5174 τά-

526 5227 610 5293 ξιν
642 5226 979 5296 repudiasse.
1012 5222 1149 5278 Mira
1199 5223 1314 5277 haec
1340 5236 1471 5275 sane
1522 5216 1899 5287 interpretatio
1930 5215 2095 5278 illius,

526 5318 620 5387 qui
649 5317 935 5387 proﬁtetur
963 5315 1236 5386 lgnatium
1276 5312 1469 5368 iisdem
1518 5308 1700 5364 verbis
1751 5308 2100 5377 presbyteros

526 5410 663 5479 plebi
690 5425 972 5479 proponere
992 5408 1302 5463 imitandos.
1336 5404 1457 5459 ‘Sed
1498 5403 1585 5470 hi,
1631 5401 1763 5472 quid
1794 5400 1864 5455 sit
1884 5416 2102 5472 προσει-

527 5500 789 5573 ληφότας,
824 5502 927 5556 hoc
952 5502 1075 5556 loco
1128 5516 1238 5554 non
1270 5498 1541 5552 viderunt.
1601 5493 1874 5548 Patricius
1901 5490 2101 5545 Junius

529 5593 659 5661 legit
684 5594 743 5646 οὗ
780 5593 1194 5660 προειληφότας,
1223 5608 1323 5644 ηοη
1344 5596 1707 5659 prteoccupato
1735 5586 1912 5639 animo
1934 5585 2102 5651 respi-

530 5686 745 5746 cientes,
777 5686 922 5740 naud
952 5701 1125 5749 ma.e;
1150 5685 1243 5738 sed
1273 5692 1333 5737 ut
1371 5684 1604 5736 litteram
1634 5679 1930 5742 omitteret,
1962 5688 2103 5745 Opus

530 5790 640 5829 non
673 5786 809 5831 erat.
833 5776 1053 5839 Suidas,
1080 5774 1537 5845 Προσειλήφεσαν,
1573 5770 1862 5833 ὑπέλαϐον,
1898 5768 2100 5821 ἐνόουν.

528 5865 678 5922 Nihil
732 5870 880 5925 aliud
930 5869 1019 5923 hic
1050 5865 1524 5938 προσειληφότας,
1594 5878 1756 5931 (luam
1803 5863 2103 5931 νοήσαντας

2197 4667 2401 4735 optimc
2424 4681 2543 4731 usa,
2575 4665 2813 4735 theologi
2841 4681 2907 4719 ex
2963 4665 3112 4719 omni
3139 4663 3330 4717 ordine
3379 4660 3614 4715 maxime
3644 4671 3771 4711 eru-

2196 4760 2292 4815 diti
2316 4775 2425 4815 non
2464 4768 2674 4815 tantum
2710 4774 2807 4829 pro
2841 4759 2985 4813 veris
3016 4758 3254 4827 antiquae
3284 4755 3539 4811 Ecclesia:
3570 4766 3770 4808 monu-

2200 4854 2397 4908 mentis
2426 4863 2643 4909 strenue
2696 4860 3033 4913 conccrtent,
3074 4851 3168 4905 sed
3199 4860 3251 4904 et
3279 4850 3347 4903 de
3389 4848 3545 4902 libris
3572 4845 3774 4915 spuriis

2198 4956 2252 5001 et
2282 4945 2662 5015 supposititiis,
2688 4944 2783 5013 qui
2836 4945 3099 4998 hactenus
3130 4941 3335 4995 mundo
3375 4941 3772 5007 imposuerunt,

2199 5051 2253 5096 et
2285 5038 2441 5094 suavi
2482 5037 2766 5093 vetustatis
2789 5036 3003 5090 somnio
3025 5034 3236 5088 animos
3266 5031 3550 5086 hominum
3579 5028 3776 5082 delini-

2200 5137 2415 5191 Verunt,
2460 5130 2577 5181 sine
2624 5126 2774 5179 omni
2805 5125 3040 5195 partium
3099 5120 3280 5177 studio
3316 5120 3591 5190 judicent;
3627 5116 3773 5186 quod

2200 5230 2323 5292 post
2378 5217 2772 5279 Sirmondum,
2830 5216 3132 5279 Petavinm,
3184 5212 3405 5267 Petrum
3448 5209 3516 5262 de
3575 5207 3776 5270 Marca,

2202 5312 2515 5378 Morinum,
2563 5310 2915 5376 Launoium,
2971 5318 3095 5378 post
3152 5305 3451 5368 Valesium,
3520 5299 3775 5354 Huetium

2203 5406 2451 5474 aliosque
2499 5402 2830 5471 complures,
2890 5403 3053 5455 etiam
3101 5398 3406 5454 Cotelerius
3431 5393 3663 5449 candide
3710 5392 3779 5446 de

2206 5496 2292 5549 his
2326 5494 2493 5548 rebus
2519 5492 2857 5562 pronuntiet,
2888 5491 3225 5546 eruditorum
3275 5488 3415 5541 inter
3447 5492 3666 5538 nostros
3698 5482 3779 5533 vi-

2205 5600 2391 5638 rorum
2416 5582 2751 5652 diligentiam
2778 5597 2920 5651 saepe
2964 5580 3171 5651 probet,
3214 5579 3512 5645 eademque
3544 5588 3669 5628 cum
3714 5572 3779 5625 li-

2204 5675 2414 5730 bertatc
2441 5675 2626 5728 omnia
2656 5673 2932 5729 discutiat.
2986 5670 3137 5725 Unde
3164 5685 3289 5739 spes
3343 5676 3449 5732 est,
3482 5663 3780 5735 aliquando

2206 5766 2343 5832 fore,
2386 5774 2445 5820 ut
2473 5765 2821 5836 dogmatibus
2854 5761 3246 5818 ecclesiasticis
3278 5759 3456 5829 major
3489 5758 3583 5811 lux
3623 5754 3782 5808 afful-

2207 5860 2357 5929 geat,‘
2379 5856 2767 5914 controversia:
2816 5854 2870 5908 in
2900 5853 3104 5909 scholis
3135 5852 3371 5920 agitatae,
3392 5846 3645 5919 pudendo
3679 5845 3781 5899 im-
