  <div class='ocr_page' id='page_1' title='image "/cluster/home/n/w/nwhite01/storage/ocr_20150623/5/coo.31924054872845/032.png"; bbox 0 0 4136 6428; ppageno 0'>
   <div class='ocr_carea' id='block_1_1' title="bbox 403 394 471 448">
    <p class='ocr_par' dir='ltr' id='par_1_1' title="bbox 403 394 471 448">
     <span class='ocr_line' id='line_1_1' title="bbox 403 394 471 448; baseline -0.015 0"><span class='ocrx_word' id='word_1_1' title='bbox 403 394 471 448; x_wconf 74' lang='grc'><strong>49</strong></span> 
     </span>
    </p>
   </div>
   <div class='ocr_carea' id='block_1_2' title="bbox 1093 381 1994 453">
    <p class='ocr_par' dir='ltr' id='par_1_2' title="bbox 1093 381 1994 449">
     <span class='ocr_line' id='line_1_2' title="bbox 1093 381 1994 449; baseline 0.001 -2"><span class='ocrx_word' id='word_1_2' title='bbox 1093 393 1141 447; x_wconf 86' lang='lat' dir='ltr'><strong>J.</strong></span> <span class='ocrx_word' id='word_1_3' title='bbox 1191 381 1560 449; x_wconf 64' lang='lat' dir='ltr'><strong>PEARSONH</strong></span> <span class='ocrx_word' id='word_1_4' title='bbox 1606 392 1927 449; x_wconf 62' lang='lat' dir='ltr'><strong>VINDICIE</strong></span> <span class='ocrx_word' id='word_1_5' title='bbox 1968 394 1994 448; x_wconf 87' lang='grc' dir='ltr'><strong>1Ι</strong></span> 
     </span>
    </p>
   </div>
   <div class='ocr_carea' id='block_1_3' title="bbox 2066 381 2959 453">
    <p class='ocr_par' dir='ltr' id='par_1_3' title="bbox 2066 393 2959 453">
     <span class='ocr_line' id='line_1_3' title="bbox 2066 393 2959 453; baseline 0.004 -6"><span class='ocrx_word' id='word_1_6' title='bbox 2066 393 2393 450; x_wconf 63' lang='grc' dir='ltr'><strong>ἰΑΤΙΑΝᾹΞ.</strong></span> <span class='ocrx_word' id='word_1_7' title='bbox 2433 426 2504 436; x_wconf 90' lang='grc'><strong>--</strong></span> <span class='ocrx_word' id='word_1_8' title='bbox 2543 393 2959 453; x_wconf 72' lang='lat' dir='ltr'><strong>PROOEMIUM.</strong></span> 
     </span>
    </p>
   </div>
   <div class='ocr_carea' id='block_1_4' title="bbox 3598 402 3667 459">
    <p class='ocr_par' dir='ltr' id='par_1_4' title="bbox 3598 402 3667 459">
     <span class='ocr_line' id='line_1_4' title="bbox 3598 402 3667 459; baseline -0.058 0"><span class='ocrx_word' id='word_1_9' title='bbox 3598 402 3667 459; x_wconf 74' lang='lat'><strong>50</strong></span> 
     </span>
    </p>
   </div>
   <div class='ocr_carea' id='block_1_5' title="bbox 398 505 3661 583">
    <p class='ocr_par' dir='ltr' id='par_1_5' title="bbox 398 505 3661 583">
     <span class='ocr_line' id='line_1_5' title="bbox 398 505 3661 583; baseline 0.002 -21"><span class='ocrx_word' id='word_1_10' title='bbox 398 518 689 581; x_wconf 81' lang='lat' dir='ltr'><strong>posterum</strong></span> <span class='ocrx_word' id='word_1_11' title='bbox 740 506 1044 575; x_wconf 89' lang='lat' dir='ltr'><strong>patrocinio</strong></span> <span class='ocrx_word' id='word_1_12' title='bbox 1090 507 1327 572; x_wconf 66' lang='lat' dir='ltr'><strong>nudatae,</strong></span> <span class='ocrx_word' id='word_1_13' title='bbox 1356 514 1411 561; x_wconf 92' lang='lat' dir='ltr'><strong>et</strong></span> <span class='ocrx_word' id='word_1_14' title='bbox 1458 506 1587 560; x_wconf 78' lang='lat' dir='ltr'><strong>ficta</strong></span> <span class='ocrx_word' id='word_1_15' title='bbox 1638 505 1982 576; x_wconf 68' lang='lat' dir='ltr'><strong>antiquitatis</strong></span> <span class='ocrx_word' id='word_1_16' title='bbox 2014 508 2268 569; x_wconf 82' lang='lat' dir='ltr'><strong>Amilem</strong></span> <span class='ocrx_word' id='word_1_17' title='bbox 2326 508 2438 563; x_wconf 91' lang='lat' dir='ltr'><strong>fere</strong></span> <span class='ocrx_word' id='word_1_18' title='bbox 2506 511 2751 564; x_wconf 88' lang='lat' dir='ltr'><strong>locorum</strong></span> <span class='ocrx_word' id='word_1_19' title='bbox 2806 512 3221 580; x_wconf 76' lang='lat' dir='ltr'><strong>explicationem</strong></span> <span class='ocrx_word' id='word_1_20' title='bbox 3288 513 3661 583; x_wconf 79' lang='lat' dir='ltr'><strong>deprehendo.</strong></span> 
     </span>
    </p>
   </div>
   <div class='ocr_carea' id='block_1_6' title="bbox 394 598 1985 671">
    <p class='ocr_par' dir='ltr' id='par_1_6' title="bbox 394 598 1985 671">
     <span class='ocr_line' id='line_1_6' title="bbox 394 598 1985 671; baseline -0.003 -13"><span class='ocrx_word' id='word_1_21' title='bbox 394 604 541 659; x_wconf 85' lang='lat' dir='ltr'><strong>larva</strong></span> <span class='ocrx_word' id='word_1_22' title='bbox 574 601 848 671; x_wconf 61' lang='lat' dir='ltr'><strong>spoliata,</strong></span> <span class='ocrx_word' id='word_1_23' title='bbox 895 599 1109 668; x_wconf 74' lang='lat' dir='ltr'><strong>aequius</strong></span> <span class='ocrx_word' id='word_1_24' title='bbox 1160 598 1381 653; x_wconf 89' lang='lat' dir='ltr'><strong>tandem</strong></span> <span class='ocrx_word' id='word_1_25' title='bbox 1439 608 1494 654; x_wconf 90' lang='lat' dir='ltr'><strong>et</strong></span> <span class='ocrx_word' id='word_1_26' title='bbox 1528 600 1770 655; x_wconf 76' lang='lat' dir='ltr'><strong>sedatius</strong></span> <span class='ocrx_word' id='word_1_27' title='bbox 1802 600 1985 654; x_wconf 89' lang='lat' dir='ltr'><strong>termi-</strong></span> 
     </span>
    </p>
   </div>
   <div class='ocr_carea' id='block_1_7' title="bbox 394 692 1983 762">
    <p class='ocr_par' dir='ltr' id='par_1_7' title="bbox 394 692 1983 762">
     <span class='ocr_line' id='line_1_7' title="bbox 394 692 1983 762; baseline -0.004 -10"><span class='ocrx_word' id='word_1_28' title='bbox 394 706 615 759; x_wconf 89' lang='lat' dir='ltr'><strong>nentur,</strong></span> <span class='ocrx_word' id='word_1_29' title='bbox 649 693 935 761; x_wconf 79' lang='lat' dir='ltr'><strong>animique</strong></span> <span class='ocrx_word' id='word_1_30' title='bbox 966 692 1252 745; x_wconf 87' lang='lat' dir='ltr'><strong>hominum</strong></span> <span class='ocrx_word' id='word_1_31' title='bbox 1282 705 1369 758; x_wconf 87' lang='lat' dir='ltr'><strong>ea,</strong></span> <span class='ocrx_word' id='word_1_32' title='bbox 1408 706 1518 762; x_wconf 89' lang='lat' dir='ltr'><strong>qua</strong></span> <span class='ocrx_word' id='word_1_33' title='bbox 1555 706 1656 761; x_wconf 90' lang='lat' dir='ltr'><strong>par</strong></span> <span class='ocrx_word' id='word_1_34' title='bbox 1686 699 1801 755; x_wconf 89' lang='lat' dir='ltr'><strong>est,</strong></span> <span class='ocrx_word' id='word_1_35' title='bbox 1827 706 1983 746; x_wconf 87' lang='lat' dir='ltr'><strong>reve-</strong></span> 
     </span>
    </p>
   </div>
   <div class='ocr_carea' id='block_1_8' title="bbox 392 778 1982 857">
    <p class='ocr_par' dir='ltr' id='par_1_8' title="bbox 392 778 1982 857">
     <span class='ocr_line' id='line_1_8' title="bbox 392 778 1982 857; baseline -0.004 -12"><span class='ocrx_word' id='word_1_36' title='bbox 392 788 567 845; x_wconf 86' lang='lat' dir='ltr'><strong>rentia</strong></span> <span class='ocrx_word' id='word_1_37' title='bbox 650 785 987 857; x_wconf 84' lang='lat' dir='ltr'><strong>primitivam</strong></span> <span class='ocrx_word' id='word_1_38' title='bbox 1050 782 1351 840; x_wconf 88' lang='lat' dir='ltr'><strong>Ecclesiam</strong></span> <span class='ocrx_word' id='word_1_39' title='bbox 1380 824 1395 849; x_wconf 90' lang='lat'><strong>,</strong></span> <span class='ocrx_word' id='word_1_40' title='bbox 1462 800 1561 839; x_wconf 89' lang='lat' dir='ltr'><strong>sua</strong></span> <span class='ocrx_word' id='word_1_41' title='bbox 1629 778 1982 853; x_wconf 71' lang='lat' dir='ltr'><strong>simplicitate</strong></span> 
     </span>
    </p>
   </div>
   <div class='ocr_carea' id='block_1_9' title="bbox 391 875 1983 949">
    <p class='ocr_par' dir='ltr' id='par_1_9' title="bbox 391 875 1983 949">
     <span class='ocr_line' id='line_1_9' title="bbox 391 875 1983 949; baseline -0.004 -13"><span class='ocrx_word' id='word_1_42' title='bbox 391 878 776 949; x_wconf 86' lang='lat' dir='ltr'><strong>conspicuam,</strong></span> <span class='ocrx_word' id='word_1_43' title='bbox 824 892 926 933; x_wconf 90' lang='lat' dir='ltr'><strong>nec</strong></span> <span class='ocrx_word' id='word_1_44' title='bbox 970 875 1167 932; x_wconf 91' lang='lat' dir='ltr'><strong>alienis</strong></span> <span class='ocrx_word' id='word_1_45' title='bbox 1215 876 1495 931; x_wconf 90' lang='lat' dir='ltr'><strong>coloribus</strong></span> <span class='ocrx_word' id='word_1_46' title='bbox 1531 876 1827 945; x_wconf 83' lang='lat' dir='ltr'><strong>depictam,</strong></span> <span class='ocrx_word' id='word_1_47' title='bbox 1886 883 1983 930; x_wconf 90' lang='lat' dir='ltr'><strong>aut</strong></span> 
     </span>
    </p>
   </div>
   <div class='ocr_carea' id='block_1_10' title="bbox 390 967 1977 1041">
    <p class='ocr_par' dir='ltr' id='par_1_10' title="bbox 390 967 1977 1041">
     <span class='ocr_line' id='line_1_10' title="bbox 390 967 1977 1041; baseline -0.003 -17"><span class='ocrx_word' id='word_1_48' title='bbox 390 972 570 1041; x_wconf 84' lang='lat' dir='ltr'><strong>potius</strong></span> <span class='ocrx_word' id='word_1_49' title='bbox 638 969 1029 1034; x_wconf 79' lang='lat' dir='ltr'><strong>deformatam,</strong></span> <span class='ocrx_word' id='word_1_50' title='bbox 1094 977 1521 1038; x_wconf 86' lang='lat' dir='ltr'><strong>prosequantur.</strong></span> <span class='ocrx_word' id='word_1_51' title='bbox 1574 967 1719 1022; x_wconf 91' lang='lat' dir='ltr'><strong>Inter</strong></span> <span class='ocrx_word' id='word_1_52' title='bbox 1760 968 1877 1023; x_wconf 66' lang='lat' dir='ltr'><strong>haac</strong></span> <span class='ocrx_word' id='word_1_53' title='bbox 1915 967 1977 1020; x_wconf 88' lang='grc' dir='ltr'><strong>Β.</strong></span> 
     </span>
    </p>
   </div>
   <div class='ocr_carea' id='block_1_11' title="bbox 2091 597 3663 672">
    <p class='ocr_par' dir='ltr' id='par_1_11' title="bbox 2091 597 3663 672">
     <span class='ocr_line' id='line_1_11' title="bbox 2091 597 3663 672; baseline 0.004 -19"><span class='ocrx_word' id='word_1_54' title='bbox 2091 597 2245 654; x_wconf 90' lang='lat' dir='ltr'><strong>Unde</strong></span> <span class='ocrx_word' id='word_1_55' title='bbox 2274 599 2408 653; x_wconf 92' lang='lat' dir='ltr'><strong>mihi</strong></span> <span class='ocrx_word' id='word_1_56' title='bbox 2432 599 2578 655; x_wconf 92' lang='lat' dir='ltr'><strong>haud</strong></span> <span class='ocrx_word' id='word_1_57' title='bbox 2624 601 2765 656; x_wconf 90' lang='lat' dir='ltr'><strong>male</strong></span> <span class='ocrx_word' id='word_1_58' title='bbox 2787 604 3046 672; x_wconf 77' lang='lat' dir='ltr'><strong>augurari</strong></span> <span class='ocrx_word' id='word_1_59' title='bbox 3092 603 3302 667; x_wconf 82' lang='lat' dir='ltr'><strong>videor,</strong></span> <span class='ocrx_word' id='word_1_60' title='bbox 3338 606 3663 661; x_wconf 87' lang='lat' dir='ltr'><strong>sententiam</strong></span> 
     </span>
    </p>
   </div>
   <div class='ocr_carea' id='block_1_12' title="bbox 2086 691 3665 765">
    <p class='ocr_par' dir='ltr' id='par_1_12' title="bbox 2086 691 3665 765">
     <span class='ocr_line' id='line_1_12' title="bbox 2086 691 3665 765; baseline 0.004 -22"><span class='ocrx_word' id='word_1_61' title='bbox 2086 700 2332 746; x_wconf 89' lang='lat' dir='ltr'><strong>nostram</strong></span> <span class='ocrx_word' id='word_1_62' title='bbox 2362 691 2496 747; x_wconf 90' lang='lat' dir='ltr'><strong>viris</strong></span> <span class='ocrx_word' id='word_1_63' title='bbox 2553 692 2750 759; x_wconf 92' lang='lat' dir='ltr'><strong>doctis,</strong></span> <span class='ocrx_word' id='word_1_64' title='bbox 2797 703 2851 748; x_wconf 92' lang='lat' dir='ltr'><strong>et</strong></span> <span class='ocrx_word' id='word_1_65' title='bbox 2889 693 2943 747; x_wconf 92' lang='lat' dir='ltr'><strong>in</strong></span> <span class='ocrx_word' id='word_1_66' title='bbox 2990 694 3094 750; x_wconf 91' lang='lat' dir='ltr'><strong>hoc</strong></span> <span class='ocrx_word' id='word_1_67' title='bbox 3124 695 3429 749; x_wconf 89' lang='lat' dir='ltr'><strong>litterarum</strong></span> <span class='ocrx_word' id='word_1_68' title='bbox 3468 711 3665 765; x_wconf 77' lang='lat' dir='ltr'><strong>genere</strong></span> 
     </span>
    </p>
   </div>
   <div class='ocr_carea' id='block_1_13' title="bbox 2084 783 3665 857">
    <p class='ocr_par' dir='ltr' id='par_1_13' title="bbox 2084 783 3665 857">
     <span class='ocr_line' id='line_1_13' title="bbox 2084 783 3665 857; baseline 0.003 -20"><span class='ocrx_word' id='word_1_69' title='bbox 2084 783 2289 852; x_wconf 90' lang='lat' dir='ltr'><strong>optime</strong></span> <span class='ocrx_word' id='word_1_70' title='bbox 2316 785 2549 839; x_wconf 84' lang='lat' dir='ltr'><strong>versatis</strong></span> <span class='ocrx_word' id='word_1_71' title='bbox 2578 786 2940 854; x_wconf 87' lang='lat' dir='ltr'><strong>approbatum</strong></span> <span class='ocrx_word' id='word_1_72' title='bbox 2976 785 3063 849; x_wconf 91' lang='lat' dir='ltr'><strong>iri,</strong></span> <span class='ocrx_word' id='word_1_73' title='bbox 3103 802 3308 856; x_wconf 89' lang='lat' dir='ltr'><strong>eosque</strong></span> <span class='ocrx_word' id='word_1_74' title='bbox 3360 786 3543 842; x_wconf 87' lang='lat' dir='ltr'><strong>statim</strong></span> <span class='ocrx_word' id='word_1_75' title='bbox 3573 786 3665 857; x_wconf 87' lang='lat' dir='ltr'><strong>ju-</strong></span> 
     </span>
    </p>
   </div>
   <div class='ocr_carea' id='block_1_14' title="bbox 2086 876 3662 951">
    <p class='ocr_par' dir='ltr' id='par_1_14' title="bbox 2086 876 3662 951">
     <span class='ocr_line' id='line_1_14' title="bbox 2086 876 3662 951; baseline 0.003 -20"><span class='ocrx_word' id='word_1_76' title='bbox 2086 876 2389 944; x_wconf 90' lang='lat' dir='ltr'><strong>dicaturos,</strong></span> <span class='ocrx_word' id='word_1_77' title='bbox 2416 893 2504 933; x_wconf 92' lang='lat' dir='ltr'><strong>me</strong></span> <span class='ocrx_word' id='word_1_78' title='bbox 2548 879 2687 933; x_wconf 90' lang='lat' dir='ltr'><strong>nihil</strong></span> <span class='ocrx_word' id='word_1_79' title='bbox 2722 880 2777 933; x_wconf 91' lang='lat' dir='ltr'><strong>in</strong></span> <span class='ocrx_word' id='word_1_80' title='bbox 2808 880 2895 935; x_wconf 88' lang='lat' dir='ltr'><strong>his</strong></span> <span class='ocrx_word' id='word_1_81' title='bbox 2919 880 3171 935; x_wconf 90' lang='lat' dir='ltr'><strong>molitum</strong></span> <span class='ocrx_word' id='word_1_82' title='bbox 3196 896 3340 949; x_wconf 90' lang='lat' dir='ltr'><strong>esse,</strong></span> <span class='ocrx_word' id='word_1_83' title='bbox 3369 881 3515 951; x_wconf 92' lang='lat' dir='ltr'><strong>quod</strong></span> <span class='ocrx_word' id='word_1_84' title='bbox 3553 897 3662 935; x_wconf 89' lang='lat' dir='ltr'><strong>non</strong></span> 
     </span>
    </p>
   </div>
   <div class='ocr_carea' id='block_1_15' title="bbox 2087 969 3664 1044">
    <p class='ocr_par' dir='ltr' id='par_1_15' title="bbox 2087 969 3664 1044">
     <span class='ocr_line' id='line_1_15' title="bbox 2087 969 3664 1044; baseline 0.003 -20"><span class='ocrx_word' id='word_1_85' title='bbox 2087 969 2211 1025; x_wconf 90' lang='lat' dir='ltr'><strong>aliis</strong></span> <span class='ocrx_word' id='word_1_86' title='bbox 2243 970 2432 1025; x_wconf 89' lang='lat' dir='ltr'><strong>eadem</strong></span> <span class='ocrx_word' id='word_1_87' title='bbox 2494 972 2857 1026; x_wconf 86' lang='lat' dir='ltr'><strong>tractantibus</strong></span> <span class='ocrx_word' id='word_1_88' title='bbox 2911 972 3126 1027; x_wconf 85' lang='lat' dir='ltr'><strong>veritati</strong></span> <span class='ocrx_word' id='word_1_89' title='bbox 3158 972 3396 1028; x_wconf 75' lang='lat' dir='ltr'><strong>maxime</strong></span> <span class='ocrx_word' id='word_1_90' title='bbox 3432 972 3664 1044; x_wconf 86' lang='lat' dir='ltr'><strong>apertis-</strong></span> 
     </span>
    </p>
   </div>
   <div class='ocr_carea' id='block_1_16' title="bbox 391 1060 3661 1134">
    <p class='ocr_par' dir='ltr' id='par_1_16' title="bbox 391 1060 3661 1134">
     <span class='ocr_line' id='line_1_16' title="bbox 391 1060 3661 1134; baseline 0 -17"><span class='ocrx_word' id='word_1_91' title='bbox 391 1064 579 1133; x_wconf 80' lang='lat' dir='ltr'><strong>lgnatii</strong></span> <span class='ocrx_word' id='word_1_92' title='bbox 616 1062 795 1132; x_wconf 86' lang='lat' dir='ltr'><strong>Epist.</strong></span> <span class='ocrx_word' id='word_1_93' title='bbox 845 1062 1011 1116; x_wconf 89' lang='lat' dir='ltr'><strong>etiam</strong></span> <span class='ocrx_word' id='word_1_94' title='bbox 1054 1062 1199 1116; x_wconf 92' lang='lat' dir='ltr'><strong>notis</strong></span> <span class='ocrx_word' id='word_1_95' title='bbox 1243 1060 1501 1115; x_wconf 86' lang='lat' dir='ltr'><strong>Cotelerii</strong></span> <span class='ocrx_word' id='word_1_96' title='bbox 1528 1061 1814 1115; x_wconf 62' lang='lat' dir='ltr'><strong>illustrataa</strong></span> <span class='ocrx_word' id='word_1_97' title='bbox 1860 1075 1988 1130; x_wconf 92' lang='lat' dir='ltr'><strong>pro-</strong></span> <span class='ocrx_word' id='word_1_98' title='bbox 2088 1062 2339 1132; x_wconf 86' lang='lat' dir='ltr'><strong>simeque</strong></span> <span class='ocrx_word' id='word_1_99' title='bbox 2387 1073 2819 1119; x_wconf 86' lang='lat' dir='ltr'><strong>consentaneum</strong></span> <span class='ocrx_word' id='word_1_100' title='bbox 2850 1065 3029 1134; x_wconf 89' lang='lat' dir='ltr'><strong>prima</strong></span> <span class='ocrx_word' id='word_1_101' title='bbox 3052 1064 3191 1121; x_wconf 90' lang='lat' dir='ltr'><strong>facie</strong></span> <span class='ocrx_word' id='word_1_102' title='bbox 3212 1064 3480 1120; x_wconf 89' lang='lat' dir='ltr'><strong>videatur.</strong></span> <span class='ocrx_word' id='word_1_103' title='bbox 3501 1064 3661 1131; x_wconf 84' lang='lat' dir='ltr'><strong>Quod</strong></span> 
     </span>
    </p>
   </div>
   <div class='ocr_carea' id='block_1_17' title="bbox 390 1150 3662 1226">
    <p class='ocr_par' dir='ltr' id='par_1_17' title="bbox 390 1150 3662 1226">
     <span class='ocr_line' id='line_1_17' title="bbox 390 1150 3662 1226; baseline -0.001 -15"><span class='ocrx_word' id='word_1_104' title='bbox 390 1156 646 1220; x_wconf 89' lang='lat' dir='ltr'><strong>dierunt;</strong></span> <span class='ocrx_word' id='word_1_105' title='bbox 694 1170 836 1224; x_wconf 90' lang='lat' dir='ltr'><strong>quas</strong></span> <span class='ocrx_word' id='word_1_106' title='bbox 860 1152 975 1224; x_wconf 88' lang='lat' dir='ltr'><strong>jam</strong></span> <span class='ocrx_word' id='word_1_107' title='bbox 1011 1154 1077 1208; x_wconf 88' lang='lat' dir='ltr'><strong>ad</strong></span> <span class='ocrx_word' id='word_1_108' title='bbox 1108 1153 1410 1208; x_wconf 82' lang='lat' dir='ltr'><strong>editionem</strong></span> <span class='ocrx_word' id='word_1_109' title='bbox 1461 1161 1782 1207; x_wconf 90' lang='lat' dir='ltr'><strong>nostrorum</strong></span> <span class='ocrx_word' id='word_1_110' title='bbox 1828 1150 1985 1206; x_wconf 90' lang='lat' dir='ltr'><strong>festi-</strong></span> <span class='ocrx_word' id='word_1_111' title='bbox 2083 1152 2130 1207; x_wconf 90' lang='lat' dir='ltr'><strong>si</strong></span> <span class='ocrx_word' id='word_1_112' title='bbox 2186 1167 2247 1206; x_wconf 90' lang='lat' dir='ltr'><strong>ea</strong></span> <span class='ocrx_word' id='word_1_113' title='bbox 2298 1168 2421 1222; x_wconf 60' lang='lat' dir='ltr'><strong>quae</strong></span> <span class='ocrx_word' id='word_1_114' title='bbox 2472 1151 2649 1208; x_wconf 88' lang='lat' dir='ltr'><strong>obiter</strong></span> <span class='ocrx_word' id='word_1_115' title='bbox 2695 1156 2949 1220; x_wconf 84' lang='lat' dir='ltr'><strong>tractavi,</strong></span> <span class='ocrx_word' id='word_1_116' title='bbox 2997 1164 3053 1209; x_wconf 90' lang='lat' dir='ltr'><strong>et</strong></span> <span class='ocrx_word' id='word_1_117' title='bbox 3105 1156 3159 1210; x_wconf 91' lang='lat' dir='ltr'><strong>in</strong></span> <span class='ocrx_word' id='word_1_118' title='bbox 3203 1156 3279 1210; x_wconf 89' lang='lat' dir='ltr'><strong>tui</strong></span> <span class='ocrx_word' id='word_1_119' title='bbox 3314 1156 3662 1226; x_wconf 88' lang='lat' dir='ltr'><strong>potissimum</strong></span> 
     </span>
    </p>
   </div>
   <div class='ocr_carea' id='block_1_18' title="bbox 390 1242 1982 1316">
    <p class='ocr_par' dir='ltr' id='par_1_18' title="bbox 390 1242 1982 1316">
     <span class='ocr_line' id='line_1_18' title="bbox 390 1242 1982 1316; baseline -0.002 -17"><span class='ocrx_word' id='word_1_120' title='bbox 390 1262 547 1312; x_wconf 88' lang='lat' dir='ltr'><strong>nans,</strong></span> <span class='ocrx_word' id='word_1_121' title='bbox 577 1245 764 1313; x_wconf 78' lang='lat' dir='ltr'><strong>avide,</strong></span> <span class='ocrx_word' id='word_1_122' title='bbox 807 1254 1077 1316; x_wconf 90' lang='lat' dir='ltr'><strong>quantum</strong></span> <span class='ocrx_word' id='word_1_123' title='bbox 1112 1260 1207 1315; x_wconf 89' lang='lat' dir='ltr'><strong>per</strong></span> <span class='ocrx_word' id='word_1_124' title='bbox 1268 1244 1535 1315; x_wconf 87' lang='lat' dir='ltr'><strong>temporis</strong></span> <span class='ocrx_word' id='word_1_125' title='bbox 1575 1244 1862 1314; x_wconf 81' lang='lat' dir='ltr'><strong>angustias</strong></span> <span class='ocrx_word' id='word_1_126' title='bbox 1912 1242 1982 1296; x_wconf 81' lang='lat' dir='ltr'><strong>li-</strong></span> 
     </span>
    </p>
   </div>
   <div class='ocr_carea' id='block_1_19' title="bbox 387 1334 1983 1407">
    <p class='ocr_par' dir='ltr' id='par_1_19' title="bbox 387 1334 1983 1407">
     <span class='ocr_line' id='line_1_19' title="bbox 387 1334 1983 1407; baseline -0.002 -13"><span class='ocrx_word' id='word_1_127' title='bbox 387 1339 516 1403; x_wconf 83' lang='lat' dir='ltr'><strong>cuit,</strong></span> <span class='ocrx_word' id='word_1_128' title='bbox 549 1338 828 1407; x_wconf 87' lang='lat' dir='ltr'><strong>percurri.</strong></span> <span class='ocrx_word' id='word_1_129' title='bbox 884 1337 1056 1393; x_wconf 80' lang='lat' dir='ltr'><strong>Video</strong></span> <span class='ocrx_word' id='word_1_130' title='bbox 1087 1347 1291 1404; x_wconf 88' lang='lat' dir='ltr'><strong>autem,</strong></span> <span class='ocrx_word' id='word_1_131' title='bbox 1317 1338 1423 1393; x_wconf 89' lang='lat' dir='ltr'><strong>nisi</strong></span> <span class='ocrx_word' id='word_1_132' title='bbox 1457 1352 1546 1392; x_wconf 92' lang='lat' dir='ltr'><strong>me</strong></span> <span class='ocrx_word' id='word_1_133' title='bbox 1586 1334 1865 1391; x_wconf 80' lang='lat' dir='ltr'><strong>festinatio</strong></span> <span class='ocrx_word' id='word_1_134' title='bbox 1901 1334 1983 1391; x_wconf 88' lang='lat' dir='ltr'><strong>fe-</strong></span> 
     </span>
    </p>
   </div>
   <div class='ocr_carea' id='block_1_20' title="bbox 389 1428 1982 1499">
    <p class='ocr_par' dir='ltr' id='par_1_20' title="bbox 389 1428 1982 1499">
     <span class='ocr_line' id='line_1_20' title="bbox 389 1428 1982 1499; baseline 0.001 -17"><span class='ocrx_word' id='word_1_135' title='bbox 389 1428 543 1493; x_wconf 83' lang='lat' dir='ltr'><strong>fellit,</strong></span> <span class='ocrx_word' id='word_1_136' title='bbox 578 1429 688 1482; x_wconf 89' lang='lat' dir='ltr'><strong>viri</strong></span> <span class='ocrx_word' id='word_1_137' title='bbox 738 1430 1048 1485; x_wconf 79' lang='lat' dir='ltr'><strong>doctissimi</strong></span> <span class='ocrx_word' id='word_1_138' title='bbox 1079 1430 1408 1486; x_wconf 90' lang='lat' dir='ltr'><strong>sententiam</strong></span> <span class='ocrx_word' id='word_1_139' title='bbox 1436 1444 1562 1484; x_wconf 91' lang='lat' dir='ltr'><strong>cum</strong></span> <span class='ocrx_word' id='word_1_140' title='bbox 1592 1437 1783 1484; x_wconf 90' lang='lat' dir='ltr'><strong>nostra</strong></span> <span class='ocrx_word' id='word_1_141' title='bbox 1820 1428 1982 1499; x_wconf 88' lang='lat' dir='ltr'><strong>plane</strong></span> 
     </span>
    </p>
   </div>
   <div class='ocr_carea' id='block_1_21' title="bbox 385 1520 1977 1592">
    <p class='ocr_par' dir='ltr' id='par_1_21' title="bbox 385 1520 1977 1592">
     <span class='ocr_line' id='line_1_21' title="bbox 385 1520 1977 1592; baseline 0.001 -16"><span class='ocrx_word' id='word_1_142' title='bbox 385 1521 838 1592; x_wconf 85' lang='lat' dir='ltr'><strong>conspirantem;</strong></span> <span class='ocrx_word' id='word_1_143' title='bbox 872 1524 1020 1579; x_wconf 91' lang='lat' dir='ltr'><strong>idem</strong></span> <span class='ocrx_word' id='word_1_144' title='bbox 1063 1524 1130 1579; x_wconf 90' lang='lat' dir='ltr'><strong>de</strong></span> <span class='ocrx_word' id='word_1_145' title='bbox 1164 1522 1463 1592; x_wconf 83' lang='lat' dir='ltr'><strong>lgnatianis</strong></span> <span class='ocrx_word' id='word_1_146' title='bbox 1499 1520 1792 1592; x_wconf 89' lang='lat' dir='ltr'><strong>judicium,</strong></span> <span class='ocrx_word' id='word_1_147' title='bbox 1824 1537 1977 1577; x_wconf 85' lang='lat' dir='ltr'><strong>eam-</strong></span> 
     </span>
    </p>
   </div>
   <div class='ocr_carea' id='block_1_22' title="bbox 386 1609 1978 1684">
    <p class='ocr_par' dir='ltr' id='par_1_22' title="bbox 386 1609 1978 1684">
     <span class='ocr_line' id='line_1_22' title="bbox 386 1609 1978 1684; baseline -0.001 -18"><span class='ocrx_word' id='word_1_148' title='bbox 386 1612 503 1666; x_wconf 81' lang='lat' dir='ltr'><strong>dem</strong></span> <span class='ocrx_word' id='word_1_149' title='bbox 535 1612 606 1668; x_wconf 88' lang='lat' dir='ltr'><strong>de</strong></span> <span class='ocrx_word' id='word_1_150' title='bbox 645 1614 996 1684; x_wconf 87' lang='lat' dir='ltr'><strong>argumentis</strong></span> <span class='ocrx_word' id='word_1_151' title='bbox 1056 1612 1498 1671; x_wconf 85' lang='lat' dir='ltr'><strong>adversariorum</strong></span> <span class='ocrx_word' id='word_1_152' title='bbox 1529 1610 1867 1681; x_wconf 89' lang='lat' dir='ltr'><strong>opinionem,</strong></span> <span class='ocrx_word' id='word_1_153' title='bbox 1900 1609 1978 1666; x_wconf 89' lang='lat' dir='ltr'><strong>si-</strong></span> 
     </span>
    </p>
   </div>
   <div class='ocr_carea' id='block_1_23' title="bbox 2080 1241 3660 1312">
    <p class='ocr_par' dir='ltr' id='par_1_23' title="bbox 2080 1241 3660 1312">
     <span class='ocr_line' id='line_1_23' title="bbox 2080 1241 3660 1312; baseline 0 -17"><span class='ocrx_word' id='word_1_154' title='bbox 2080 1243 2339 1312; x_wconf 88' lang='lat' dir='ltr'><strong>gratiam,</strong></span> <span class='ocrx_word' id='word_1_155' title='bbox 2377 1241 2575 1297; x_wconf 86' lang='lat' dir='ltr'><strong>Lector</strong></span> <span class='ocrx_word' id='word_1_156' title='bbox 2604 1243 2886 1309; x_wconf 80' lang='lat' dir='ltr'><strong>benevole,</strong></span> <span class='ocrx_word' id='word_1_157' title='bbox 2918 1244 3403 1299; x_wconf 88' lang='lat' dir='ltr'><strong>dissertationibus</strong></span> <span class='ocrx_word' id='word_1_158' title='bbox 3430 1242 3660 1307; x_wconf 86' lang='lat' dir='ltr'><strong>inserui,</strong></span> 
     </span>
    </p>
   </div>
   <div class='ocr_carea' id='block_1_24' title="bbox 2087 1331 3663 1405">
    <p class='ocr_par' dir='ltr' id='par_1_24' title="bbox 2087 1331 3663 1405">
     <span class='ocr_line' id='line_1_24' title="bbox 2087 1331 3663 1405; baseline -0.001 -17"><span class='ocrx_word' id='word_1_159' title='bbox 2087 1333 2295 1405; x_wconf 86' lang='lat' dir='ltr'><strong>(qualia</strong></span> <span class='ocrx_word' id='word_1_160' title='bbox 2344 1334 2489 1389; x_wconf 86' lang='lat' dir='ltr'><strong>haud</strong></span> <span class='ocrx_word' id='word_1_161' title='bbox 2523 1349 2702 1405; x_wconf 87' lang='lat' dir='ltr'><strong>pauca</strong></span> <span class='ocrx_word' id='word_1_162' title='bbox 2731 1333 2785 1387; x_wconf 92' lang='lat' dir='ltr'><strong>in</strong></span> <span class='ocrx_word' id='word_1_163' title='bbox 2824 1333 3030 1389; x_wconf 86' lang='lat' dir='ltr'><strong>nostris</strong></span> <span class='ocrx_word' id='word_1_164' title='bbox 3058 1331 3325 1403; x_wconf 79' lang='lat' dir='ltr'><strong>invenies)</strong></span> <span class='ocrx_word' id='word_1_165' title='bbox 3352 1340 3446 1387; x_wconf 91' lang='lat' dir='ltr'><strong>aut</strong></span> <span class='ocrx_word' id='word_1_166' title='bbox 3478 1332 3663 1387; x_wconf 91' lang='lat' dir='ltr'><strong>minus</strong></span> 
     </span>
    </p>
   </div>
   <div class='ocr_carea' id='block_1_25' title="bbox 2079 1420 3663 1492">
    <p class='ocr_par' dir='ltr' id='par_1_25' title="bbox 2079 1420 3663 1492">
     <span class='ocr_line' id='line_1_25' title="bbox 2079 1420 3663 1492; baseline -0.005 -12"><span class='ocrx_word' id='word_1_167' title='bbox 2079 1434 2228 1480; x_wconf 82' lang='lat' dir='ltr'><strong>recte</strong></span> <span class='ocrx_word' id='word_1_168' title='bbox 2273 1432 2369 1479; x_wconf 90' lang='lat' dir='ltr'><strong>aut</strong></span> <span class='ocrx_word' id='word_1_169' title='bbox 2420 1424 2603 1479; x_wconf 88' lang='lat' dir='ltr'><strong>minus</strong></span> <span class='ocrx_word' id='word_1_170' title='bbox 2653 1434 2910 1479; x_wconf 88' lang='lat' dir='ltr'><strong>accurate</strong></span> <span class='ocrx_word' id='word_1_171' title='bbox 2958 1424 3101 1479; x_wconf 89' lang='lat' dir='ltr'><strong>dicta</strong></span> <span class='ocrx_word' id='word_1_172' title='bbox 3153 1420 3517 1492; x_wconf 87' lang='lat' dir='ltr'><strong>judicaveris;</strong></span> <span class='ocrx_word' id='word_1_173' title='bbox 3562 1434 3663 1473; x_wconf 88' lang='lat' dir='ltr'><strong>no-</strong></span> 
     </span>
    </p>
   </div>
   <div class='ocr_carea' id='block_1_26' title="bbox 2080 1512 3658 1586">
    <p class='ocr_par' dir='ltr' id='par_1_26' title="bbox 2080 1512 3658 1586">
     <span class='ocr_line' id='line_1_26' title="bbox 2080 1512 3658 1586; baseline -0.003 -14"><span class='ocrx_word' id='word_1_174' title='bbox 2080 1518 2174 1572; x_wconf 89' lang='lat' dir='ltr'><strong>lim</strong></span> <span class='ocrx_word' id='word_1_175' title='bbox 2217 1533 2281 1573; x_wconf 90' lang='lat' dir='ltr'><strong>ea</strong></span> <span class='ocrx_word' id='word_1_176' title='bbox 2345 1531 2470 1571; x_wconf 90' lang='lat' dir='ltr'><strong>cum</strong></span> <span class='ocrx_word' id='word_1_177' title='bbox 2534 1531 2715 1573; x_wconf 75' lang='lat' dir='ltr'><strong>causae</strong></span> <span class='ocrx_word' id='word_1_178' title='bbox 2762 1526 3030 1586; x_wconf 65' lang='lat' dir='ltr'><strong>suscepta:</strong></span> <span class='ocrx_word' id='word_1_179' title='bbox 3076 1515 3279 1584; x_wconf 91' lang='lat' dir='ltr'><strong>injuria</strong></span> <span class='ocrx_word' id='word_1_180' title='bbox 3322 1512 3658 1583; x_wconf 82' lang='lat' dir='ltr'><strong>conjungas,</strong></span> 
     </span>
    </p>
   </div>
   <div class='ocr_carea' id='block_1_27' title="bbox 2080 1602 3660 1689">
    <p class='ocr_par' dir='ltr' id='par_1_27' title="bbox 2080 1602 3660 1689">
     <span class='ocr_line' id='line_1_27' title="bbox 2080 1602 3660 1689; baseline -0.006 -24"><span class='ocrx_word' id='word_1_181' title='bbox 2080 1609 2176 1665; x_wconf 88' lang='lat' dir='ltr'><strong>sed</strong></span> <span class='ocrx_word' id='word_1_182' title='bbox 2236 1608 2510 1665; x_wconf 88' lang='lat' dir='ltr'><strong>desiderio</strong></span> <span class='ocrx_word' id='word_1_183' title='bbox 2563 1608 2747 1689; x_wconf 87' lang='lat' dir='ltr'><strong>potius</strong></span> <span class='ocrx_word' id='word_1_184' title='bbox 2796 1607 2893 1664; x_wconf 89' lang='lat' dir='ltr'><strong>tibi</strong></span> <span class='ocrx_word' id='word_1_185' title='bbox 2928 1607 3178 1678; x_wconf 85' lang='lat' dir='ltr'><strong>placendi</strong></span> <span class='ocrx_word' id='word_1_186' title='bbox 3206 1605 3458 1676; x_wconf 80' lang='lat' dir='ltr'><strong>imputes.</strong></span> <span class='ocrx_word' id='word_1_187' title='bbox 3511 1602 3660 1657; x_wconf 81' lang='lat' dir='ltr'><strong>Vale.</strong></span> 
     </span>
    </p>
   </div>
   <div class='ocr_carea' id='block_1_28' title="bbox 1207 1907 2851 2033">
    <p class='ocr_par' dir='ltr' id='par_1_28' title="bbox 1207 1907 2851 2033">
     <span class='ocr_line' id='line_1_28' title="bbox 1207 1907 2851 2033; baseline -0.008 0"><span class='ocrx_word' id='word_1_188' title='bbox 1207 1909 1923 2033; x_wconf 69' lang='lat' dir='ltr'><strong>VINDICI/E</strong></span> <span class='ocrx_word' id='word_1_189' title='bbox 2006 1907 2851 2025; x_wconf 76' lang='lat' dir='ltr'><strong>IGNATIAN/E</strong></span> 
     </span>
    </p>
   </div>
   <div class='ocr_carea' id='block_1_29' title="bbox 1697 2174 2380 2273">
    <p class='ocr_par' dir='ltr' id='par_1_29' title="bbox 1697 2174 2380 2273">
     <span class='ocr_line' id='line_1_29' title="bbox 1697 2174 2380 2273; baseline -0.012 -6"><span class='ocrx_word' id='word_1_190' title='bbox 1697 2174 2380 2273; x_wconf 64' lang='lat' dir='ltr'><strong>PROOEMIUM</strong></span> 
     </span>
    </p>
   </div>
   <div class='ocr_carea' id='block_1_30' title="bbox 1107 2401 2993 2484">
    <p class='ocr_par' dir='ltr' id='par_1_30' title="bbox 1107 2401 2993 2484">
     <span class='ocr_line' id='line_1_30' title="bbox 1107 2401 2993 2484; baseline -0.004 -17"><span class='ocrx_word' id='word_1_191' title='bbox 1107 2406 1196 2468; x_wconf 85' lang='lat' dir='ltr'><strong>De</strong></span> <span class='ocrx_word' id='word_1_192' title='bbox 1229 2410 1400 2480; x_wconf 82' lang='lat' dir='ltr'><strong>ortu,</strong></span> <span class='ocrx_word' id='word_1_193' title='bbox 1433 2419 1790 2484; x_wconf 81' lang='lat' dir='ltr'><strong>progressu</strong></span> <span class='ocrx_word' id='word_1_194' title='bbox 1818 2407 1884 2464; x_wconf 87' lang='lat' dir='ltr'><strong>et</strong></span> <span class='ocrx_word' id='word_1_195' title='bbox 1914 2401 2237 2465; x_wconf 88' lang='lat' dir='ltr'><strong>hodierno</strong></span> <span class='ocrx_word' id='word_1_196' title='bbox 2290 2407 2462 2463; x_wconf 86' lang='lat' dir='ltr'><strong>statu</strong></span> <span class='ocrx_word' id='word_1_197' title='bbox 2510 2404 2993 2461; x_wconf 72' lang='lat' dir='ltr'><strong>controversue.</strong></span> 
     </span>
    </p>
   </div>
   <div class='ocr_carea' id='block_1_31' title="bbox 899 2594 1463 2656">
    <p class='ocr_par' dir='ltr' id='par_1_31' title="bbox 899 2594 1463 2656">
     <span class='ocr_line' id='line_1_31' title="bbox 899 2594 1463 2656; baseline -0.009 0"><span class='ocrx_word' id='word_1_198' title='bbox 899 2594 1133 2656; x_wconf 83' lang='lat' dir='ltr'><strong>CAPUT</strong></span> <span class='ocrx_word' id='word_1_199' title='bbox 1170 2594 1463 2652; x_wconf 81' lang='lat' dir='ltr'><strong>PRIMUM.</strong></span> 
     </span>
    </p>
   </div>
   <div class='ocr_carea' id='block_1_32' title="bbox 545 2711 1797 2774">
    <p class='ocr_par' dir='ltr' id='par_1_32' title="bbox 545 2711 1797 2774">
     <span class='ocr_line' id='line_1_32' title="bbox 545 2711 1797 2774; baseline -0.007 0"><span class='ocrx_word' id='word_1_200' title='bbox 545 2714 782 2774; x_wconf 70' lang='lat' dir='ltr'><strong>Occasio</strong></span> <span class='ocrx_word' id='word_1_201' title='bbox 810 2713 1081 2770; x_wconf 77' lang='lat' dir='ltr'><strong>scribendi</strong></span> <span class='ocrx_word' id='word_1_202' title='bbox 1105 2724 1157 2767; x_wconf 83' lang='lat' dir='ltr'><strong>et</strong></span> <span class='ocrx_word' id='word_1_203' title='bbox 1184 2711 1440 2768; x_wconf 76' lang='lat' dir='ltr'><strong>Prooemii</strong></span> <span class='ocrx_word' id='word_1_204' title='bbox 1462 2711 1797 2767; x_wconf 78' lang='lat' dir='ltr'><strong>distributio.</strong></span> 
     </span>
    </p>
   </div>
   <div class='ocr_carea' id='block_1_33' title="bbox 446 2823 1970 2897">
    <p class='ocr_par' dir='ltr' id='par_1_33' title="bbox 446 2823 1970 2897">
     <span class='ocr_line' id='line_1_33' title="bbox 446 2823 1970 2897; baseline -0.005 -12"><span class='ocrx_word' id='word_1_205' title='bbox 446 2829 690 2885; x_wconf 80' lang='lat' dir='ltr'><strong>Celebris</strong></span> <span class='ocrx_word' id='word_1_206' title='bbox 736 2837 845 2895; x_wconf 87' lang='lat' dir='ltr'><strong>est,</strong></span> <span class='ocrx_word' id='word_1_207' title='bbox 881 2828 990 2882; x_wconf 88' lang='lat' dir='ltr'><strong>hoc</strong></span> <span class='ocrx_word' id='word_1_208' title='bbox 1035 2826 1338 2897; x_wconf 54' lang='lat' dir='ltr'><strong>praesertim</strong></span> <span class='ocrx_word' id='word_1_209' title='bbox 1386 2824 1612 2893; x_wconf 65' lang='lat' dir='ltr'><strong>saeculo,</strong></span> <span class='ocrx_word' id='word_1_210' title='bbox 1658 2824 1726 2880; x_wconf 91' lang='lat' dir='ltr'><strong>de</strong></span> <span class='ocrx_word' id='word_1_211' title='bbox 1759 2823 1970 2879; x_wconf 78' lang='lat' dir='ltr'><strong>ordinis</strong></span> 
     </span>
    </p>
   </div>
   <div class='ocr_carea' id='block_1_34' title="bbox 382 2917 1967 2992">
    <p class='ocr_par' dir='ltr' id='par_1_34' title="bbox 382 2917 1967 2992">
     <span class='ocr_line' id='line_1_34' title="bbox 382 2917 1967 2992; baseline -0.003 -18"><span class='ocrx_word' id='word_1_212' title='bbox 382 2923 702 2992; x_wconf 78' lang='lat' dir='ltr'><strong>episcopalis</strong></span> <span class='ocrx_word' id='word_1_213' title='bbox 734 2938 769 2977; x_wconf 88' lang='lat' dir='ltr'><strong>a</strong></span> <span class='ocrx_word' id='word_1_214' title='bbox 800 2920 1183 2992; x_wconf 89' lang='lat' dir='ltr'><strong>presbyteratu</strong></span> <span class='ocrx_word' id='word_1_215' title='bbox 1217 2918 1597 2981; x_wconf 88' lang='lat' dir='ltr'><strong>distinctione,</strong></span> <span class='ocrx_word' id='word_1_216' title='bbox 1638 2917 1726 2972; x_wconf 90' lang='lat' dir='ltr'><strong>vel</strong></span> <span class='ocrx_word' id='word_1_217' title='bbox 1771 2917 1967 2971; x_wconf 88' lang='lat' dir='ltr'><strong>saltem</strong></span> 
     </span>
    </p>
   </div>
   <div class='ocr_carea' id='block_1_35' title="bbox 380 3009 1970 3083">
    <p class='ocr_par' dir='ltr' id='par_1_35' title="bbox 380 3009 1970 3083">
     <span class='ocr_line' id='line_1_35' title="bbox 380 3009 1970 3083; baseline -0.001 -18"><span class='ocrx_word' id='word_1_218' title='bbox 380 3015 744 3069; x_wconf 66' lang='lat' dir='ltr'><strong>distinctionis</strong></span> <span class='ocrx_word' id='word_1_219' title='bbox 776 3014 992 3083; x_wconf 85' lang='lat' dir='ltr'><strong>origine</strong></span> <span class='ocrx_word' id='word_1_220' title='bbox 1018 3013 1417 3069; x_wconf 82' lang='lat' dir='ltr'><strong>controversia.</strong></span> <span class='ocrx_word' id='word_1_221' title='bbox 1446 3009 1507 3064; x_wconf 89' lang='lat' dir='ltr'><strong>In</strong></span> <span class='ocrx_word' id='word_1_222' title='bbox 1544 3024 1611 3066; x_wconf 90' lang='lat' dir='ltr'><strong>ea</strong></span> <span class='ocrx_word' id='word_1_223' title='bbox 1641 3019 1827 3065; x_wconf 88' lang='lat' dir='ltr'><strong>autem</strong></span> <span class='ocrx_word' id='word_1_224' title='bbox 1856 3021 1970 3064; x_wconf 88' lang='lat' dir='ltr'><strong>tra-</strong></span> 
     </span>
    </p>
   </div>
   <div class='ocr_carea' id='block_1_36' title="bbox 380 3100 1966 3175">
    <p class='ocr_par' dir='ltr' id='par_1_36' title="bbox 380 3100 1966 3175">
     <span class='ocr_line' id='line_1_36' title="bbox 380 3100 1966 3175; baseline -0.002 -17"><span class='ocrx_word' id='word_1_225' title='bbox 380 3106 566 3159; x_wconf 87' lang='lat' dir='ltr'><strong>ctanda</strong></span> <span class='ocrx_word' id='word_1_226' title='bbox 597 3104 791 3175; x_wconf 89' lang='lat' dir='ltr'><strong>magni</strong></span> <span class='ocrx_word' id='word_1_227' title='bbox 822 3104 1084 3174; x_wconf 89' lang='lat' dir='ltr'><strong>ponderis</strong></span> <span class='ocrx_word' id='word_1_228' title='bbox 1105 3104 1303 3160; x_wconf 90' lang='lat' dir='ltr'><strong>merito</strong></span> <span class='ocrx_word' id='word_1_229' title='bbox 1331 3102 1520 3158; x_wconf 87' lang='lat' dir='ltr'><strong>habita</strong></span> <span class='ocrx_word' id='word_1_230' title='bbox 1555 3109 1642 3159; x_wconf 86' lang='lat' dir='ltr'><strong>est</strong></span> <span class='ocrx_word' id='word_1_231' title='bbox 1676 3100 1735 3157; x_wconf 94' lang='lat' dir='ltr'><strong>S.</strong></span> <span class='ocrx_word' id='word_1_232' title='bbox 1768 3100 1966 3173; x_wconf 88' lang='lat' dir='ltr'><strong>lgnatii</strong></span> 
     </span>
    </p>
   </div>
   <div class='ocr_carea' id='block_1_37' title="bbox 380 3193 1965 3269">
    <p class='ocr_par' dir='ltr' id='par_1_37' title="bbox 380 3193 1965 3269">
     <span class='ocr_line' id='line_1_37' title="bbox 380 3193 1965 3269; baseline -0.001 -20"><span class='ocrx_word' id='word_1_233' title='bbox 380 3197 475 3250; x_wconf 88' lang='lat' dir='ltr'><strong>viri</strong></span> <span class='ocrx_word' id='word_1_234' title='bbox 506 3196 799 3266; x_wconf 88' lang='lat' dir='ltr'><strong>apostolici</strong></span> <span class='ocrx_word' id='word_1_235' title='bbox 838 3207 896 3252; x_wconf 90' lang='lat' dir='ltr'><strong>et</strong></span> <span class='ocrx_word' id='word_1_236' title='bbox 924 3196 1185 3269; x_wconf 84' lang='lat' dir='ltr'><strong>martyris</strong></span> <span class='ocrx_word' id='word_1_237' title='bbox 1216 3196 1563 3263; x_wconf 86' lang='lat' dir='ltr'><strong>auctoritas;</strong></span> <span class='ocrx_word' id='word_1_238' title='bbox 1595 3194 1757 3267; x_wconf 90' lang='lat' dir='ltr'><strong>cujus</strong></span> <span class='ocrx_word' id='word_1_239' title='bbox 1784 3193 1965 3249; x_wconf 83' lang='lat' dir='ltr'><strong>diser-</strong></span> 
     </span>
    </p>
   </div>
   <div class='ocr_carea' id='block_1_38' title="bbox 384 3286 1967 3359">
    <p class='ocr_par' dir='ltr' id='par_1_38' title="bbox 384 3286 1967 3359">
     <span class='ocr_line' id='line_1_38' title="bbox 384 3286 1967 3359; baseline -0.002 -18"><span class='ocrx_word' id='word_1_240' title='bbox 384 3288 585 3343; x_wconf 84' lang='lat' dir='ltr'><strong>tissime</strong></span> <span class='ocrx_word' id='word_1_241' title='bbox 618 3288 1174 3359; x_wconf 86' lang='lat' dir='ltr'><strong>locupletissimoque</strong></span> <span class='ocrx_word' id='word_1_242' title='bbox 1216 3288 1538 3345; x_wconf 86' lang='lat' dir='ltr'><strong>testimonio</strong></span> <span class='ocrx_word' id='word_1_243' title='bbox 1580 3302 1709 3344; x_wconf 86' lang='lat' dir='ltr'><strong>cum</strong></span> <span class='ocrx_word' id='word_1_244' title='bbox 1751 3286 1967 3356; x_wconf 81' lang='lat' dir='ltr'><strong>episco-</strong></span> 
     </span>
    </p>
   </div>
   <div class='ocr_carea' id='block_1_39' title="bbox 383 3377 1963 3453">
    <p class='ocr_par' dir='ltr' id='par_1_39' title="bbox 383 3377 1963 3453">
     <span class='ocr_line' id='line_1_39' title="bbox 383 3377 1963 3453; baseline -0.001 -19"><span class='ocrx_word' id='word_1_245' title='bbox 383 3382 507 3449; x_wconf 83' lang='lat' dir='ltr'><strong>palis</strong></span> <span class='ocrx_word' id='word_1_246' title='bbox 526 3396 695 3436; x_wconf 89' lang='lat' dir='ltr'><strong>causa</strong></span> <span class='ocrx_word' id='word_1_247' title='bbox 715 3379 1003 3449; x_wconf 90' lang='lat' dir='ltr'><strong>fulciatur,</strong></span> <span class='ocrx_word' id='word_1_248' title='bbox 1020 3388 1074 3436; x_wconf 88' lang='lat' dir='ltr'><strong>et</strong></span> <span class='ocrx_word' id='word_1_249' title='bbox 1095 3379 1348 3450; x_wconf 90' lang='lat' dir='ltr'><strong>paritatis</strong></span> <span class='ocrx_word' id='word_1_250' title='bbox 1376 3379 1789 3453; x_wconf 66' lang='lat' dir='ltr'><strong>presbyteranae</strong></span> <span class='ocrx_word' id='word_1_251' title='bbox 1816 3377 1963 3433; x_wconf 91' lang='lat' dir='ltr'><strong>anti-</strong></span> 
     </span>
    </p>
   </div>
   <div class='ocr_carea' id='block_1_40' title="bbox 384 3471 1964 3546">
    <p class='ocr_par' dir='ltr' id='par_1_40' title="bbox 384 3471 1964 3546">
     <span class='ocr_line' id='line_1_40' title="bbox 384 3471 1964 3546; baseline 0.001 -21"><span class='ocrx_word' id='word_1_252' title='bbox 384 3472 551 3541; x_wconf 85' lang='lat' dir='ltr'><strong>quitas</strong></span> <span class='ocrx_word' id='word_1_253' title='bbox 592 3490 779 3546; x_wconf 86' lang='lat' dir='ltr'><strong>nuper</strong></span> <span class='ocrx_word' id='word_1_254' title='bbox 812 3474 1128 3545; x_wconf 81' lang='lat' dir='ltr'><strong>excogitata</strong></span> <span class='ocrx_word' id='word_1_255' title='bbox 1161 3474 1459 3540; x_wconf 85' lang='lat' dir='ltr'><strong>concidat;</strong></span> <span class='ocrx_word' id='word_1_256' title='bbox 1501 3489 1568 3530; x_wconf 90' lang='lat' dir='ltr'><strong>eo</strong></span> <span class='ocrx_word' id='word_1_257' title='bbox 1606 3474 1827 3529; x_wconf 90' lang='lat' dir='ltr'><strong>tandem</strong></span> <span class='ocrx_word' id='word_1_258' title='bbox 1862 3471 1964 3526; x_wconf 86' lang='lat' dir='ltr'><strong>de-</strong></span> 
     </span>
    </p>
   </div>
   <div class='ocr_carea' id='block_1_41' title="bbox 382 3562 1963 3637">
    <p class='ocr_par' dir='ltr' id='par_1_41' title="bbox 382 3562 1963 3637">
     <span class='ocr_line' id='line_1_41' title="bbox 382 3562 1963 3637; baseline 0.001 -20"><span class='ocrx_word' id='word_1_259' title='bbox 382 3574 589 3620; x_wconf 85' lang='lat' dir='ltr'><strong>ventum</strong></span> <span class='ocrx_word' id='word_1_260' title='bbox 634 3576 749 3632; x_wconf 90' lang='lat' dir='ltr'><strong>est,</strong></span> <span class='ocrx_word' id='word_1_261' title='bbox 794 3574 857 3620; x_wconf 90' lang='lat' dir='ltr'><strong>ut</strong></span> <span class='ocrx_word' id='word_1_262' title='bbox 901 3566 997 3637; x_wconf 86' lang='lat' dir='ltr'><strong>qui</strong></span> <span class='ocrx_word' id='word_1_263' title='bbox 1039 3566 1198 3621; x_wconf 89' lang='lat' dir='ltr'><strong>aliter</strong></span> <span class='ocrx_word' id='word_1_264' title='bbox 1237 3567 1570 3622; x_wconf 89' lang='lat' dir='ltr'><strong>sententiam</strong></span> <span class='ocrx_word' id='word_1_265' title='bbox 1619 3562 1963 3636; x_wconf 90' lang='lat' dir='ltr'><strong>episcopatui</strong></span> 
     </span>
    </p>
   </div>
   <div class='ocr_carea' id='block_1_42' title="bbox 384 3656 1962 3729">
    <p class='ocr_par' dir='ltr' id='par_1_42' title="bbox 384 3656 1962 3729">
     <span class='ocr_line' id='line_1_42' title="bbox 384 3656 1962 3729; baseline 0.001 -18"><span class='ocrx_word' id='word_1_266' title='bbox 384 3656 702 3726; x_wconf 89' lang='lat' dir='ltr'><strong>iniquiorem</strong></span> <span class='ocrx_word' id='word_1_267' title='bbox 735 3657 878 3713; x_wconf 90' lang='lat' dir='ltr'><strong>tueri</strong></span> <span class='ocrx_word' id='word_1_268' title='bbox 904 3657 1059 3713; x_wconf 93' lang='lat' dir='ltr'><strong>nullo</strong></span> <span class='ocrx_word' id='word_1_269' title='bbox 1084 3658 1250 3713; x_wconf 86' lang='lat' dir='ltr'><strong>modo</strong></span> <span class='ocrx_word' id='word_1_270' title='bbox 1276 3666 1528 3729; x_wconf 90' lang='lat' dir='ltr'><strong>possent,</strong></span> <span class='ocrx_word' id='word_1_271' title='bbox 1552 3673 1745 3714; x_wconf 86' lang='lat' dir='ltr'><strong>omnes</strong></span> <span class='ocrx_word' id='word_1_272' title='bbox 1766 3657 1962 3729; x_wconf 81' lang='lat' dir='ltr'><strong>lgnatii</strong></span> 
     </span>
    </p>
   </div>
   <div class='ocr_carea' id='block_1_43' title="bbox 382 3748 1962 3822">
    <p class='ocr_par' dir='ltr' id='par_1_43' title="bbox 382 3748 1962 3822">
     <span class='ocr_line' id='line_1_43' title="bbox 382 3748 1962 3822; baseline 0.002 -20"><span class='ocrx_word' id='word_1_273' title='bbox 382 3749 628 3818; x_wconf 87' lang='lat' dir='ltr'><strong>epistolas</strong></span> <span class='ocrx_word' id='word_1_274' title='bbox 656 3750 1055 3817; x_wconf 84' lang='lat' dir='ltr'><strong>convellerent,</strong></span> <span class='ocrx_word' id='word_1_275' title='bbox 1096 3766 1127 3806; x_wconf 91' lang='lat' dir='ltr'><strong>a</strong></span> <span class='ocrx_word' id='word_1_276' title='bbox 1164 3748 1224 3805; x_wconf 93' lang='lat' dir='ltr'><strong>S.</strong></span> <span class='ocrx_word' id='word_1_277' title='bbox 1253 3758 1499 3822; x_wconf 87' lang='lat' dir='ltr'><strong>martyre</strong></span> <span class='ocrx_word' id='word_1_278' title='bbox 1530 3750 1766 3821; x_wconf 89' lang='lat' dir='ltr'><strong>scriptas</strong></span> <span class='ocrx_word' id='word_1_279' title='bbox 1792 3763 1962 3821; x_wconf 88' lang='lat' dir='ltr'><strong>nega-</strong></span> 
     </span>
    </p>
   </div>
   <div class='ocr_carea' id='block_1_44' title="bbox 383 3842 1675 3913">
    <p class='ocr_par' dir='ltr' id='par_1_44' title="bbox 383 3842 1675 3913">
     <span class='ocr_line' id='line_1_44' title="bbox 383 3842 1675 3913; baseline 0.002 -18"><span class='ocrx_word' id='word_1_280' title='bbox 383 3849 509 3905; x_wconf 86' lang='lat' dir='ltr'><strong>rent,</strong></span> <span class='ocrx_word' id='word_1_281' title='bbox 545 3842 705 3899; x_wconf 82' lang='lat' dir='ltr'><strong>fictas</strong></span> <span class='ocrx_word' id='word_1_282' title='bbox 738 3855 792 3897; x_wconf 88' lang='lat' dir='ltr'><strong>et</strong></span> <span class='ocrx_word' id='word_1_283' title='bbox 821 3842 1201 3913; x_wconf 89' lang='lat' dir='ltr'><strong>supposititias</strong></span> <span class='ocrx_word' id='word_1_284' title='bbox 1232 3843 1675 3913; x_wconf 88' lang='lat' dir='ltr'><strong>pronuntiarent.</strong></span> 
     </span>
    </p>
   </div>
   <div class='ocr_carea' id='block_1_45' title="bbox 444 3943 2032 4024">
    <p class='ocr_par' dir='ltr' id='par_1_45' title="bbox 444 3943 2032 4024">
     <span class='ocr_line' id='line_1_45' title="bbox 444 3943 2032 4024; baseline 0.001 -19"><span class='ocrx_word' id='word_1_285' title='bbox 444 3951 579 4009; x_wconf 90' lang='lat' dir='ltr'><strong>Inter</strong></span> <span class='ocrx_word' id='word_1_286' title='bbox 616 3956 722 4010; x_wconf 89' lang='lat' dir='ltr'><strong>hos</strong></span> <span class='ocrx_word' id='word_1_287' title='bbox 766 3954 853 4009; x_wconf 87' lang='lat' dir='ltr'><strong>vir</strong></span> <span class='ocrx_word' id='word_1_288' title='bbox 895 3955 1276 4021; x_wconf 91' lang='lat' dir='ltr'><strong>doctissimus,</strong></span> <span class='ocrx_word' id='word_1_289' title='bbox 1308 3954 1553 4014; x_wconf 86' lang='lat' dir='ltr'><strong>Joannes</strong></span> <span class='ocrx_word' id='word_1_290' title='bbox 1594 3956 1851 4024; x_wconf 67' lang='lat' dir='ltr'><strong>Dallaaus,</strong></span> <span class='ocrx_word' id='word_1_291' title='bbox 1900 3957 1957 4011; x_wconf 92' lang='lat' dir='ltr'><strong>in</strong></span> <span class='ocrx_word' id='word_1_292' title='bbox 1987 3943 2032 4007; x_wconf 92' lang='lat' dir='ltr'>C</span> 
     </span>
    </p>
   </div>
   <div class='ocr_carea' id='block_1_46' title="bbox 384 4042 1955 4119">
    <p class='ocr_par' dir='ltr' id='par_1_46' title="bbox 384 4042 1955 4119">
     <span class='ocr_line' id='line_1_46' title="bbox 384 4042 1955 4119; baseline 0.002 -22"><span class='ocrx_word' id='word_1_293' title='bbox 384 4042 477 4100; x_wconf 89' lang='lat' dir='ltr'><strong>SS.</strong></span> <span class='ocrx_word' id='word_1_294' title='bbox 520 4046 751 4102; x_wconf 88' lang='lat' dir='ltr'><strong>Patrum</strong></span> <span class='ocrx_word' id='word_1_295' title='bbox 800 4048 1176 4104; x_wconf 85' lang='lat' dir='ltr'><strong>monumentis</strong></span> <span class='ocrx_word' id='word_1_296' title='bbox 1231 4047 1526 4119; x_wconf 89' lang='lat' dir='ltr'><strong>diligenter</strong></span> <span class='ocrx_word' id='word_1_297' title='bbox 1570 4056 1850 4114; x_wconf 88' lang='lat' dir='ltr'><strong>versatus,</strong></span> <span class='ocrx_word' id='word_1_298' title='bbox 1900 4047 1955 4101; x_wconf 89' lang='lat' dir='ltr'><strong>in</strong></span> 
     </span>
    </p>
   </div>
   <div class='ocr_carea' id='block_1_47' title="bbox 382 4135 1953 4208">
    <p class='ocr_par' dir='ltr' id='par_1_47' title="bbox 382 4135 1953 4208">
     <span class='ocr_line' id='line_1_47' title="bbox 382 4135 1953 4208; baseline 0.005 -21"><span class='ocrx_word' id='word_1_299' title='bbox 382 4135 746 4193; x_wconf 89' lang='lat' dir='ltr'><strong>discernendis</strong></span> <span class='ocrx_word' id='word_1_300' title='bbox 799 4138 1063 4208; x_wconf 88' lang='lat' dir='ltr'><strong>operibus</strong></span> <span class='ocrx_word' id='word_1_301' title='bbox 1118 4138 1323 4208; x_wconf 90' lang='lat' dir='ltr'><strong>spuriis</strong></span> <span class='ocrx_word' id='word_1_302' title='bbox 1376 4139 1675 4195; x_wconf 89' lang='lat' dir='ltr'><strong>admodum</strong></span> <span class='ocrx_word' id='word_1_303' title='bbox 1735 4148 1953 4204; x_wconf 91' lang='lat' dir='ltr'><strong>acutus,</strong></span> 
     </span>
    </p>
   </div>
   <div class='ocr_carea' id='block_1_48' title="bbox 382 4230 1955 4303">
    <p class='ocr_par' dir='ltr' id='par_1_48' title="bbox 382 4230 1955 4303">
     <span class='ocr_line' id='line_1_48' title="bbox 382 4230 1955 4303; baseline 0.002 -20"><span class='ocrx_word' id='word_1_304' title='bbox 382 4238 495 4298; x_wconf 80' lang='lat' dir='ltr'><strong>post</strong></span> <span class='ocrx_word' id='word_1_305' title='bbox 519 4231 869 4287; x_wconf 81' lang='lat' dir='ltr'><strong>velitationes</strong></span> <span class='ocrx_word' id='word_1_306' title='bbox 907 4230 1189 4299; x_wconf 88' lang='lat' dir='ltr'><strong>Salmasii,</strong></span> <span class='ocrx_word' id='word_1_307' title='bbox 1226 4241 1392 4303; x_wconf 89' lang='lat' dir='ltr'><strong>atque</strong></span> <span class='ocrx_word' id='word_1_308' title='bbox 1433 4231 1726 4299; x_wconf 86' lang='lat' dir='ltr'><strong>Blondelli,</strong></span> <span class='ocrx_word' id='word_1_309' title='bbox 1754 4233 1955 4287; x_wconf 91' lang='lat' dir='ltr'><strong>librum</strong></span> 
     </span>
    </p>
   </div>
   <div class='ocr_carea' id='block_1_49' title="bbox 382 4324 1957 4396">
    <p class='ocr_par' dir='ltr' id='par_1_49' title="bbox 382 4324 1957 4396">
     <span class='ocr_line' id='line_1_49' title="bbox 382 4324 1957 4396; baseline 0.004 -22"><span class='ocrx_word' id='word_1_310' title='bbox 382 4324 682 4391; x_wconf 87' lang='lat' dir='ltr'><strong>nuperrime</strong></span> <span class='ocrx_word' id='word_1_311' title='bbox 703 4324 876 4379; x_wconf 84' lang='lat' dir='ltr'><strong>edidit</strong></span> <span class='ocrx_word' id='word_1_312' title='bbox 896 4324 1033 4379; x_wconf 84' lang='lat' dir='ltr'><strong>satis</strong></span> <span class='ocrx_word' id='word_1_313' title='bbox 1053 4325 1349 4396; x_wconf 79' lang='lat' dir='ltr'><strong>prolixum,</strong></span> <span class='ocrx_word' id='word_1_314' title='bbox 1369 4341 1482 4395; x_wconf 89' lang='lat' dir='ltr'><strong>quo</strong></span> <span class='ocrx_word' id='word_1_315' title='bbox 1500 4325 1777 4396; x_wconf 86' lang='lat' dir='ltr'><strong>Epistolas</strong></span> <span class='ocrx_word' id='word_1_316' title='bbox 1798 4327 1957 4396; x_wconf 81' lang='lat' dir='ltr'><strong>Igna-</strong></span> 
     </span>
    </p>
   </div>
   <div class='ocr_carea' id='block_1_50' title="bbox 383 4414 1955 4487">
    <p class='ocr_par' dir='ltr' id='par_1_50' title="bbox 383 4414 1955 4487">
     <span class='ocr_line' id='line_1_50' title="bbox 383 4414 1955 4487; baseline 0.004 -22"><span class='ocrx_word' id='word_1_317' title='bbox 383 4414 434 4466; x_wconf 88' lang='lat' dir='ltr'><strong>tii</strong></span> <span class='ocrx_word' id='word_1_318' title='bbox 457 4416 610 4470; x_wconf 88' lang='lat' dir='ltr'><strong>etiam</strong></span> <span class='ocrx_word' id='word_1_319' title='bbox 640 4415 1072 4487; x_wconf 86' lang='lat' dir='ltr'><strong>purgatissimas</strong></span> <span class='ocrx_word' id='word_1_320' title='bbox 1095 4416 1450 4487; x_wconf 74' lang='lat' dir='ltr'><strong>maximeque</strong></span> <span class='ocrx_word' id='word_1_321' title='bbox 1479 4416 1747 4484; x_wconf 89' lang='lat' dir='ltr'><strong>sinceras,</strong></span> <span class='ocrx_word' id='word_1_322' title='bbox 1780 4427 1834 4472; x_wconf 90' lang='lat' dir='ltr'><strong>et</strong></span> <span class='ocrx_word' id='word_1_323' title='bbox 1857 4433 1955 4472; x_wconf 84' lang='lat' dir='ltr'><strong>ve-</strong></span> 
     </span>
    </p>
   </div>
   <div class='ocr_carea' id='block_1_51' title="bbox 382 4508 1957 4581">
    <p class='ocr_par' dir='ltr' id='par_1_51' title="bbox 382 4508 1957 4581">
     <span class='ocr_line' id='line_1_51' title="bbox 382 4508 1957 4581; baseline 0.005 -24"><span class='ocrx_word' id='word_1_324' title='bbox 382 4516 541 4561; x_wconf 84' lang='lat' dir='ltr'><strong>terum</strong></span> <span class='ocrx_word' id='word_1_325' title='bbox 591 4508 928 4564; x_wconf 90' lang='lat' dir='ltr'><strong>auctoritate</strong></span> <span class='ocrx_word' id='word_1_326' title='bbox 979 4509 1222 4565; x_wconf 85' lang='lat' dir='ltr'><strong>munitas</strong></span> <span class='ocrx_word' id='word_1_327' title='bbox 1259 4517 1315 4565; x_wconf 89' lang='lat' dir='ltr'><strong>et</strong></span> <span class='ocrx_word' id='word_1_328' title='bbox 1363 4509 1589 4579; x_wconf 90' lang='lat' dir='ltr'><strong>propria</strong></span> <span class='ocrx_word' id='word_1_329' title='bbox 1631 4510 1957 4581; x_wconf 58' lang='lat' dir='ltr'><strong>praestantia</strong></span> 
     </span>
    </p>
   </div>
   <div class='ocr_carea' id='block_1_52' title="bbox 383 4599 1951 4672">
    <p class='ocr_par' dir='ltr' id='par_1_52' title="bbox 383 4599 1951 4672">
     <span class='ocr_line' id='line_1_52' title="bbox 383 4599 1951 4672; baseline 0.005 -22"><span class='ocrx_word' id='word_1_330' title='bbox 383 4599 718 4669; x_wconf 90' lang='lat' dir='ltr'><strong>conspicuas,</strong></span> <span class='ocrx_word' id='word_1_331' title='bbox 760 4600 1183 4671; x_wconf 89' lang='lat' dir='ltr'><strong>quamplurimis</strong></span> <span class='ocrx_word' id='word_1_332' title='bbox 1211 4601 1551 4672; x_wconf 89' lang='lat' dir='ltr'><strong>argumentis</strong></span> <span class='ocrx_word' id='word_1_333' title='bbox 1576 4603 1794 4657; x_wconf 90' lang='lat' dir='ltr'><strong>videtur</strong></span> <span class='ocrx_word' id='word_1_334' title='bbox 1822 4602 1951 4670; x_wconf 88' lang='lat' dir='ltr'><strong>sibi,</strong></span> 
     </span>
    </p>
   </div>
   <div class='ocr_carea' id='block_1_53' title="bbox 382 4691 1952 4765">
    <p class='ocr_par' dir='ltr' id='par_1_53' title="bbox 382 4691 1952 4765">
     <span class='ocr_line' id='line_1_53' title="bbox 382 4691 1952 4765; baseline 0.004 -20"><span class='ocrx_word' id='word_1_335' title='bbox 382 4691 614 4761; x_wconf 79' lang='lat' dir='ltr'><strong>suisque,</strong></span> <span class='ocrx_word' id='word_1_336' title='bbox 641 4701 706 4748; x_wconf 92' lang='lat' dir='ltr'><strong>ut</strong></span> <span class='ocrx_word' id='word_1_337' title='bbox 730 4693 949 4763; x_wconf 90' lang='lat' dir='ltr'><strong>opinor,</strong></span> <span class='ocrx_word' id='word_1_338' title='bbox 980 4692 1320 4749; x_wconf 83' lang='lat' dir='ltr'><strong>adulterinas</strong></span> <span class='ocrx_word' id='word_1_339' title='bbox 1346 4694 1632 4765; x_wconf 87' lang='lat' dir='ltr'><strong>probasse,</strong></span> <span class='ocrx_word' id='word_1_340' title='bbox 1661 4704 1718 4750; x_wconf 91' lang='lat' dir='ltr'><strong>et</strong></span> <span class='ocrx_word' id='word_1_341' title='bbox 1741 4696 1952 4752; x_wconf 83' lang='lat' dir='ltr'><strong>doctis—</strong></span> 
     </span>
    </p>
   </div>
   <div class='ocr_carea' id='block_1_54' title="bbox 384 4784 1951 4858">
    <p class='ocr_par' dir='ltr' id='par_1_54' title="bbox 384 4784 1951 4858">
     <span class='ocr_line' id='line_1_54' title="bbox 384 4784 1951 4858; baseline 0.003 -20"><span class='ocrx_word' id='word_1_342' title='bbox 384 4784 631 4841; x_wconf 82' lang='lat' dir='ltr'><strong>simorum</strong></span> <span class='ocrx_word' id='word_1_343' title='bbox 651 4788 925 4853; x_wconf 89' lang='lat' dir='ltr'><strong>virorum,</strong></span> <span class='ocrx_word' id='word_1_344' title='bbox 965 4787 1365 4858; x_wconf 90' lang='lat' dir='ltr'><strong>archiepiscopi</strong></span> <span class='ocrx_word' id='word_1_345' title='bbox 1398 4787 1754 4857; x_wconf 86' lang='lat' dir='ltr'><strong>Armachani,</strong></span> <span class='ocrx_word' id='word_1_346' title='bbox 1776 4788 1951 4846; x_wconf 85' lang='lat' dir='ltr'><strong>lsaaci</strong></span> 
     </span>
    </p>
   </div>
   <div class='ocr_carea' id='block_1_55' title="bbox 383 4874 1952 4949">
    <p class='ocr_par' dir='ltr' id='par_1_55' title="bbox 383 4874 1952 4949">
     <span class='ocr_line' id='line_1_55' title="bbox 383 4874 1952 4949; baseline 0.004 -19"><span class='ocrx_word' id='word_1_347' title='bbox 383 4874 569 4943; x_wconf 77' lang='lat' dir='ltr'><strong>Vossii,</strong></span> <span class='ocrx_word' id='word_1_348' title='bbox 593 4889 647 4933; x_wconf 90' lang='lat' dir='ltr'><strong>et</strong></span> <span class='ocrx_word' id='word_1_349' title='bbox 672 4879 917 4935; x_wconf 90' lang='lat' dir='ltr'><strong>doctoris</strong></span> <span class='ocrx_word' id='word_1_350' title='bbox 946 4876 1275 4936; x_wconf 84' lang='lat' dir='ltr'><strong>Hammondi</strong></span> <span class='ocrx_word' id='word_1_351' title='bbox 1302 4880 1545 4937; x_wconf 86' lang='lat' dir='ltr'><strong>rationes</strong></span> <span class='ocrx_word' id='word_1_352' title='bbox 1573 4895 1789 4949; x_wconf 89' lang='lat' dir='ltr'><strong>omnes,</strong></span> <span class='ocrx_word' id='word_1_353' title='bbox 1817 4896 1952 4938; x_wconf 85' lang='lat' dir='ltr'><strong>sane</strong></span> 
     </span>
    </p>
   </div>
   <div class='ocr_carea' id='block_1_56' title="bbox 382 4968 1029 5036">
    <p class='ocr_par' dir='ltr' id='par_1_56' title="bbox 382 4968 1029 5036">
     <span class='ocr_line' id='line_1_56' title="bbox 382 4968 1029 5036; baseline 0.005 -13"><span class='ocrx_word' id='word_1_354' title='bbox 382 4968 737 5036; x_wconf 80' lang='lat' dir='ltr'><strong>ﬁrmissimas,</strong></span> <span class='ocrx_word' id='word_1_355' title='bbox 779 4970 1029 5026; x_wconf 90' lang='lat' dir='ltr'><strong>diluisse.</strong></span> 
     </span>
    </p>
   </div>
   <div class='ocr_carea' id='block_1_57' title="bbox 445 5081 1953 5158">
    <p class='ocr_par' dir='ltr' id='par_1_57' title="bbox 445 5081 1953 5158">
     <span class='ocr_line' id='line_1_57' title="bbox 445 5081 1953 5158; baseline 0.005 -23"><span class='ocrx_word' id='word_1_356' title='bbox 445 5081 608 5154; x_wconf 83' lang='lat' dir='ltr'><strong>Hujus</strong></span> <span class='ocrx_word' id='word_1_357' title='bbox 665 5084 773 5142; x_wconf 87' lang='lat' dir='ltr'><strong>viri</strong></span> <span class='ocrx_word' id='word_1_358' title='bbox 818 5085 1261 5156; x_wconf 67' lang='lat' dir='ltr'><strong>praestantissimi</strong></span> <span class='ocrx_word' id='word_1_359' title='bbox 1314 5085 1597 5157; x_wconf 66' lang='lat' dir='ltr'><strong>stupendae</strong></span> <span class='ocrx_word' id='word_1_360' title='bbox 1652 5086 1953 5158; x_wconf 62' lang='lat' dir='ltr'><strong>diligentia</strong></span> 
     </span>
    </p>
   </div>
   <div class='ocr_carea' id='block_1_58' title="bbox 383 5178 1944 5252">
    <p class='ocr_par' dir='ltr' id='par_1_58' title="bbox 383 5178 1944 5252">
     <span class='ocr_line' id='line_1_58' title="bbox 383 5178 1944 5252; baseline 0.006 -24"><span class='ocrx_word' id='word_1_361' title='bbox 383 5188 496 5230; x_wconf 87' lang='lat' dir='ltr'><strong>cum</strong></span> <span class='ocrx_word' id='word_1_362' title='bbox 523 5188 573 5233; x_wconf 89' lang='lat' dir='ltr'><strong>et</strong></span> <span class='ocrx_word' id='word_1_363' title='bbox 604 5178 801 5249; x_wconf 84' lang='lat' dir='ltr'><strong>lgnatii</strong></span> <span class='ocrx_word' id='word_1_364' title='bbox 837 5178 1126 5245; x_wconf 89' lang='lat' dir='ltr'><strong>sanctitas,</strong></span> <span class='ocrx_word' id='word_1_365' title='bbox 1159 5192 1214 5237; x_wconf 85' lang='lat' dir='ltr'><strong>et</strong></span> <span class='ocrx_word' id='word_1_366' title='bbox 1248 5181 1601 5252; x_wconf 88' lang='lat' dir='ltr'><strong>episcopatus</strong></span> <span class='ocrx_word' id='word_1_367' title='bbox 1631 5183 1944 5238; x_wconf 88' lang='lat' dir='ltr'><strong>necessaria</strong></span> 
     </span>
    </p>
   </div>
   <div class='ocr_carea' id='block_1_59' title="bbox 2010 2582 3656 2663">
    <p class='ocr_par' dir='ltr' id='par_1_59' title="bbox 2010 2582 3656 2663">
     <span class='ocr_line' id='line_1_59' title="bbox 2010 2582 3656 2663; baseline -0.003 -17"><span class='ocrx_word' id='word_1_368' title='bbox 2010 2598 2052 2654; x_wconf 87' lang='lat' dir='ltr'><strong>B</strong></span> <span class='ocrx_word' id='word_1_369' title='bbox 2080 2607 2230 2658; x_wconf 89' lang='lat' dir='ltr'><strong>nere,</strong></span> <span class='ocrx_word' id='word_1_370' title='bbox 2267 2606 2391 2663; x_wconf 71' lang='lat' dir='ltr'><strong>quae</strong></span> <span class='ocrx_word' id='word_1_371' title='bbox 2420 2587 2754 2645; x_wconf 83' lang='lat' dir='ltr'><strong>labefactare</strong></span> <span class='ocrx_word' id='word_1_372' title='bbox 2786 2587 3094 2652; x_wconf 86' lang='lat' dir='ltr'><strong>vidcantur,</strong></span> <span class='ocrx_word' id='word_1_373' title='bbox 3130 2583 3376 2640; x_wconf 80' lang='lat' dir='ltr'><strong>refellere</strong></span> <span class='ocrx_word' id='word_1_374' title='bbox 3410 2594 3465 2640; x_wconf 89' lang='lat' dir='ltr'><strong>et</strong></span> <span class='ocrx_word' id='word_1_375' title='bbox 3508 2582 3656 2641; x_wconf 83' lang='lat' dir='ltr'><strong>refu-</strong></span> 
     </span>
    </p>
   </div>
   <div class='ocr_carea' id='block_1_60' title="bbox 2074 2693 2211 2738">
    <p class='ocr_par' dir='ltr' id='par_1_60' title="bbox 2074 2693 2211 2738">
     <span class='ocr_line' id='line_1_60' title="bbox 2074 2693 2211 2738; baseline 0 0"><span class='ocrx_word' id='word_1_376' title='bbox 2074 2693 2211 2738; x_wconf 91' lang='lat' dir='ltr'><strong>tare.</strong></span> 
     </span>
    </p>
   </div>
   <div class='ocr_carea' id='block_1_61' title="bbox 2142 2748 3657 2839">
    <p class='ocr_par' dir='ltr' id='par_1_61' title="bbox 2142 2748 3657 2839">
     <span class='ocr_line' id='line_1_61' title="bbox 2142 2748 3657 2839; baseline -0.003 -13"><span class='ocrx_word' id='word_1_377' title='bbox 2142 2770 2282 2826; x_wconf 88' lang='lat' dir='ltr'><strong>Cum</strong></span> <span class='ocrx_word' id='word_1_378' title='bbox 2315 2777 2501 2825; x_wconf 87' lang='lat' dir='ltr'><strong>autem</strong></span> <span class='ocrx_word' id='word_1_379' title='bbox 2532 2770 2647 2824; x_wconf 83' lang='lat' dir='ltr'><strong>haec</strong></span> <span class='ocrx_word' id='word_1_380' title='bbox 2688 2768 2921 2839; x_wconf 66' lang='lat' dir='ltr'><strong>quaestio</strong></span> <span class='ocrx_word' id='word_1_381' title='bbox 2958 2766 3147 2823; x_wconf 87' lang='lat' dir='ltr'><strong>multis</strong></span> <span class='ocrx_word' id='word_1_382' title='bbox 3173 2783 3306 2839; x_wconf 44' lang='lat' dir='ltr'><strong>jam.</strong></span> <span class='ocrx_word' id='word_1_383' title='bbox 3333 2766 3513 2823; x_wconf 90' lang='lat' dir='ltr'><strong>modis</strong></span> <span class='ocrx_word' id='word_1_384' title='bbox 3552 2748 3657 2822; x_wconf 67' lang='lat' dir='ltr'><strong>irii-</strong></span> 
     </span>
    </p>
   </div>
   <div class='ocr_carea' id='block_1_62' title="bbox 2069 2857 3659 2936">
    <p class='ocr_par' dir='ltr' id='par_1_62' title="bbox 2069 2857 3659 2936">
     <span class='ocr_line' id='line_1_62' title="bbox 2069 2857 3659 2936; baseline -0.005 -17"><span class='ocrx_word' id='word_1_385' title='bbox 2069 2864 2271 2936; x_wconf 89' lang='lat' dir='ltr'><strong>piicata</strong></span> <span class='ocrx_word' id='word_1_386' title='bbox 2301 2872 2357 2918; x_wconf 88' lang='lat' dir='ltr'><strong>et</strong></span> <span class='ocrx_word' id='word_1_387' title='bbox 2390 2862 2660 2928; x_wconf 87' lang='lat' dir='ltr'><strong>involuta,</strong></span> <span class='ocrx_word' id='word_1_388' title='bbox 2693 2860 2979 2931; x_wconf 89' lang='lat' dir='ltr'><strong>doctisque</strong></span> <span class='ocrx_word' id='word_1_389' title='bbox 3001 2860 3366 2930; x_wconf 89' lang='lat' dir='ltr'><strong>plurimorum</strong></span> <span class='ocrx_word' id='word_1_390' title='bbox 3396 2857 3659 2915; x_wconf 83' lang='lat' dir='ltr'><strong>lucubra-</strong></span> 
     </span>
    </p>
   </div>
   <div class='ocr_carea' id='block_1_63' title="bbox 2069 2955 3658 3023">
    <p class='ocr_par' dir='ltr' id='par_1_63' title="bbox 2069 2955 3658 3023">
     <span class='ocr_line' id='line_1_63' title="bbox 2069 2955 3658 3023; baseline -0.004 -7"><span class='ocrx_word' id='word_1_391' title='bbox 2069 2959 2314 3016; x_wconf 87' lang='lat' dir='ltr'><strong>tionibus</strong></span> <span class='ocrx_word' id='word_1_392' title='bbox 2346 2955 2491 3011; x_wconf 92' lang='lat' dir='ltr'><strong>facta</strong></span> <span class='ocrx_word' id='word_1_393' title='bbox 2517 2956 2589 3011; x_wconf 89' lang='lat' dir='ltr'><strong>sit</strong></span> <span class='ocrx_word' id='word_1_394' title='bbox 2621 2955 2948 3023; x_wconf 89' lang='lat' dir='ltr'><strong>obscurior;</strong></span> <span class='ocrx_word' id='word_1_395' title='bbox 2982 2962 3130 3009; x_wconf 89' lang='lat' dir='ltr'><strong>utea</strong></span> <span class='ocrx_word' id='word_1_396' title='bbox 3160 2955 3517 3023; x_wconf 61' lang='lat' dir='ltr'><strong>quiedicturi</strong></span> <span class='ocrx_word' id='word_1_397' title='bbox 3562 2970 3658 3010; x_wconf 88' lang='lat' dir='ltr'><strong>su-</strong></span> 
     </span>
    </p>
   </div>
   <div class='ocr_carea' id='block_1_64' title="bbox 2070 3043 3655 3116">
    <p class='ocr_par' dir='ltr' id='par_1_64' title="bbox 2070 3043 3655 3116">
     <span class='ocr_line' id='line_1_64' title="bbox 2070 3043 3655 3116; baseline -0.006 -9"><span class='ocrx_word' id='word_1_398' title='bbox 2070 3066 2197 3107; x_wconf 88' lang='lat' dir='ltr'><strong>mus</strong></span> <span class='ocrx_word' id='word_1_399' title='bbox 2245 3046 2487 3103; x_wconf 83' lang='lat' dir='ltr'><strong>dilucide</strong></span> <span class='ocrx_word' id='word_1_400' title='bbox 2532 3044 2935 3116; x_wconf 89' lang='lat' dir='ltr'><strong>perspicueque</strong></span> <span class='ocrx_word' id='word_1_401' title='bbox 2988 3044 3305 3111; x_wconf 89' lang='lat' dir='ltr'><strong>tradantur,</strong></span> <span class='ocrx_word' id='word_1_402' title='bbox 3347 3043 3526 3098; x_wconf 90' lang='lat' dir='ltr'><strong>visum</strong></span> <span class='ocrx_word' id='word_1_403' title='bbox 3569 3050 3655 3097; x_wconf 90' lang='lat' dir='ltr'><strong>est</strong></span> 
     </span>
    </p>
   </div>
   <div class='ocr_carea' id='block_1_65' title="bbox 2073 3134 3656 3210">
    <p class='ocr_par' dir='ltr' id='par_1_65' title="bbox 2073 3134 3656 3210">
     <span class='ocr_line' id='line_1_65' title="bbox 2073 3134 3656 3210; baseline -0.004 -15"><span class='ocrx_word' id='word_1_404' title='bbox 2073 3138 2348 3210; x_wconf 90' lang='lat' dir='ltr'><strong>imprimis</strong></span> <span class='ocrx_word' id='word_1_405' title='bbox 2376 3136 2777 3200; x_wconf 84' lang='lat' dir='ltr'><strong>necessarium,</strong></span> <span class='ocrx_word' id='word_1_406' title='bbox 2830 3135 2923 3190; x_wconf 90' lang='lat' dir='ltr'><strong>illa</strong></span> <span class='ocrx_word' id='word_1_407' title='bbox 2966 3135 3321 3205; x_wconf 83' lang='lat' dir='ltr'><strong>praemittere,</strong></span> <span class='ocrx_word' id='word_1_408' title='bbox 3361 3150 3485 3205; x_wconf 68' lang='lat' dir='ltr'><strong>quae</strong></span> <span class='ocrx_word' id='word_1_409' title='bbox 3514 3134 3656 3189; x_wconf 80' lang='lat' dir='ltr'><strong>ditii-</strong></span> 
     </span>
    </p>
   </div>
   <div class='ocr_carea' id='block_1_66' title="bbox 2065 3227 3651 3307">
    <p class='ocr_par' dir='ltr' id='par_1_66' title="bbox 2065 3227 3651 3307">
     <span class='ocr_line' id='line_1_66' title="bbox 2065 3227 3651 3307; baseline -0.004 -19"><span class='ocrx_word' id='word_1_410' title='bbox 2065 3231 2290 3288; x_wconf 90' lang='lat' dir='ltr'><strong>cultatis</strong></span> <span class='ocrx_word' id='word_1_411' title='bbox 2321 3231 2566 3286; x_wconf 90' lang='lat' dir='ltr'><strong>rationes</strong></span> <span class='ocrx_word' id='word_1_412' title='bbox 2594 3228 2909 3300; x_wconf 78' lang='lat' dir='ltr'><strong>expediant,</strong></span> <span class='ocrx_word' id='word_1_413' title='bbox 2932 3242 3054 3307; x_wconf 72' lang='lat' dir='ltr'><strong>quae</strong></span> <span class='ocrx_word' id='word_1_414' title='bbox 3077 3227 3376 3284; x_wconf 86' lang='lat' dir='ltr'><strong>sententias</strong></span> <span class='ocrx_word' id='word_1_415' title='bbox 3404 3228 3651 3281; x_wconf 87' lang='lat' dir='ltr'><strong>virorum</strong></span> 
     </span>
    </p>
   </div>
   <div class='ocr_carea' id='block_1_67' title="bbox 2064 3321 3655 3391">
    <p class='ocr_par' dir='ltr' id='par_1_67' title="bbox 2064 3321 3655 3391">
     <span class='ocr_line' id='line_1_67' title="bbox 2064 3321 3655 3391; baseline -0.004 -12"><span class='ocrx_word' id='word_1_416' title='bbox 2064 3323 2354 3379; x_wconf 90' lang='lat' dir='ltr'><strong>doctorum</strong></span> <span class='ocrx_word' id='word_1_417' title='bbox 2398 3321 2695 3391; x_wconf 83' lang='lat' dir='ltr'><strong>explicent,</strong></span> <span class='ocrx_word' id='word_1_418' title='bbox 2748 3334 2873 3391; x_wconf 66' lang='lat' dir='ltr'><strong>qua:</strong></span> <span class='ocrx_word' id='word_1_419' title='bbox 2923 3327 3129 3386; x_wconf 90' lang='lat' dir='ltr'><strong>ortum,</strong></span> <span class='ocrx_word' id='word_1_420' title='bbox 3168 3333 3547 3390; x_wconf 87' lang='lat' dir='ltr'><strong>progressum,</strong></span> <span class='ocrx_word' id='word_1_421' title='bbox 3596 3330 3655 3374; x_wconf 84' lang='lat' dir='ltr'><strong>e:</strong></span> 
     </span>
    </p>
   </div>
   <div class='ocr_carea' id='block_1_68' title="bbox 2063 3409 3655 3485">
    <p class='ocr_par' dir='ltr' id='par_1_68' title="bbox 2063 3409 3655 3485">
     <span class='ocr_line' id='line_1_68' title="bbox 2063 3409 3655 3485; baseline -0.003 -17"><span class='ocrx_word' id='word_1_422' title='bbox 2063 3421 2391 3485; x_wconf 73' lang='lat' dir='ltr'><strong>praesentem</strong></span> <span class='ocrx_word' id='word_1_423' title='bbox 2409 3411 2803 3468; x_wconf 78' lang='lat' dir='ltr'><strong>controversiae</strong></span> <span class='ocrx_word' id='word_1_424' title='bbox 2829 3419 3033 3466; x_wconf 92' lang='lat' dir='ltr'><strong>statum</strong></span> <span class='ocrx_word' id='word_1_425' title='bbox 3061 3419 3337 3475; x_wconf 83' lang='lat' dir='ltr'><strong>enarrem,</strong></span> <span class='ocrx_word' id='word_1_426' title='bbox 3382 3419 3439 3465; x_wconf 89' lang='lat' dir='ltr'><strong>et</strong></span> <span class='ocrx_word' id='word_1_427' title='bbox 3470 3409 3655 3464; x_wconf 86' lang='lat' dir='ltr'><strong>inutili</strong></span> 
     </span>
    </p>
   </div>
   <div class='ocr_carea' id='block_1_69' title="bbox 2064 3499 3653 3573">
    <p class='ocr_par' dir='ltr' id='par_1_69' title="bbox 2064 3499 3653 3573">
     <span class='ocr_line' id='line_1_69' title="bbox 2064 3499 3653 3573; baseline -0.003 -13"><span class='ocrx_word' id='word_1_428' title='bbox 2064 3504 2421 3563; x_wconf 81' lang='lat' dir='ltr'><strong>altercatione</strong></span> <span class='ocrx_word' id='word_1_429' title='bbox 2452 3503 2702 3573; x_wconf 75' lang='lat' dir='ltr'><strong>praecisa,</strong></span> <span class='ocrx_word' id='word_1_430' title='bbox 2735 3503 2804 3563; x_wconf 86' lang='lat' dir='ltr'><strong>ad</strong></span> <span class='ocrx_word' id='word_1_431' title='bbox 2835 3500 3080 3559; x_wconf 88' lang='lat' dir='ltr'><strong>futuram</strong></span> <span class='ocrx_word' id='word_1_432' title='bbox 3110 3502 3537 3572; x_wconf 82' lang='lat' dir='ltr'><strong>disputationem</strong></span> <span class='ocrx_word' id='word_1_433' title='bbox 3568 3499 3653 3561; x_wconf 88' lang='lat' dir='ltr'><strong>fa-_</strong></span> 
     </span>
    </p>
   </div>
   <div class='ocr_carea' id='block_1_70' title="bbox 2064 3592 2933 3667">
    <p class='ocr_par' dir='ltr' id='par_1_70' title="bbox 2064 3592 2933 3667">
     <span class='ocr_line' id='line_1_70' title="bbox 2064 3592 2933 3667; baseline 0.001 -18"><span class='ocrx_word' id='word_1_434' title='bbox 2064 3594 2308 3650; x_wconf 87' lang='lat' dir='ltr'><strong>ciliorem</strong></span> <span class='ocrx_word' id='word_1_435' title='bbox 2341 3593 2549 3647; x_wconf 85' lang='lat' dir='ltr'><strong>aditum</strong></span> <span class='ocrx_word' id='word_1_436' title='bbox 2578 3592 2933 3667; x_wconf 86' lang='lat' dir='ltr'><strong>patefaciant.</strong></span> 
     </span>
    </p>
   </div>
   <div class='ocr_carea' id='block_1_71' title="bbox 2135 3704 3649 3778">
    <p class='ocr_par' dir='ltr' id='par_1_71' title="bbox 2135 3704 3649 3778">
     <span class='ocr_line' id='line_1_71' title="bbox 2135 3704 3649 3778; baseline 0 -17"><span class='ocrx_word' id='word_1_437' title='bbox 2135 3706 2405 3778; x_wconf 82' lang='lat' dir='ltr'><strong>Ignatium</strong></span> <span class='ocrx_word' id='word_1_438' title='bbox 2436 3705 2608 3761; x_wconf 86' lang='lat' dir='ltr'><strong>fuisse</strong></span> <span class='ocrx_word' id='word_1_439' title='bbox 2635 3705 2996 3762; x_wconf 65' lang='lat' dir='ltr'><strong>Antiochenae</strong></span> <span class='ocrx_word' id='word_1_440' title='bbox 3020 3704 3280 3764; x_wconf 72' lang='lat' dir='ltr'><strong>Ecclesize</strong></span> <span class='ocrx_word' id='word_1_441' title='bbox 3295 3705 3649 3775; x_wconf 84' lang='lat' dir='ltr'><strong>episcopum,</strong></span> 
     </span>
    </p>
   </div>
   <div class='ocr_carea' id='block_1_72' title="bbox 2062 3795 3647 3870">
    <p class='ocr_par' dir='ltr' id='par_1_72' title="bbox 2062 3795 3647 3870">
     <span class='ocr_line' id='line_1_72' title="bbox 2062 3795 3647 3870; baseline 0 -16"><span class='ocrx_word' id='word_1_442' title='bbox 2062 3806 2406 3870; x_wconf 86' lang='lat' dir='ltr'><strong>agnoverunt</strong></span> <span class='ocrx_word' id='word_1_443' title='bbox 2434 3805 2708 3868; x_wconf 84' lang='lat' dir='ltr'><strong>quotquot</strong></span> <span class='ocrx_word' id='word_1_444' title='bbox 2745 3797 2895 3855; x_wconf 85' lang='lat' dir='ltr'><strong>illius</strong></span> <span class='ocrx_word' id='word_1_445' title='bbox 2940 3798 3275 3855; x_wconf 85' lang='lat' dir='ltr'><strong>mentionem</strong></span> <span class='ocrx_word' id='word_1_446' title='bbox 3306 3795 3486 3852; x_wconf 86' lang='lat' dir='ltr'><strong>fecere</strong></span> <span class='ocrx_word' id='word_1_447' title='bbox 3521 3816 3535 3851; x_wconf 89' lang='lat'>:</span> <span class='ocrx_word' id='word_1_448' title='bbox 3576 3799 3647 3854; x_wconf 89' lang='lat' dir='ltr'><strong>ab</strong></span> 
     </span>
    </p>
   </div>
   <div class='ocr_carea' id='block_1_73' title="bbox 2063 3888 3649 3963">
    <p class='ocr_par' dir='ltr' id='par_1_73' title="bbox 2063 3888 3649 3963">
     <span class='ocr_line' id='line_1_73' title="bbox 2063 3888 3649 3963; baseline -0.003 -15"><span class='ocrx_word' id='word_1_449' title='bbox 2063 3892 2331 3963; x_wconf 79' lang='lat' dir='ltr'><strong>apostolis</strong></span> <span class='ocrx_word' id='word_1_450' title='bbox 2358 3892 2677 3946; x_wconf 79' lang='lat' dir='ltr'><strong>&#39;ordinatum</strong></span> <span class='ocrx_word' id='word_1_451' title='bbox 2719 3891 2925 3951; x_wconf 85' lang='lat' dir='ltr'><strong>diserte</strong></span> <span class='ocrx_word' id='word_1_452' title='bbox 2965 3890 3313 3947; x_wconf 87' lang='lat' dir='ltr'><strong>tradiderunt</strong></span> <span class='ocrx_word' id='word_1_453' title='bbox 3361 3890 3421 3947; x_wconf 91' lang='lat' dir='ltr'><strong>S.</strong></span> <span class='ocrx_word' id='word_1_454' title='bbox 3469 3888 3649 3961; x_wconf 83' lang='lat' dir='ltr'><strong>Chry-</strong></span> 
     </span>
    </p>
   </div>
   <div class='ocr_carea' id='block_1_74' title="bbox 2062 3983 3646 4055">
    <p class='ocr_par' dir='ltr' id='par_1_74' title="bbox 2062 3983 3646 4055">
     <span class='ocr_line' id='line_1_74' title="bbox 2062 3983 3646 4055; baseline -0.003 -13"><span class='ocrx_word' id='word_1_455' title='bbox 2062 3994 2344 4043; x_wconf 88' lang='lat' dir='ltr'><strong>sostomus</strong></span> <span class='ocrx_word' id='word_1_456' title='bbox 2365 3994 2421 4042; x_wconf 90' lang='lat' dir='ltr'><strong>et</strong></span> <span class='ocrx_word' id='word_1_457' title='bbox 2439 3985 2841 4041; x_wconf 86' lang='lat' dir='ltr'><strong>Theodoretus.</strong></span> <span class='ocrx_word' id='word_1_458' title='bbox 2868 3983 3028 4041; x_wconf 82' lang='lat' dir='ltr'><strong>Hunc</strong></span> <span class='ocrx_word' id='word_1_459' title='bbox 3054 3985 3417 4055; x_wconf 82' lang='lat' dir='ltr'><strong>apostolicum</strong></span> <span class='ocrx_word' id='word_1_460' title='bbox 3443 3983 3646 4051; x_wconf 89' lang='lat' dir='ltr'><strong>virum,</strong></span> 
     </span>
    </p>
   </div>
   <div class='ocr_carea' id='block_1_75' title="bbox 2061 4077 3649 4146">
    <p class='ocr_par' dir='ltr' id='par_1_75' title="bbox 2061 4077 3649 4146">
     <span class='ocr_line' id='line_1_75' title="bbox 2061 4077 3649 4146; baseline 0 -11"><span class='ocrx_word' id='word_1_461' title='bbox 2061 4078 2131 4135; x_wconf 86' lang='lat' dir='ltr'><strong>ab</strong></span> <span class='ocrx_word' id='word_1_462' title='bbox 2158 4078 2449 4134; x_wconf 88' lang='lat' dir='ltr'><strong>Antiochia</strong></span> <span class='ocrx_word' id='word_1_463' title='bbox 2486 4077 2718 4134; x_wconf 79' lang='lat' dir='ltr'><strong>Romam</strong></span> <span class='ocrx_word' id='word_1_464' title='bbox 2752 4085 3013 4138; x_wconf 89' lang='lat' dir='ltr'><strong>tractum.</strong></span> <span class='ocrx_word' id='word_1_465' title='bbox 3047 4077 3239 4134; x_wconf 89' lang='lat' dir='ltr'><strong>bestiis</strong></span> <span class='ocrx_word' id='word_1_466' title='bbox 3274 4078 3542 4146; x_wconf 88' lang='lat' dir='ltr'><strong>oblatum,</strong></span> <span class='ocrx_word' id='word_1_467' title='bbox 3581 4093 3649 4135; x_wconf 87' lang='lat' dir='ltr'><strong>ac</strong></span> 
     </span>
    </p>
   </div>
   <div class='ocr_carea' id='block_1_76' title="bbox 2058 4170 3646 4243">
    <p class='ocr_par' dir='ltr' id='par_1_76' title="bbox 2058 4170 3646 4243">
     <span class='ocr_line' id='line_1_76' title="bbox 2058 4170 3646 4243; baseline 0 -18"><span class='ocrx_word' id='word_1_468' title='bbox 2058 4172 2325 4243; x_wconf 86' lang='lat' dir='ltr'><strong>martyrio</strong></span> <span class='ocrx_word' id='word_1_469' title='bbox 2384 4180 2712 4227; x_wconf 88' lang='lat' dir='ltr'><strong>coronatum</strong></span> <span class='ocrx_word' id='word_1_470' title='bbox 2768 4179 3038 4226; x_wconf 88' lang='lat' dir='ltr'><strong>testantur</strong></span> <span class='ocrx_word' id='word_1_471' title='bbox 3083 4176 3335 4236; x_wconf 84' lang='lat' dir='ltr'><strong>veteres;</strong></span> <span class='ocrx_word' id='word_1_472' title='bbox 3384 4170 3646 4241; x_wconf 88' lang='lat' dir='ltr'><strong>epistolas</strong></span> 
     </span>
    </p>
   </div>
   <div class='ocr_carea' id='block_1_77' title="bbox 2060 4262 3645 4335">
    <p class='ocr_par' dir='ltr' id='par_1_77' title="bbox 2060 4262 3645 4335">
     <span class='ocr_line' id='line_1_77' title="bbox 2060 4262 3645 4335; baseline -0.002 -14"><span class='ocrx_word' id='word_1_473' title='bbox 2060 4264 2351 4335; x_wconf 87' lang='lat' dir='ltr'><strong>scripsisse</strong></span> <span class='ocrx_word' id='word_1_474' title='bbox 2383 4262 2452 4319; x_wconf 89' lang='lat' dir='ltr'><strong>ad</strong></span> <span class='ocrx_word' id='word_1_475' title='bbox 2490 4262 2771 4319; x_wconf 87' lang='lat' dir='ltr'><strong>Ecclesias</strong></span> <span class='ocrx_word' id='word_1_476' title='bbox 2812 4262 3117 4333; x_wconf 72' lang='lat' dir='ltr'><strong>praesertim</strong></span> <span class='ocrx_word' id='word_1_477' title='bbox 3154 4262 3210 4317; x_wconf 88' lang='lat' dir='ltr'><strong>in</strong></span> <span class='ocrx_word' id='word_1_478' title='bbox 3248 4262 3468 4330; x_wconf 87' lang='lat' dir='ltr'><strong>itinere,</strong></span> <span class='ocrx_word' id='word_1_479' title='bbox 3516 4278 3645 4333; x_wconf 87' lang='lat' dir='ltr'><strong>pro-</strong></span> 
     </span>
    </p>
   </div>
   <div class='ocr_carea' id='block_1_78' title="bbox 2056 4355 3646 4429">
    <p class='ocr_par' dir='ltr' id='par_1_78' title="bbox 2056 4355 3646 4429">
     <span class='ocr_line' id='line_1_78' title="bbox 2056 4355 3646 4429; baseline -0.003 -14"><span class='ocrx_word' id='word_1_480' title='bbox 2056 4360 2196 4416; x_wconf 91' lang='lat' dir='ltr'><strong>dunt</strong></span> <span class='ocrx_word' id='word_1_481' title='bbox 2221 4359 2577 4429; x_wconf 87' lang='lat' dir='ltr'><strong>antiquorum</strong></span> <span class='ocrx_word' id='word_1_482' title='bbox 2608 4356 2854 4425; x_wconf 87' lang='lat' dir='ltr'><strong>plurimi,</strong></span> <span class='ocrx_word' id='word_1_483' title='bbox 2896 4355 3115 4427; x_wconf 87' lang='lat' dir='ltr'><strong>negavit</strong></span> <span class='ocrx_word' id='word_1_484' title='bbox 3147 4366 3244 4411; x_wconf 90' lang='lat' dir='ltr'><strong>aut</strong></span> <span class='ocrx_word' id='word_1_485' title='bbox 3272 4355 3557 4413; x_wconf 84' lang='lat' dir='ltr'><strong>dubitasse</strong></span> <span class='ocrx_word' id='word_1_486' title='bbox 3584 4372 3646 4412; x_wconf 90' lang='lat' dir='ltr'><strong>se</strong></span> 
     </span>
    </p>
   </div>
   <div class='ocr_carea' id='block_1_79' title="bbox 2057 4447 3643 4519">
    <p class='ocr_par' dir='ltr' id='par_1_79' title="bbox 2057 4447 3643 4519">
     <span class='ocr_line' id='line_1_79' title="bbox 2057 4447 3643 4519; baseline -0.003 -12"><span class='ocrx_word' id='word_1_487' title='bbox 2057 4450 2196 4507; x_wconf 82' lang='lat' dir='ltr'><strong>dixit</strong></span> <span class='ocrx_word' id='word_1_488' title='bbox 2223 4466 2416 4506; x_wconf 91' lang='lat' dir='ltr'><strong>eorum</strong></span> <span class='ocrx_word' id='word_1_489' title='bbox 2448 4464 2631 4504; x_wconf 90' lang='lat' dir='ltr'><strong>nemo.</strong></span> <span class='ocrx_word' id='word_1_490' title='bbox 2659 4448 2726 4503; x_wconf 87' lang='lat' dir='ltr'><strong>Et</strong></span> <span class='ocrx_word' id='word_1_491' title='bbox 2762 4448 3100 4507; x_wconf 89' lang='lat' dir='ltr'><strong>sanctissimi</strong></span> <span class='ocrx_word' id='word_1_492' title='bbox 3128 4447 3350 4518; x_wconf 86' lang='lat' dir='ltr'><strong>quidem</strong></span> <span class='ocrx_word' id='word_1_493' title='bbox 3382 4447 3643 4519; x_wconf 87' lang='lat' dir='ltr'><strong>martyris</strong></span> 
     </span>
    </p>
   </div>
   <div class='ocr_carea' id='block_1_80' title="bbox 2053 4539 3644 4615">
    <p class='ocr_par' dir='ltr' id='par_1_80' title="bbox 2053 4539 3644 4615">
     <span class='ocr_line' id='line_1_80' title="bbox 2053 4539 3644 4615; baseline -0.003 -16"><span class='ocrx_word' id='word_1_494' title='bbox 2053 4543 2366 4615; x_wconf 81' lang='lat' dir='ltr'><strong>justissima</strong></span> <span class='ocrx_word' id='word_1_495' title='bbox 2408 4540 2746 4603; x_wconf 76' lang='lat' dir='ltr'><strong>existimatio</strong></span> <span class='ocrx_word' id='word_1_496' title='bbox 2795 4541 2965 4596; x_wconf 89' lang='lat' dir='ltr'><strong>etiam</strong></span> <span class='ocrx_word' id='word_1_497' title='bbox 3017 4540 3287 4595; x_wconf 88' lang='lat' dir='ltr'><strong>hactenus</strong></span> <span class='ocrx_word' id='word_1_498' title='bbox 3335 4539 3549 4595; x_wconf 89' lang='lat' dir='ltr'><strong>illibata</strong></span> <span class='ocrx_word' id='word_1_499' title='bbox 3588 4548 3644 4594; x_wconf 80' lang='lat' dir='ltr'><strong>et</strong></span> 
     </span>
    </p>
   </div>
   <div class='ocr_carea' id='block_1_81' title="bbox 2057 4630 3643 4701">
    <p class='ocr_par' dir='ltr' id='par_1_81' title="bbox 2057 4630 3643 4701">
     <span class='ocr_line' id='line_1_81' title="bbox 2057 4630 3643 4701; baseline -0.001 -13"><span class='ocrx_word' id='word_1_500' title='bbox 2057 4633 2383 4689; x_wconf 88' lang='lat' dir='ltr'><strong>intemerata</strong></span> <span class='ocrx_word' id='word_1_501' title='bbox 2431 4631 2776 4701; x_wconf 82' lang='lat' dir='ltr'><strong>permansit;</strong></span> <span class='ocrx_word' id='word_1_502' title='bbox 2824 4630 2894 4687; x_wconf 91' lang='lat' dir='ltr'><strong>de</strong></span> <span class='ocrx_word' id='word_1_503' title='bbox 2931 4630 3180 4700; x_wconf 88' lang='lat' dir='ltr'><strong>epistolis</strong></span> <span class='ocrx_word' id='word_1_504' title='bbox 3224 4639 3475 4697; x_wconf 88' lang='lat' dir='ltr'><strong>tantum,</strong></span> <span class='ocrx_word' id='word_1_505' title='bbox 3519 4646 3643 4701; x_wconf 66' lang='lat' dir='ltr'><strong>qua:</strong></span> 
     </span>
    </p>
   </div>
   <div class='ocr_carea' id='block_1_82' title="bbox 2055 4722 3642 4794">
    <p class='ocr_par' dir='ltr' id='par_1_82' title="bbox 2055 4722 3642 4794">
     <span class='ocr_line' id='line_1_82' title="bbox 2055 4722 3642 4794; baseline -0.001 -14"><span class='ocrx_word' id='word_1_506' title='bbox 2055 4724 2159 4780; x_wconf 88' lang='lat' dir='ltr'><strong>sub</strong></span> <span class='ocrx_word' id='word_1_507' title='bbox 2182 4724 2334 4779; x_wconf 90' lang='lat' dir='ltr'><strong>illius</strong></span> <span class='ocrx_word' id='word_1_508' title='bbox 2368 4724 2971 4794; x_wconf 88' lang='lat' dir='ltr'><strong>nomine&#39;prodierunt,</strong></span> <span class='ocrx_word' id='word_1_509' title='bbox 2999 4731 3053 4777; x_wconf 91' lang='lat' dir='ltr'><strong>et</strong></span> <span class='ocrx_word' id='word_1_510' title='bbox 3082 4722 3151 4779; x_wconf 89' lang='lat' dir='ltr'><strong>ad</strong></span> <span class='ocrx_word' id='word_1_511' title='bbox 3182 4730 3432 4783; x_wconf 89' lang='lat' dir='ltr'><strong>nostram</strong></span> <span class='ocrx_word' id='word_1_512' title='bbox 3463 4738 3642 4794; x_wconf 90' lang='lat' dir='ltr'><strong>usque</strong></span> 
     </span>
    </p>
   </div>
   <div class='ocr_carea' id='block_1_83' title="bbox 2053 4814 3639 4887">
    <p class='ocr_par' dir='ltr' id='par_1_83' title="bbox 2053 4814 3639 4887">
     <span class='ocr_line' id='line_1_83' title="bbox 2053 4814 3639 4887; baseline 0 -16"><span class='ocrx_word' id='word_1_513' title='bbox 2053 4825 2269 4872; x_wconf 54' lang='lat' dir='ltr'><strong>aetatem</strong></span> <span class='ocrx_word' id='word_1_514' title='bbox 2309 4816 2773 4887; x_wconf 88' lang='lat' dir='ltr'><strong>perduravcrunt,</strong></span> <span class='ocrx_word' id='word_1_515' title='bbox 2814 4815 2883 4871; x_wconf 86' lang='lat' dir='ltr'><strong>iis</strong></span> <span class='ocrx_word' id='word_1_516' title='bbox 2923 4823 3030 4871; x_wconf 90' lang='lat' dir='ltr'><strong>est.</strong></span> <span class='ocrx_word' id='word_1_517' title='bbox 3082 4814 3271 4886; x_wconf 88' lang='lat' dir='ltr'><strong>Neque</strong></span> <span class='ocrx_word' id='word_1_518' title='bbox 3318 4816 3387 4871; x_wconf 91' lang='lat' dir='ltr'><strong>de</strong></span> <span class='ocrx_word' id='word_1_519' title='bbox 3418 4816 3639 4871; x_wconf 88' lang='lat' dir='ltr'><strong>illarum</strong></span> 
     </span>
    </p>
   </div>
   <div class='ocr_carea' id='block_1_84' title="bbox 2054 4907 3639 4979">
    <p class='ocr_par' dir='ltr' id='par_1_84' title="bbox 2054 4907 3639 4979">
     <span class='ocr_line' id='line_1_84' title="bbox 2054 4907 3639 4979; baseline 0.001 -15"><span class='ocrx_word' id='word_1_520' title='bbox 2054 4908 2405 4975; x_wconf 86' lang='lat' dir='ltr'><strong>auctoritate,</strong></span> <span class='ocrx_word' id='word_1_521' title='bbox 2442 4908 2489 4963; x_wconf 91' lang='lat' dir='ltr'><strong>si</strong></span> <span class='ocrx_word' id='word_1_522' title='bbox 2531 4907 2830 4979; x_wconf 82' lang='lat' dir='ltr'><strong>lgnatianae</strong></span> <span class='ocrx_word' id='word_1_523' title='bbox 2864 4908 3040 4965; x_wconf 89' lang='lat' dir='ltr'><strong>fuisse</strong></span> <span class='ocrx_word' id='word_1_524' title='bbox 3079 4918 3403 4978; x_wconf 88' lang='lat' dir='ltr'><strong>appareant,</strong></span> <span class='ocrx_word' id='word_1_525' title='bbox 3445 4908 3639 4979; x_wconf 86' lang='lat' dir='ltr'><strong>dispu-</strong></span> 
     </span>
    </p>
   </div>
   <div class='ocr_carea' id='block_1_85' title="bbox 2051 4999 3638 5075">
    <p class='ocr_par' dir='ltr' id='par_1_85' title="bbox 2051 4999 3638 5075">
     <span class='ocr_line' id='line_1_85' title="bbox 2051 4999 3638 5075; baseline 0.001 -18"><span class='ocrx_word' id='word_1_526' title='bbox 2051 5008 2202 5057; x_wconf 85' lang='lat' dir='ltr'><strong>tatur</strong></span> <span class='ocrx_word' id='word_1_527' title='bbox 2246 5020 2259 5057; x_wconf 89' lang='lat'><strong>:</strong></span> <span class='ocrx_word' id='word_1_528' title='bbox 2304 5002 2400 5059; x_wconf 91' lang='lat' dir='ltr'><strong>sed</strong></span> <span class='ocrx_word' id='word_1_529' title='bbox 2446 5018 2517 5057; x_wconf 91' lang='lat' dir='ltr'><strong>an</strong></span> <span class='ocrx_word' id='word_1_530' title='bbox 2564 5018 2757 5057; x_wconf 86' lang='lat' dir='ltr'><strong>revera</strong></span> <span class='ocrx_word' id='word_1_531' title='bbox 2801 5001 2977 5073; x_wconf 90' lang='lat' dir='ltr'><strong>ipsius</strong></span> <span class='ocrx_word' id='word_1_532' title='bbox 3016 5001 3209 5075; x_wconf 85' lang='lat' dir='ltr'><strong>lgnatii</strong></span> <span class='ocrx_word' id='word_1_533' title='bbox 3245 4999 3449 5056; x_wconf 89' lang='lat' dir='ltr'><strong>fuerint</strong></span> <span class='ocrx_word' id='word_1_534' title='bbox 3485 5017 3638 5072; x_wconf 68' lang='lat' dir='ltr'><strong>qua:-</strong></span> 
     </span>
    </p>
   </div>
   <div class='ocr_carea' id='block_1_86' title="bbox 2051 5095 2210 5149">
    <p class='ocr_par' dir='ltr' id='par_1_86' title="bbox 2051 5095 2210 5149">
     <span class='ocr_line' id='line_1_86' title="bbox 2051 5095 2210 5149; baseline 0.006 -1"><span class='ocrx_word' id='word_1_535' title='bbox 2051 5095 2210 5149; x_wconf 90' lang='lat' dir='ltr'><strong>ritur.</strong></span> 
     </span>
    </p>
   </div>
   <div class='ocr_carea' id='block_1_87' title="bbox 2123 5184 3631 5257">
    <p class='ocr_par' dir='ltr' id='par_1_87' title="bbox 2123 5184 3631 5257">
     <span class='ocr_line' id='line_1_87' title="bbox 2123 5184 3631 5257; baseline 0.001 -15"><span class='ocrx_word' id='word_1_536' title='bbox 2123 5184 2196 5242; x_wconf 80' lang='lat' dir='ltr'><strong>Ut</strong></span> <span class='ocrx_word' id='word_1_537' title='bbox 2226 5195 2409 5247; x_wconf 85' lang='lat' dir='ltr'><strong>autem</strong></span> <span class='ocrx_word' id='word_1_538' title='bbox 2433 5187 2610 5257; x_wconf 86' lang='lat' dir='ltr'><strong>origo,</strong></span> <span class='ocrx_word' id='word_1_539' title='bbox 2636 5200 2983 5257; x_wconf 84' lang='lat' dir='ltr'><strong>progressus,</strong></span> <span class='ocrx_word' id='word_1_540' title='bbox 3006 5194 3329 5256; x_wconf 67' lang='lat' dir='ltr'><strong>etprazseus</strong></span> <span class='ocrx_word' id='word_1_541' title='bbox 3352 5186 3631 5243; x_wconf 76' lang='lat' dir='ltr'><strong>hodiernae</strong></span> 
     </span>
    </p>
   </div>
   <div class='ocr_carea' id='block_1_88' title="bbox 384 5265 3631 5347">
    <p class='ocr_par' dir='ltr' id='par_1_88' title="bbox 384 5265 3631 5347">
     <span class='ocr_line' id='line_1_88' title="bbox 384 5265 3631 5347; baseline 0.007 -33"><span class='ocrx_word' id='word_1_542' title='bbox 384 5265 685 5331; x_wconf 83' lang='lat' dir='ltr'><strong>auctoritas,</strong></span> <span class='ocrx_word' id='word_1_543' title='bbox 719 5276 775 5321; x_wconf 89' lang='lat' dir='ltr'><strong>et</strong></span> <span class='ocrx_word' id='word_1_544' title='bbox 821 5266 909 5322; x_wconf 88' lang='lat' dir='ltr'><strong>his</strong></span> <span class='ocrx_word' id='word_1_545' title='bbox 951 5268 1193 5323; x_wconf 80' lang='lat' dir='ltr'><strong>maxime</strong></span> <span class='ocrx_word' id='word_1_546' title='bbox 1226 5268 1416 5340; x_wconf 91' lang='lat' dir='ltr'><strong>iniqua</strong></span> <span class='ocrx_word' id='word_1_547' title='bbox 1463 5270 1766 5326; x_wconf 89' lang='lat' dir='ltr'><strong>adversarii</strong></span> <span class='ocrx_word' id='word_1_548' title='bbox 1800 5271 1945 5327; x_wconf 84' lang='lat' dir='ltr'><strong>fama</strong></span> <span class='ocrx_word' id='word_1_549' title='bbox 1979 5280 2025 5340; x_wconf 90' lang='lat' dir='ltr'><strong>D</strong></span> <span class='ocrx_word' id='word_1_550' title='bbox 2051 5278 2443 5334; x_wconf 75' lang='lat' dir='ltr'><strong>controversiae</strong></span> <span class='ocrx_word' id='word_1_551' title='bbox 2478 5286 2676 5343; x_wconf 90' lang='lat' dir='ltr'><strong>status,</strong></span> <span class='ocrx_word' id='word_1_552' title='bbox 2725 5280 2888 5333; x_wconf 91' lang='lat' dir='ltr'><strong>etiam</strong></span> <span class='ocrx_word' id='word_1_553' title='bbox 2941 5277 3011 5333; x_wconf 87' lang='lat' dir='ltr'><strong>iis</strong></span> <span class='ocrx_word' id='word_1_554' title='bbox 3055 5277 3151 5347; x_wconf 86' lang='lat' dir='ltr'><strong>qui</strong></span> <span class='ocrx_word' id='word_1_555' title='bbox 3196 5277 3631 5335; x_wconf 82' lang='lat' dir='ltr'><strong>hactenuscam</strong></span> 
     </span>
    </p>
   </div>
   <div class='ocr_carea' id='block_1_89' title="bbox 385 5358 3632 5439">
    <p class='ocr_par' dir='ltr' id='par_1_89' title="bbox 385 5358 3632 5439">
     <span class='ocr_line' id='line_1_89' title="bbox 385 5358 3632 5439; baseline 0.006 -32"><span class='ocrx_word' id='word_1_556' title='bbox 385 5364 531 5425; x_wconf 81' lang='lat' dir='ltr'><strong>atque</strong></span> <span class='ocrx_word' id='word_1_557' title='bbox 572 5358 861 5417; x_wconf 85' lang='lat' dir='ltr'><strong>celebritas</strong></span> <span class='ocrx_word' id='word_1_558' title='bbox 909 5367 970 5414; x_wconf 90' lang='lat' dir='ltr'><strong>ut</strong></span> <span class='ocrx_word' id='word_1_559' title='bbox 1013 5359 1221 5431; x_wconf 90' lang='lat' dir='ltr'><strong>aliquid</strong></span> <span class='ocrx_word' id='word_1_560' title='bbox 1271 5373 1571 5432; x_wconf 79' lang='lat' dir='ltr'><strong>reponatur</strong></span> <span class='ocrx_word' id='word_1_561' title='bbox 1610 5363 1938 5435; x_wconf 85' lang='lat' dir='ltr'><strong>efllagitent;</strong></span> <span class='ocrx_word' id='word_1_562' title='bbox 2052 5371 2237 5425; x_wconf 90' lang='lat' dir='ltr'><strong>minus</strong></span> <span class='ocrx_word' id='word_1_563' title='bbox 2268 5377 2473 5425; x_wconf 91' lang='lat' dir='ltr'><strong>attente</strong></span> <span class='ocrx_word' id='word_1_564' title='bbox 2500 5370 2944 5437; x_wconf 86' lang='lat' dir='ltr'><strong>considerarunt,</strong></span> <span class='ocrx_word' id='word_1_565' title='bbox 2976 5369 3323 5439; x_wconf 87' lang='lat' dir='ltr'><strong>innotescat;</strong></span> <span class='ocrx_word' id='word_1_566' title='bbox 3361 5385 3476 5427; x_wconf 90' lang='lat' dir='ltr'><strong>rem</strong></span> <span class='ocrx_word' id='word_1_567' title='bbox 3512 5386 3632 5427; x_wconf 51' lang='lat' dir='ltr'><strong>oms-</strong></span> 
     </span>
    </p>
   </div>
   <div class='ocr_carea' id='block_1_90' title="bbox 385 5453 3631 5535">
    <p class='ocr_par' dir='ltr' id='par_1_90' title="bbox 385 5453 3631 5535">
     <span class='ocr_line' id='line_1_90' title="bbox 385 5453 3631 5535; baseline 0.006 -35"><span class='ocrx_word' id='word_1_568' title='bbox 385 5462 546 5515; x_wconf 71' lang='lat' dir='ltr'><strong>operte</strong></span> <span class='ocrx_word' id='word_1_569' title='bbox 568 5453 801 5521; x_wconf 88' lang='lat' dir='ltr'><strong>pretium</strong></span> <span class='ocrx_word' id='word_1_570' title='bbox 831 5468 955 5509; x_wconf 90' lang='lat' dir='ltr'><strong>esse</strong></span> <span class='ocrx_word' id='word_1_571' title='bbox 983 5454 1245 5511; x_wconf 78' lang='lat' dir='ltr'><strong>duximus</strong></span> <span class='ocrx_word' id='word_1_572' title='bbox 1269 5457 1714 5514; x_wconf 88' lang='lat' dir='ltr'><strong>dissertationem</strong></span> <span class='ocrx_word' id='word_1_573' title='bbox 1746 5470 1940 5529; x_wconf 89' lang='lat' dir='ltr'><strong>totam,</strong></span> <span class='ocrx_word' id='word_1_574' title='bbox 2050 5478 2175 5519; x_wconf 90' lang='lat' dir='ltr'><strong>nem</strong></span> <span class='ocrx_word' id='word_1_575' title='bbox 2200 5462 2372 5533; x_wconf 91' lang='lat' dir='ltr'><strong>(quod</strong></span> <span class='ocrx_word' id='word_1_576' title='bbox 2397 5475 2430 5514; x_wconf 85' lang='lat' dir='ltr'><strong>a</strong></span> <span class='ocrx_word' id='word_1_577' title='bbox 2451 5462 2673 5519; x_wconf 90' lang='lat' dir='ltr'><strong>nemine</strong></span> <span class='ocrx_word' id='word_1_578' title='bbox 2695 5461 2878 5517; x_wconf 86' lang='lat' dir='ltr'><strong>adhuc</strong></span> <span class='ocrx_word' id='word_1_579' title='bbox 2906 5458 3111 5517; x_wconf 82' lang='lat' dir='ltr'><strong>factum</strong></span> <span class='ocrx_word' id='word_1_580' title='bbox 3134 5477 3259 5518; x_wconf 88' lang='lat' dir='ltr'><strong>esse</strong></span> <span class='ocrx_word' id='word_1_581' title='bbox 3280 5463 3459 5535; x_wconf 88' lang='lat' dir='ltr'><strong>video)</strong></span> <span class='ocrx_word' id='word_1_582' title='bbox 3482 5463 3631 5521; x_wconf 85' lang='lat' dir='ltr'><strong>clara</strong></span> 
     </span>
    </p>
   </div>
   <div class='ocr_carea' id='block_1_91' title="bbox 386 5548 3626 5629">
    <p class='ocr_par' dir='ltr' id='par_1_91' title="bbox 386 5548 3626 5629">
     <span class='ocr_line' id='line_1_91' title="bbox 386 5548 3626 5629; baseline 0.006 -36"><span class='ocrx_word' id='word_1_583' title='bbox 386 5552 568 5607; x_wconf 87' lang='lat' dir='ltr'><strong>quanta</strong></span> <span class='ocrx_word' id='word_1_584' title='bbox 596 5554 799 5614; x_wconf 86' lang='lat' dir='ltr'><strong>quanta</strong></span> <span class='ocrx_word' id='word_1_585' title='bbox 829 5556 936 5613; x_wconf 89' lang='lat' dir='ltr'><strong>est,</strong></span> <span class='ocrx_word' id='word_1_586' title='bbox 954 5548 1021 5603; x_wconf 91' lang='lat' dir='ltr'><strong>ad</strong></span> <span class='ocrx_word' id='word_1_587' title='bbox 1051 5563 1282 5605; x_wconf 78' lang='lat' dir='ltr'><strong>examen</strong></span> <span class='ocrx_word' id='word_1_588' title='bbox 1315 5566 1535 5620; x_wconf 87' lang='lat' dir='ltr'><strong>vocare,</strong></span> <span class='ocrx_word' id='word_1_589' title='bbox 1556 5554 1798 5611; x_wconf 87' lang='lat' dir='ltr'><strong>rationes</strong></span> <span class='ocrx_word' id='word_1_590' title='bbox 1825 5570 1944 5612; x_wconf 78' lang='lat' dir='ltr'><strong>mo-</strong></span> <span class='ocrx_word' id='word_1_591' title='bbox 2046 5567 2103 5613; x_wconf 89' lang='lat' dir='ltr'><strong>et</strong></span> <span class='ocrx_word' id='word_1_592' title='bbox 2140 5557 2376 5629; x_wconf 85' lang='lat' dir='ltr'><strong>ﬁdeliter</strong></span> <span class='ocrx_word' id='word_1_593' title='bbox 2418 5572 2747 5629; x_wconf 90' lang='lat' dir='ltr'><strong>proponam.</strong></span> <span class='ocrx_word' id='word_1_594' title='bbox 2802 5556 3114 5614; x_wconf 90' lang='lat' dir='ltr'><strong>Sententias</strong></span> <span class='ocrx_word' id='word_1_595' title='bbox 3147 5558 3437 5615; x_wconf 89' lang='lat' dir='ltr'><strong>doctorum</strong></span> <span class='ocrx_word' id='word_1_596' title='bbox 3478 5559 3626 5614; x_wconf 88' lang='lat' dir='ltr'><strong>viro-</strong></span> 
     </span>
    </p>
   </div>
   <div class='ocr_carea' id='block_1_92' title="bbox 390 5639 3626 5722">
    <p class='ocr_par' dir='ltr' id='par_1_92' title="bbox 390 5639 3626 5722">
     <span class='ocr_line' id='line_1_92' title="bbox 390 5639 3626 5722; baseline 0.008 -40"><span class='ocrx_word' id='word_1_597' title='bbox 390 5644 550 5689; x_wconf 86' lang='lat' dir='ltr'><strong>mento</strong></span> <span class='ocrx_word' id='word_1_598' title='bbox 574 5654 667 5693; x_wconf 92' lang='lat' dir='ltr'><strong>suo</strong></span> <span class='ocrx_word' id='word_1_599' title='bbox 706 5639 1034 5709; x_wconf 90' lang='lat' dir='ltr'><strong>ponderare,</strong></span> <span class='ocrx_word' id='word_1_600' title='bbox 1069 5641 1285 5714; x_wconf 90' lang='lat' dir='ltr'><strong>singula</strong></span> <span class='ocrx_word' id='word_1_601' title='bbox 1325 5661 1451 5715; x_wconf 71' lang='lat' dir='ltr'><strong>quze</strong></span> <span class='ocrx_word' id='word_1_602' title='bbox 1474 5662 1576 5701; x_wconf 91' lang='lat' dir='ltr'><strong>nos</strong></span> <span class='ocrx_word' id='word_1_603' title='bbox 1594 5655 1649 5702; x_wconf 90' lang='lat' dir='ltr'><strong>et</strong></span> <span class='ocrx_word' id='word_1_604' title='bbox 1680 5646 1943 5705; x_wconf 67' lang='lat' dir='ltr'><strong>Ecclesia</strong></span> <span class='ocrx_word' id='word_1_605' title='bbox 2046 5666 2197 5719; x_wconf 91' lang='lat' dir='ltr'><strong>rum,</strong></span> <span class='ocrx_word' id='word_1_606' title='bbox 2221 5651 2605 5722; x_wconf 86' lang='lat' dir='ltr'><strong>cujuscunque</strong></span> <span class='ocrx_word' id='word_1_607' title='bbox 2633 5649 2911 5721; x_wconf 88' lang='lat' dir='ltr'><strong>opinionis</strong></span> <span class='ocrx_word' id='word_1_608' title='bbox 2940 5649 3166 5718; x_wconf 89' lang='lat' dir='ltr'><strong>fuerint,</strong></span> <span class='ocrx_word' id='word_1_609' title='bbox 3193 5667 3261 5708; x_wconf 90' lang='lat' dir='ltr'><strong>eo</strong></span> <span class='ocrx_word' id='word_1_610' title='bbox 3288 5652 3411 5721; x_wconf 90' lang='lat' dir='ltr'><strong>ipso</strong></span> <span class='ocrx_word' id='word_1_611' title='bbox 3431 5651 3626 5707; x_wconf 80' lang='lat' dir='ltr'><strong>ordine</strong></span> 
     </span>
    </p>
   </div>
   <div class='ocr_carea' id='block_1_93' title="bbox 394 5722 3626 5816">
    <p class='ocr_par' dir='ltr' id='par_1_93' title="bbox 394 5722 3626 5816">
     <span class='ocr_line' id='line_1_93' title="bbox 394 5722 3626 5816; baseline 0.007 -41"><span class='ocrx_word' id='word_1_612' title='bbox 394 5722 482 5778; x_wconf 79' lang='lat' dir='ltr'><strong>SS.</strong></span> <span class='ocrx_word' id='word_1_613' title='bbox 504 5725 680 5785; x_wconf 83' lang='lat' dir='ltr'><strong>Patres</strong></span> <span class='ocrx_word' id='word_1_614' title='bbox 710 5731 823 5788; x_wconf 91' lang='lat' dir='ltr'><strong>ullo</strong></span> <span class='ocrx_word' id='word_1_615' title='bbox 844 5734 1011 5789; x_wconf 90' lang='lat' dir='ltr'><strong>modo</strong></span> <span class='ocrx_word' id='word_1_616' title='bbox 1030 5745 1282 5806; x_wconf 89' lang='lat' dir='ltr'><strong>spectant</strong></span> <span class='ocrx_word' id='word_1_617' title='bbox 1297 5748 1578 5809; x_wconf 79' lang='lat' dir='ltr'><strong>excutere,</strong></span> <span class='ocrx_word' id='word_1_618' title='bbox 1596 5743 1782 5798; x_wconf 90' lang='lat' dir='ltr'><strong>omnia</strong></span> <span class='ocrx_word' id='word_1_619' title='bbox 1817 5760 1943 5814; x_wconf 71' lang='lat' dir='ltr'><strong>qua:</strong></span> <span class='ocrx_word' id='word_1_620' title='bbox 2050 5759 2161 5814; x_wconf 91' lang='lat' dir='ltr'><strong>quo</strong></span> <span class='ocrx_word' id='word_1_621' title='bbox 2198 5743 2541 5814; x_wconf 89' lang='lat' dir='ltr'><strong>scripserunt</strong></span> <span class='ocrx_word' id='word_1_622' title='bbox 2583 5744 2839 5813; x_wconf 88' lang='lat' dir='ltr'><strong>referam,</strong></span> <span class='ocrx_word' id='word_1_623' title='bbox 2893 5745 3163 5802; x_wconf 85' lang='lat' dir='ltr'><strong>editiones</strong></span> <span class='ocrx_word' id='word_1_624' title='bbox 3186 5746 3559 5816; x_wconf 82' lang='lat' dir='ltr'><strong>Epistolarum</strong></span> <span class='ocrx_word' id='word_1_625' title='bbox 3596 5759 3626 5798; x_wconf 78' lang='lat' dir='ltr'><strong>a</strong></span> 
     </span>
    </p>
   </div>
   <div class='ocr_carea' id='block_1_94' title="bbox 395 5822 3626 5912">
    <p class='ocr_par' dir='ltr' id='par_1_94' title="bbox 395 5822 3626 5912">
     <span class='ocr_line' id='line_1_94' title="bbox 395 5822 3626 5912; baseline 0.007 -42"><span class='ocrx_word' id='word_1_626' title='bbox 395 5822 743 5881; x_wconf 77' lang='lat' dir='ltr'><strong>auctoritatem</strong></span> <span class='ocrx_word' id='word_1_627' title='bbox 804 5824 864 5882; x_wconf 90' lang='lat' dir='ltr'><strong>S.</strong></span> <span class='ocrx_word' id='word_1_628' title='bbox 913 5825 1107 5900; x_wconf 85' lang='lat' dir='ltr'><strong>lgnatii</strong></span> <span class='ocrx_word' id='word_1_629' title='bbox 1145 5830 1475 5891; x_wconf 83' lang='lat' dir='ltr'><strong>conﬁrmare</strong></span> <span class='ocrx_word' id='word_1_630' title='bbox 1507 5836 1724 5905; x_wconf 87' lang='lat' dir='ltr'><strong>possint</strong></span> <span class='ocrx_word' id='word_1_631' title='bbox 1774 5852 1941 5909; x_wconf 82' lang='lat' dir='ltr'><strong>expo—</strong></span> <span class='ocrx_word' id='word_1_632' title='bbox 1969 5854 2002 5899; x_wconf 73' lang='grc' dir='ltr'><strong>ο,</strong></span> <span class='ocrx_word' id='word_1_633' title='bbox 2052 5853 2187 5895; x_wconf 90' lang='lat' dir='ltr'><strong>mss.</strong></span> <span class='ocrx_word' id='word_1_634' title='bbox 2223 5844 2509 5898; x_wconf 72' lang='lat' dir='ltr'><strong>erutarsm</strong></span> <span class='ocrx_word' id='word_1_635' title='bbox 2540 5838 2744 5911; x_wconf 87' lang='lat' dir='ltr'><strong>varias,</strong></span> <span class='ocrx_word' id='word_1_636' title='bbox 2767 5850 2822 5897; x_wconf 86' lang='lat' dir='ltr'><strong>ct</strong></span> <span class='ocrx_word' id='word_1_637' title='bbox 2847 5855 2876 5897; x_wconf 88' lang='lat' dir='ltr'><strong>a</strong></span> <span class='ocrx_word' id='word_1_638' title='bbox 2902 5857 2960 5899; x_wconf 88' lang='lat' dir='ltr'><strong>se</strong></span> <span class='ocrx_word' id='word_1_639' title='bbox 2989 5856 3211 5912; x_wconf 84' lang='lat' dir='ltr'><strong>quoquo</strong></span> <span class='ocrx_word' id='word_1_640' title='bbox 3236 5839 3398 5897; x_wconf 84' lang='lat' dir='ltr'><strong>modo</strong></span> <span class='ocrx_word' id='word_1_641' title='bbox 3420 5839 3626 5895; x_wconf 81' lang='lat' dir='ltr'><strong>discre-</strong></span> 
     </span>
    </p>
   </div>
  </div>
