4136 6396
396 376 467 434 53
1112 357 1164 415 J.
1208 345 1579 410 PEARSONII
1618 331 1939 401 VINDICIIE
1988 327 2414 386 IGNATIANIE.
2441 359 2507 369 —
2544 320 2967 389 PROG‘IMIUM.
3602 313 3673 370 54

393 510 523 565 επις,
553 488 828 548 llartinus
853 480 1226 544 Chemnitius,
1251 477 1309 531 in
1344 469 1611 528 Examine
1628 458 1847 520 concilii
1868 451 1993 508 Tri«

392 587 634 652 dentini,
652 586 851 639 harum
876 576 1249 648 Epistolarum
1272 562 1603 624 testimoniis
1626 570 1770 626 Stepe
1794 551 1986 613 utitur,

393 684 592 750 eisque
619 640 868 731 'multum
901 640 1117 725 tribuit.
1157 661 1405 734 lgnatius
1432 671 1577 717 vero,
1603 648 1802 719 inquit,
1834 640 1990 696 audi-

397 736 773 829 to'lloannis,
804 767 859 819 in
891 757 1134 832 Epistola
1180 755 1250 809 ad
1286 745 1758 816 Philadelphenses
1793 736 1857 792 de
1890 751 1992 789 ca:-

396 864 573 919 liba'u
609 869 662 915 et
695 828 949 927 conjugio
970 867 1115 907 more
1147 860 1372 918 prorsus
1405 837 1697 910 apostolico
1733 828 1997 900 loquitur.

399 955 467 1011 Et
497 955 633 1010 alibi
662 967 773 1008 non
804 951 925 1005 sine
966 959 1205 1003 censura
1243 940 1451 997 laudat.
1485 934 1690 1009 Ignatii
1725 927 1992 998 Epistolas

397 1049 673 1104 exstitisse
706 1060 807 1098 non
852 1049 1062 1096 tantum
1105 1035 1343 1102 Eusebii,
1377 1047 1559 1088 verum
1602 1027 1761 1082 etiam
1806 1020 1995 1075 Hiero-

401 1141 553 1212 nymi
586 1149 838 1207 tempore,
882 1143 1085 1188 certum
1134 1139 1232 1184 est.
1276 1125 1551 1180 Feruntur
1593 1134 1730 1172 nunc
1763 1113 1952 1170 Latine
1976 1126 1994 1163 :

398 1242 528 1288 sunt
561 1232 720 1286 editw
745 1231 907 1284 etiam
936 1225 1121 1282 erce
1156 1239 1174 1279 :
1211 1229 1262 1276 et
1296 1217 1495 1273 multas
1522 1211 1712 1267 habent
1742 1224 1843 1263 non
1871 1221 1999 1259 con-

400 1322 715 1379 temnendas
748 1320 1059 1385 sententias,
1096 1312 1394 1387 praesertim
1424 1309 1563 1363 sicut
1597 1302 1779 1359 Graece
1818 1300 1997 1371 legun-

403 1433 515 1475 tur.
574 1420 819 1472 Admista
873 1427 1049 1469 tamen
1094 1421 1217 1468 sunt
1263 1418 1314 1464 et
1365 1407 1477 1462 alia
1509 1419 1614 1459 non
1657 1416 1847 1471 pauca,
1881 1410 2000 1467 qua:

402 1516 646 1585 profecto
706 1529 809 1565 non
862 1509 1099 1577 referunt
1147 1504 1460 1577 gravitatem
1511 1496 1879 1568 apostolicam.
1936 1488 2002 1543 Et

404 1626 608 1665 rursus
652 1627 666 1661 :
708 1606 783 1661 De
816 1604 1078 1674 Epistolis
1115 1602 1280 1671 igitur
1310 1598 1421 1651 illis
1467 1592 1672 1665 Ignatii
1700 1604 1818 1661 qua;
1863 1600 2002 1639 nunc

403 1705 525 1773 ejus
574 1700 733 1754 titulo
783 1700 1055 1768 feruntur,
1108 1692 1297 1747 merito
1337 1688 1644 1742 dubitamus
1678 1698 1698 1737 :
1736 1679 2005 1748 transfor-

403 1771 569 1850 matae
596 1795 738 1848 enim
766 1791 1009 1847 videntur
1048 1790 1103 1841 in
1136 1784 1320 1839 multis
1355 1782 1487 1835 locis
1522 1778 1592 1833 ad
1623 1771 2001 1831 stabiliendum

404 1898 613 1943 statum
643 1886 787 1957 regni
815 1881 1081 1953 pontificii
1111 1895 1131 1933 :
1163 1876 1233 1931 Et
1274 1875 1531 1929 divinitus
1565 1869 1742 1934 iudico
1774 1882 1888 1922 esse
1910 1864 1999 1934 fa-

405 1989 580 2041 ctum,
622 1977 763 2049 quod
814 1974 1124 2030 adulterina
1173 1968 1419 2042 qua’dam
1457 1973 1765 2020 assumenta
1814 1974 1912 2013 suo
1950 1973 2005 2011 se

406 2072 616 2125 indicio
646 2069 892 2139 prodant.
922 2066 1146 2122 Primus
1178 2064 1347 2127 enim,
1401 2068 1463 2115 ut
1490 2057 1709 2128 opinor,
1744 2054 2007 2110 observa-

409 2164 515 2228 vit,
563 2163 750 2217 locum
790 2175 857 2215 ex
909 2158 1154 2230 Epistola
1208 2155 1276 2210 ad
1340 2154 1657 2223 Smyrnaeos
1701 2147 1928 2203 citatum
1976 2160 2009 2199 a

412 2256 787 2319 Theodoreto,
826 2266 929 2307 nec
951 2253 1006 2306 in
1037 2248 1245 2307 Graecis
1267 2246 1553 2301 codicibus
1579 2257 1678 2297 nec
1710 2242 1765 2295 in
1799 2237 2011 2294 Latinis

411 2348 674 2419 reperiri,
726 2344 982 2418 quamvis
1014 2359 1046 2399 a
1109 2340 1375 2398 Gulielmo
1417 2335 1744 2391 Widcl’ordo
1807 2332 2012 2403 pariter

412 2443 621 2497 citatus
652 2440 759 2507 sit;
787 2449 842 2495 et
880 2430 1021 2493 loca
1046 2435 1284 2507 plurima
1321 2448 1389 2488 ex
1425 2428 1759 2501 Apostolicis
1804 2425 2010 2483 consti-

415 2536 733 2592 tutionibus
763 2531 1028 2603 Epistolis
1057 2528 1254 2600 Ignatii
1283 2540 1405 2582 esse
1429 2532 1639 2581 assuta.
1668 2520 1804 2576 Post
1844 2532 2013 2589 quem

411 2627 617 2684 Petrus
650 2624 933 2688 Canisius,
967 2621 1054 2675 vir
1095 2617 1372 2679 eruditus,
1422 2615 1491 2669 ad
1529 2610 2012 2669 conﬁrmationem

415 2718 744 2777 catechismi
776 2713 1099 2772 testimonio
1141 2709 1334 2783 lgnatii
1379 2722 1450 2763 ex
1491 2704 1662 2763 veteri
1717 2704 2017 2773 interprete

416 2812 758 2871 creberrime
796 2807 993 2863 utitur.

493 2904 913 2962 Centuriatores
953 2908 1009 2956 et
1050 2895 1363 2961 Calvinum,
1402 2892 1551 2964 quod
1598 2887 1868 2961 lgnatium
1906 2895 2015 2941 tam

417 2999 577 3070 parvi
608 2998 933 3067 penderent,
972 2991 1295 3063 perstringit
1321 3004 1429 3043 una
1462 2984 1732 3042 sententia
1757 2978 2018 3049 Campia-

419 3106 553 3151 nus,
592 3089 807 3144 ratione
835 3086 1049 3157 quinta.
1074 3082 1473 3138 Centuriatores
1503 3078 1829 3132 vehementer
1847 3072 2017 3140 offen-

419 3184 506 3237 dit
539 3181 824 3252 Ignatius;
860 3178 1084 3248 offendit
1131 3184 1181 3230 et
1223 3173 1528 3235 Calvinum,
1562 3178 1621 3223 ut
1655 3169 1712 3222 in
1732 3167 1847 3237 ejus
1884 3163 2017 3233 Epi-

422 3277 580 3333 stolis
610 3276 874 3344 deformes
899 3288 1075 3326 naevos
1134 3278 1187 3323 et
1222 3266 1440 3337 putidas
1495 3263 1701 3319 menius
1744 3259 2021 3313 hominum

424 3368 740 3440 quisquilia:
761 3366 1022 3421 notat-int.
1056 3361 1308 3416 Defendit
1337 3357 1519 3414 statim
1544 3354 1833 3411 Calvinum
1859 3349 2024 3405 Whi-

429 3460 682 3525 takerus,
715 3457 861 3528 quod
903 3454 1173 3525 Ignatium
1226 3451 1291 3505 ab
1337 3449 1605 3505 haereticis
1656 3444 2025 3500 introductum

430 3564 693 3622 tanquam
732 3548 987 3619 improba:
1011 3555 1062 3601 et
1088 3544 1416 3600 detestandae
1434 3540 1710 3596 sententia:
1739 3547 2025 3607 patronum

426 3642 724 3713 repulerit;
749 3641 867 3710 ipse
890 3637 1166 3709 EpiStolas
1196 3640 1436 3690 obscura:
1454 3631 1733 3700 dubiisque
1755 3629 1883 3700 ﬁdei
1908 3642 2031 3683 esse

428 3744 611 3800 notat,
647 3734 787 3805 quod
814 3732 992 3804 plures
1025 3730 1242 3801 Ignatio
1259 3744 1397 3782 nunc
1433 3724 1798 3788 ascribantur,
1826 3722 1892 3777 de
1908 3721 2030 3791 qui-

430 3828 532 3883 bus
553 3827 814 3881 Eusebius
833 3835 884 3881 et
916 3825 1275 3894 Hieronymus
1298 3837 1401 3876 non
1419 3819 1791 3883 meminerunt,
1818 3826 1869 3870 et
1891 3814 2032 3886 quod

429 3927 554 3997 ejus
587 3924 859 3996 quoddam
909 3922 1111 3975 dictum
1146 3918 1330 3972 recitet
1359 3915 1723 3983 Hieronymus
1784 3909 2036 3980 aliudque

438 4017 827 4080 Theodoretus,
861 4012 1002 4083 quod
1032 4013 1090 4065 in
1122 4010 1241 4064 istis
1266 4025 1385 4079 qua:
1419 4006 1874 4072 circumferuntur
1900 4000 2038 4070 Epi-
2070 4031 2075 4037 η

435 4110 595 4167 stolis
622 4122 887 4177 nusquam
908 4103 1191 4174 reperitur.
1218 4098 1287 4154 Et
1314 4100 1382 4155 de
1396 4094 1690 4169 posteriori
1715 4100 2039 4164 argumento

436 4218 470 4257 a
508 4200 709 4254 Duraeo
730 4197 1060 4253 sollicitatus
1093 4212 1106 4249 :
1139 4192 1223 4248 Ea:
1248 4208 1330 4261 eo,
1366 4190 1567 4261 inquit,
1608 4187 1813 4259 Ignatii
1838 4186 2043 4254 scripta

437 4310 639 4367 parum
661 4295 869 4363 integra
891 4306 1162 4361 superesse
1196 4296 1428 4343 constat.
1456 4286 1536 4341 Ac
1552 4299 1681 4339 mox
1711 4280 2045 4337 Bellarmino

438 4385 789 4457 respondens
820 4424 837 4450 ,
887 4397 956 4437 ex
983 4380 1277 4436 duodecim
1323 4376 1521 4449 lgnatii
1563 4374 1813 4445 epistolis
1858 4370 2047 4427 Graece

440 4476 802 4534 exstantibus
830 4483 1038 4545 septem
1085 4479 1300 4526 tantum
1343 4475 1679 4524 memoratas
1723 4463 1962 4520 Eusebio
1993 4471 2047 4517 et

442 4571 791 4642 Hieronymo
812 4566 1217 4627 animadvertit,
1242 4564 1308 4618 de
1332 4562 1547 4635 quibus,
1565 4560 1766 4631 inquit,
1784 4559 1913 4630 quid
1941 4566 2050 4612 sta-

446 4674 701 4727 tuamus,
732 4677 859 4715 num
890 4660 997 4714 sint
1032 4658 1263 4730 Ignatii,
1316 4673 1387 4710 an
1431 4655 1655 4711 alterius
1714 4654 2046 4725 cujusquam,

445 4770 556 4808 non
590 4753 728 4806 satis
776 4758 1025 4814 constat;
1058 4757 1269 4803 constat
1300 4755 1480 4801 autem
1521 4746 1751 4817 quinque
1790 4760 1902 4799 esse
1937 4744 2051 4797 sine

450 4846 623 4901 dubio
654 4844 939 4913 spuriaset
972 4840 1328 4895 adulterinas.
1368 4837 1561 4893 Eidem
1611 4836 1931 4906 Campiano-
1965 4851 2053 4890 re-

452 4942 739 5015 spondens
759 4938 1091 4994 Laurentius
1136 4934 1493 5002 Huml‘redus,
1541 4941 1697 4988 notat
1728 4928 2054 5002 Magdebur-

452 5051 641 5108 genses
707 5031 1140 5087 moderatissima
1191 5028 1435 5083 oratione
1480 5024 1891 5096 prudentissime
1935 5036 2053 5074 mo-

455 5128 664 5191 nuisse,
697 5121 1143 5192 haberi'qua’dam
1170 5120 1225 5174 in
1247 5120 1392 5173 hisce
1412 5114 1670 5187 Epistolis
1690 5113 1913 5185 Ignatii,
1936 5129 2056 5183 qua:

456 5219 532 5274 ad
560 5218 825 5287 deformes
855 5230 1032 5269 ntevos
1068 5213 1341 5266 declinare
1384 5210 1662 5273 videntur;
1712 5217 1769 5264 et
1808 5205 2054 5277 quaedam

455 5311 758 5381 obrepsisse
801 5308 860 5361 in
907 5305 1111 5377 I‘gnatii
1136 5304 1352 5373 scriptis
1380 5302 1684 5356 adulterina
1711 5316 1816 5354 non
1838 5297 2057 5370 ferenda

458 5403 695 5470 asserit;
717 5417 847 5473 quia
873 5399 1119 5470 si.rejicit
1146 5396 1425 5463 Calvinus,
1458 5411 1563 5450 non
1597 5395 1781 5450 statim
1802 5394 2056 5448 dicendus

458 5505 545 5551 est
596 5503 693 5549 aut
728 5493 941 5563 iniquus
971 5506 1159 5546 censor
1190 5487 1429 5557 Ignatii,
1486 5496 1582 5541 aut
1638 5503 1800 5556 opera
1856 5486 2059 5558 Ignatii

462 5589 651 5644 omnia
680 5596 937 5657 tanquam
966 5582 1182 5653 putidas
1214 5581 1418 5634 manias
1461 5577 1785 5648 reprobare;
1815 5576 2059 5647 quando~

464 5680 681 5752 quidem
707 5696 771 5734 ea
805 5677 978 5732 solum
1020 5690 1138 5746 qua:
1163 5671 1431 5741 culpanda
1458 5681 1580 5724 sunt
1631 5669 1687 5723 in
1722 5669 2062 5738 supposititio

469 5773 693 5845 Ignatio
720 5769 987 5839 pervellit.
1016 5766 1137 5838 ipse
1162 5774 1344 5820 autem
1369 5760 1577 5831 aliquid
1623 5760 1885 5831 Epistolis
1918 5775 2059 5817 rese-

467 5879 644 5936 ctum,
677 5863 892 5937 aliquid
923 5869 1181 5918 assutum—
1201 5872 1325 5914 esse
1359 5865 1632 5914 autumat.

2019 451 2068 509 Α
2165 450 2390 505 Interim
2419 448 2752 504 reverendus
2796 440 3092 498 admodum
3133 430 3458 505 Wliitgiftus
3485 429 3538 484 in
3574 427 3676 483 Ec-

2095 542 2274 596 clesiae
2303 548 2514 595 nostra:
2543 535 2934 594 controversiis
2958 531 3167 603 lgnatio
3197 528 3428 581 multum
3468 523 3676 578 tribue-

2094 632 2217 700 bat;
2248 645 2301 688 et
2331 630 2811 688 schismaticorum
2857 622 3180 695 coryphteus
3229 617 3472 672 Thomas
3518 613 3677 667 Cart-

2096 725 2367 795 wriglttus
2407 723 2651 793 ejusdem
2691 717 3073 773 auctoritatem
3100 708 3432 780 dciugicbat,
3475 715 3531 760 et
3554 704 3679 759 Cal-

2096 820 2288 874 vinum
2327 817 2483 888 sequi
2515 814 2819 883 professus,
2843 810 3061 879 aliaque
3090 812 3412 876 argumenta
3449 816 3516 855 ex
3546 812 3678 869 pro-

2097 913 2217 984 prio
2240 927 2381 983 penu
2416 907 2771 980 suppeditans
2814 902 3047 974 negabat
3088 906 3367 953 auctorem
3402 890 3678 963 Epistola—

2099 1020 2221 1059 rum
2257 1002 2429 1058 l'uisse
2456 1001 2608 1055 illum
2632 996 3010 1067 apostolorum
3041 989 3407 1059 discipulum;
3456 984 3601 1057 quod
3625 992 3682 1038 et

2098 1097 2219 1167 ejus
2244 1108 2509 1165 sequaces
2539 1089 2737 1153 fecere,
2770 1086 2988 1157 quoties
3014 1081 3220 1153 aliquid
3246 1081 3380 1151 ipsis
3404 1078 3680 1149 objectum

2099 1200 2205 1253 est,
2240 1187 2329 1244 cui
2359 1184 2693 1255 respondere
2726 1180 2884 1235 aliter
2930 1192 3037 1231 non
3087 1180 3417 1245 potuerunt:
3464 1168 3683 1241 quoties

2101 1296 2281 1343 autem
2308 1284 2375 1340 ad
2396 1278 2795 1355 presbyterium
2813 1272 3247 1330 confirmandum
3275 1263 3481 1335 aliquid
3506 1262 3688 1317 facere

2102 1378 2409 1439 videbatur,
2443 1373 2563 1443 ejus
2611 1368 2935 1425 auctoritate
2979 1363 3211 1419 libenter
3262 1357 3689 1426 frequenterque

2103 1470 2418 1526 utebantur.
2470 1464 2547 1519 De
2590 1463 2793 1534 quibus
2819 1458 3053 1531 graviter
3105 1451 3459 1523 conqueritur
3500 1447 3682 1501 Lous:

2106 1568 2379 1639 Epistolas
2408 1560 2902 1629 tuas,sanctissime
2938 1551 3119 1626 Ignoti
3147 1592 3162 1617 ,
3207 1546 3536 1602 adulterinas
3578 1556 3690 1595 esse

2107 1662 2452 1719 contendunt.
2486 1656 2551 1710 In
2600 1654 2656 1708 id
2686 1653 2826 1707 enim
2866 1644 3207 1717 impudentiaz
3245 1637 3616 1693 diverticulum
3642 1634 3691 1685 si

2107 1775 2209 1811 non
2241 1772 2294 1809 se
2326 1751 2635 1822 receperint,
2668 1744 2974 1801 adulterata
3006 1739 3211 1810 penitus
3260 1743 3311 1788 et
3366 1726 3691 1799 turpissimis

2108 1846 2355 1905 sordibus
2382 1858 2600 1913 aspersa
2635 1853 2818 1892 eorum
2851 1833 3095 1888 doctrina
3141 1826 3432 1880 habeatur:
3478 1828 3532 1874 et
3571 1834 3696 1890 gra-

2105 1946 2368 2002 vissimus
2401 1934 2975 2011 prudentissimusque
3009 1920 3357 1985 Bancrol‘tus,
3389 1915 3469 1968 Ad
3498 1926 3697 1968 morem

2110 2008 2491 2097 Genevensium
2516 2029 2766 2101 Ignatius
2797 2021 2944 2094 loqui
2978 2018 3127 2072 debet
3154 2030 3172 2079 ,°
3200 2021 3293 2066 aut
3316 2010 3360 2064 si
3394 2008 3511 2080 plus
3537 2020 3698 2076 quam

2112 2137 2272 2193 velint
2300 2147 2491 2203 urgeas
2519 2168 2534 2192 ,
2571 2119 2931 2195 pauperculus
2973 2113 3222 2182 antiquus
3254 2105 3422 2160 Pater
3449 2104 3546 2157 iste
3574 2109 3695 2153 tan-

2111 2244 2271 2302 quam
2298 2193 2521 2296 fictilius
2551 2193 2599 2272 et
2621 2217 2774 2269 homo
2803 2224 2968 2266 vanus
2990 2205 3114 2275 jure
3136 2193 3395 2271 rejicitur.

2186 2320 2328 2375 Tum
2357 2330 2490 2371 vero
2525 2300 2953 2367 eminentissimi
3003 2298 3114 2378 duo
3152 2291 3458 2350 cardinales
3479 2330 3494 2355 ,
3525 2285 3698 2340 Baro-

2118 2416 2242 2472 nius
2265 2422 2431 2481 atque
2475 2404 2862 2467 Bellarminus,
2912 2399 2989 2453 ita
3034 2390 3373 2467 judicabant.
3432 2379 3702 2437 Baronius

2115 2516 2275 2567 caute
2314 2478 2553 2575 primum
2575 2495 2864 2568 distinguit
2890 2494 3033 2548 inter
3065 2485 3324 2558 epistolas
3358 2478 3551 2537 Latine
3581 2483 3703 2530 tan-

2118 2612 2233 2659 tum
2256 2570 2557 2660 ett—stantes,
2588 2599 2643 2647 et
2671 2605 2766 2645 cas
2788 2602 2909 2658 quae
2933 2584 3121 2639 Graece
3146 2580 3311 2634 etiam
3338 2570 3658 2644 prodierant
3684 2582 3702 2633 ;

2116 2694 2333 2766 priores
2361 2687 2568 2743 nullius
2605 2678 2955 2739 auctoritatis
2980 2689 3101 2731 esse
3122 2669 3339 2735 innuit;
3373 2660 3707 2735 posteriores

2119 2802 2314 2844 omnes
2340 2784 2498 2840 avide
2544 2776 2931 2849 amplectitur,
2978 2770 3327 2834 incorruptas
3358 2766 3414 2819 et.
3464 2757 3708 2823 integras

2119 2896 2241 2938 esse
2269 2874 2611 2951 pronuntiat,
2637 2843 2843 2940 easque
2876 2863 3032 2920 miris
3061 2858 3217 2916 ell‘ert
3257 2851 3537 2910 laudibus.
3584 2843 3710 2899 Non

2120 2939 2505 3040 enim.septem
2536 2939 3013 3021 tantumiEusebio
3030 2952 3303 3024 cognitas,
3341 2945 3437 3003 sed
3459 2950 3513 2998 et
3544 2939 3711 3010 quin:

2121 3082 2230 3139 que
2255 3064 2499 3135 reliquas
2547 3057 2751 3129 Ignatii
2779 3068 2890 3110 esse
2915 3062 3219 3123 germanas,
3261 3039 3575 3106 easdemque
3598 3033 3713 3086 sine

2040 3160 2088 3221 α
2120 3124 2444 3219 clarissimas,
2464 3124 2613 3207 nemo
2626 3149 2771 3219 jure,
2797 3143 2994 3215 inquit,
3015 3137 3208 3210 poterit
3232 3124 3495 3187 dubitare.
3518 3125 3716 3180 Bellar-

2124 3253 2311 3310 minus
2331 3257 2484 3304 notat
2495 3218 2720 3301 Latinas
2735 3250 2868 3303 tres,
2888 3235 3035 3308 gravi
3043 3241 3206 3288 tatem
3220 3224 3415 3297 eloquii
3431 3222 3489 3277 S.
3511 3218 3715 3291 Ignatii

2126 3322 2473 3404 omninonon
2503 3336 2781 3399 redolere;
2828 3330 3075 3402 quinque
3124 3320 3364 3378 Eusebio
3406 3313 3717 3385 incognitas

2127 3440 2189 3493 ob
2212 3437 2339 3508 styli
2355 3430 2765 3490 similitudinem
2788 3435 2837 3481 et
2861 3423 3115 3494 spiritum
3139 3431 3255 3471 vere
3275 3408 3649 3482 apostolicum,
3683 3421 3720 3457 a

2129 3532 2257 3586 uiris
2277 3527 2449 3583 doctis
2474 3522 2689 3579 omnino
2718 3516 2914 3587 recipi;
2947 3527 3054 3568 non
3101 3523 3213 3563 esse
3264 3516 3511 3572 magnam
3558 3498 3720 3567 ﬁdem

2130 3620 2427 3678 habendam
2448 3614 2719 3671 codicibus
2740 3586 2965 3673 Grmcis,
2980 3603 3071 3675 qui
3092 3614 3230 3654 nunc
3251 3602 3483 3657 exstant,
3506 3586 3721 3661 quando

2132 3716 2433 3783 discrepant
2457 3726 2491 3763 a
2524 3705 2935 3770 Latinis;scepe
2956 3696 3097 3751 enim
3140 3688 3526 3746 emendatiores
3579 3683 3723 3736 inve-

2136 3807 2241 3862 niri
2271 3803 2476 3859 codices
2502 3798 2724 3854 Latinos
2749 3807 2909 3864 quam
2940 3787 3183 3849 Graecos;
3219 3778 3358 3853 quod
3408 3790 3609 3840 verum,
3639 3771 3725 3826 in-

2136 3899 2277 3971 quit,
2309 3911 2421 3951 esse
2450 3890 2731 3960 intelliget,
2763 3884 2855 3956 qui
2902 3880 3134 3949 conferet
3166 3869 3472 3929 testimonia
3515 3881 3633 3938 qua:
3660 3879 3750 3918 ει

2140 3960 2355 4061 lgndtio
2380 3984 2549 4039 citant
2580 3979 2639 4036 S.
2688 3974 3016 4032 Athanasius
3063 3978 3112 4024 et
3140 4026 3145 4031 _
3170 3960 3524 4021 Theodoretus
3550 3999 3565 4021 ,
3605 3972 3745 4011 cunt

2141 4049 2311 4137 verbis
2350 4075 2591 4147 ejusdem
2620 4068 2847 4142 Ignatii,
2880 4081 2996 4137 qua:
3026 4076 3163 4116 nunc
3213 4056 3466 4112 habemus
3497 4051 3553 4107 in
3582 4049 3730 4106 codi-

2143 4173 2289 4230 cibus
2318 4168 2527 4224 Latinis
2557 4175 2606 4221 et
2631 4162 2854 4220 Graecis.

2219 4267 2297 4323 De
2319 4262 2575 4336 Epistula.
2593 4261 2663 4314 ad
2685 4256 2987 4312 Tarsenses
3026 4248 3207 4320 primo
3235 4243 3451 4299 dubitat
3493 4236 3734 4293 Faustus

2150 4362 2412 4425 Socinus,
2446 4356 2535 4412 his
2551 4352 2756 4417 verbis,
2780 4344 3145 4419 responsione
3168 4340 3236 4395 ad
3252 4335 3536 4392 Wickum;
3567 4331 3736 4400 Atque

2151 4456 2249 4510 hoc
2274 4422 2405 4524 ipso.
2422 4454 2733 4521 argumento
2756 4442 2826 4498 ad
2849 4442 2946 4495 hoc
2971 4440 3146 4508 ipsum
3174 4430 3515 4505 probandum.
3534 4422 3736 4479 videtur

2152 4549 2233 4602 uti
2265 4518 2533 4617 Ignotius,
2562 4549 2657 4596 aut
2686 4535 2924 4610 quisquis
2967 4532 3068 4602 fuit
3094 4537 3287 4583 auctor
3320 4523 3469 4578 illius
3500 4518 3741 4588 epistola:
3825 4559 3829 4563 .

2150 4651 2271 4709 qua:
2292 4633 2387 4688 sub
2416 4633 2533 4703 ejus
2556 4628 2771 4685 nomine
2817 4624 2889 4679 ad
2942 4620 3237 4675 Tarsenses.
3282 4610 3593 4668 inscribitur
3619 4624 3640 4663 :
3686 4616 3742 4660 ct

2153 4701 2481 4789 sententiam
2508 4739 2668 4783 suam
2703 4719 2929 4777 liberius
2954 4717 3022 4772 de
3053 4712 3311 4768 omnibus
3333 4704 3540 4777 profert
3562 4701 3742 4757 anim-

2154 4823 2479 4883 adversione
2535 4819 2601 4874 ad
2654 4813 3016 4873 assertionem
3074 4804 3366 4877 septimam
3424 4797 3745 4853 Posnanen-

2156 4921 2323 4977 sium.
2352 4913 2555 4986 Ignatii
2584 4911 2785 4980 scripta
2821 4905 3019 4978 partim
3047 4897 3373 4959 adulterina,
3420 4891 3620 4963 partim
3645 4888 3745 4941 ad-

2157 4982 2651 5078 modum'corrupta
2673 5014 2722 5059 et
2749 4996 3139 5057 additamentis
3163 4990 3483 5064 quibusdam
3514 4982 3748 5054 coinqui-

2159 5118 2319 5170 nata;
2356 5103 2487 5157 adeo
2509 5077 2566 5155 ut
2591 5111 2774 5153 eorum
2801 5107 3005 5164 quoque
3021 5089 3075 5142 in
3098 5086 3227 5156 ipsis
3259 5084 3356 5153 fiat
3387 5077 3603 5144 mentio,
3627 5091 3746 5145 quis

2160 5212 2265 5251 non
2301 5167 2420 5248 nisi
2450 5199 2568 5261 post
2603 5188 2810 5258 aliquot
2864 5179 3085 5236 stecula-
3114 5176 3459 5231 exstiterunt.
3508 5167 3578 5223 Et
3622 5167 3751 5222 licet

2160 5288 2417 5344 Latinum
2441 5281 2635 5355 lgnatii
2658 5277 2941 5347 exemplar
2964 5267 3348 5329 tantummodo
3379 5274 3511 5320 tunc
3539 5269 3751 5330 tempo-

2159 5383 2239 5439 ris
2266 5379 2516 5440 vidisset,
2547 5382 2603 5430 et
2630 5374 2918 5427 missarum
2960 5379 3093 5422 voce
3116 5361 3361 5420 oﬂe‘nSus
3390 5358 3496 5414 ista
3544 5353 3752 5411 scribe-

2160 5484 2276 5542 ret;
2309 5480 2508 5528 nactus
2565 5477 2746 5524 tamen
2784 5472 2973 5535 postea
3028 5458 3279 5514 Graacum
3327 5451 3594 5515 codicem,
3658 5444 3753 5500 ubi

2162 5583 2288 5625 eum
2320 5567 2503 5620 locum
2528 5561 2686 5616 aliter
2712 5574 2771 5614 se
2796 5556 2998 5611 habere
3020 5550 3248 5615 invenit,
3284 5543 3608 5602 sententiam
3644 5552 3752 5592 non

2165 5661 2421 5718 mutavit.
2467 5654 2592 5709 Non
2626 5654 2817 5707 desunt
2848 5660 3047 5714 tamen,
3078 5644 3280 5714 inquit,
3320 5634 3380 5693 in
3423 5640 3536 5706 ipso
3573 5633 3757 5688 (ἰταεο

2166 5750 2457 5822 exemplari
2483 5746 2751 5815 quwdam,
2789 5756 2905 5813 qua:
2954 5756 3058 5795 non
3116 5751 3238 5791 cum
3291 5730 3495 5803 Ignotii
3539 5723 3756 5788 sa'culo,

2164 5849 2253 5907 sed
2315 5862 2430 5901 cum
2469 5839 2865 5898 succedentibus
2918 5832 3261 5895 conveniant,
3310 5838 3362 5885 et
3425 5822 3642 5880 tandem
3697 5820 3751 5871 in
