4136 6386
499 362 573 417 55

1570 362 1625 417 S.
1667 360 2013 419 IGNATIUS.
2053 391 2125 401 —-—
2159 362 2668 420 PROLEGOMENA
3686 373 3753 429 56

499 478 648 532 ltunc
701 477 924 532 modum
959 477 1269 531 concludit:
1308 475 1469 539 Fuit,
1503 478 1780 541 nimirum,
1814 478 1947 532 liber
1979 478 2078 531 iste
2105 478 2154 534 Α
2178 477 2391 532 litteras
2416 472 2758 547 conscripsit.
2798 478 3054 549 Epistolas
3104 482 3269 551 igitur
3298 481 3626 559 lgnatianae,
3659 489 3754 557 ju-

498 567 867 637 lipistolarum
891 567 1103 637 lgnatii,
1123 568 1542 638 quandocunque
1573 568 1630 621 id
1662 568 1865 637 factum
1894 569 2077 639 fuerit,

497 664 561 717 ab
591 663 655 717 iis
685 665 883 732 partim
920 664 1265 733 deprauatus,
1296 665 1495 733 partim
1528 667 1692 719 etiam
1731 665 2076 720 consarcina-

496 764 601 809 tus.
646 756 737 824 qui
776 757 1111 824 tyrannidem
1138 757 1523 825 episcoporum,
1549 772 1652 810 non
1696 757 1748 811 in
1780 755 2079 810 Ecclesiam
2117 794 2122 801 ι

497 857 727 908 tantum,
751 848 840 901 sed
860 850 916 902 in
941 848 1319 918 rempublicam
1349 865 1573 919 quoque,
1606 858 1790 903 contra
1820 866 1971 903 omne
1981 849 2075 917 jus

496 938 702 1008 fasque,
727 941 1337 1013 invectam‘vehementer
1357 941 1658 1012 probabant
1684 981 1702 1007 ,
1750 957 1814 995 ac
1834 940 2077 995 stabilire

493 1030 756 1089 uolebant.
788 1032 867 1089 ιω
898 1035 988 1090 ille
1035 1035 1091 1089 in
1117 1035 1441 1091 defensione
1469 1036 1673 1106 prioris
1723 1036 2073 1094 animadver-

491 1123 684 1179 stonis.

564 1215 735 1273 Paulo
786 1229 911 1289 post
967 1219 1286 1291 Rodolphus
1337 1220 1709 1293 Hospinianus
1773 1223 2072 1295 Tigurinus

492 1308 755 1367 Historia:
774 1316 1211 1371 sacramentariw
1235 1316 1272 1370 l.
1292 1332 1351 1378 ll,
1372 1332 1422 1372 c.
1450 1318 1501 1382 l,
1523 1316 1789 1387 lgnatium
1819 1329 2070 1375 nostrum

490 1415 752 1475 tanquam
776 1415 970 1461 testem
1000 1409 1493 1478 locupletissimum
1531 1411 1737 1466 laudat.
1792 1409 1925 1465 Cum
1954 1421 2072 1481 post

488 1498 852 1564 apostolorum
888 1508 1121 1568 tempora
1148 1500 1381 1555 Ineretici
1419 1503 1697 1555 turmatim
1718 1512 2067 1572 erumperent,

484 1597 536 1639 et
562 1586 781 1642 sincera:
796 1589 1156 1657 apostolorum
1185 1590 1445 1643 doctrinae
1489 1590 1822 1659 impudenter
1852 1601 2069 1644 contra-

484 1677 741 1751 dicerent,
774 1676 1039 1749 Iguatius,
1060 1696 1198 1733 unus
1212 1696 1277 1733 ea:
1301 1681 1617 1747 senioribus,
1642 1697 1762 1735 cum
1785 1681 2069 1736 Antiochia

484 1765 708 1820 Romam
739 1769 977 1837 captivus
1003 1772 1319 1835 traheretur,
1359 1772 1537 1825 bestiis
1560 1770 1910 1840 objiciendus,
1936 1772 2067 1841 ﬁde-

2180 568 2302 623 tlice
2329 567 2574 635 Bilsono,
2618 577 2673 624 et
2696 565 2813 639 ipso
2840 570 2985 635 vivo,
3014 579 3068 625 et
3096 572 3165 625 ab
3195 574 3312 641 ipso
3338 585 3467 629 sunt
3508 578 3754 632 conscri-

2180 669 2305 729 ptae.
2334 658 2438 726 Qui
2465 660 2712 730 ejusdem
2755 662 2936 732 operis
2968 663 3147 732 capite
3180 664 3245 717 M
3291 681 3481 719 earum
3514 668 3753 735 antiqui-

2182 759 2345 805 tatem
2366 751 2570 806 diserte
2598 753 2828 807 asserit:
2860 768 2984 807 cum
3012 755 3158 809 enim
3189 754 3607 824 Tertullianum,
3647 759 3751 831 Cy-

2178 843 2429 914 prianum
2460 853 2513 898 et
2535 843 2926 916 Hieronymum
2954 848 3294 904 nominasset
3327 868 3341 904 :
3369 848 3524 915 Sihi,
3546 852 3746 921 inquit,

2178 934 2311 988 satis
2348 936 2556 1004 antiqui
2596 936 2674 989 vel
2706 938 2899 991 sinceri
2930 939 3072 991 vobis
3115 949 3269 995 testes
3308 957 3411 995 non
3449 944 3748 1008 videantur,

2178 1026 2362 1080 audite
2394 1028 2521 1097 quid
2555 1027 2828 1099 Ignatius,
2873 1032 3172 1087 Antiochia:
3192 1034 3486 1102 episcopus,
3541 1034 3749 1089 Joanne

2178 1119 2419 1188 apostolo
2445 1120 2735 1175 etiamdum
2765 1122 2823 1175 in
2844 1123 2956 1176 vita
2986 1136 3251 1190 manente,
3274 1124 3488 1195 ejusque
3515 1126 3751 1195 discipu-

2175 1212 2281 1278 lus,
2304 1222 2421 1281 post
2453 1228 2607 1284 quem
2626 1222 2747 1268 octo
2758 1215 2869 1285 fere
2898 1218 3053 1271 annis
3078 1220 3336 1287 martyrio
3382 1220 3603 1287 a/fectus
3648 1231 3747 1285 est,

2175 1305 2246 1357 ad
2267 1304 2503 1359 diversas
2525 1304 2795 1361 Ecclesias
2809 1308 2871 1361 de
2885 1310 3249 1378 episcoporum
3270 1313 3590 1365 auctoritate
3614 1313 3749 1365 scri-

2176 1397 2287 1452 bat.
2338 1396 2414 1451 lta
2442 1396 2697 1453 Bilsonus
2732 1400 2869 1456 locis
2913 1403 3333 1471 quamplurimis
3366 1403 3423 1458 S.
3454 1403 3746 1474 lgnatium,

2176 1496 2236 1542 ut
2263 1488 2709 1556 antiquissimum
2733 1500 2788 1544 et
2817 1491 3249 1547 sincerissimum
3282 1502 3474 1549 testem
3503 1495 3745 1550 adducit.

2242 1577 2588 1634 Abrahamus
2612 1579 2905 1649 Seultetus,
2956 1583 3011 1637 in
3064 1583 3302 1639 Medulla
3331 1586 3580 1652 Patrum,
3615 1605 3748 1658 pro-

2171 1671 2366 1741 positis
2391 1686 2459 1725 ex
2489 1679 2720 1742 utraque
2742 1683 2894 1742 parte
2932 1674 3241 1732 rationibus
3264 1719 3280 1746 ,
3335 1687 3390 1733 ct
3432 1694 3623 1734 eorum
3652 1681 3746 1751 qui

2172 1762 2381 1833 lgnatio
2418 1762 2520 1817 bas
2561 1764 2827 1832 epistolas
2856 1766 3187 1834 tribuebant,
3219 1776 3275 1822 et
3306 1784 3497 1824 eorum
3549 1773 3640 1841 qui
3675 1789 3748 1827 an

483 1855 551 1907 [is
586 1872 649 1908 ac
672 1836 893 1912 δοιιὶξὶιὶ
909 1861 1139 1927 pastoris
1167 1861 1344 1929 ofﬁcio
1372 1836 1693 1934 {ungens’vin
1706 1836 2063 1917 itiner-cingul-
2096 1836 2139 1891 Β
2170 1864 2314 1910 recte
2338 1856 2389 1910 ei
2414 1858 2784 1913 tribuerentur
2806 1859 3150 1926 dubitabant,
3171 1862 3387 1917 tandem
3410 1864 3481 1918 ita
3508 1881 3750 1934 pronun-

483 1953 565 1997 tas
587 1943 855 2001 Ecclesias
887 1958 997 2003 tam
1022 1951 1133 2003 viva
1157 1968 1296 2015 voce,
1326 1969 1485 2022 quam
1513 1955 1750 2023 epistolis
1773 1955 2061 2023 conﬁrma-

481 2038 553 2090 vit
568 2054 587 2101 ;
620 2038 999 2112 admonuitque
1025 2052 1083 2096 ut
1106 2042 1169 2096 ab
1189 2047 1453 2100 Itwreticis
1472 2056 1521 2101 et
1546 2048 1892 2101 clandestinis
1912 2049 2066 2103 sedu-

478 2130 717 2186 ctoribus
755 2143 1033 2201 caverent;
1061 2136 1155 2205 qui
1202 2136 1364 2203 clam,
1397 2139 1582 2193 insciis
1632 2142 1911 2211 episcopis,
1950 2158 2062 2196 sese

476 2219 829 2289 insinuantes,
856 2224 1150 2293 simplicem
1170 2226 1498 2295 plebeculam
1520 2229 1857 2297 seducebant,
1882 2239 1931 2284 et
1954 2231 2065 2301 pri-

475 2320 599 2365 nata
657 2316 914 2384 cogebant
962 2319 1348 2374 conventicula.
1417 2318 1571 2375 Inter
1628 2331 1819 2376 cratera
1878 2334 2058 2377 autem

476 2402 816 2475 Smyrnenses
850 2424 1054 2479 quoque
1092 2411 1431 2467 adhortatus.
1484 2410 1608 2467 Non
1661 2413 1811 2479 licet,
1861 2415 2055 2485 inquit,

474 2494 593 2547 sine
618 2495 899 2566 episcopo,
930 2514 1111 2569 neque
1140 2501 1359 2569 oll‘erre,
1388 2519 1565 2573 neque
1594 2506 1924 2561 sacrificium
1951 2508 2059 2561 im-

472 2585 720 2653 molare,
779 2604 957 2658 neque
1009 2592 1231 2662 aliquod
1274 2594 1423 2649 aliud
1476 2596 1754 2665 publicum
1813 2598 2052 2654 ofﬁcium

471 2678 646 2733 obire.
686 2679 753 2733 Et
781 2682 835 2735 in
872 2682 1118 2753 Epistula
1174 2687 1244 2741 ad
1298 2686 1605 2745 Trallianos
1661 2692 1795 2747 dicit
1849 2694 2056 2764 inﬁdeli

470 2769 784 2827 deteriorem
811 2791 942 2843 esse,
970 2777 1061 2848 qui
1086 2780 1283 2834 audeat
1316 2781 1521 2852 aliquid
1546 2785 1690 2838 circa
1717 2786 1909 2841 altaris
1944 2789 2051 2841 mi-

472 2862 751 2918 nisterium
778 2867 975 2935 facere,
1009 2872 1113 2925 nisi
1133 2876 1425 2943 episcopus,
1448 2886 1543 2929 aut
1567 2878 1837 2947 presbyter
1867 2880 2057 2949 fuerit.-

471 2951 538 3006 l‘lt
559 2954 724 3023 paulo
745 2967 867 3027 post
902 2960 1081 3015 locum
1117 2966 1185 3018 de
1216 2966 1413 3033 poculo
1438 2966 1805 3025 eucharistico
1830 2970 2055 3025 univer-

469 3044 547 3099 sis
576 3045 872 3105 distributo
902 3067 967 3109 ex
996 3052 1236 3123 Epistola
1262 3059 1329 3112 ad
1360 3057 1845 3131 Pbiladelphenses
1876 3063 2051 3119 addu-

465 3146 618 3229 ctum
669 3142 904 3210 appellat
956 3158 1197 3215 apertum
1245 3153 1608 3206 testimonium
1663 3153 1900 3224 Ignatii,
1954 3158 2049 3229 qui

465 3225 695 3283 lautitiis
728 3230 1082 3305 Evangelist
1119 3239 1414 3310 discipulus
1441 3244 1567 3312 fuit.

535 3320 851 3382 Perkinsius
876 3337 1057 3384 autem
1087 3341 1306 3389 nostras
1329 3334 1714 3393 Whitakerum
1742 3339 1960 3395 interim
1990 3342 2048 3397 in

464 3412 612 3468 hunc
640 3416 865 3470 modum
914 3421 1205 3489 sequitur:
1258 3422 1519 3481 Eusebius
1566 3444 1685 3481 cum
1726 3428 2049 3501 Hieronymo

462 3515 656 3573 septem
680 3506 885 3578 lgnatii
906 3527 1003 3579 pro
1030 3514 1164 3569 veris
1192 3520 1488 3572 numeravit
1515 3519 1769 3587 epistolas
1786 3539 1805 3578 :
1836 3536 1891 3576 at
1907 3542 2046 3581 nunc

460 3602 555 3653 sub
578 3601 725 3655 illius
744 3606 953 3659 nomine
991 3607 1254 3662 habentur
1287 3611 1589 3680 duodecim,
1628 3629 1858 3683 quarum
1890 3620 2048 3688 quin-

457 3706 557 3756 que
610 3695 807 3761 spuria:
869 3708 1012 3752 sunt.
1046 3696 1233 3752 Etiam
1263 3698 1510 3770 Epistol'a
1546 3706 1616 3758 ad
1664 3704 1918 3775 Ephesios
1948 3719 2045 3763 aut

455 3784 645 3848 spuria
682 3794 782 3849 est,
823 3799 916 3841 aut
944 3789 1132 3843 saltem
1163 3803 1447 3863 corrupta;
1480 3797 1610 3866 quia
1638 3798 1786 3853 locus
1816 3817 1851 3853 a
1877 3799 2044 3856 Theo-

456 3872 639 3928 tloreto
663 3884 712 3929 et
739 3875 952 3931 Gelasio
989 3896 1055 3933 ea:
1081 3881 1178 3935 illa
1206 3883 1403 3940 citatus
1437 3888 1492 3941 in
1542 3892 1737 3945 nostris
1766 3894 2040 3965 exempla-

456 3964 603 4017 ribus
634 3982 734 4019 non
762 3968 1045 4025 invenitur.

529 4056 771 4115 Thomas
793 4060 1049 4119 Bilsonus
1088 4075 1325 4131 nostras,
1354 4069 1439 4123 vir
1464 4074 1650 4143 magni
1698 4074 1753 4129 in
1792 4076 2037 4135 Ecclesia

456 4148 718 4213 nominis,
746 4150 813 4205 de
836 4163 1095 4221 perpetua
1141 4158 1537 4226 gubernatione
1581 4162 1842 4221 Ecclesiae
1893 4171 2035 4224 scri-

453 4238 565 4305 psit
599 4238 719 4294 fuse
772 4250 937 4310 atque
968 4246 1213 4315 erudite;
1240 4246 1301 4302 S.
1344 4248 1614 4321 lguatiunt
1663 4264 1846 4310 autem
1880 4258 1931 4311 in
1967 4275 2036 4316 eo

453 4342 621 4395 Opere
650 4338 711 4383 ut
738 4330 1110 4389 indubitatum
1159 4348 1441 4395 auctorem
1476 4341 1792 4413 frequenter
1822 4348 2029 4420 laudat,

452 4428 507 4471 et
549 4417 683 4472 dum
737 4421 793 4474 in
839 4423 979 4478 vivis
1024 4435 1191 4491 esset,
1240 4443 1336 4483 eas
1370 4430 1517 4499 ipsas
1556 4433 1837 4503 epistolas,
1892 4417 2031 4507 quas

2168 1950 2268 2004 tiat
2298 1966 2311 2003 :
2344 1949 2656 2004 Rationibus
2682 1967 2738 2003 tu
2763 1966 2969 2005 omnem
3000 1962 3204 2020 partem
3234 1955 3393 2022 probe
3437 1956 3747 2026 diligenter-

2166 2058 2267 2111 que
2292 2044 2559 2105 excussis,
2585 2043 2639 2096 in
2671 2044 2884 2097 tertiam
2905 2044 3147 2098 nonnulli
3176 2056 3504 2101 secesserunt
3539 2060 3747 2103 senten-

2167 2139 2340 2204 tiam,
2394 2149 2795 2209 statueruntque
2852 2158 2963 2196 esse
3014 2143 3224 2213 quidem
3274 2146 3528 2212 epistolas
3586 2148 3746 2201 hasce

2166 2227 2390 2299 Ignatii,
2428 2230 2521 2283 sed
2566 2231 2928 2297 adulteratas,
2955 2233 3045 2286 sed
3093 2234 3464 2303 interpolatas.
3501 2236 3743 2302 Quorum

2161 2320 2218 2373 in
2235 2321 2445 2390 judicio
2467 2333 2516 2375 et
2543 2339 2637 2375 nos
2659 2324 3063 2392 acquiescimus.

2231 2410 2565 2469 Possevinus
2613 2424 2796 2468 autem
2824 2416 3111 2472 adhmrens
3146 2416 3381 2473 Baronio
3418 2435 3432 2470 :
3463 2418 3609 2474 Licet
3675 2417 3737 2475 S.

2161 2503 2542 2573 Hieronymus,
2579 2507 2779 2575 inquit,
2804 2516 3013 2561 tantum
3061 2512 3358 2563 meminerit
3395 2520 3588 2579 septem
3626 2514 3741 2581 epi-

2157 2594 2441 2662 stolarum,
2473 2594 2752 2649 duodecim
2784 2606 2961 2650 tamen
3005 2598 3150 2651 haud
3191 2598 3367 2652 dubita
3419 2600 3544 2669 ﬁdei
3576 2601 3737 2654 habe-

2157 2704 2295 2741 mus.
2319 2685 2453 2751 Quae
2480 2703 2601 2742 vero
2629 2696 2732 2741 tres
2756 2688 2881 2743 alia:
2902 2689 3170 2759 feruntur,
3192 2690 3293 2743 etsi
3316 2706 3415 2743 non
3442 2701 3553 2745 tam
3580 2702 3740 2747 certe:

2154 2780 2281 2850 ﬁdei
2313 2788 2459 2845 sunt,
2484 2781 2720 2833 citantur
2740 2789 2914 2834 tamen
2938 2797 2970 2833 a
2998 2780 3056 2835 S.
3080 2780 3355 2835 Bernardo
3369 2798 3389 2847 ;
3414 2799 3505 2836 nec
3526 2784 3737 2852 defuere

2153 2880 2272 2939 post
2302 2870 2459 2924 illum
2486 2871 2589 2926 viri
2621 2871 2787 2937 docti,
2811 2871 2904 2941 qui
2962 2874 3202 2942 ipsarum
3249 2874 3621 2926 mentinerunt.
3669 2873 3737 2927 Et

2152 2962 2394 3019 Jacobus
2423 2962 2715 3019 Gretserus
2746 2964 2937 3019 eadem
2982 2980 3170 3035 presse
3221 2966 3469 3035 sequitur
3506 2965 3733 3035 vestigia

2151 3054 2219 3110 de
2240 3054 2531 3111 duodecim
2576 3056 2825 3126 epistolis
2874 3057 3159 3127 genuinis;
3190 3072 3426 3126 quarum
3458 3054 3735 3113 Vindicius

2150 3146 2220 3201 ab
2274 3146 2465 3201 eodem
2520 3146 2755 3217 scriptas
2777 3147 2977 3201 alicubi
3010 3148 3179 3203 latere
3221 3156 3452 3204 testatur
3482 3164 3541 3205 se
3570 3151 3731 3205 audi-

2073 3214 2116 3272 (ἶ
2150 3237 2295 3291 visse
2321 3236 2605 3308 Philippus
2632 3214 2924 3293 Labbaeus.

2223 3328 2364 3383 Tum
2401 3345 2530 3384 vero
2554 3329 2820 3385 Martialis
2853 3328 3168 3393 Mestrtcus,
3223 3330 3420 3385 doctor
3448 3329 3729 3385 Parisien-

2148 3422 2226 3478 sis
2271 3421 2365 3492 qui
2393 3420 2659 3491 lgnatium
2692 3422 2871 3491 ipsum
2897 3421 3068 3475 edidit
3109 3430 3166 3477 et
3205 3422 3356 3477 notis
3408 3421 3727 3484 illustravit.

2150 3524 2261 3570 tres
2288 3514 2513 3569 Latinas
2540 3515 2596 3568 in
2624 3513 3144 3569 Commentationum
3171 3514 3596 3583 apocrypharum
3621 3530 3729 3568 llu-

2146 3623 2302 3663 mero
2338 3608 2573 3663 collocat
2596 3622 2610 3672 ;
2632 3606 2871 3676 reliquas
2907 3605 3197 3661 duodecim
3222 3623 3503 3677 germanas
3530 3616 3579 3660 et
3614 3622 3730 3661 vero

2144 3716 2338 3758 aureas
2368 3699 2570 3769 Ignatii
2604 3698 2876 3767 Epistolas
2924 3698 3201 3767 praedicat,
3246 3700 3340 3753 sed
3370 3700 3434 3752 ab
3463 3698 3727 3753 Ita’reticis

2141 3804 2191 3849 ct
2228 3812 2261 3848 a
2306 3792 2565 3850 Grazculis
2621 3790 3003 3863 posterioribus
3054 3790 3252 3845 alicubi
3295 3778 3647 3861 interpolatas
3672 3804 3724 3847 et

2142 3887 2460 3956 deprauatus
2495 3884 2715 3941 fatetur.

2211 3979 2480 4049 Georgius
2526 3976 2847 4034 Dounamus
2897 3987 3156 4045 nostras,
3207 3977 3292 4031 vir
3344 3977 3721 4044 doctissimus,

2141 4087 2284 4140 stepe
2323 4071 2705 4127 schismaticos
2730 4080 2783 4126 et
2816 4073 2903 4127 sui
2950 4080 3005 4125 et
3035 4070 3232 4141 prioris
3260 4070 3444 4125 saeculi
3473 4080 3719 4133 accusat,

2139 4163 2290 4233 quod
2332 4179 2479 4218 nunc
2504 4163 2703 4231 Ignatii
2754 4164 3068 4219 testimonia
3094 4163 3148 4217 in
3176 4178 3278 4218 sua
3307 4178 3476 4219 causa
3503 4175 3721 4233 urgent,

2138 4273 2287 4312 nunc
2335 4256 2597 4326 epistolas
2626 4256 2747 4324 ejus
2777 4264 3041 4325 tauquam
3084 4254 3301 4324 spurias
3342 4255 3633 4324 rejiciunt;
3663 4266 3719 4311 ct

2136 4361 2340 4421 septem
2372 4350 2496 4406 illas
2522 4350 2591 4405 ab
2618 4349 2855 4405 Eusebio
2893 4356 3224 4403 memoratas
3253 4348 3446 4403 doctas
3493 4358 3546 4403 et
3597 4349 3717 4417 pias

2136 4444 2398 4513 appellat;
2425 4458 2564 4512 quas
2584 4442 2670 4497 vel
2700 4442 2820 4497 ideo
2844 4441 2998 4512 rejici
3026 4457 3135 4497 non
3157 4455 3320 4510 posse
3345 4441 3441 4507 ait,
3475 4442 3621 4511 quod
3644 4443 3715 4497 ab

452 4509 603 4575 citat,
631 4512 923 4580 scripsisse
956 4518 1369 4575 sanctissimum
1394 4522 1548 4578 illum
1598 4536 1892 4598 martyrem
1942 4529 2027 4584 af-
2061 4552 2104 4606 ι)
2136 4509 2370 4590 Eusebio
2396 4509 2794 4591 memorentur.

451 4605 651 4662 tirmat.
686 4606 846 4665 Hunc
864 4622 1046 4669 tamen
1064 4614 1338 4674 l’arkerus
1364 4629 1424 4674 ut
1451 4621 1791 4681 dubitantem
1820 4626 2026 4687 frustra

448 4706 502 4751 «ιι
530 4697 668 4753 falso
700 4702 975 4771 producit,
1023 4705 1522 4781 doetissimumque
1573 4718 1859 4784 praasulem
1890 4720 2027 4776 mire

448 4786 838 4847 calumniatur.
871 4790 1119 4863 Thomas,
1156 4797 1353 4868 inquit,
1379 4801 1633 4860 Bilsonus
1663 4807 1716 4861 in
1734 4810 2023 4868 canonibus

446 4881 809 4946 apostolorum
844 4887 1095 4955 ﬁdentior
1121 4900 1200 4945 est
1241 4910 1401 4962 quant
1440 4896 1495 4949 in
1528 4896 1764 4967 lgnatio.
1792 4900 2024 4963 Observa

444 4976 679 5029 (uiridem
705 4988 886 5032 notam
938 4982 1192 5038 inussisse
1224 4984 1469 5056 lgnatio,
1500 5006 1658 5058 quam
1708 4997 2020 5065 canonibus,

442 5064 657 5121 laudem
693 5086 810 5124 vero
840 5077 1114 5128 vetustatis
1160 5078 1469 5133 attribuisse
1497 5084 1811 5151 canonibus,
1859 5104 2020 5157 quam

443 5158 647 5229 lgnatii
672 5164 912 5231 epistolis
944 5185 1045 5223 non
1091 5172 1370 5241 attribuit,
1402 5192 1522 5230 cum
1556 5179 1725 5237 dicit:
1765 5180 2020 5242 Canones

438 5252 533 5319 qui
553 5252 813 5310 dicuntur
836 5262 1236 5328 apostolorum,
1260 5278 1438 5334 aperte
1464 5269 1635 5323 innuit
1665 5288 1753 5327 eos
1780 5275 2016 5343 ipsorum

437 5347 804 5412 apostolorum
834 5353 1051 5408 utinime
1072 5359 1216 5424 esse,
1249 5360 1411 5413 sicuti
1459 5362 1590 5417 alibi
1620 5376 1801 5434 aperte
1840 5368 2013 5433 docet,

434 5438 557 5503 pari
610 5441 856 5510 ratione,
899 5461 1019 5499 cum
1059 5449 1227 5503 dicit:
1282 5450 1539 5521 Epistolas
1587 5473 1709 5525 qua:
1763 5458 2015 5515 feruntur

435 5526 650 5596 lgnatii,
692 5549 782 5586 eas
818 5532 1021 5604 Ignatii
1074 5556 1177 5593 non
1207 5559 1319 5597 esse
1374 5546 1735 5603 subinsinuat.
1783 5552 1849 5605 At
1898 5552 2013 5608 haec

434 5640 584 5677 mera
607 5634 693 5679 cst
712 5628 1006 5695 calumnia,
1047 5648 1168 5701 qua:
1208 5637 1475 5702 proximis
1529 5642 1772 5713 episcopi
1832 5649 2011 5704 verbis

432 5715 737 5773 clarissime
791 5719 1074 5776 refutatur.
1109 5724 1305 5781 Statim
1334 5730 1480 5785 enim
1539 5734 1719 5788 addit:
1763 5735 2007 5806 Ignatius

432 5805 658 5876 quippe,
701 5824 883 5864 eorum
932 5812 1223 5885 episcopus,
1249 5817 1418 5874 adhuc
1468 5822 1609 5878 rivus
1636 5836 1769 5894 erat,
1800 5805 1863 5881 iet
1918 5847 2005 5885 cas

2202 4628 2347 4684 Inter
2364 4628 2689 4683 Socinianos
2711 4626 3079 4697 Hieronymus
3097 4624 3477 4681 Moscorovius
3500 4625 3567 4680 de
3583 4640 3710 4680 vera

2130 4722 2327 4777 harum
2364 4720 2721 4791 epistolarum
2751 4721 3080 4791 antiquitate
3116 4719 3401 4773 dubitasse
3452 4717 3595 4772 haud
3627 4717 3708 4770 vi-

2126 4816 2309 4880 detur,
2335 4831 2458 4870 cum
2488 4816 2540 4869 in
2567 4815 2901 4869 refutatione
2927 4812 3261 4882 Appendicis
3290 4811 3510 4865 Martini
3564 4809 3707 4864 Smi-

2126 4907 2280 4977 glecii
2310 4908 2425 4962 haec
2454 4909 2685 4962 habeat:
2725 4905 2914 4961 Verum
2942 4923 3003 4959 ne
3023 4907 3120 4959 hoc
3141 4907 3352 4976 quidem
3386 4924 3563 4960 verum
3590 4918 3693 4971 est;

2124 5002 2415 5070 primorum
2446 5000 2763 5054 sazculorum
2800 4999 2984 5054 Patres
3032 5016 3171 5065 eam,
3198 5016 3359 5070 quam
3384 5001 3487 5070 ipsi
3540 4999 3704 5069 pro/i-

2124 5102 2358 5160 teantur,
2382 5092 2698 5146 sententiam
2729 5092 3049 5163 prodidisse.
3080 5092 3224 5146 Nam
3273 5090 3517 5162 Ignatius
3541 5130 3556 5156 ,
3594 5090 3701 5145 l’a-

2123 5195 2265 5238 trum
2301 5183 2443 5253 apud
2477 5183 2719 5248 Latinos,
2743 5200 2967 5253 quorum
2994 5183 3204 5251 quidem
3234 5183 3435 5251 scripta
3464 5192 3695 5243 exstant,

2120 5277 2544 5340 vetustissimus,
2595 5276 2930 5344 apertissime
2983 5276 3185 5343 fatetur
3227 5276 3278 5328 in
3329 5274 3573 5343 Epistola
3627 5274 3698 5328 ad

2121 5369 2424 5433 Tarsenses,
2459 5369 2599 5439 quod
2629 5368 2873 5423 Christus
2904 5384 3007 5421 non
3062 5368 3133 5421 sit
3178 5367 3268 5422 ille
3310 5369 3401 5438 qui
3429 5379 3507 5422 est
3539 5383 3698 5434 super

2117 5465 2295 5516 omnia
2327 5462 2485 5525 Deus,
2513 5464 2601 5515 sed
2629 5459 2806 5515 Filius
2832 5463 3020 5529 ipsius.

2186 5555 2355 5609 lsaaci
2384 5566 2528 5609 certe
2553 5555 2890 5619 Casauboni,
2920 5564 3165 5609 veterum
3200 5553 3527 5623 scriptorum
3548 5556 3692 5624 peri-

2113 5648 2311 5702 tissimi
2344 5649 2569 5717 judicis,
2603 5649 2872 5705 sententia
2908 5649 2960 5701 in
2992 5649 3095 5702 hac
3140 5647 3306 5703 etiam
3355 5665 3523 5703 causa
3575 5666 3693 5702 nta-

2113 5742 2258 5797 xitne
2283 5744 2542 5798 notanda.
2577 5743 2760 5810 Quare
2789 5743 3063 5798 Parkcras
3107 5742 3252 5797 hunc
3278 5744 3420 5797 inter
3459 5757 3552 5798 eos
3585 5758 3687 5796 nu-

2111 5845 2303 5902 merat,
2328 5852 2465 5904 quos
2486 5854 2677 5894 omnes
2701 5834 3165 5907 lgnatiiepistolas
3194 5835 3412 5891 lletitias
3435 5836 3687 5892 docuisse
