4136 6418
299 408 358 464 57
1013 403 1063 460 J.
1102 401 1466 458 PEARSONU
1502 400 1825 459 VlNDlClZE
1862 398 2280 459 lGNATlANz’E.
2334 432 2400 440 —
2437 400 2855 457 PROOEMIUM.
3501 396 3570 451 58

294 532 397 582 vult
426 547 439 585 :
468 529 564 582 sed
600 528 715 583 hoc
743 537 793 582 et
825 526 1069 583 sublesta
1116 526 1223 582 [ide
1269 526 1474 593 tradit,
1514 536 1569 581 et
1604 525 1884 581 levissimo
1915 528 1960 585 Α
1987 524 2067 578 vel
2093 525 2479 594 supposititius,
2509 523 2585 578 vel
2622 524 2755 593 {aede
2788 532 3064 592 corruptas
3100 516 3314 588 probari
3370 518 3562 586 possit.

293 630 612 691 argumento
656 620 889 675 suadere
912 628 1164 685 conatur,
1193 618 1342 689 quod
1386 616 1757 673 Casaubonus
1811 617 1878 672 de

290 716 456 785 prisca
488 711 759 768 Ecclesia:
794 712 1087 783 disciplina
1108 714 1362 779 locutus,
1408 712 1745 784 Cyprianum
1798 719 1879 765 te-

288 816 414 861 stem
446 805 729 870 adhibuit,
766 804 1035 873 lgnatium
1092 820 1203 859 non
1254 805 1588 861 nominavit:
1643 821 1768 860 cum
1820 803 1878 858 in

284 896 785 952 Exercitationibus
818 896 1147 952 Baronianis
1185 895 1242 950 S.
1275 895 1550 969 Ignatium
1582 912 1729 966 saepe
1758 896 1879 952 lau-

283 986 387 1048 det,
420 995 473 1039 et
500 988 903 1041 nonnullarum
928 988 1050 1057 ejus
1074 987 1447 1057 Epistolarum
1493 990 1874 1059 antiquitatem

282 1078 430 1133 novis
453 1078 774 1133 rationibus
800 1094 859 1135 se
882 1080 1148 1134 tuiturum
1169 1080 1498 1149 polliceatur
1521 1096 1537 1147 ;
1573 1097 1712 1149 quas
1741 1097 1879 1150 pm—

284 1181 486 1225 matura
518 1171 630 1225 viri
667 1171 893 1227 maximi
920 1181 1098 1227 morte
1125 1183 1344 1243 ereptas
1389 1173 1549 1228 nobis
1587 1172 1756 1228 fuisse
1778 1174 1877 1228 do-

282 1262 469 1316 lemus.

347 1350 447 1407 Sed
479 1370 624 1407 unus
657 1355 877 1423 quidam
908 1355 1009 1422 vir,
1042 1366 1235 1411 cetera
1279 1355 1646 1423 doctissimus,
1686 1368 1743 1411 ut
1796 1365 1876 1412 te-

284 1454 448 1498 statur
472 1444 765 1513 Vedelius,
794 1455 948 1500 extra
986 1463 1139 1501 omne
1189 1447 1407 1501 dubium
1443 1448 1591 1518 ponit
1635 1448 1877 1517 supposi-

286 1536 463 1587 tionem
500 1536 704 1589 Itarum
730 1538 1123 1607 epistolarum:
1174 1540 1279 1592 imo
1313 1539 1488 1593 dicere
1534 1556 1640 1593 non
1674 1550 1880 1593 veretur

282 1623 547 1694 lguata'um
582 1626 769 1681 nullas
800 1644 1038 1698 unquam
1067 1629 1322 1698 epistolas
1348 1631 1642 1699 scripsisse.
1671 1628 1746 1684 De
1773 1630 1878 1685 hoc

282 1715 386 1768 viro
411 1714 748 1772 doctissimo
775 1718 1121 1772 altercantur
1171 1718 1429 1774 doctores
1451 1719 1560 1774 duo
1583 1760 1600 1787 ,
1638 1718 1876 1775 Owenus

278 1816 328 1861 et
353 1805 769 1871 Hammondus:
806 1825 971 1880 quem
1000 1811 1162 1881 quasi
1201 1826 1300 1867 nec
1330 1813 1555 1867 nomine
1592 1828 1702 1867 nec
1736 1812 1875 1867 scri-

280 1908 361 1968 pto
385 1908 573 1953 notum
605 1902 947 1969 producunt,
967 1910 1021 1956 et
1041 1919 1205 1972 quem
1238 1903 1576 1973 Anonymum
1606 1904 1867 1959 ineditum
1902 1886 1946 1940 Β

280 1988 652 2048 Hammondus
692 2002 877 2048 vocat.
915 1992 993 2048 Ne
1019 1993 1189 2065 igitur
1212 2010 1478 2050 numerus
1532 1995 1725 2066 lgnatii
1766 1996 1868 2050 ho-

279 2083 431 2137 stium
453 2094 756 2153 augeatur,
781 2096 836 2141 et
874 2095 1075 2157 praeter
1114 2102 1212 2143 eos
1251 2104 1488 2159 quorum
1529 2089 1732 2160 scripta
1768 2106 1871 2145 no-

279 2175 465 2241 vimus,
497 2176 647 2231 alius
683 2177 910 2248 aliquis,
953 2178 1112 2249 isque
1159 2179 1520 2236 doctissimus
1544 2222 1560 2247 ,
1606 2180 1870 2251 epistolas

280 2264 430 2319 bases
456 2266 688 2333 penitus
724 2267 1047 2337 repudiasse
1070 2275 1386 2337 censeatur,
1418 2269 1687 2325 ineditum
1715 2270 1867 2325 illum

280 2355 329 2409 ln
355 2355 523 2411 lucem
565 2359 1032 2427 protrahendum,
1069 2369 1125 2415 et
1152 2376 1313 2418 suum
1359 2375 1637 2434 anonymo
1668 2376 1869 2417 nomen

278 2447 596 2502 reddendum
622 2465 755 2506 esse
777 2450 1062 2507 duximus.
1088 2452 1188 2508 Est
1209 2462 1392 2508 autem
1418 2453 1509 2509 ille
1523 2462 1676 2509 extra
1705 2469 1871 2510 omne

281 2537 489 2592 dubium
545 2539 835 2598 Robertns
862 2542 1164 2610 Parkerus,
1196 2544 1587 2601 schismaticus
1633 2545 1863 2616 Anglus.

281 2627 463 2682 Omnia
484 2633 635 2686 enim
662 2648 790 2703 quas
819 2632 1081 2690 Vedelius
1114 2651 1147 2691 a
1176 2637 1296 2693 viro
1326 2636 1421 2691 illo
1446 2646 1639 2692 uetera
1668 2638 1867 2692 doctis-

281 2720 401 2773 simo
420 2722 566 2777 dicta
597 2723 839 2794 profert,
870 2726 927 2781 in
948 2708 1174 2784 Parke'ri
1208 2729 1348 2785 libro
1375 2731 1619 2786 secundo
1648 2730 1727 2785 De
1772 2748 1870 2802 po-

281 2809 417 2864 litica
442 2814 823 2870 ecclesiastica
852 2820 1032 2889 capite
1052 2820 1269 2878 decimo
1299 2824 1461 2879 tertio
1494 2824 1863 2894 reperiuntur.
1935 2840 1946 2865 υ

284 2900 385 2972 Ego
421 2920 539 2959 vero
570 2894 1103 2981 Epistolas'lgnatii
1132 2929 1165 2965 a
1209 2914 1415 2968 nemine
1460 2931 1695 2986 unquam
1745 2927 1869 2971 ante

282 2994 551 3049 concilium
577 2997 639 3051 Ν
643 3000 877 3054 ἰεωηωη
924 3003 1125 3058 citatas
1159 3004 1301 3073 dico,
1336 3007 1518 3078 inquit
1548 3007 1863 3077 Parkerus;

284 3098 392 3152 quae
414 3087 581 3142 verba
607 3089 737 3145 viro
771 3107 874 3149 suo
906 3093 1230 3152 doctissimo
1263 3098 1458 3154 tribuit
1488 3097 1779 3169 Ve‘delius;
1812 3110 1867 3157 et

1983 615 2048 670 Et
2070 633 2297 672 rursus:
2329 616 2542 680 Verum,
2569 625 2631 668 ut
2652 614 2962 669 concludam
2980 613 3188 682 paucis,
3206 619 3348 665 certo
3366 612 3563 665 certius

1981 717 2081 774 est,
2106 708 2203 763 has
2226 708 2479 777 epistolas
2504 707 2581 761 vel
2610 706 2982 775 supposititias
3015 721 3148 767 esse,
3180 703 3281 763 vel,
3305 702 3445 765 quod
3467 719 3563 755 su-

1980 813 2081 868 pra
2114 798 2474 868 monui,fazde
2498 806 2796 866 corruptas.
2840 794 3204 863 Quotcunque
3255 793 3421 864 igitur
3474 801 3567 847 aut

1982 904 2328 959 quaecunque
2380 889 2537 942 tit-ma
2601 888 2887 943 sententiae
2936 901 3049 942 sua:
3072 885 3367 955 probanda:
3400 900 3567 954 argu-

1981 990 2166 1036 menta
2188 983 2370 1037 attulit
2395 964 2595 1049 Cocus,
2621 982 2673 1036 id
2699 987 2910 1035 tantum
2948 994 3140 1033 revera
3181 980 3416 1048 probare
3448 994 3568 1034 om-

1981 1073 2070 1127 nia
2098 1073 2330 1143 putavit,
2354 1073 2634 1142 Epistolas
2659 1071 2851 1143 Ignatii
2883 1080 2979 1125 aut
3005 1084 3130 1125 esse
3157 1070 3566 1140 supposititias,

1982 1171 2078 1217 aut
2103 1173 2414 1232 corruptas.

2046 1256 2184 1311 Cum
2228 1258 2346 1313 haec
2390 1259 2464 1316 ita
2517 1273 2577 1313 se
2617 1258 2918 1324 haberent,
2964 1256 3223 1314 Nicolaus
3280 1255 3565 1320 Vedclins,

1976 1346 2258 1418 professor
2289 1346 2648 1411 Genevensis,
2678 1362 2792 1402 rem
2834 1356 3004 1401 totam
3037 1348 3106 1401 ad
3142 1363 3375 1403 examen
3407 1364 3566 1404 revo—

1976 1437 2157 1505 cavit;
2203 1438 2508 1508 apologiam
2544 1454 2641 1508 pro
2676 1437 2886 1509 lgnatio
2922 1438 3180 1507 scripsit,
3222 1454 3421 1494 novam
3449 1439 3567 1494 edi-

1974 1530 2179 1584 tionem
2232 1530 2571 1597 adornavit,
2624 1530 3112 1587 exercitationibus
3161 1540 3215 1586 et
3269 1532 3568 1602 appendice

1976 1620 2249 1693 Epistolas
2273 1622 2588 1679 illustravit.
2615 1622 2752 1679 Tres
2780 1624 2948 1694 igitur
2970 1622 3065 1678 ille
3087 1622 3315 1678 Latinas
3337 1624 3566 1677 omnino

1976 1713 2205 1784 rejecit,
2256 1714 2405 1783 quod
2456 1715 2614 1769 nimis
2647 1723 2833 1784 aperta
2882 1714 3124 1784 ipsarum
3168 1716 3462 1784 suppositio
3513 1716 3563 1771 ei

1976 1806 2275 1861 videretur.
2306 1804 2569 1878 Reliquas
2592 1807 2883 1862 duodecim
2915 1808 2969 1860 in
3002 1807 3143 1862 duos
3175 1808 3347 1864 libros
3368 1808 3567 1863 distin-

1974 1898 2071 1964 xit,
2101 1913 2340 1969 quorum
2372 1900 2522 1969 prior
2558 1899 2807 1954 continet
2849 1898 3115 1969 epistolas
3145 1898 3434 1969 genuinas,
3463 1913 3562 1968 po-

1974 1990 2173 2045 sterior
2224 1990 2632 2060 supposititias.
2709 1987 2994 2044 Genuinas
3043 1998 3256 2043 tantum
3314 1989 3565 2060 agnoscit

1972 2093 2179 2154 septem
2196 2084 2320 2140 illas
2339 2084 2407 2138 ab
2424 2083 2662 2139 Eusebio
2682 2094 3048 2149 memoratas;
3066 2084 3306 2152 reliquas
3319 2084 3565 2153 quinque

1972 2182 2067 2227 aut
2093 2190 2365 2243 perperam
2388 2174 2699 2242 inscriptas,
2727 2183 2820 2227 aut
2850 2174 3005 2244 plane
3046 2175 3413 2245 supposititias
3438 2189 3563 2231 esse

1972 2265 2182 2319 statuit.
2238 2263 2509 2322 Praeterea
2559 2266 2613 2320 in
2665 2267 2815 2337 ipsas
2864 2276 3072 2337 septem
3127 2269 3396 2339 genuinas
3449 2284 3560 2324 non

1969 2371 2146 2426 pauca
2168 2357 2458 2427 irrepsisse
2478 2358 2794 2414 stellionum
2815 2359 3309 2416 audacissimorum
3331 2361 3561 2430 vestigia

1972 2455 2224 2511 testatur,
2240 2464 2364 2519 qua:
2389 2458 2451 2504 ut
2480 2465 2510 2504 a
2536 2450 2792 2521 genuinis
2814 2460 3124 2507 secerneret
3144 2467 3333 2507 curam
3349 2451 3560 2518 habuit,

1970 2548 2025 2594 et
2066 2541 2275 2596 notulis
2320 2542 2679 2611 quibusdam,
2711 2543 2767 2597 in
2802 2543 3051 2614 margine
3084 2544 3303 2614 positis,
3340 2560 3464 2614 quae
3490 2560 3561 2599 ex
3614 2568 3615 2571 η

1971 2635 2288 2705 conjectura
2336 2637 2593 2707 genuinis
2638 2638 2890 2707 epistolis
2930 2638 3000 2693 ab
3047 2637 3440 2708 interpolatore
3473 2640 3562 2694 in-

1970 2735 2115 2783 serta
2143 2728 2394 2794 credidit,
2420 2728 2721 2799 jugulavit.

2038 2818 2223 2886 Quare
2267 2820 2522 2876 Andreas
2552 2821 2812 2890 Rivetus,
2839 2822 2971 2878 licet
3009 2822 3064 2877 in
3107 2823 3267 2879 tertia
3296 2824 3559 2888 editione,

1970 2910 2160 2966 Critiei
2188 2912 2333 2966 sacri
2371 2911 2610 2968 Censura
2644 2912 2867 2969 Roherti
2891 2912 3025 2970 Coci
3062 2913 3135 2969 sit
3163 2914 3405 2982 adjutus,
3444 2930 3561 2969 mo-

1968 3005 2377 3063 deratissimam
2409 3017 2595 3062 tamen
2642 3008 2973 3062 sententiam
3006 3008 3259 3076 amplecti
3292 3022 3350 3061 se
3386 3008 3560 3077 proti-

1970 3108 2132 3165 tetur,
2172 3100 2406 3165 scilicet,
2434 3116 2548 3155 esse
2576 3099 2856 3170 plerasque
2903 3098 3158 3170 epistolas
3215 3097 3438 3168 lgnatii,
3488 3099 3559 3153 ad

283 3177 510 3278 cum-his
537 3192 792 3251 opponat
846 3185 1224 3243 testimonium
1268 3186 1460 3244 Irenzei
1494 3207 1509 3243 :
1554 3188 1861 3261 Excipitur,
1891 3221 1935 3278 ρ
1967 3193 2247 3247 minimum
2280 3203 2505 3263 septem;
2546 3196 2637 3249 sed
2684 3195 2782 3248 hoc
2822 3205 3052 3264 tempore
3081 3211 3186 3249 ηοη
3223 3193 3406 3248 haberi
3453 3195 3559 3248 nisi

285 3270 467 3342 inquit,
515 3290 550 3326 a
591 3275 715 3329 viro
743 3276 1055 3332 doctissimo
1092 3280 1304 3349 primo,
1338 3281 1403 3335 ab
1436 3279 1645 3336 Iremeo
1700 3285 1867 3340 etiam

291 3362 482 3417 llermw
508 3363 807 3422 Pastorem
841 3369 1037 3437 citari,
1071 3388 1227 3442 quem
1276 3381 1454 3428 tamen
1494 3374 1592 3427 sub
1640 3391 1865 3445 persona

289 3454 482 3510 llerma:
498 3458 693 3528 [ictum
717 3472 1011 3531 agnoscunt
1033 3480 1235 3519 omnes.
1258 3462 1436 3520 Verba
1465 3475 1589 3522 sunt
1623 3465 1860 3525 Parkeri.

288 3549 507 3607 Secundo
535 3556 763 3625 excipit,
799 3556 981 3627 inquit
1009 3554 1288 3626 Vedelius,
1312 3557 1581 3613 Irenteum
1602 3576 1706 3615 non
1730 3561 1864 3616 alle-

286 3658 397 3711 gare
423 3644 713 3712 epistolam
735 3645 977 3721 aliquam
1015 3647 1245 3719 Ignatii,
1269 3649 1363 3704 sed
1414 3657 1624 3705 tantum
1662 3652 1863 3707 dictum

286 3736 529 3803 quoddam
551 3739 732 3805 illius,
750 3736 894 3809 quod
918 3748 1031 3794 tum
1060 3741 1558 3813 circumferebatur.
1581 3742 1654 3797 Et
1668 3744 1723 3797 id
1742 3746 1865 3800 inde

287 3826 477 3894 probat,
533 3832 672 3901 quia
716 3848 822 3885 non
876 3832 1055 3885 utitur
1100 3849 1245 3900 voce,
1302 3834 1548 3904 scripsit,
1579 3835 1672 3890 sed
1720 3854 1863 3907 voce,

288 3924 429 3982 dixit.
456 3927 601 3983 Sunt
632 3937 820 3984 autem
852 3938 908 3985 et
936 3931 1057 3987 haec
1106 3929 1355 3988 Parkeri.
1416 3930 1597 3987 Tertio
1618 3973 1633 3999 ,
1665 3934 1745 3986 ait
1786 3949 1867 3987 vir

288 4018 639 4089 doctissimus,
670 4023 796 4077 inde
824 4033 1009 4091 patere
1038 4024 1297 4093 epistolas
1349 4024 1446 4080 has
1472 4033 1585 4081 tum
1613 4028 1865 4097 temporis

290 4124 378 4162 non
414 4112 711 4178 exstitisse,
750 4112 892 4182 quod
942 4112 1155 4178 Patres,
1184 4122 1236 4168 et
1267 4115 1589 4169 nominatim
1620 4114 1865 4186 Epipha-

289 4202 788 4268 nius,adversentur
822 4200 1065 4273 Ignatio,
1097 4213 1302 4274 tempus
1359 4204 1613 4276 baptismi
1661 4205 1866 4261 Christi

286 4303 390 4357 post
434 4310 638 4347 annum
664 4294 1024 4364 ;trigesimum
1078 4296 1345 4366 expletum
1371 4297 1677 4353 collocanti.
1736 4297 1865 4356 Haec

290 4380 522 4441 Vedelius
573 4402 650 4440 ex
687 4384 947 4442 Parkero.
994 4386 1240 4459 Denique
1268 4390 1449 4445 virum
1479 4389 1863 4449 doctissimum

289 4487 461 4544 putare
484 4478 562 4532 ait
592 4476 992 4532 Casaubonum
1018 4492 1213 4535 omnes
1243 4478 1438 4551 lgnatii
1470 4482 1734 4554 epistolas
1775 4500 1866 4541 re-

1967 3283 2326 3353 adulteratas,
2362 3295 2413 3339 et
2456 3287 2640 3340 multis
2670 3287 2726 3340 in
2770 3285 2901 3341 locis
2940 3286 3311 3356 interpolatas.
3370 3285 3557 3351 Hanc,

1968 3374 2234 3446 inquam,
2286 3378 2604 3432 sententiam
2651 3378 2993 3448 amplectitur
3046 3379 3216 3447 fretus
3257 3377 3556 3432 rationibus

1966 3482 2087 3537 qua:
2136 3467 2260 3521 huic
2307 3469 2591 3538 ﬁrmandae
2636 3483 2702 3523 ex
2741 3470 2870 3539 ipsis
2901 3470 3140 3539 epistolis
3180 3470 3554 3525 desumuntur.

1967 3557 2034 3614 Et
2057 3559 2248 3615 Daniel
2278 3560 2611 3616 Chamierus
2633 3602 2649 3628 ,
2700 3560 2754 3614 in
2790 3562 3244 3631 responsionibus
3283 3562 3349 3615 ad
3381 3560 3558 3616 Testi-

1966 3653 2154 3705 monia
2188 3665 2220 3706 a
2248 3649 2581 3705 Bcllarmlno
2631 3649 2867 3706 adducta
2891 3693 2905 3718 ,
2941 3652 3321 3706 auctoritatem
3364 3650 3557 3721 lgnatii

1966 3755 2250 3811 nunquam
2279 3740 2537 3796 declinat.
2594 3738 2775 3795 Semel
2804 3749 3018 3794 tantum
3051 3741 3131 3794 ait
3162 3759 3176 3794 :
3211 3739 3457 3810 Epistula
3486 3740 3558 3796 ad

1966 3831 2341 3887 Antiochenses
2387 3829 2517 3885 viris
2552 3828 2726 3884 doctis
2768 3846 2873 3884 non
2908 3831 3117 3883 videtur
3146 3830 3405 3901 legitima,
3429 3832 3559 3900 quia

1968 3924 2035 3977 ab
2062 3922 2386 3992 Hieronymo
2411 3937 2515 3976 non
2540 3922 2801 3976 adnotata
2828 3921 2886 3975 in
2907 3937 3066 3976 censu
3092 3937 3307 3992 operum
3332 3921 3555 3993 lgnatii,

1967 4015 2203 4086 ipsisque
2234 4014 2368 4069 adeo
2397 4012 2657 4068 veteribus
2684 4013 2755 4068 sit
2783 4013 3073 4083 incognita.

2041 4108 2235 4166 Daniel
2282 4106 2542 4163 Heinsius
2589 4107 2659 4163 ad
2704 4104 2921 4161 Novum
2977 4105 3391 4162 Testamentum
3440 4108 3556 4177 cpi-

1968 4202 2141 4258 stolas
2173 4199 2446 4271 quasdam
2476 4214 2667 4255 earum
2703 4215 2828 4270 quae
2868 4198 3030 4253 edita
3062 4207 3213 4265 sunt,
3240 4197 3434 4269 lgnatii
3467 4215 3557 4253 re-

1966 4306 2097 4347 vera
2123 4289 2293 4346 l'uisse
2320 4289 2548 4356 indicat,
2574 4288 2712 4344 alias
2728 4304 2837 4343 non
2854 4289 3007 4343 item.
3022 4288 3103 4343 Ad
3131 4287 3151 4341 Ι
3179 4287 3308 4343 Cor.
3330 4304 3420 4355 xv,
3448 4288 3516 4342 10
3536 4329 3552 4344 .

1966 4383 2132 4441 Pauli
2165 4382 2397 4454 apostoli
2428 4397 2620 4453 parum
2646 4381 2877 4452 prudens
2907 4381 3171 4445 imitator,
3199 4380 3349 4449 cujus
3377 4396 3555 4433 omnes

1967 4477 2207 4549 epistolis
2228 4475 2325 4532 sub
2347 4474 2556 4547 lgnatii
2578 4474 2827 4547 leguntur
2848 4475 3084 4541 nomine,
3110 4490 3228 4528 cum
3251 4483 3300 4528 et
3322 4472 3557 4527 aliorum

286 4562 482 4631 iecisse,
505 4568 662 4638 quod
690 4565 951 4634 Parkero,
972 4584 1150 4639 neque
1168 4570 1259 4624 alii
1278 4572 1560 4642 cuiquam,
1579 4574 1863 4645 tribuipo-
1891 4567 1940 4625 D
1964 4572 2094 4627 sint.
2139 4569 2219 4627 lta
2262 4570 2357 4625 ille
2403 4566 2828 4624 subobscurius.
2869 4564 2977 4621 Sed
3025 4566 3094 4621 ad
3129 4567 3147 4620 l
3176 4565 3321 4620 Tim.
3358 4581 3430 4631 tv,
3461 4564 3552 4631 16,

292 4666 395 4711 test.
415 4657 529 4714 Non
547 4668 640 4714 est
657 4659 821 4729 igitur
838 4660 980 4716 alius
1002 4659 1204 4716 Vedelii
1224 4662 1308 4717 vir
1334 4662 1686 4721 doctissimus
1701 4681 1867 4737 quam

293 4744 546 4805 Robertus
575 4749 853 4804 Parkerus
888 4759 1110 4806 nostras
1134 4791 1152 4818 ,
1184 4751 1677 4821 schismaticorum,
1708 4771 1870 4827 cory-

290 4838 493 4907 phzeus;
522 4856 695 4911 quem
734 4839 992 4896 Vedelius
1026 4857 1152 4897 cum
1179 4842 1421 4899 refutare
1445 4845 1628 4913 vellet,
1672 4854 1727 4902 et
1760 4846 1868 4903 Ge-

292 4933 527 4987 nevensis
574 4932 884 5001 disciplinae
915 4947 1195 4987 summum
1225 4944 1519 5004 patronum
1558 4936 1733 4994 fuisse
1759 4955 1865 4996 no-

292 5032 469 5089 sceret,
516 5023 755 5079 honoris
783 5039 951 5079 causa
982 5025 1269 5080 nominare
1302 5027 1497 5083 noluit.
1532 5027 1635 5084 Hic
1679 5039 1864 5087 autem

293 5107 547 5167 Parkerus
577 5112 840 5167 tredecim
864 5113 1172 5168 rationibus
1197 5114 1460 5183 epistolas
1505 5116 1698 5184 lgnatii
1724 5116 1865 5171 ﬁcti-

295 5201 388 5257 tias
402 5219 517 5259 esse
540 5204 777 5273 probare
806 5212 1071 5259 conatur:
1104 5204 1267 5274 cujus
1321 5206 1653 5278 coniecturis
1677 5207 1864 5264 Danai

294 5294 594 5354 dissertatio
624 5298 862 5381 maxime
900 5298 1232 5368 locupletata
1259 5308 1365 5355 est.

362 5385 481 5442 Post
522 5390 671 5443 hunc
724 5387 997 5445 Rohertus
1024 5388 1208 5445 Cocus
1227 5390 1393 5444 etiam
1446 5399 1665 5465 nostras
1690 5392 1864 5449 edidit

301 5475 569 5533 Censuram
620 5481 972 5551 quorumdam
1018 5484 1344 5552 scriptorum
1396 5494 1648 5550 veterum,
1693 5500 1860 5556 quem

304 5586 401 5625 sum
422 5574 484 5626 de
506 5573 716 5643 lgnatio
739 5589 986 5629 censurae
1010 5574 1156 5628 hunc
1183 5574 1400 5630 titulum
1432 5578 1855 5647 praescripsisse,

307 5658 487 5728 lgnatii
504 5665 739 5733 epistola:
769 5675 894 5718 sunt
923 5667 1306 5734 supposititiw,
1326 5668 1855 5725 observatDallzeus.

309 5750 364 5803 l-lt
390 5754 455 5807 ita
488 5758 701 5825 quidem
729 5758 971 5823 Titulus,
1005 5759 1100 5813 sed
1147 5759 1395 5814 Censura
1426 5761 1543 5830 ipsa
1584 5761 1745 5816 aliter
1774 5763 1856 5817 lo-

308 5847 492 5912 quitur.
525 5848 639 5906 Non
657 5852 845 5906 desunt
876 5860 1191 5921 argumenta
1214 5852 1413 5920 valida,
1444 5853 1631 5924 quibus
1656 5870 1855 5924 omnes,

1966 4664 2132 4735 paulo
2158 4662 2398 4720 clarius:
2428 4661 2565 4727 Qua:
2591 4675 2694 4715 vos;
2724 4658 2963 4729 (scilicet
2994 4659 3393 4730 βεϐαρημένον)
3420 4658 3558 4709 inter

1965 4773 2079 4824 eas,
2107 4772 2240 4828 quas
2273 4755 2537 4825 expressit
2571 4754 2663 4825 qui
2689 4751 2944 4823 epistolas
2974 4749 3203 4821 lgnatii,
3234 4760 3391 4819 atque
3418 4750 3558 4802 inter

1964 4863 2055 4902 eas
2078 4847 2355 4918 [quasdam
2383 4860 2489 4900 non
2531 4844 2707 4909 illius,
2739 4842 2951 4896 nomine
2983 4841 3122 4911 ejus,
3152 4855 3316 4909 neque
3361 4840 3551 4909 dignas

1956 4956 2025 4995 eo
2054 4939 2224 4994 dedit.
2254 4936 2533 4994 Gerardus
2547 4934 2793 4991 Joannes
2819 4932 3074 4997 Vossius,
3120 4931 3197 4986 De
3220 4931 3393 4984 natali
3414 4948 3553 4985 anno

1964 5028 2196 5098 Christi,
2231 5035 2366 5085 sect.
2397 5027 2504 5083 41:
2544 5024 2656 5080 Alii
2700 5024 3013 5094 respondent
3058 5022 3260 5093 lgnatii
3296 5022 3551 5091 epistolas

1961 5137 2074 5176 esse
2097 5120 2491 5191 supposititias,
2524 5134 2619 5173 nec
2660 5116 2761 5171 ulli
2791 5124 2915 5170 ante
2952 5115 3236 5170 Nicamum
3265 5113 3552 5168 concilium

1960 5219 2305 5269 memoratas.
2334 5209 2491 5265 Itane
2520 5210 2684 5264 vero?
2708 5210 2879 5274 Quasi
2902 5225 3006 5262 non
3038 5207 3336 5261 meminerit
3366 5223 3549 5259 earum

1963 5300 2204 5357 Irenaeus
2230 5300 2325 5356 lib.
2355 5317 2410 5369 v,
2440 5318 2557 5371 cap.
2581 5301 2674 5369 28,
2722 5310 2773 5354 et
2817 5316 2876 5355 eo
2900 5300 3174 5370 antiquior
3204 5300 3409 5369 ipsique
3451 5315 3551 5367 par

1963 5391 2183 5463 Ignatio
2204 5393 2560 5465 Polycarpus,
2598 5392 2743 5462 apud
2767 5391 3053 5446 Eusebium
3084 5390 3180 5444 lib.
3217 5406 3301 5456 tu,
3327 5407 3444 5451 cap.
3463 5388 3541 5452 λς.

1965 5483 2035 5539 Ut
2080 5485 2147 5539 de
2194 5484 2421 5555 Origene
2456 5492 2699 5549 taceam,
2740 5484 2830 5554 qui
2856 5483 3115 5553 quiddam
3141 5483 3264 5537 inde
3296 5482 3539 5546 adducit,

1960 5574 2146 5629 homil.
2172 5575 2206 5630 6
2231 5576 2290 5629 in
2311 5574 2537 5630 Lucam.

2030 5666 2227 5723 Petrus
2256 5676 2436 5723 autem
2467 5668 2704 5733 Halloix,
2725 5666 2956 5733 Jesuita,
2975 5683 3086 5723 non
3118 5677 3330 5723 tantum
3349 5683 3542 5723 onmes

1962 5759 2183 5815 Graecas
2206 5759 2477 5832 genuinas
2501 5770 2557 5816 et
2580 5775 2871 5831 germanas
2900 5776 3024 5818 esse
3051 5776 3284 5830 operose
3313 5768 3540 5815 conten-

1962 5855 2074 5922 dit,
2127 5854 2222 5911 sed
2273 5862 2328 5909 et
2384 5855 2449 5911 de
2493 5855 2671 5945 tribus
2721 5853 2933 5913 Latinis
2981 5855 3054 5911 ita
3080 5853 3347 5925 judicium
3373 5868 3534 5907 suum
