4136 6390
599 345 670 403 59

1658 344 1718 403 S.
1758 340 2105 405 IGNA‘I'IUS.
2144 373 2216 386 —-
2252 338 2788 400 PROLEGOMENA.

3804 334 3886 392 οο

594 456 805 529 profert
834 473 849 513 :
901 457 1017 516 Nec
1056 459 1137 514 ita
1175 464 1335 514 certae
1357 466 1506 526 sunt,
1536 466 1594 512 ut
1637 459 2002 513 indubitatam
2030 457 2192 527 ﬁdem
2219 460 2264 516 Δ
2293 460 2442 521 sunt,
2472 462 2637 522 atque
2660 452 2784 507 ideo
2810 448 2937 521 jure
2988 449 3073 506 vel
3102 449 3158 504 in
3190 448 3418 505 dubium
3452 448 3754 514 'vocantur,
3798 446 3881 500 vel

593 551 737 620 apud
780 567 960 607 omnes
1009 562 1331 617 mereantur,
1374 568 1468 607 nec
1516 553 1595 605 ita
1636 552 1853 607 incertae
1885 562 1942 605 ut
1976 566 2179 605 omnem

592 642 841 711 perdant.
860 642 1032 696 Aliter
1054 651 1240 697 tamen
1265 641 1563 713 Dionysius
1582 639 1861 707 Petavius,
1885 640 2014 694 licet
2039 638 2184 708 ejus-

591 732 716 788 dem
735 732 983 789 ordinis:
1004 733 1252 800 Constat,
1276 733 1477 804 inquit,
1501 749 1679 786 omnes
1705 730 1909 803 Ignatii
1929 730 2180 801 epistolas

591 823 941 893 interpolatas
994 824 1180 893 fuisse.
1216 822 1363 877 Nam
1409 823 1660 894 pleraque
1701 839 1768 878 ea;
1794 824 1906 878 illis
1949 822 2069 877 loca
2113 821 2179 875 ab

591 918 827 987 antiquis
864 917 1095 970 laudata
1126 916 1207 971 vel
1243 917 1300 972 in
1334 918 1411 972 eis
1456 917 1673 972 minime
1712 918 2073 987 reperiuntur,
2102 914 2180 970 vel

588 1008 743 1078 longe
771 1007 935 1062 aliter
964 1018 1242 1078 concepta.

658 1102 725 1157 Et
759 1103 1000 1172 denique
1029 1101 1191 1157 Wale
1220 1101 1555 1159 Messalinus
1584 1120 1599 1159 :
1634 1103 1791 1174 Apud
1844 1120 1925 1159 me
1969 1113 2180 1160 constat

586 1210 765 1249 omnes
795 1194 923 1249 illas
955 1193 1159 1265 Ignatii
1184 1194 1436 1265 epistolas
1481 1197 1852 1266 supposititias
1896 1213 2045 1263 esse,
2100 1196 2178 1251 vel

587 1294 729 1338 certe
746 1284 931 1338 multis
955 1285 1088 1339 locis
1114 1286 1487 1355 interpolatas,
1514 1295 1569 1341 ct
1596 1288 1780 1357 aliqua
1812 1287 2027 1357 recitat,
2054 1302 2180 1358 qua:

585 1375 719 1428 satis
748 1375 1017 1442 evincunt,
1049 1376 1246 1446 inquit,
1273 1393 1379 1431 non
1422 1394 1573 1447 posse
1617 1378 1755 1431 illud
1796 1394 1927 1448 opus
1967 1382 2177 1435 auctori

586 1479 741 1534 quem
783 1468 1070 1520 ementitur
1113 1467 1332 1523 ascribi.
1360 1467 1441 1523 Ac
1471 1485 1704 1525 rursus:
1759 1469 2021 1540 Epistola:
2066 1471 2177 1527 illa:

586 1566 733 1613 nam
748 1569 799 1613 et
823 1560 1115 1628 suppositte
1135 1560 1382 1616 videntur
1397 1563 1543 1615 circa
1565 1563 1803 1629 initium,
1822 1572 1914 1616 aut
1940 1564 2177 1618 medium

585 1650 804 1703 secundi
832 1654 1041 1720 swculi,
1070 1669 1174 1723 quo
1223 1663 1457 1724 tempore
1485 1655 1692 1724 primus
1734 1654 2027 1726 singularis
2062 1657 2176 1727 epi-

584 1749 831 1808 scopatus
858 1757 1022 1811 supra
1053 1742 1475 1814 prcsbyteratum
1506 1745 1843 1801 introductus
1873 1756 1971 1801 est.

1195 1900 1428 1957 CAPUT
1468 1901 1557 1959 Ν.

584 2005 867 2066 Strictum:
897 2014 1142 2083 quoniam
1178 2018 1434 2071 auctoris.
1463 2016 1607 2082 Quid
1629 2020 1695 2073 de
1714 2020 1878 2075 variis
1898 2020 2170 2077 hominum

1026 2085 1245 2150 iudiciis
1274 2088 1604 2143 sentiendum
1626 2092 1717 2144 sit.

650 2191 947 2267 ﬂuensque
980 2199 1225 2256 virorum
1258 2202 1548 2259 doctorum
1585 2204 1837 2276 judicia,
1877 2208 1995 2264 sive
2035 2222 2169 2265 con-

573 2282 800 2352 jectura:
854 2290 1035 2358 potius
1077 2308 1385 2363 progressae
1433 2306 1594 2364 sunt,
1640 2299 1772 2355 dum
1820 2301 2021 2368 editio,
2057 2317 2166 2357 una

582 2373 796 2442 Graeca,
830 2378 957 2434 licet
989 2396 1057 2435 ex
1086 2381 1304 2441 duobus
1342 2400 1477 2443 mss.
1513 2389 1948 2458 exemplaribus,
1979 2403 2033 2448 et
2058 2409 2167 2449 una

575 2469 741 2523 etiam
787 2469 1167 2541 interpretatio
1191 2473 1393 2532 Latina
1423 2488 1603 2549 vetus,
1635 2482 1713 2536 illi
1749 2484 1886 2539 satis
1916 2495 2041 2554 apte
2081 2502 2169 2541 re-

577 2560 877 2629 spondens,
917 2572 1014 2617 aut
1042 2564 1111 2619 ab
1143 2567 1267 2623 aliis
1307 2570 1376 2625 ad
1414 2570 1636 2629 Grzeco's
1677 2575 1801 2631 illos
1834 2578 2052 2633 codices
2081 2594 2168 2634 re-

575 2641 832 2715 formata,
864 2661 1138 2721 exstaret;
1188 2657 1258 2711 de
1305 2659 1511 2729 quibus
1563 2663 1933 2735 conjecturis,
1982 2669 2168 2738 prius-

575 2754 741 2808 quam
770 2742 1003 2801 ulterius
1025 2751 1469 2821 progrediamur,
1488 2757 1755 2813 nonnulla
1780 2760 1943 2817 nobis
1974 2771 2165 2817 notata

575 2842 685 2884 non
712 2830 936 2903 indigna
962 2835 1143 2893 visum
1164 2848 1249 2895 est
1278 2842 1591 2901 observare.

643 2919 850 2990 Primo,
883 2930 1151 2986 sententia
1182 2933 1488 2992 decretoria
1532 2937 1759 2996 Parkeri
1789 2951 1844 2998 et
1882 2941 2164 3014 Salmasii,

572 3014 669 3107 qui
720 3022 972 3075 statuunt
1020 3036 1214 3081 omnes
1248 3027 1521 3096 epistolas
1568 3033 1674 3088 sub
1719 3036 1945 3091 nomine
1969 3036 2161 3107 lgnatii

573 3106 937 3175 editas,esse
982 3114 1145 3184 plane
1194 3121 1611 3192 supposititias,
1653 3126 1884 3183 minime
1936 3106 2162 3186 ferenda

570 3206 689 3253 est:
726 3209 841 3255 tum
880 3204 1027 3275 quod
1070 3222 1262 3263 eorum
1292 3225 1615 3282 argumenta
1654 3217 1791 3273 nihil
1820 3220 1969 3276 aliud
2007 3223 2161 3277 evin-

572 3301 705 3348 cunt
731 3309 896 3365 quam
932 3300 1079 3369 quod
1110 3317 1140 3356 a
1167 3306 1380 3362 caeteris
1420 3310 1704 3377 statuitur,
1733 3328 1929 3384 nempe
1967 3331 2159 3376 omnes

570 3395 666 3440 aut
708 3390 1088 3458 supposititias
1132 3409 1274 3463 esse,
1302 3407 1399 3453 aut
1439 3399 1796 3472 interpolatas
1827 3407 1974 3475 (cum
2009 3410 2158 3466 enim

570 3476 751 3572 adhuc
793 3482 1072 3539 nescirent
1106 3488 1287 3557 qualis
1333 3506 1526 3547 revera
1572 3494 1922 3567 interpolatio
1968 3500 2157 3572 fuerit,

567 3570 837 3642 quidquid
885 3573 994 3631 illis
1033 3576 1333 3649 displicuit,
1363 3584 1541 3652 potuit
1592 3585 1662 3641 ad
1705 3570 2157 3663 interpolationes

566 3663 874 3737 pertinere)
925 3676 1041 3723 tum
1081 3674 1227 3740 quod
1275 3671 1551 3733 Parkerus
1596 3687 1823 3748 statuat,
1879 3684 2154 3741 neminem

566 3762 700 3810 ante
730 3758 1049 3847 concilium
1082 3760 1365 3820 Nicaenum
1392 3782 1587 3825 earum
1629 3773 1973 3841 meminisse,
2006 3775 2156 3847 quod

565 3846 911 3915 apertissime
944 3848 1142 3907 falsum
1174 3863 1279 3910 est.

641 3936 921 4007 Secundo,
950 3942 1145 4013 ingens
1189 3945 1487 4005 discrimen
1527 3950 1671 4008 inter
1710 3961 1822 4011 tres
1850 3954 2076 4014 Latinas
2101 3968 2157 4014 et

564 4026 855 4086 duodecim
897 4031 1118 4091 Graecas
1153 4037 1416 4107 epistolas
1462 4051 1609 4099 recte
1640 4044 1991 4103 observatum
2038 4062 2152 4117 est;

564 4125 621 4173 et
646 4117 855 4177 Latina:
879 4122 1120 4193 primum
1146 4128 1366 4186 emissa:
1404 4131 1474 4186 ab
1502 4134 1776 4192 universis
1812 4136 1926 4194 fere
1957 4141 2155 4194 merito

564 4218 696 4267 sunt
744 4215 988 4286 rejectaa;
1042 4228 1159 4274 tum
1215 4223 1363 4291 quod
1419 4222 1624 4282 Graecis
1655 4229 1916 4285 omnibus
1946 4230 2155 4288 fuerint

565 4303 877 4377 incognitae,
911 4326 1089 4381 neque
1119 4312 1483 4371 Graecismum
1508 4318 1734 4375 omnino
1759 4321 2062 4389 redoleant,
2095 4333 2155 4380 ut

564 4409 677 4450 non
712 4398 782 4453 ab
821 4399 1140 4473 interprete,
1179 4406 1276 4461 sed
1324 4420 1553 4465 auctore
1604 4410 1803 4469 Latino
1862 4416 2152 4473 videantur

563 4489 860 4558 profectae;
898 4502 1012 4549 tum
1044 4499 1191 4567 quod
1235 4501 1290 4554 in
1326 4502 1716 4561 vetustissimis
1751 4504 1997 4577 Vulgata:
2024 4526 2150 4565 ver-

563 4580 739 4638 sionis
774 4600 908 4641 mss.
940 4588 1224 4648 codicibus
1275 4609 1384 4649 non
1434 4594 1809 4668 inveniantur,
1835 4609 1888 4655 et
1914 4604 2147 4658 seorsim

564 4674 863 4745 aliquando
889 4681 1107 4751 scripta:
1130 4685 1261 4751 sint,
1290 4695 1344 4742 et
1376 4686 1517 4743 inter
1543 4687 1772 4747 Latinos
1802 4707 1835 4747 a
1869 4690 2150 4750 Bernardo

564 4766 1114 4831 autPseudo-Dextro
1136 4778 1373 4845 primum
1404 4791 1752 4851 memoratae;
1780 4793 1895 4839 tum
1913 4785 2150 4858 denique

562 4858 709 4929 quod
739 4861 829 4915 vix
872 4865 1073 4920 rationi
1126 4878 1436 4938 temporum
1482 4874 1774 4931 videantur
1811 4880 2146 4949 consentire,

560 4957 659 5003 aut
701 4967 826 5008 cum
863 4955 1131 5014 institutis
1162 4959 1353 5031 lgnatii
1386 4965 1685 5037 quidquam
1718 4984 2009 5028 commune
2047 4972 2148 5029 ha-

560 5040 691 5098 bere
720 5062 732 5097 :
775 5063 872 5116 pro
905 5050 1094 5119 quibus
1130 5052 1336 5122 frustra
1371 5060 1612 5113 nonnulli
1646 5077 1881 5133 pugnare
1911 5066 2146 5137 aggressi

559 5147 685 5231 sunt
707 5151 830 5196 ante
858 5142 1065 5214 aliquot
1085 5163 1284 5217 annos,
1310 5159 1370 5205 ut
1400 5164 1547 5209 recte
1564 5153 1834 5224 judicavit
1856 5157 2144 5231 Philippus

561 5230 852 5291 Labbaaus.

632 5323 841 5396 Tertio,
876 5344 947 5386 ne
975 5331 1107 5403 ipsa:
1148 5335 1370 5406 quidem
1399 5337 1602 5396 Graecae
1625 5340 1913 5399 duodecim
1954 5360 2145 5415 parem

560 5419 943 5476 auctoritatem
981 5425 1087 5480 sibi
1115 5427 1433 5497 vindicant;
1458 5442 1512 5487 et
1542 5442 1690 5490 recte
1714 5436 1895 5505 posita
1927 5438 2145 5493 videtur

557 5510 839 5569 distinctio
876 5515 1017 5574 inter
1053 5530 1261 5590 septem
1292 5524 1576 5593 epistolas,
1610 5542 1733 5596 quae
1773 5539 1902 5584 sunt
1927 5531 1997 5585 ab
2034 5530 2147 5586 Eu-

557 5603 714 5660 sebio
738 5620 1072 5678 memoratae,
1097 5613 1436 5685 reliquisque
1458 5618 1863 5688 antiquissimis
1887 5619 2145 5679 Palrihus

557 5691 870 5766 lrequenter
898 5700 1165 5772 laudatae,
1220 5715 1275 5762 ct
1302 5708 1546 5779 quinque
1572 5710 1732 5776 alias,
1767 5728 1890 5781 quae
1922 5716 2143 5772 nonnisi

559 5794 684 5856 post
711 5790 921 5863 aliquot
949 5796 1147 5854 szecula
1179 5800 1249 5857 ab
1281 5801 1394 5859 ullo
1426 5801 1614 5860 Graeco
1643 5806 1912 5878 scriptore
1945 5809 2145 5880 agnitis

2286 544 2452 599 etiam
2507 544 2668 613 plane
2727 542 3082 612 rejiciuntur:
3120 542 3283 612 idque
3313 555 3422 594 non
3467 548 3703 605 tantum,
3739 538 3882 608 quia

2286 634 2587 690 verisimile
2614 650 2726 689 non
2756 642 2861 696 est,
2892 648 2988 688 eas
3016 631 3335 700 Eusebium,
3352 631 3397 687 si
3421 630 3541 701 ejus
3566 646 3684 686 aevo
3705 637 3883 685 exav-

2286 727 2507 794 tissent,
2546 728 2718 782 latere
2761 726 3031 797 potuisse,
3068 734 3162 780 aut
3190 726 3261 781 ab
3286 725 3501 791 eodem,
3533 724 3579 779 si
3616 724 3723 795 ipsi
3771 738 3878 779 co-

2286 818 2453 889 gnita:
2479 827 2684 883 essent,
2714 817 3020 889 praeteriri;
3057 815 3153 871 sed
3182 817 3346 872 etiam
3374 816 3504 886 quia
3538 816 3624 871 vel
3650 815 3722 869 ob
3744 829 3877 869 mo-

2283 911 2414 965 dum
2443 911 2725 982 loquendi,
2758 910 2829 967 ah
2869 909 3196 965 Eusebianis
3224 909 3457 964 multum
3495 908 3879 978 discrepantes

2283 1014 2580 1076 apparent,
2617 1005 2703 1061 vel
2734 1003 2804 1059 ob
2837 1003 3147 1070 materiam,
3176 1001 3444 1057 doctrinae
3466 1043 3482 1068 ,
3514 1001 3785 1057 institutis
3816 1008 3878 1055 et

2282 1098 2532 1153 moribus
2574 1096 2900 1167 posterioris
2948 1093 3209 1150 Ecclesiae
3260 1094 3440 1164 magis
3488 1108 3768 1158 consonus,
3813 1098 3877 1146 et

2281 1188 2579 1259 lgnatianis
2595 1186 2835 1243 Eusebio
2852 1187 3170 1243 memoratis
3197 1184 3311 1242 sola
3334 1184 3661 1251 imitatione,
3687 1198 3875 1254 eaque

2281 1282 2450 1337 nimis
2480 1279 2760 1345 affectata,
2792 1278 3022 1335 similes.

2278 1401 2295 1418 ι
2352 1374 2586 1443 Quarto,
2609 1382 2757 1429 recte
2786 1372 3232 1429 animadversum
3258 1378 3344 1425 est
3370 1384 3400 1424 a
3434 1368 3873 1440 quamplurimis

2278 1467 2443 1524 etiam
2473 1466 2596 1521 illas
2626 1472 2835 1535 septem
2868 1463 3291 1534 antiquissimas
3325 1470 3379 1516 et
3404 1461 3643 1515 maxime
3668 1459 3871 1530 genui-

2280 1578 2382 1618 nas
2408 1560 2671 1635 epistolas
2698 1558 2753 1613 in
2785 1557 3026 1612 editione
3060 1556 3248 1610 Graeca
3278 1563 3408 1608 tunc
3439 1551 3701 1622 temporis
3736 1551 3867 1606 vul-

2277 1664 2437 1728 gata,
2485 1651 2844 1722 interpolatas
2878 1658 3244 1720 etcorruptas
3291 1647 3498 1714 fuisse;
3541 1646 3705 1716 idque
3732 1660 3868 1700 cum

2278 1748 2399 1803 loca
2427 1762 2458 1801 a
2488 1745 2770 1801 veteribus
2802 1741 3059 1798 Patrihus
3089 1739 3346 1805 adducta,
3377 1754 3501 1810 qua:
3539 1738 3595 1793 in
3634 1752 3698 1793 ea
3743 1736 3870 1792 edi-

2200 1808 2245 1865 Β
2277 1841 2423 1895 tione
2451 1846 2547 1894 aut
2590 1853 2699 1892 non
2746 1843 3083 1905 comparent,
3109 1841 3204 1887 aut
3239 1848 3349 1888 non
3381 1839 3526 1886 recte
3551 1845 3865 1900 repraisen-

2189 3159 2236 3218 Ο

2184 4536 2229 4592 D

2274 1941 2478 1998 tantur,
2513 1939 2627 1986 tum
2657 1929 2765 1983 alia
2797 1927 2961 1982 etiam
2996 1941 3104 1981 non
3132 1940 3329 1997 pauca,
3354 1940 3477 1993 quae
3506 1937 3684 1994 neque
3713 1922 3866 1976 anti-

2270 2022 2492 2094 quitati,
2512 2037 2689 2091 neque
2710 2019 2994 2075 sententiae
3022 2016 3083 2072 S.
3101 2016 3292 2087 lgnatii
3322 2023 3658 2086 congruunt,
3681 2029 3870 2083 neque

2269 2115 2448 2170 tenori
2500 2114 2858 2185 epistolarum
2913 2112 3048 2169 satis
3089 2110 3478 2168 convenienter
3512 2109 3863 2173 inseruntur,

2268 2207 2495 2278 planum
2521 2206 2751 2263 faciunt.

2338 2297 2567 2365 Quinto,
2594 2297 2869 2353 industria
2912 2294 3144 2362 Vedelii,
3176 2311 3344 2367 quam
3396 2294 3463 2350 ad
3508 2294 3628 2349 loca
3662 2293 3716 2347 in
3743 2290 3866 2361 epi-

2266 2392 2425 2449 stolis
2472 2389 2714 2447 Eusehio
2752 2388 3075 2444 memoratis
3120 2396 3379 2458 corrupta
3430 2395 3484 2442 et
3533 2385 3863 2454 interpolata

2268 2484 2601 2552 indicanda,
2639 2494 2694 2539 et
2745 2498 2776 2537 a
2828 2482 3088 2554 genuinis
3128 2480 3465 2537 secernenda
3503 2479 3774 2541 adhibuit,
3811 2480 3864 2533 si

2266 2589 2526 2633 conatum
2582 2585 2924 2647 spectemus,
2970 2572 3266 2639 laudanda,
3321 2573 3367 2628 si
3425 2580 3709 2635 eventum,
3740 2570 3863 2626 sive

2268 2682 2609 2734 successum,
2632 2666 2786 2735 parvi
2807 2664 3029 2737 quidem
3053 2662 3373 2721 aestimanda
3395 2662 3662 2717 videatur.
3679 2659 3862 2717 Tanta

2266 2760 2414 2813 enim
2459 2758 2740 2830 diligentia
2791 2758 2899 2813 hoc
2962 2756 3182 2812 tandem
3235 2754 3489 2810 cll'ectum
3542 2763 3646 2822 est,
3676 2764 3737 2810 ut
3784 2768 3861 2809 ex

2266 2863 2376 2903 una
2425 2856 2581 2918 parte
2625 2850 2833 2903 inserta
2861 2856 2916 2903 et
2958 2846 3286 2917 interpolata
3317 2834 3581 2917 pleraque
3626 2854 3861 2917 praeter-

2266 2940 2576 3007 mittantur,
2611 2955 2677 2995 ac
2727 2955 2827 3011 pro
2856 2939 3131 3012 ,genuinis
3180 2939 3553 3005 retineantur;
3582 2953 3649 2993 ex
3682 2938 3860 2993 altera

2264 3045 2419 3096 vero,
2452 3047 2710 3102 germana
2741 3041 2906 3101 atque
2951 3028 3191 3103 genuina
3221 3029 3549 3099 saepiuscule
3576 3044 3677 3099 pro
3706 3029 3861 3084 asci-

2266 3120 2404 3176 titiis
2428 3130 2687 3177 notentur
2717 3130 2772 3177 et
2798 3121 3140 3192 rejiciantur.
3168 3118 3434 3188 Quamvis
3462 3120 3629 3190 igitur
3658 3136 3863 3191 quam-

2266 3213 2489 3284 plurimi
2534 3214 2785 3284 optimas,
2820 3213 3013 3285 lgnatii
3067 3214 3332 3284 epistolas
3391 3222 3683 3284 corruptas
3728 3228 3861 3269 esse

2256 3307 2592 3380 judicarent,
2622 3308 2891 3363 hactenus
2935 3316 3119 3363 tamen
3152 3308 3222 3363 ad
3255 3307 3525 3380 genuinas
3572 3322 3602 3362 a
3656 3321 3861 3361 corru-

2260 3401 2420 3473 ptelis
2457 3412 2610 3456 certo
2642 3400 2830 3470 aliquo
2871 3399 3096 3455 criterio
3125 3398 3488 3455 vindicandas
3528 3414 3721 3469 parum
3755 3407 3860 3454 aut

2261 3492 2399 3547 nihil
2428 3500 2511 3548 est
2538 3491 2816 3547 effectum.
2859 3490 2931 3546 Ut
2980 3507 3171 3547 verum
3204 3490 3340 3546 illud
3372 3491 3445 3546 sit
3474 3495 3621 3560 quod
3654 3505 3681 3544 a
3716 3488 3858 3543 Dal-

2259 3585 2361 3641 lseo
2394 3585 2757 3641 observatur:
2812 3584 2938 3641 Nisi
2975 3586 3236 3640 sincerius
3282 3584 3556 3653 exemplar
3601 3581 3857 3637 Usserius

2257 3689 2308 3735 et
2349 3679 2568 3735 Vossius
2610 3678 2759 3734 nacti
2800 3686 2995 3743 essent,
3022 3677 3173 3732 nulla
3200 3676 3373 3748 fplane
3404 3693 3519 3747 spes
3557 3686 3856 3747 superesset

2256 3770 2659 3841 interpolatoris
2704 3769 2880 3827 aliena
2909 3786 2942 3823 a
2966 3769 3103 3823 veris
3147 3769 3424 3839 scriptoris
3457 3767 3857 3823 internoscendi

2257 3871 2307 3916 et
2339 3862 2665 3917 secernendi.

2880 3950 3111 4009 CAPUT
3153 3950 3220 4008 ν.

2257 4045 2385 4099 Alia
2427 4056 2572 4101 vetus
2611 4044 2812 4100 Latina
2842 4048 3016 4102 uersio
3051 4047 3116 4101 ab
3157 4047 3496 4101 Armachano
3538 4045 3849 4115 publicata,

2324 4134 2429 4186 qua
2474 4118 2908 4186 interpolationes
2942 4118 3161 4171 detecta:
3194 4128 3341 4172 sunt.
3374 4118 3574 4172 Grteca:
3606 4116 3851 4186 epistola

2327 4202 2354 4238 e
2394 4186 2628 4239 Mediceo
2683 4188 2864 4241 codice
2909 4204 3001 4256 per
3045 4188 3299 4240 Isaacum
3362 4188 3604 4242 Vossium
3660 4188 3843 4243 editae.

2326 4256 2470 4320 Quid
2501 4258 2602 4330 uiri
2644 4258 2790 4311 docti
2815 4260 2879 4312 de
2910 4258 3149 4328 epistolis
3195 4259 3272 4311 ita
3298 4260 3544 4330 purgatis
3580 4258 3848 4328 editisque

2324 4329 2605 4381 senserint.

2326 4416 2508 4484 Quare
2537 4418 2778 4476 Jacobus
2812 4418 3103 4488 Usserius,
3138 4422 3585 4493 archiepiscopus
3635 4421 3841 4477 Anna-

2254 4512 2487 4579 chanus,
2520 4510 2793 4572 Hibernia:
2823 4514 3053 4584 primas,
3085 4515 3168 4569 vir
3215 4515 3368 4569 mira:
3416 4515 3469 4569 in
3522 4514 3608 4570 his
3668 4514 3840 4571 rebus

2252 4605 2608 4676 perspicaciaz
2636 4606 2893 4677 ﬁdeique,
2923 4622 3048 4662 cum
3078 4606 3288 4662 videret
3324 4607 3525 4663 talibus
3556 4608 3843 4679 conjectu—

2254 4699 2333 4755 ris
2383 4699 2520 4765 nihil
2577 4697 2736 4767 ellici,
2781 4699 3350 4769 animadverteretque
3399 4709 3508 4755 tres
3561 4700 3615 4753 in
3649 4700 3843 4771 Anglia

2253 4800 2438 4848 nostra
2490 4793 2772 4864 theologos
2802 4793 2932 4848 olim
2961 4794 3143 4848 locum
3187 4794 3481 4865 quemdam
3510 4810 3576 4849 ex
3605 4792 3841 4863 epistola

2253 4884 2444 4955 lgnatii
2474 4901 2505 4939 a
2531 4884 2880 4942 Theodoreto
2906 4886 3155 4951 citatum,
3189 4902 3291 4943 nec
3315 4887 3371 4941 in
3396 4886 3849 4943 editioncGraeca

2252 4988 2349 5035 aut
2384 4978 2615 5051 Vulgata
2659 4981 2913 5037 versione
2944 4990 3073 5037 tunc
3122 4992 3422 5052 repertum,
3448 4983 3643 5037 eodem
3675 4982 3840 5052 plane

2252 5073 2436 5140 modo,
2458 5088 2569 5144 quo
2589 5088 2619 5127 a
2637 5072 2980 5129 Theodoreto
3002 5075 3301 5145 productus
3325 5073 3527 5139 fuerat,
3550 5073 3836 5142 laudasse;

2250 5165 2678 5237 circumspicere
2709 5167 2897 5237 C(epit,
2932 5184 3061 5221 num
3091 5167 3230 5223 forte
3253 5167 3307 5221 in
3333 5167 3526 5236 Anglia
3553 5165 3839 5235 exemplar

2252 5257 2476 5328 aliquod
2508 5256 2764 5313 Latinum
2791 5261 2972 5315 adhuc
2997 5259 3327 5315 delitescens
3359 5259 3586 5330 reperiri
3623 5267 3835 5329 posset,

2249 5366 2318 5407 ex
2348 5366 2458 5421 quo
2488 5368 2590 5408 sua
2618 5363 2730 5411 tres
2762 5355 2841 5409 illi
2878 5357 3115 5427 theologi
3147 5356 3471 5423 hauserunt,
3501 5366 3555 5413 et
3587 5356 3713 5412 loca
3742 5372 3836 5411 re-

2250 5443 2399 5514 liqua
2448 5459 2476 5499 a
2500 5430 2867 5502 ‘Theodoreto
2918 5449 3151 5518 aliisque
3187 5449 3430 5519 antiquis
3468 5448 3724 5504 Patrihus
3753 5448 3837 5503 ci-

2248 5544 2385 5604 tata,
2419 5539 2631 5609 integra
2673 5549 3075 5609 comparerent.
3102 5540 3263 5607 Cum,
3295 5557 3444 5609 ecce,
3480 5542 3654 5596 libros
3689 5542 3834 5597 duos

2247 5645 2383 5686 mss.
2426 5641 2620 5687 nactus
2651 5641 2754 5698 est,
2782 5647 2812 5686 e
2840 5634 3057 5703 publica
3106 5635 3321 5706 collegii
3370 5634 3610 5690 Gunvilli
3634 5642 3686 5689 et
3710 5632 3833 5689 Caii

2249 5720 2396 5790 apud
2439 5722 2919 5793 Cantabrigienses
2969 5732 3190 5782 nostros
3231 5743 3425 5794 unum,
3456 5743 3487 5783 e
3518 5727 3727 5797 privata
3759 5723 3827 5781 D.

2250 5810 2471 5871 llicardi
2507 5805 2828 5874 Rontacutii
2862 5816 3215 5877 Norvicensis
3251 5836 3425 5893 nuper
3463 5820 3705 5892 episcopi
3742 5818 3827 5874 bi-
