4136 6400
239 354 311 413 Μ
424 378 433 383 θ
971 363 1019 419 «1.
1062 362 1433 420 PEARSONll
1469 364 1797 426 VINDICL‘E
1834 365 1853 422 1

1957 367 2264 426 amna.
2286 368 2370 412 ’-
2408 371 2825 430 anomalum;
3465 356 3547 432 ea

243 475 533 531 bliotheca
572 476 851 545 alterum,
888 443 995 549 'qui
1048 479 1241 552 lgnatii
1273 481 1650 553 Epistolarum
1684 485 1852 541 lnter—
1878 488 1924 549 Α
1956 486 2275 555 distinguit,
2320 496 2381 545 ut
2446 488 2502 542 in
2561 488 2803 545 editione
2857 484 3035 546 Vossii
3098 484 3530 563 distinguuntur.

242 570 621 639 pretationem
643 570 916 642 aVulgata
934 572 1130 630 Latina
1150 576 1583 632 diversissimam
1603 579 1854 633 contine-

246 663 405 718 bant.
434 661 502 717 Et
526 664 720 719 statim
746 666 1044 722 collatione
1078 665 1243 733 facta,
1277 668 1598 724 testimonia
1623 668 1850 725 Patrum

244 756 506 809 omniium
554 756 654 826 qui
698 757 843 810 intra
865 758 1134 828 quinque,
1160 767 1221 813 ut
1249 758 1361 825 ait,
1393 767 1521 829 post
1566 758 1851 816 Christum

243 850 457 904 uacula
514 850 846 917 ﬂoruerunt,
884 867 916 906 a
948 850 1159 907 Gracis
1190 851 1517 923 Latinisque
1560 853 1852 909 codicibus

242 943 584 997 dissidentia
606 983 622 1007 ,
654 958 780 998 cum
836 944 941 999 hac
992 944 1249 1000 versione
1294 946 1501 1016 optime
1531 946 1850 1013 convenire,

242 1044 298 1089 et
332 1036 514 1089 multa
548 1050 582 1088 a
609 1034 879 1091 Graculis
909 1035 1315 1106 posterioribus
1360 1036 1568 1094 inserta
1596 1044 1653 1092 et
1682 1037 1853 1093 inter-

243 1139 397 1183 texta
429 1128 505 1184 ab
530 1129 729 1184 eadem
764 1129 974 1199 pariter
1002 1130 1201 1186 abesse
1230 1130 1538 1200 conSpexit.
1567 1128 1687 1184 Jam
1720 1145 1854 1185 vero

242 1237 358 1275 non
408 1237 481 1277 ex
520 1222 739 1277 levibus
792 1221 1150 1292 conjecturis,
1186 1228 1284 1276 aut
1306 1236 1376 1277 ex
1415 1222 1686 1277 sententia
1726 1236 1850 1288 sua,

243 1325 307 1369 ut
357 1313 649 1379 Vedclius,
682 1315 779 1371 sed
826 1330 896 1370 ex
931 1315 1136 1371 veteris
1179 1315 1455 1371 versionis
1488 1314 1594 1371 fide
1631 1314 1853 1369 Graecas

241 1404 447 1478 lgnatii
496 1406 767 1477 epistolas
798 1406 1154 1477 recognovit,
1188 1414 1509 1463 assumenta
1532 1407 1853 1462 stellionum

243 1514 277 1552 a
304 1500 576 1567 genuinis
608 1498 773 1555 facile
794 1508 850 1555 et
877 1507 1069 1568 aperte
1097 1501 1358 1568 secrevit;
1391 1500 1851 1572 Polycarpianam

242 1593 472 1648 illarum
510 1591 774 1664 Syllogen
811 1594 886 1648 ita
916 1592 1296 1649 excudendam
1325 1594 1565 1657 curavit,
1594 1602 1657 1647 ut
1678 1594 1853 1650 minio

241 1684 299 1740 in
330 1693 489 1741 textu
519 1685 720 1742 Graco
749 1686 971 1741 lacinia
997 1686 1107 1742 illa
1130 1687 1507 1757 signarentur,
1536 1701 1679 1757 quas
1710 1702 1741 1741 a
1767 1702 1853 1742 re-

239 1779 483 1834 centiori
526 1778 932 1850 interpolatore
959 1788 1181 1835 assutas
1205 1776 1404 1845 fuisse,
1439 1780 1640 1835 veteris
1671 1778 1849 1835 Latini

1954 591 1979 645 ι
2028 580 2340 635 Salmasius
2392 595 2545 649 vero,
2576 580 2816 636 editione
2869 580 3079 636 Usserii
3130 590 3436 652 perspecta,
3481 589 3537 635 et

1954 673 2145 730 codice
2178 673 2443 740 Mediceo,
2466 685 2759 745 antequam
2790 675 3066 744 ederetur,
3096 676 3215 731 viso
3239 717 3253 741 ,
3290 674 3536 729 auctori-

1954 767 2051 822 tati
2082 766 2278 837 lgnatii
2310 767 2551 838 iniquior
2577 766 2758 823 factus
2783 777 2885 823 est.
2913 766 3054 824 Ecce
3076 768 3224 823 enim
3268 767 3325 821 in
3354 766 3538 835 Appa-

1953 868 2075 914 ratu
2105 860 2173 914 ad
2218 859 2390 914 libros
2427 858 2506 913 De
2537 859 2775 927 primatu
2826 857 3026 930 Papae:
3069 858 3285 925 Varias,
3334 857 3536 928 inquit,

1954 945 2153 1001 diversi
2186 947 2435 1015 temporis
2457 948 2573 1017 ejus
2597 948 2769 1018 operis
2804 947 3259 1018 interpolationes‘
3295 964 3406 1001 esse
3453 947 3538 1015 fa-

1953 1045 2070 1090 ctas
2100 1035 2284 1090 multis
2328 1037 2559 1090 ostendit
2588 1038 3050 1091 reoerendissimus
3097 1048 3146 1091 et
3196 1036 3538 1091 doctissimus

1952 1128 2034 1184 vir
2055 1126 2291 1181 Iacobus
2322 1127 2572 1183 Usserius
2596 1129 2988 1185 Armachanus.
3041 1127 3212 1195 Quale
3244 1137 3419 1185 autem
3470 1127 3536 1181 ab

1954 1232 2171 1274 auctore
2199 1222 2429 1289 primum
2455 1220 2679 1291 prodiit,
2730 1238 2792 1275 ne
2820 1223 3103 1291 genuinum
3136 1220 3346 1291 quidem
3371 1219 3537 1290 Igna-

1955 1313 2019 1366 tii
2048 1328 2181 1380 esse,
2211 1329 2426 1383 possum
2453 1315 2599 1368 omni
2634 1316 3019 1370 asseveratione
3053 1315 3388 1385 conﬁrmare.
3414 1312 3540 1367 Hac

1954 1408 2123 1480 paulo
2153 1408 2418 1464 sedatius.
2443 1408 2584 1476 Qua
2600 1424 2711 1464 non
2738 1410 2899 1481 longe
2918 1417 3042 1480 post
3065 1418 3393 1480 sequuntur,
3419 1406 3542 1463 Sal—

1954 1501 2190 1557 masium
2228 1502 2404 1572 magis
2459 1502 2873 1572 sapiunt.‘Qua
2926 1513 3103 1557 autem
3143 1512 3301 1557 atate
3351 1502 3540 1557 vixerit

1952 1592 2040 1645 hic
2060 1593 2341 1663 impostor,
2363 1594 2455 1664 qui
2479 1609 2664 1649 nomen
2696 1592 2900 1665 Ignatii
2920 1595 3206 1649 ementitus
3233 1602 3309 1647 est
3335 1595 3392 1647 in
3419 1593 3541 1646 istis

1953 1686 2191 1758 epistolis
2218 1686 2631 1755 conscribendis,
2655 1687 3034 1758 inquirendum
3063 1696 3163 1742 est.
3194 1685 3340 1741 Nam
3372 1686 3543 1758 lgna-

1955 1781 2089 1833 tium
2116 1794 2221 1833 non
2232 1794 2345 1833 8888
2364 1794 2550 1833 earum
2574 1788 2843 1833 auctorem
2871 1787 2982 1834 tam
3010 1786 3210 1832 certum
3232 1787 3359 1849 puto
3382 1795 3541 1850 quam

244 1872 600 1942 interpretis,
633 1880 768 1928 tunc
796 1872 1042 1943 primum
1085 1871 1153 1926 ab
1180 1870 1300 1941 ipso
1329 1869 1484 1934 editi,
1514 1869 1723 1926 iudicio
1753 1870 1853 1926 de-
1884 1864 1929 1921 Β
1956 1892 2038 1930 me
2072 1874 2186 1930 hac
2212 1872 2460 1929 scribere.
2492 1871 2591 1929 Hic
2617 1889 2750 1930 sane
2764 1889 2963 1945 purum
2992 1882 3183 1944 putum
3206 1872 3542 1929 Salmasium

237 1965 645 2035 prehenderat.
674 1963 828 2019 Felix
859 1964 967 2020 hoc
997 1963 1219 2035 quidem
1254 1963 1536 2033 inceptum
1560 1977 1672 2033 quo
1698 1977 1853 2018 reve-

244 2059 455 2114 rendus
485 2075 687 2124 senex,
716 2074 843 2115 cum
879 2058 1109 2130 ingenii,
1136 2058 1325 2129 iudicii
1356 2066 1413 2114 et
1435 2058 1702 2114 doctrina
1728 2073 1855 2128 spe-

240 2151 422 2207 cimen
449 2149 739 2221 singulare
760 2149 1034 2214 exhibuit,
1061 2158 1175 2204 tum
1201 2148 1464 2205 Ecclesia
1492 2149 1851 2204 utilissimam

242 2251 299 2297 ct
322 2242 479 2297 hisce
502 2240 852 2313 temporibus
877 2241 1120 2296 maxime
1150 2240 1447 2296 salutarem
1472 2254 1697 2311 operam
1712 2253 1853 2310 pra-

243 2335 405 2391 stitit.

315 2428 374 2483 ld
404 2443 542 2483 vero
576 2427 647 2483 ad
676 2427 962 2483 cumulum
1001 2425 1254 2491 accessit,
1287 2425 1437 2496 quod
1463 2424 1551 2479 vir
1580 2434 1851 2496 praestan-

242 2522 501 2577 tissimus
527 2529 588 2577 et
613 2523 769 2577 omni
808 2520 1077 2575 doctrinae
1102 2533 1299 2590 genere
1327 2516 1628 2573 admodum
1658 2515 1852 2571 excul-

243 2623 355 2677 tus,
388 2612 622 2669 lsaacus
652 2610 893 2668 Vossius
912 2611 1171 2693 Graecum
1202 2609 1483 2680 exemplar
1513 2608 1707 2678 (quod,
1731 2607 1853 2678 opi-

243 2724 368 2774 nor,
398 2707 638 2762 inﬁnita
664 2706 923 2762 lectionis
962 2704 1268 2760 Turrianus
1295 2712 1518 2760 centum
1552 2701 1664 2757 lere
1691 2702 1852 2756 annis

244 2808 371 2853 ante
403 2798 646 2864 viderat,
670 2806 727 2852 et
750 2796 1194 2853 vetustissimum
1225 2793 1853 2862 emendatissimumque

242 2905 362 2947 esse
388 2898 636 2945 testatus
664 2888 773 2960 est)
821 2904 853 2944 e
879 2887 1124 2944 Medicea
1150 2884 1487 2941 Bibliotheca
1511 2884 1851 2955 exscriptum

245 2980 604 3052 produceret,
640 2980 777 3035 viris
798 2977 1140 3035 doctissimis
1166 2976 1507 3033 amicissime
1535 2974 1850 3031 communi-

245 3083 426 3138 caret,
460 3083 518 3129 et
557 3073 829 3144 quoniam
862 3070 1077 3127 Latina
1102 3067 1345 3127 versioni
1385 3070 1456 3125 ab
1493 3068 1722 3125 Usserio
1750 3084 1852 3139 pu-

243 3167 463 3222 blicata
516 3165 773 3237 apprime
815 3179 1126 3220 consonum
1174 3163 1585 3228 animadvertit,
1616 3176 1745 3217 cum
1786 3175 1853 3215 ea

244 3261 415 3316 simul
449 3258 887 3330 imprimendum
922 3272 989 3311 ac
1018 3256 1163 3312 notis
1192 3254 1586 3311 illustrandum
1612 3260 1850 3310 curaret.

245 3349 381 3417 Qua
422 3365 555 3405 cum
609 3357 721 3403 tam
768 3348 948 3403 amice
979 3347 1385 3417 conspirarent,
1415 3359 1527 3399 non
1573 3342 1850 3399 dubitavit

246 3457 505 3499 asserere
549 3442 847 3497 doctorum
886 3439 1137 3495 virorum
1168 3453 1291 3508 par,
1327 3438 1548 3494 easdem
1580 3435 1857 3507 Epistolas

248 3536 476 3591 tandem
502 3549 611 3589 nos
640 3534 865 3597 habere,
913 3548 1059 3604 quas
1092 3531 1306 3600 Lhabuit
1355 3528 1665 3597 Eusebius,
1715 3542 1856 3599 quas

246 3628 422 3684 edidit
451 3626 819 3697 Polycarpus,
854 3641 996 3696 quas
1030 3624 1253 3695 scripsit
1280 3623 1545 3694 lgnatius.

320 3719 505 3786 Quam
536 3718 674 3773 viris
700 3717 935 3773 eruditis
956 3724 1109 3788 grata
1138 3715 1303 3771 fuerit
1327 3716 1444 3771 hac
1456 3713 1637 3771 Vossii
1663 3713 1852 3781 editio,

243 3813 335 3869 vel
381 3812 515 3868 inde
564 3820 736 3883 patet,
776 3811 928 3881 quod
970 3809 1235 3865 Claudius
1284 3807 1601 3875 Sarravius,
1632 3814 1856 3863 senator

246 3904 614 3971 Parisiensis,
643 3905 714 3958 ab
741 3886 870 3974 ipso.
902 3903 957 3957 in
988 3902 1136 3959 notis
1161 3903 1338 3958 obiter
1367 3901 1646 3966 laudatus,
1666 3898 1717 3954 ei
1737 3899 1856 3954 hac

246 3998 639 4069 rescripserit:
691 3996 805 4068 Ago
851 3997 1036 4068 itaque
1083 3996 1313 4066 gratias,
1359 4009 1458 4064 ago
1502 3994 1710 4063 gratias
1741 3991 1857 4045 'tibi

250 4108 522 4157 summas,
542 4090 618 4144 mi
657 4087 812 4145 Vossi
830 4105 847 4156 ,'
879 4099 1133 4144 teternum
1164 4086 1305 4142 enim
1328 4102 1410 4139 me
1441 4086 1537 4139 tibi
1566 4083 1854 4138 devinxisti

249 4194 406 4239 tanto
441 4194 494 4238 et
539 4192 653 4236 tam
678 4182 939 4253 praelato
978 4198 1107 4251 erga
1131 4181 1492 4235 immerentem
1523 4178 1850 4231 testimonio.

262 4277 432 4332 Video
455 4277 602 4330 enim
624 4276 699 4330 ibi
724 4276 927 4345 famam
952 4289 1124 4328 meam
1150 4272 1439 4327 aeternitati
1470 4279 1853 4337 consecratam,

246 4392 312 4429 eo
358 4379 743 4436 monumento,
797 4367 938 4438 quod
976 4381 1111 4421 saxa
1153 4373 1202 4421 et
1248 4380 1523 4419 marmora
1572 4363 1855 4418 duratione

250 4469 459 4524 uincat.

1955 1966 2244 2022 habemus.
2274 1965 2358 2020 Ad
2385 1966 2603 2037 tempus
2627 1974 2812 2022 autem
2835 1966 2984 2037 quod
3019 1966 3235 2033 attinet,
3269 1966 3542 2036 imposto-

1954 2071 2071 2112 rem
2096 2056 2291 2112 eodem
2319 2072 2447 2113 cum
2481 2057 2776 2114 Valentino
2820 2058 3028 2114 vixisse
3056 2054 3400 2129 suspicatur;
3440 2060 3541 2113 im-

1954 2157 2201 2218 perante,
2245 2150 2530 2216 nimirum,
2561 2151 2865 2219 Antonino,
2903 2160 2997 2206 aut
3023 2161 3169 2207 certe
3202 2152 3307 2207 sub
3356 2150 3541 2206 Marco

1952 2241 2200 2297 Aurelio.
2251 2240 2433 2312 Atque
2476 2241 2593 2297 hac
2640 2250 2725 2297 est
2765 2256 2980 2296 summa
3009 2242 3295 2297 sententia
3323 2239 3542 2294 Salma-

1955 2332 2149 2389 siana.
2183 2332 2301 2403 Ipse
2333 2342 2516 2388 autem
2545 2348 2672 2389 cum
2714 2333 2833 2388 hac
2859 2333 2914 2388 in
2943 2333 3223 2403 Apparatu
3263 2342 3376 2388 tam
3405 2342 3545 2387 stre-

1954 2440 2065 2482 nue
2091 2427 2444 2494 asseruisset,
2488 2426 2546 2480 in
2581 2426 2703 2498 ipso
2736 2441 2904 2496 opere
2948 2426 3281 2481 auctoritate
3341 2424 3542 2496 Ignatii

1954 2519 2281 2589 sapiuscule
2309 2519 2503 2575 utitur.
2537 2515 2669 2585 Quae
2701 2534 2827 2574 cum
2857 2518 3085 2574 vidisset
3123 2516 3388 2573 Claudius
3414 2517 3545 2571 Sar-

1955 2610 2162 2679 ravius,
2200 2625 2390 2666 aurem
2450 2608 2725 2665 Salmasio
2777 2608 2926 2665 vellit
2959 2618 3014 2664 et
3056 2608 3383 2663 admonuit:
3420 2606 3547 2661 Non

1953 2702 2172 2773 placet,
2232 2703 2372 2773 quod
2401 2719 2464 2756 ea
2493 2703 2549 2756 in
2598 2702 2879 2774 Apparatu
2943 2701 3145 2771 culpes,
3181 2717 3300 2772 qua
3338 2700 3395 2753 in
3424 2700 3543 2770 ipso

1954 2811 2106 2865 opere
2132 2795 2344 2850 laudas.
2373 2795 2451 2850 De
2492 2793 2798 2865 Ignatianis
2819 2794 3081 2865 Epistolis
3113 2795 3376 2865 intelligo,
3411 2810 3545 2863 quas

1954 2892 2013 2946 in
2031 2891 2333 2962 Apparatu,
2363 2890 2455 2961 qui
2488 2892 2639 2961 prior
2689 2889 2886 2961 legitur
2910 2930 2926 2956 ,
2981 2890 3171 2944 merito
3202 2890 3301 2961 τῆς
3334 2887 3546 2951 νοθείας

1956 2985 2210 3040 revincis.
2243 2992 2294 3039 et
2329 2991 2506 3037 tamen
2536 2999 2722 3038 eorum
2749 2984 3073 3037 auctoritate
3107 2990 3291 3051 postea
3320 2979 3547 3050 sapius-

1956 3078 2072 3133 cule
2108 3077 2298 3144 uteris,
2331 3077 2488 3146 quasi
2520 3087 2691 3130 essent
2720 3075 2993 3147 legitimae,
3026 3090 3117 3129 nec
3142 3073 3329 3127 titulus
3362 3079 3548 3125 aucto-

1958 3186 2068 3225 rem
2093 3172 2427 3225 mentiretur.
2472 3167 2676 3224 Saltem
2710 3169 2776 3223 de
2815 3171 2925 3224 ista
2952 3179 3045 3222 tua
3071 3166 3344 3221 sententia:
3368 3174 3546 3218 muta-

1961 3263 2102 3317 tione
2126 3261 2333 3334 aliquid
2360 3263 2742 3334 signiﬁcasses.
2778 3259 2956 3332 Epist.
2993 3277 3047 3331 p.
3089 3260 3213 3316 l8l.
3248 3258 3394 3327 Hac,
3420 3259 3546 3329 cpi-

1958 3370 2083 3423 nor,
2115 3355 2169 3409 in
2210 3354 2469 3410 Sarravio
2492 3395 2508 3423 ,
2545 3354 2792 3409 maximo
2830 3353 3087 3409 Salmasii
3138 3351 3543 3426 hyperaspista,

1957 3448 2123 3503 etiam
2157 3447 2234 3501 illi
2259 3446 2403 3502 ferre
2436 3454 2693 3518 possunt,
2731 3446 2828 3518 qui
2856 3445 3049 3502 eadem
3106 3446 3162 3500 in
3198 3442 3545 3498 Hammoudo

1956 3554 2067 3595 non
2109 3538 2312 3594 ferunt.

2028 3631 2198 3687 David
2248 3633 2415 3688 etiam
2464 3631 2805 3698 Blondellus,
2838 3639 2901 3686 ut
2950 3630 3070 3701 ipse
3117 3628 3172 3683 in
3218 3626 3546 3683 Prafatione

1955 3724 2233 3795 Apologia
2265 3723 2489 3791 fatetur,
2520 3724 2933 3795 quamprimum
2981 3721 3343 3793 epistolarum
3394 3720 3547 3790 prio-

1955 3831 2081 3872 rum
2120 3831 2217 3872 sex
2264 3815 2486 3873 lsaacus
2518 3816 2750 3873 Vossius
2784 3816 2999 3886 copiam
3036 3813 3186 3879 fecit,
3229 3828 3325 3869 eas
3365 3812 3544 3868 avidis

1956 3909 2133 3965 oculis
2164 3909 2368 3977 hausit,
2400 3924 2569 3965 manu
2601 3908 2827 3980 propria
2857 3906 3165 3978 descripsit,
3194 3922 3322 3962 cum
3361 3905 3545 3962 citatis

1957 4013 1990 4052 a
2017 3997 2291 4053 veteribus
2338 3998 2475 4053 locis
2526 3996 2771 4053 studiose
2810 3995 3062 4061 contulit,
3104 3993 3306 4051 saculo
3351 4004 3544 4048 nostro

1957 4091 2281 4163 gratulatus,
2327 4090 2476 4162 quod
2522 4089 2658 4146 illud
2705 4089 2885 4161 ipsum
2932 4087 3231 4158 exemplar,
3265 4102 3374 4158 quo
3420 4096 3546 4141 ante

1956 4183 2098 4238 1500
2125 4199 2300 4238 annos
2328 4198 2464 4240 usus
2490 4194 2610 4238 erat
2651 4181 2945 4249 Eusebius,
2976 4195 3177 4235 novam
3212 4179 3316 4250 ipsi
3346 4193 3546 4249 prope-

1954 4274 2097 4331 diem
2131 4276 2448 4331 aﬂ‘ulsuram
2480 4275 2659 4330 lucem
2689 4272 3002 4344 sponderet.
3020 4270 3126 4327 Sed
3147 4281 3437 4343 postquam
3462 4278 3545 4324 at-

1956 4369 2188 4423 tentiore
2217 4369 2403 4424 animo
2444 4366 2785 4437 singularum
2818 4374 2873 4421 et
2900 4366 3126 4436 phrasin
3170 4371 3225 4419 et
3254 4362 3540 4418 materiam

1954 4469 2010 4517 et
2048 4460 2299 4517 ordinem
2334 4461 2612 4531 expendit,
2639 4458 2981 4515 blandientes
3013 4466 3174 4513 antea
3220 4471 3345 4526 spes
3385 4455 3546 4524 pudi-

326 4565 521 4633 Quare
544 4561 733 4620 statim
761 4576 829 4616 ex
860 4556 1299 4630 protestantibus
1320 4553 1572 4609 Andreas
1596 4549 1847 4616 Rivetus,
1880 4558 1929 4616 1)
1954 4552 2175 4608 bundus
2219 4551 2455 4622 abjicere
2484 4560 2731 4618 coactus,
2760 4550 2920 4607 bona
2946 4548 3172 4603 Patrum
3201 4547 3327 4603 tidei
3358 4546 3541 4616 impu-

251 4677 383 4718 cum
417 4660 471 4714 ei
512 4656 774 4713 Usserius
803 4668 1005 4709 novam
1037 4650 1228 4723 lgnatii
1261 4665 1331 4705 ex
1359 4648 1534 4703 veteri
1566 4646 1710 4702 libro
1739 4644 1858 4700 edi-

254 4756 467 4810 tionem
499 4749 1003 4811 communicasset,
1049 4745 1104 4799 in
1137 4740 1330 4798 ultima
1372 4739 1565 4795 Critici
1599 4739 1684 4794 sui
1714 4736 1857 4792 sacri

252 4841 819 4917 recognitioncillius
845 4837 1113 4911 judicium
1158 4843 1382 4891 secutus
1408 4840 1531 4887 est:
1584 4837 1638 4886 et
1669 4845 1733 4884 ex
1766 4827 1859 4883 Je—

255 4943 428 4999 suitis
471 4936 766 5001 Petavius,
819 4930 1026 4989 Gracis
1072 4924 1255 4983 Vossii
1302 4933 1358 4980 et
1404 4923 1615 4979 Latinis
1646 4920 1857 4979 Usserii

255 5032 583 5103 conspectis
616 5047 632 5085 :
670 5027 820 5092 Hac,
839 5026 1039 5096 inquit,
1073 5024 1305 5093 prudens
1347 5031 1399 5075 et
1441 5019 1594 5089 justa
1621 5016 1856 5086 suspicio

252 5135 359 5191 est,
397 5123 530 5176 illas
575 5137 688 5175 esse
717 5119 971 5191 genuinas
1001 5115 1209 5187 Ignatii
1239 5111 1546 5184 Epistolas,
1574 5125 1707 5181 quas
1757 5124 1857 5162 an-

256 5218 540 5287 tiquorum
570 5227 852 5266 consensus
881 5207 1183 5264 illustribus
1230 5202 1549 5259 testimoniis
1585 5216 1855 5255 commen-

254 5310 425 5362 datos
454 5314 505 5359 et
547 5302 869 5373 approbatas
906 5298 1143 5370 reliquit.
1191 5294 1340 5352 Idem
1387 5295 1552 5350 etiam
1586 5291 1854 5364 judicium

257 5404 476 5463 Nicolai
525 5400 748 5456 Fabroti
802 5396 929 5460 fuit,
958 5404 1018 5450 ut
1067 5392 1368 5450 ostendunt
1422 5397 1567 5445 nota
1612 5388 1735 5459 ejus
1786 5387 1855 5441 ad

256 5497 641 5554 Auastasium.
707 5490 765 5546 S.
825 5487 1111 5559 Ignatius,
1170 5482 1420 5555 Epistola
1471 5481 1541 5535 ad
1600 5479 1855 5550 Ephesios

257 5588 458 5654 (edidit
472 5584 719 5639 eruditus
740 5582 820 5636 vir
836 5577 1064 5633 lsaacus
1089 5574 1331 5647 Vossius)
1350 5581 1405 5629 et
1421 5573 1608 5628 statim
1626 5570 1859 5625 Pseudo-

257 5694 515 5751 lgnauus
547 5679 602 5731 in
633 5673 862 5746 epistola
903 5670 974 5725 ad
1005 5668 1383 5735 Antiochcnos,
1415 5674 1468 5721 et
1510 5664 1662 5732 alibi,
1699 5662 1855 5718 Vetus

252 5776 521 5841 interpres
556 5764 820 5837 Epistolas
867 5763 938 5818 ad
966 5760 1352 5831 Philippenses,
1387 5772 1505 5829 quw
1546 5755 1608 5813 S.
1642 5755 1859 5840 Ignotio

254 5866 570 5921 ascribitur.
593 5861 674 5917 Ita
702 5862 792 5916 ille
822 5857 1095 5931 genuinas
1118 5852 1392 5927 Epistolas
1419 5865 1450 5907 a
1484 5848 1686 5921 spuriis
1715 5862 1858 5919 sape

1956 4644 2148 4700 denter
2173 4642 2395 4697 illusum
2424 4642 2621 4710 doluit,
2669 4649 2724 4697 et
2772 4640 3111 4713 argumentis
3141 4639 3473 4710 quibusdam
3508 4653 3541 4693 a

1956 4737 2151 4808 priori,
2166 4753 2332 4808 quam
2347 4736 2415 4792 de
2436 4735 2734 4806 lgnatiauis
2749 4734 3000 4806 epistolis
3015 4732 3543 4803 imbiberat,opinio-

1957 4844 2028 4885 ne
2069 4828 2353 4900 depulsus,
2380 4844 2477 4884 eas
2522 4842 2717 4883 omnes
2760 4827 3138 4899 supposititias
3182 4826 3405 4882 credere
3448 4840 3545 4880 co-

1957 4931 2113 4979 actus
2159 4931 2264 4979 est.
2314 4921 2499 4994 Ipsum
2547 4930 2733 4977 autem
2784 4921 3164 4992 impostorem,
3201 4919 3297 4990 qui
3347 4918 3539 4991 lgnatn

1957 5014 2215 5087 martyris
2262 5031 2464 5071 nomen
2501 5022 2728 5084 septem,
2756 5012 3015 5080 Eusebio,
3048 5010 3370 5078 Athanasio,
3410 5008 3542 5064 llic-

1957 5116 2192 5174 ronymo
2222 5102 2482 5168 laudatis,
2516 5101 2776 5173 Epistolis
2803 5102 3073 5174 appinxit,
3092 5100 3252 5172 longe
3281 5108 3408 5171 post
3438 5115 3540 5154 an-

1958 5210 2092 5249 num
2138 5194 2500 5251 centesimum
2546 5194 3028 5266 quadragesimum
3060 5201 3337 5264 quartum,
3374 5192 3541 5247 adco-

1960 5301 2067 5357 que
2099 5296 2222 5357 post
2251 5286 2555 5343 Clementis
2579 5286 2957 5354 Alexandrini,
2995 5292 3107 5341 toto
3130 5285 3257 5341 'l‘ere
3278 5294 3538 5341 centena-

1957 5379 2042 5435 rio
2076 5379 2286 5451 lgnatio
2309 5380 2654 5453 posterioris,
2684 5379 2917 5445 obitum,
2950 5376 3220 5448 prodiisse
3245 5378 3429 5433 tradit.

2028 5473 2337 5543 Antequam
2371 5472 2487 5528 hac
2514 5486 2545 5527 a
2574 5470 2854 5527 Blondello
2888 5470 3201 5537 ederentur,
3245 5480 3539 5541 postquam

1959 5580 2092 5622 vero
2119 5565 2189 5621 ab
2213 5564 2494 5635 Opinione,
2542 5577 2709 5634 quam
2739 5578 2771 5618 e
2800 5561 3042 5618 Mediceo
3082 5562 3268 5619 codice
3298 5563 3538 5634 primum

1959 5658 2271 5723 imbiberat,
2298 5656 2562 5727 depulsus
2585 5663 2690 5723 est,
2718 5655 2989 5711 sententia
3015 5656 3136 5727 ejus
3160 5654 3374 5726 Hugoni
3401 5653 3539 5709 Gro—

1960 5752 2059 5820 tio,
2085 5750 2204 5807 viro
2231 5749 2493 5816 maximo,
2521 5747 2782 5816 innotuit,
2803 5748 2921 5820 qui,
2948 5749 3078 5820 quid
3109 5748 3175 5805 de
3202 5764 3263 5805 ea
3290 5749 3537 5811 sentiret,

1964 5846 2016 5903 in
2044 5843 2274 5917 epistola
2305 5841 2369 5900 ad
2394 5840 2696 5900 Gerardum
2728 5840 2984 5902 Vossium
3016 5843 3139 5901 data
3170 5852 3429 5915 protenus
3454 5841 3533 5897 si-
