4136 6394
642 354 711 409 ας
1707 353 1766 409 S.
1803 352 2150 409 IGNATIUS.
2190 380 2261 393 -
2297 351 2830 408 PROLECOMENA.
3723 366 3730 373 '
3823 355 3887 408 ω

641 469 916 541 gniﬂcavtt
936 488 950 525 :
970 468 1301 535 Blondellus,
1330 484 1533 539 magna:
1558 470 1635 523 vir
1660 470 1969 539 diligentiw,
1986 470 2074 523 sed
2102 485 2211 521 sua-
2241 476 2287 530 Α
2315 468 2585 524 Salmasio
2605 478 2658 523 et
2677 467 2973 533 Blon’dello;
2990 465 3399 522 dissertationes
3412 475 3665 534 quatuor,
3688 464 3887 535 quibus

639 562 783 629 parti
830 576 985 628 super
1028 575 1237 629 a’quum
1278 558 1545 626 addictus,
1596 560 1722 630 quid
1770 561 1835 614 de
1872 561 2130 629 episcopis
2165 569 2214 612 et
2314 560 2660 629 episcopatus
2695 561 2818 630 jura
2854 575 2918 613 ex
2962 558 3166 613 sanctis
3200 557 3500 626 Scripturis
3539 565 3595 611 et
3631 558 3889 627 primaeva

637 652 953 722 presbyteris
981 654 1199 719 sentiat,
1222 668 1286 706 ea:
1309 652 1519 719 scriptis
1543 653 1655 721 ejus
1679 653 1899 705 antehac
1929 652 2086 705 editis
2112 666 2216 705 non
2316 652 2639 722 antiquitate
2683 662 3029 714 astruuntur,
3059 650 3250 716 edidit,
3286 660 3340 703 et
3372 664 3561 703 earum
3593 650 3884 704 secundam

636 747 917 799 obscurum
958 755 1057 799 est.
1094 744 1433 816 Imprimitur
1463 760 1602 798 nunc
1631 745 1773 813 apud
1800 743 2045 797 Blavium
2083 742 2217 797 liber
2314 744 2383 797 de
2413 743 2602 813 lgnatii
2635 743 2854 811 scriptis
2882 741 3137 797 instituit.
3168 740 3227 794 In
3271 740 3362 795 illa
3407 749 3589 793 autem
3630 739 3886 794 disserta-

633 837 748 904 ejus
777 836 1082 905 specialiter
1115 837 1179 890 de
1206 852 1266 890 eo
1310 846 1617 906 argumento
1640 852 1659 889 :
1690 834 1917 905 Cognovi
1946 847 2120 889 autem
2150 850 2216 888 ea:
2318 836 2464 889 tione
2493 835 2671 903 primo
2702 832 2969 903 quidquid
3012 832 3078 887 ad
3108 832 3209 886 has
3250 830 3460 901 lgnatio
3500 829 3889 899 abjudicandas

635 942 874 979 sermone
908 926 1072 995 ipsius
1101 926 1314 979 omnino
1340 942 1459 979 eum
1486 927 1582 979 hoc
1628 942 1781 995 agere
1802 924 1951 990 velle,
1999 933 2058 976 ut
2112 924 2215 977 ali-
2314 925 2573 995 epistolas
2600 925 2804 980 dictum
2834 934 2942 991 est,
2973 924 3289 979 solemniter
3310 922 3377 977 ad
3407 936 3633 977 examen
3655 922 3885 985 vocavit;

634 1017 761 1079 quid
800 1017 1027 1085 reperiat
1064 1015 1199 1068 unde
1226 1016 1426 1084 famam
1463 1024 1705 1085 spargat,
1730 1024 1778 1068 te
1805 1014 1863 1067 in
1890 1031 1951 1067 ea
1977 1030 2032 1066 re
2060 1014 2215 1081 plane
2315 1017 2556 1073 secundo
2581 1017 2828 1086 quaedam
2860 1016 3091 1083 addidit,
3124 1030 3248 1086 qua:
3293 1013 3608 1070 earumdem
3654 1013 3886 1067 auctori-

635 1126 808 1162 sccum
850 1110 1063 1163 sentire.
1110 1107 1311 1177 Iguatii
1346 1106 1636 1176 Epistolas,
1665 1123 1798 1177 quas
1830 1105 1976 1175 ﬁlius
2003 1115 2124 1158 tuus
2150 1119 2215 1157 ea:
2314 1116 2481 1162 tatem
2510 1107 2809 1163 stabiliant.

636 1199 803 1253 Italia
832 1199 1013 1253 attulit
1046 1216 1209 1268 puras
1233 1198 1295 1252 ab
1328 1198 1569 1252 omnibus
1597 1199 1686 1261 iis,
1712 1212 1831 1267 qua:
1857 1196 2053 1250 eruditi
2083 1195 2213 1247 luc-
2384 1198 2465 1253 ΑΔ
2499 1198 2615 1253 haec
2643 1198 2975 1255 ﬂammandi
3009 1199 3146 1254 nihil
3177 1197 3504 1263 Salmasius,
3548 1195 3686 1251 nihil
3729 1194 3881 1249 Blon-

636 1299 783 1343 tenus
810 1298 1049 1357 suspecta
1082 1289 1326 1353 habuere,
1357 1290 1473 1343 ideo
1500 1290 1781 1341 admittere
1803 1303 1905 1340 non
1929 1286 2060 1347 vult.
2090 1286 2215 1356 quia
2315 1290 2490 1345 dellus
2535 1292 2797 1360 reposuit.
2846 1290 3005 1346 Domi
3056 1300 3238 1346 autem
3289 1290 3599 1359 theologus,
3649 1285 3889 1341 Joannes

634 1382 1028 1449 episcopatuum
1062 1381 1309 1435 vetustati
1342 1380 1548 1434 clarum
1574 1382 1804 1449 prmbent
1834 1379 2213 1434 testimonium.
2316 1377 2553 1435 Owenus
2616 1390 2835 1438 nostras
2881 1382 2937 1436 in
2992 1380 3323 1437 Prazl'atione
3375 1381 3611 1450 quadam
3666 1379 3887 1450 Anglice

636 1475 957 1544 Argumenta
984 1473 1091 1526 alio
1121 1490 1221 1527 nou
1254 1475 1447 1537 utitur,
1494 1489 1651 1542 quam
1688 1475 1825 1542 quod
1848 1473 1904 1525 in
1929 1472 2038 1525 illis
2060 1470 2215 1524 verba
2316 1470 2520 1539 scripta
2552 1472 2725 1526 multa
2773 1473 2831 1527 in
2876 1472 3312 1528 llammondiana
3355 1470 3547 1542 lgnatii
3574 1470 3888 1526 defensioue

636 1567 877 1633 quantum
896 1575 1185 1635 appareant
1211 1565 1534 1636 elegantiora
1554 1582 1712 1635 quam
1735 1564 1900 1618 solent
1924 1565 1975 1617 in
2003 1572 2215 1632 aposto—
2315 1561 2519 1630 culpat,
2544 1579 2667 1633 qua:
2707 1565 2969 1634 peculiari
3011 1565 3239 1635 scripto,
3271 1565 3455 1636 lingua
3498 1564 3661 1617 etiam
3705 1572 3887 1617 nostra

636 1659 859 1710 licorum
910 1658 1121 1726 scriptis
1171 1658 1425 1726 reperiri,-
1466 1656 1649 1727 quales
1694 1665 1817 1709 sunt
1872 1654 2212 1718 ἀξιέπαινοι,
2316 1650 2693 1711 Hanmondus
2732 1654 2993 1712 defendit.
3028 1654 3148 1710 Non
3200 1665 3379 1710 tamen
3426 1652 3660 1709 Owenus
3700 1668 3888 1708 eorum

636 1749 1134 1820 ἀξιομνημόνευτοι,
1163 1761 1211 1803 et
1240 1751 1461 1804 similia.
1502 1749 1633 1802 Dixi
1668 1764 1784 1817 ego,
1818 1748 1964 1816 paris
1994 1757 2216 1799 moneta:
2316 1746 2641 1800 sententiam
2690 1748 2907 1816 probat,
2934 1749 3029 1818 qui
3058 1748 3322 1817 epistolas
3350 1762 3544 1802 omnes
3582 1744 3886 1815 lgnatianas

638 1842 889 1896 vocabula
916 1859 1016 1895 non
1038 1859 1210 1911 pauca
1237 1858 1346 1895 esse
1370 1843 1425 1894 in
1453 1840 1735 1897 Clementis
1767 1838 2030 1908 Epistola,
2056 1854 2214 1908 quam
2246 1862 2288 1917 Β
2316 1843 2576 1907 tanquam
2623 1838 2779 1893 ﬁctas
2821 1849 2876 1894 et
2918 1840 3299 1909 supposititias
3345 1838 3595 1894 absolute
3630 1838 3886 1892 condemv

634 1943 926 2003 suspectam
955 1950 1056 1987 non
1085 1935 1240 1987 habet
1270 1952 1287 1989 :
1319 1934 1603 1988 adhtesisse
1634 1932 1744 1985 lucc
1772 1931 1866 1983 diu
1895 1946 1960 1983 ea:
1991 1929 2212 1982 lectione
2315 1936 2449 1983 nant
2475 1946 2489 1983 :
2522 1929 2633 1984 imo
2657 1932 2714 1984 in
2742 1946 2931 1984 earum
2957 1931 3232 2001 aliquibus
3263 1946 3475 1985 suavem
3502 1938 3552 1983 et
3579 1929 3888 2000 gratiosum,

635 2025 961 2091 Graecorum,
992 2027 1084 2096 qui
1107 2026 1331 2079 nitidius
1362 2026 1709 2095 scripserant.
2315 2030 2376 2075 ut
2400 2031 2676 2079 nostrates
2703 2024 3021 2092 loquuntur,
3047 2025 3193 2094 ﬁdei,
3224 2024 3545 2087 dilectionis,
3569 2023 3887 2083 sanctitatis,

702 2118 1118 2187 Quamprimum
1150 2128 1330 2172 autem
1362 2116 1733 2171 Blondelliana
1772 2115 1825 2168 in
1874 2115 2048 2168 lucem
2080 2126 2210 2183 pr0--
2312 2122 2360 2167 et
2391 2114 2490 2168 zeli
2523 2114 2621 2169 Dei
2653 2116 2901 2185 spiritum
2949 2117 3237 2183 spirantem
3284 2126 3335 2170 et
3387 2124 3689 2185 operantem
3720 2129 3882 2183 agno-

631 2208 829 2272 dirent.
857 2218 909 2264 et
939 2208 1160 2265 lsaacus
1179 2208 1408 2264 Vossius
1434 2209 1679 2264 codicem
1704 2207 2209 2274 Mediceum,quem
2312 2205 2438 2260 scit.
2471 2204 2704 2261 Ministri
2730 2207 2895 2262 etiam
2929 2208 3306 2263 Londinenses
3329 2223 3455 2262 cum
3486 2207 3754 2269 Sculteto,
3787 2205 3884 2261 Ve-

630 2311 738 2356 tam
774 2301 1001 2357 feliciter
1026 2303 1291 2361 ediderat.
1317 2310 1429 2356 tam
1475 2302 1618 2357 male
1659 2306 1950 2355 tractatum
1979 2297 2209 2363 videret,
2311 2296 2454 2351 delio
2491 2306 2546 2352 et
2592 2296 2784 2354 Riveto
2830 2299 3061 2369 professi
3109 2310 3239 2355 sunt
3298 2315 3358 2355 se
3420 2300 3648 2354 minime
3700 2314 3887 2353 omnes

628 2395 812 2449 statim
844 2395 1072 2464 cpistola
1103 2396 1171 2449 ad
1200 2392 1450 2449 Rivetum
1478 2391 1721 2447 rationes
1748 2389 2088 2460 perscripsit,
2110 2403 2211 2444 cur
2311 2388 2642 2457 reprobarc;
2682 2391 2779 2445 sed
2808 2392 2884 2445 ita
2910 2392 2978 2446 de
3002 2391 3331 2461 corruptelis
3360 2391 3530 2446 locuti
3571 2399 3721 2454 sunt,
3752 2405 3816 2445 ac
3845 2391 3887 2445 si

625 2503 751 2540 eum
806 2503 916 2539 non
968 2486 1197 2540 omnino
1226 2499 1547 2555 permovere
1595 2482 1871 2553 potuerint
1900 2486 2211 2548 argumenta
2310 2478 2579 2535 editiones
2630 2477 2836 2536 Usserii
2894 2480 3187 2551 Vossiique
3238 2498 3523 2553 nunquam
3576 2482 3887 2548 vidissent;

625 2578 744 2644 illa,
769 2592 887 2646 qua:
926 2575 1097 2629 David
1143 2574 1453 2629 Blondellus
1480 2573 1549 2627 ad
1582 2571 1912 2626 evertendam
1938 2566 2209 2637 Epistola-
2309 2581 2455 2627 certe
2485 2574 2614 2643 quid
2645 2574 2714 2628 de
2743 2572 3004 2644 Epistolis
3036 2575 3311 2631 defaecatis
3350 2575 3637 2646 sentirent,
3668 2576 3888 2632 minimc

625 2686 744 2722 rum
772 2668 972 2740 Ignatii
994 2669 1265 2723 veritatem
1289 2667 1495 2721 attulit.
1524 2664 1662 2720 Huic
1691 2662 1932 2735 epistolae
1953 2659 2208 2715 Blondel-
2311 2663 2642 2719 indicarunt.

625 2761 713 2815 lus
762 2762 1019 2815 adnotata
1070 2776 1168 2814 sua
1219 2759 1471 2829 aspersit,
1503 2766 1558 2812 et
1603 2764 1867 2827 praeterea
1920 2752 2208 2809 stricturas
2379 2753 2716 2825 Theophilus
2740 2766 2921 2811 autem
2945 2755 3279 2828 Raynaudus
3304 2756 3360 2811 in
3384 2756 3781 2815 Erotematibus
3799 2776 3875 2815 ne

624 2855 889 2921 quiasdam
920 2850 986 2905 ad
1018 2850 1200 2905 Vossii
1225 2847 1393 2904 Notas
1424 2856 1551 2903 ante
1572 2848 1776 2912 editas;
1805 2843 2006 2915 quibus
2036 2842 2207 2896 altera
2308 2856 2401 2916 gat
2419 2847 2705 2917 epistolam
2731 2850 2799 2904 ad
2822 2849 3051 2904 Mariam
3076 2849 3361 2919 Deiparam
3379 2866 3502 2907 esse
3530 2852 3889 2920 lgnatianam.

624 2943 906 3013 prolixiori
931 2942 1161 3011 cpistola
1186 2942 1253 2997 ad
1280 2940 1534 2996 Rivetum
1558 2938 1764 3009 pariter
1786 2937 1954 2991 missa
1984 2932 2207 2989 Isaacus
2310 2935 2609 3007 Epistolam
2656 2949 2852 3006 tamen,
2896 2940 3096 3011 inquit,
3138 2942 3208 2995 ad
3256 2941 3489 2995 Mariam
3525 2940 3888 2997 Cassoboliten

623 3043 883 3090 accurate
920 3034 1221 3104 respondit.
1253 3029 1383 3087 Haec
1428 3039 1610 3087 autem
1662 3029 1848 3083 omnia
1891 3040 2019 3082 cum
2062 3022 2206 3094 apud
2306 3043 2417 3082 esse
2444 3026 2502 3083 S.
2530 3028 2735 3100 Ignatii
2761 3032 2943 3100 [cetum
2971 3034 3276 3102 genuinum,
3301 3044 3454 3087 extra
3483 3035 3888 3088 controversiam

624 3123 803 3192 ipsum
833 3121 1089 3178 Vossium
1123 3123 1219 3178 diu
1258 3122 1597 3188 delituerint,
1633 3135 1732 3190 pro
1764 3132 1978 3173 summa
2010 3115 2207 3169 huma-
2308 3134 2483 3187 pono;
2525 3121 2782 3192 quidquid
2833 3123 3162 3177 contrarium
3206 3124 3365 3193 pauci
3404 3122 3623 3195 quidam
3677 3122 3893 3178 sectarii

622 3216 812 3281 nitate,
840 3224 893 3270 et
916 3216 1089 3271 bonas
1114 3216 1325 3271 litteras
1354 3214 1579 3285 juvandi
1604 3210 1933 3279 studio,quo
1963 3222 2077 3277 prae
2103 3220 2209 3259 εε-
2235 3196 2279 3253 C
2309 3208 2653 3277 e/futiverint.

623 3307 757 3361 teris
810 3306 1066 3362 omnibus
1100 3307 1248 3372 .viris
1297 3306 1474 3361 doctis
1526 3304 1761 3373 ﬂagrare
1804 3298 2042 3363 videtur,
2071 3296 2203 3350 mihi
2378 3298 2700 3359 Edmundus
2726 3302 2891 3358 etiam
2921 3302 3237 3359 Albertinus
3269 3302 3478 3359 Usserii
3515 3302 3889 3375 responsioni-

620 3400 839 3454 tandem
876 3399 931 3453 in
964 3402 1067 3454 hac
1094 3414 1261 3454 arena
1289 3395 1576 3454 desudanti
1604 3393 1937 3450 amicissime
1956 3406 2207 3447 commu-
2306 3392 2409 3448 bus
2454 3402 2510 3449 et
2559 3392 2889 3451 Hammondi
2929 3396 3309 3452 dissertationi
3338 3398 3565 3452 minime
3591 3397 3883 3468 acquievit.

620 3491 845 3558 nicavit,
874 3499 929 3545 et
963 3491 1277 3561 elllagitanti
1310 3498 1371 3546 ut
1397 3504 1524 3545 cum
1551 3486 1755 3543 nostris
1792 3484 2104 3548 ederentur,
2138 3482 2205 3537 li-
2309 3484 2406 3540 sed
2448 3485 2504 3539 in
2550 3486 2707 3543 libris
2758 3486 2836 3541 De
2879 3488 3203 3543 eucharistia
3241 3487 3436 3545 Latine
3459 3488 3622 3545 editis
3649 3489 3877 3545 decreto

617 3582 941 3638 bentissime
967 3582 1263 3637 concessit.
2304 3577 2444 3632 riam
2503 3578 2829 3634 sententiam
2892 3580 2951 3633 in
3005 3580 3123 3636 haec
3177 3580 3345 3635 verba
3408 3580 3635 3649 protulit
3688 3598 3704 3635 :
3762 3579 3884 3635 Non

688 3672 999 3741 Quinetiam
1033 3673 1482 3743 archiepiscopus
1503 3671 1887 3726 Armachanus
1909 3668 1963 3724 in
1987 3668 2204 3738 Appen-
2303 3671 2597 3740 negaverim
2620 3669 2894 3742 Ignatium
2918 3672 3171 3741 epistolas
3195 3672 3404 3742 aliquas
3433 3673 3707 3738 scripsisse
3730 3689 3749 3726 :
3771 3673 3881 3737 sed,

616 3765 757 3831 dice,
786 3764 1036 3834 proximo
1065 3772 1189 3833 post
1219 3762 1483 3819 Blondelli
1512 3760 1831 3832 Apologiam
1862 3774 2009 3814 anno
2034 3759 2199 3827 edita,
2302 3762 2351 3815 si
2379 3778 2511 3833 quas
2539 3764 2775 3833 scripsit,
2815 3763 2926 3818 illa:
2966 3765 3233 3834 perierunt
3265 3778 3284 3817 :
3313 3773 3364 3818 et
3408 3763 3586 3833 plures
3628 3763 3754 3817 alia:
3787 3764 3881 3817 sub

619 3863 809 3917 mirari
855 3863 989 3918 satis
1036 3876 1097 3916 se
1142 3876 1253 3916 non
1306 3860 1553 3930 potuisse
1581 3858 1888 3929 proﬁtetur.
1919 3856 2059 3911 duos
2099 3854 2200 3908 hos
2300 3854 2451 3909 illius
2473 3857 2682 3910 nomine
2708 3857 2851 3910 circa
2874 3856 3106 3909 medium
3134 3856 3351 3909 secundi
3375 3856 3559 3911 saeculi
3579 3857 3882 3926 composita

619 3952 804 4023 magni
856 3951 1099 4006 nominis
1143 3950 1315 4016 viros,
1362 3949 1695 4005 Salmasium
1737 3955 1793 4003 et
1831 3944 2198 4009 Blondellum,
2300 3959 2447 4015 sunt,
2501 3965 2564 4002 ac
2605 3950 2818 4004 incaute
2867 3956 2918 4002 et
2951 3948 3147 4019 absque
3179 3949 3425 4003 examine
3455 3965 3487 4002 a
3512 3949 3770 4003 veteribus
3800 3966 3880 4003 re-

618 4043 952 4113 conjecturis
978 4042 1095 4097 suis
1124 4050 1337 4097 tantum
1361 4043 1646 4108 tribuisse,
1670 4056 1796 4095 cum
1826 4035 2105 4111 Polycarpi
2130 4036 2199 4089 ad
2301 4049 2482 4110 cepta.
2514 4039 2580 4095 Et
2615 4040 2808 4096 eodem
2850 4054 2997 4095 anno
3040 4038 3282 4095 Joannes
3327 4039 3587 4106 Dallteus,
3631 4040 3778 4097 libro
3808 4039 3881 4096 De

621 4135 999 4203 Philippenses
1026 4133 1257 4196 litteras,
1290 4133 1493 4204 quibus
1526 4132 1837 4203 lgnatiauas
1861 4145 1892 4183 a
1923 4144 1985 4184 se
2010 4125 2197 4195 subjc-
2291 4132 2515 4201 jejuniis
2560 4143 2611 4186 et
2661 4132 3089 4203 Quadragesima
3133 4131 3317 4199 tertio,
3354 4132 3543 4187 Totum
3594 4133 3692 4187 hoc
3739 4135 3878 4205 quod

622 4235 737 4280 etas
763 4224 934 4279 fuisse
976 4224 1092 4294 ipse
1120 4224 1429 4288 conﬁrmat,
1467 4238 1757 4293 germanas
1786 4222 1958 4276 fuisse
1988 4219 2199 4273 fateano
2302 4222 2503 4294 lgnatii
2536 4226 2746 4278 nomine
2774 4225 3148 4295 circumfertur
3178 4223 3542 4294 Epistolarum
3583 4242 3714 4295 opus
3756 4243 3881 4296 sup-

622 4327 731 4379 tur,
764 4324 818 4367 et
865 4313 964 4369 has
1008 4314 1155 4383 ipsas
1187 4330 1309 4383 quae
1336 4311 1546 4383 Ignatio
1576 4314 1896 4368 tribuuntur
1924 4310 2198 4381 Epistolas
2299 4317 2596 4385 posititium
2624 4332 2757 4379 esse,
2791 4318 3229 4388 sanctissimoque
3270 4318 3495 4387 martyri
3538 4334 3642 4371 non
3692 4320 3877 4387 paucis

619 4413 677 4467 in
706 4412 948 4465 Mediceo
980 4406 1173 4462 codice
1197 4420 1228 4459 a
1252 4404 1473 4459 novitiis
1501 4408 1839 4459 assumentis
1866 4408 2090 4461 demum
2136 4410 2201 4463 li-
2298 4417 2413 4477 post
2443 4408 2556 4478 ejus
2586 4418 2806 4462 mortem
2835 4410 2990 4464 annis
3023 4409 3161 4479 falso
3204 4420 3255 4463 et
3292 4426 3387 4477 per
3427 4410 3670 4479 fraudem
3710 4412 3879 4465 ascri-

619 4507 861 4564 beratas.
898 4517 1009 4558 non
1041 4501 1224 4557 minus
1246 4514 1413 4555 uuam
1446 4498 1729 4568 Polycarpi
1756 4498 1953 4569 ipsam,
1984 4501 2201 4560 Eusebii
2226 4532 2271 4587 Β
2299 4510 2449 4569 ptum
2499 4501 2663 4569 fuisse
2709 4510 2820 4553 tam
2870 4501 3195 4556 evidentibus
3232 4510 3375 4571 patet
3420 4501 3772 4569 documentis,
3819 4514 3875 4556 ut

621 4590 956 4660 temporibus
984 4591 1039 4645 in
1067 4592 1313 4645 omnium
1344 4590 1602 4646 manibus
1630 4589 1802 4647 fuisse
1833 4606 1943 4646 non
1961 4598 2192 4660 negent;
2300 4592 2494 4645 mirum
2537 4593 2629 4657 sit,
2671 4592 2806 4647 hanc
2851 4594 3197 4664 imposturam
3234 4594 3467 4648 homines
3490 4595 3875 4649 eruditissimos

621 4698 673 4734 Ill
695 4682 847 4735 hisce
874 4690 1055 4737 tamen
1079 4682 1398 4753 eﬂingendis
1430 4683 1784 4752 impostorem
1822 4682 2059 4752 aliquem
2093 4698 2196 4737 no-
2300 4684 2489 4739 tandiu
2532 4684 2698 4740 latere
2744 4688 3001 4757 potuisse,
3036 4694 3093 4742 et
3142 4686 3211 4742 de
3254 4701 3350 4742 sex
3384 4686 3512 4752 illis,
3541 4702 3679 4757 quas
3711 4686 3876 4743 lisse-

620 4788 743 4826 men
790 4772 985 4844 lgnatii
1034 4775 1359 4829 ementitum
1394 4789 1536 4842 esse,
1568 4774 2036 4830 conﬁdentissime
2064 4789 2194 4844 pro—
2298 4778 2416 4833 rius
2456 4778 2629 4833 voluit
2663 4794 2784 4834 esse
2832 4794 2957 4835 vere
2987 4778 3298 4849 lgnatianas
3330 4798 3345 4833 :
3376 4778 3479 4835 Sed
3513 4780 3651 4850 quod
3695 4782 3873 4851 magni

618 4864 890 4919 nuntient.
920 4863 1155 4935 Pupugit
1184 4865 1522 4920 Blondellum
1556 4880 1745 4921 severa
1777 4866 1892 4921 haec
1916 4866 2195 4921 mitissimi
2298 4871 2397 4924 viri
2426 4886 2554 4940 pace
2582 4871 2783 4924 dictum
2808 4872 2902 4939 sit,
2931 4887 2993 4925 ne
3024 4873 3142 4926 ista:
3171 4872 3403 4943 quidem,
3428 4890 3558 4943 quas
3588 4873 3677 4927 ille
3699 4873 3875 4943 publi-

617 4954 764 5010 senis
816 4956 1189 5025 reprehensio,
1241 4954 1563 5011 admirantis
1612 4964 1818 5011 tantam
1864 4972 1932 5012 ex
1982 4957 2194 5013 levibus
2295 4963 2459 5025 cavit,
2487 4978 2521 5015 a
2558 4962 2766 5017 meliori
2794 4980 2953 5034 quam
2976 4973 3183 5020 canem
3214 4981 3375 5019 manu
3400 4982 3513 5020 esse
3535 4968 3798 5023 videntur.

616 5044 946 5115 coniecturis
978 5046 1365 5102 conﬁdentiam
1400 5065 1414 5101 :
1447 5063 1621 5117 quare
1667 5048 1902 5118 epistola
1949 5049 2018 5103 ad
2065 5064 2192 5104 eum
2366 5054 2589 5109 Interim
2625 5063 2802 5109 tamen
2836 5070 2949 5111 non
2999 5066 3083 5112 est
3127 5058 3513 5125 omittendum,
3544 5060 3780 5114 nobilem
3815 5060 3869 5117 in

614 5137 761 5201 data,
788 5145 843 5190 et
872 5146 1111 5206 quatuor
1136 5138 1420 5207 productis
1462 5144 1819 5210 argumentis,
1851 5156 1975 5212 qua:
2012 5143 2191 5212 ipsum
2296 5148 2567 5219 theologia
2613 5147 2888 5215 criticum,
2928 5146 3195 5204 Joannem
3225 5148 3517 5213 Morinum,
3549 5152 3764 5208 collatis
3788 5153 3871 5208 di-

616 5230 941 5283 sententiam
991 5239 1205 5285 mutare
1248 5240 1511 5299 vetarent,
1567 5232 1775 5287 haerere
1804 5248 1864 5289 se
1889 5234 2190 5289 etiamnum
2293 5242 2469 5295 versis
2499 5241 2832 5297 editionibus
2867 5257 2933 5295 ex
2977 5241 3302 5312 Augustano
3333 5254 3385 5299 et
3412 5243 3729 5300 Florentino
3771 5262 3867 5303 ce-

616 5323 892 5390 prol’essus
923 5332 1025 5377 est.
2290 5333 2508 5389 dicibus
2532 5333 2886 5404 depromptis,
2918 5334 2972 5389 in
3003 5335 3166 5390 aliam
3197 5336 3359 5406 plane
3389 5336 3661 5393 diversam
3689 5339 3866 5394 maxi-

685 5413 882 5469 Postea
934 5415 1163 5487 insignis
1210 5417 1504 5474 admodum
1555 5420 1870 5491 theologus,
1919 5418 2191 5477 Henricus
2293 5441 2488 5495 meque
2513 5426 2816 5480 mirandam
2846 5428 3171 5482 sententiam
3201 5428 3865 5500 incidisse.Antiqua,in-

615 5505 1010 5573 llammondus,
1036 5525 1162 5563 cum
1185 5511 1387 5566 videret
1411 5512 1744 5583 theologicas
1772 5514 1953 5568 theses
1980 5516 2036 5568 in
2063 5513 2190 5569 Gal-
2290 5520 2450 5589 quit,
2492 5516 2904 5588 Ignatianarum
2947 5518 3313 5589 Epistolarum
3364 5523 3528 5575 editio
3577 5511 3887 5598 genuinum:

614 5598 684 5651 lia
715 5600 1042 5668 propositas,
1069 5604 1485 5673 proclamantes,
1509 5606 1655 5661 litem
1680 5619 1734 5661 et
1757 5609 2187 5664 controversiam
2292 5619 2487 5663 textum
2514 5609 2661 5664 nobis
2684 5609 2908 5677 exhibet,
2942 5625 3073 5663 nova
3100 5626 3217 5666 vero
3242 5626 3487 5665 mancum
3507 5620 3555 5665 et
3577 5611 3880 5687 interpolam-

613 5689 679 5742 de
703 5704 1083 5759 episcoporum
1126 5708 1289 5763 supra
1320 5696 1666 5767 presbyteros
1700 5700 2057 5769 praerogativa
2089 5700 2186 5755 de-
2281 5712 2421 5758 tum.
3874 5702 3877 5707 ’

614 5780 821 5837 ﬁnitam
848 5782 960 5853 jam
987 5785 1154 5842 videri
1187 5802 1215 5841 a
1252 5787 1383 5844 viris
1414 5788 1575 5861 longe
1601 5790 1935 5849 doctissimis
1962 5792 2185 5854 domino
2362 5796 2580 5854 Samuel
2611 5806 2791 5854 autem
2820 5796 3142 5865 Bochartus,
3175 5798 3257 5854 vir
3285 5798 3659 5866 doctissimus,
3690 5816 3743 5854 in
3773 5798 3859 5853 in-
