4136 6388
265 453 321 507 Μ
925 438 973 493 1.
1022 430 1388 491 PEARSONII
1427 424 1750 486 VlNDlClIE
1800 416 2221 479 IGNATIANA‘I.
2262 449 2329 457 ——
2367 410 2767 470 PRleEMlUM

3444 400 3511 455 66

266 565 385 635 “mi
429 574 609 633 opere,
652 554 999 619 Πίετοιοίεο,
1049 550 1351 621 Epistolam
1399 546 1467 601 ad
1511 544 1814 608 Romanos,
1847 547 1889 602 Α
1922 552 2097 589 revera
2122 533 2418 601 scripsisse,
2444 531 2551 584 sive
2574 529 2644 581 ad
2669 526 3051 596 Polycarpum,
3076 525 3182 579 sive
3206 523 3274 575 ad
3304 521 3512 589 Philip-

266 658 469 716 Busebio
513 655 710 717 visam,
763 650 1079 721 probatam,
1111 653 1279 714 atque
1328 639 1671 702 deﬂoratam,
1701 651 1815 690 non

264 762 368 808 ante
384 736 720 803 Constantini
749 739 1102 812 imperatoris
1127 751 1307 793 avum
1334 734 1595 804 scriptam
1620 730 1813 797 fuisse,

264 856 477 901 asserere
504 854 616 895 non
647 835 942 894 dubitavit.

844 970 1079 1028 CAPUT
1122 970 1212 1026 VI.

266 1070 504 1127 Sententia
560 1066 776 1131 Dallazi,
828 1064 1040 1135 aliquas
1079 1062 1333 1134 epistolas
1379 1059 1656 1135 Ignatium
1686 1059 1822 1113 scri-

322 1145 489 1213 psisse.
520 1139 814 1213 Epistolas,
836 1152 978 1213 quas
996 1135 1272 1213 habemus,
1302 1135 1510 1189 easdem
1538 1147 1822 1213 esse,ﬁq.uas

324 1202 486 1265 habuit
514 1202 795 1262 Eusebius.
826 1202 933 1261 Sea:
951 1208 1017 1259 ab
1045 1204 1272 1259 Eusebio
1288 1213 1632 1267 memoratas,
1659 1202 1825 1270 fuisse

319 1300 409 1337 non
433 1286 493 1335 ab
526 1280 741 1349 lgnatio
763 1282 1013 1347 scriptas,
1039 1277 1128 1331 sed
1151 1274 1214 1328 ab
1245 1278 1549 1349 impostgre,
1582 1273 1824 1349 ducentis

320 1364 423 1424 post
446 1341 644 1422 lgmitii
677 1341 897 1424 mortem
928 1341 1108 1424 anuis,
1134 1341 1408 1424 confictas.
1436 1342 1731 1424 Epistulam
1756 1341 1825 1424 ad

324 1411 661 1492 l’olycarpum
710 1436 815 1492 non
861 1419 1021 1492 fuisse
1061 1411 1287 1492 Eusebio
1321 1411 1622 1492 cognitam,
1641 1411 1731 1466 sed
1761 1412 1825 1464 ab

320 1486 739 1560 alio'impostore,
770 1486 1010 1543 ducentis
1039 1501 1161 1560 post
1184 1486 1470 1560 Eusebium
1495 1486 1825 1560 annis,_sup-

325 1553 552 1633 positam.
579 1562 857 1616 bententia
882 1553 1089 1613 nostra.
1122 1558 1330 1633 Septem
1353 1555 1603 1633 epistolas
1623 1555 1691 1633 51b
1718 1553 1831 1633 Eu-

325 1624 448 1687 sebio
476 1633 805 1695 memorari;
844 1646 1036 1700 easque
1083 1624 1258 1683 omnes
1291 1624 1455 1691 fuisse
1498 1625 1563 1678 ab
1615 1624 1829 1696 Ignatio

326 1707 424 1773 ipso
453 1704 797 1757 sanctissimo
836 1712 1071 1771 martyre
1101 1701 1451 1767 conscriptus.

326 1818 549 1872 Tandem
577 1815 826 1871 Joannes
858 1814 1116 1883 Dallseus,
1152 1814 1440 1885 theologus
1470 1829 1500 1867 c
1531 1811 1707 1868 Gallia
1738 1827 1833 1867 ce-

1918 643 2125 697 penses,
2158 626 2266 679 sive
2294 622 2363 676 ad
2391 620 2526 675 alios
2554 620 2761 673 litteras
2784 620 2809 672 ?
2834 617 2997 688 Atqui
3023 633 3124 670 non
3155 614 3292 668 illud
3318 611 3518 685 quani-

1919 730 2026 785 tur,
2068 733 2138 770 an
2182 714 2430 786 Ignatius
2466 710 2720 781 epistolas
2750 708 2960 779 aliquas
2991 706 3261 776 scripserit
3322 705 3518 772 (incre—

1918 812 2081 868 dibile
2116 820 2225 877 est,
2262 807 2567 879 hujusmodi
2601 806 2770 858 virum
2798 800 2975 855 nullas
3012 800 3327 868 scripsisse;
3358 812 3518 857 neque

1920 906 2194 977 scripsisse
2221 902 2431 973 aliquas
2462 899 2743 971 quisquam
2770 894 2946 966 negat)
2972 896 3258 963 quwritur,
3291 906 3363 944 an
3396 889 3513 949 has.

1920 1016 2053 1071 quas
2096 1012 2234 1051 nunc
2278 993 2553 1055 habemus,
2578 987 2894 1057 scripserit?
2923 983 3043 1039 Non
3080 982 3245 1053 igitur
3272 996 3413 1051 opus
3439 987 3521 1033 est

1925 1102 1985 1145 ut
2025 1089 2326 1160 probemus
2369 1085 2584 1153 aliquas
2609 1081 2677 1136 ab
2707 1080 2829 1150 ipso
2859 1077 2916 1132 S.
2943 1076 3156 1148 lgnatio
3179 1073 3522 1142 conscriptas

1926 1182 2100 1237 fuisse
2129 1177 2414 1249 epistolas,
2446 1173 2694 1241 adeoque
2740 1169 3021 1225 exstitisse
3068 1164 3367 1236 aliquando
3418 1161 3522 1217 ali-

1926 1273 2051 1329 cubi
2088 1272 2306 1341 aliquas
2353 1266 2656 1338 genuinas;
2708 1263 2762 1317 id
2791 1261 2937 1317 enim
2968 1260 3094 1329 jure
3123 1272 3224 1327 pro
3254 1267 3524 1310 concesso

1928 1364 2223 1426 sumimus,
2248 1375 2373 1417 cum
2404 1355 2781 1413 adversarium
2815 1352 3165 1408 conﬁtentem
3196 1346 3520 1401 habeamus.

2002 1450 2257 1508 Secundo
2305 1447 2572 1519 epistolas
2623 1460 2738 1510 eas,
2779 1457 2919 1512 quas
2972 1455 3118 1494 nunc
3168 1438 3439 1492 habemus
3467 1434 3523 1487 in

1931 1542 2267 1602 editionibus
2300 1538 2511 1613 Usserii
2536 1546 2591 1592 et
2620 1534 2804 1591 Vossii
2844 1534 2914 1588 ab
2950 1529 3287 1586 assumentis
3327 1527 3529 1581 liberas

1933 1639 2153 1694 easdem
2211 1634 2442 1690 omnino
2496 1648 2641 1695 esse,
2676 1646 2816 1700 quas
2845 1627 3038 1684 habuit
3068 1625 3361 1691 Eusebius,
3400 1637 3529 1678 cum

1936 1727 2218 1785 Blondello
2247 1740 2350 1783 suo
2380 1724 2588 1779 fatetur
2614 1722 2874 1776 Dallaaus.
2904 1718 2973 1773 In
3007 1734 3190 1772 eorum
3230 1713 3528 1780 codicibus,

1938 1820 2139 1891 inquit,
2169 1818 2251 1873 ha:
2274 1818 2405 1887 ipsa:
2426 1814 2667 1885 epistola:
2687 1811 2967 1879 descripta
2991 1817 3138 1873 sunt,
3161 1806 3320 1876 plane
3349 1802 3529 1875 quales

271 1912 584 1974 leberrimus,
614 1908 985 1981 plurimisque
1032 1910 1085 1963 in
1133 1909 1240 1963 hoc
1280 1908 1585 1978 praesertim
1640 1922 1837 1977 genere

1948 1912 2182 1980 Eusebii,
2206 1908 2513 1972 Athanasii,
2543 1916 2591 1960 et
2619 1917 2932 1958 eceterorum
2961 1916 3091 1971 quos
3117 1898 3357 1952 diximus
3387 1894 3531 1968 (llic-

271 2005 748 2060 controvcrsiarum
794 2003 1091 2059 elaboratis
1144 2003 1403 2072 operibus
1458 2000 1784 2056 notissimus
1814 2039 1830 2063 ,

272 2114 363 2154 non
392 2107 675 2154 contentus
714 2098 786 2153 iis
814 2113 939 2169 quae
970 2097 1039 2153 de
1068 2095 1359 2151 manifesta
1388 2095 1694 2166 impostura
1718 2094 1839 2148 obi-

271 2201 357 2256 ter,
384 2191 516 2244 libro
540 2188 620 2244 De
640 2189 897 2260 jejuniis,
931 2198 1243 2255 monuerat,
1274 2197 1329 2243 et
1361 2187 1419 2242 in
1446 2203 1645 2242 novam
1680 2187 1839 2256 plane

273 2285 568 2341 sententiam
597 2285 669 2340 de
702 2294 866 2339 aetate
897 2281 1216 2352 impostoris
1260 2280 1540 2351 delapsus,
1588 2279 1841 2349 miraque

272 2394 367 2434 sua
412 2378 747 2448 conjectum
792 2375 1085 2431 dulcedine
1140 2382 1356 2444 captus,
1404 2372 1839 2429 controversiam

275 2474 395 2527 banc
448 2486 644 2543 magna
702 2468 883 2525 animi
937 2467 1291 2523 contentione
1336 2464 1749 2534 redintegravit,
1788 2472 1844 2518 et

273 2567 438 2636 grandi
465 2564 753 2620 volumine
776 2562 1046 2618 adversus
1070 2575 1265 2617 omnes
1288 2571 1749 2629 quarumcunque
1780 2555 1835 2613 S.

272 2657 439 2730 lgnatii
463 2657 842 2729 Epistolarum
872 2652 1193 2711 defensores
1240 2652 1346 2707 late
1372 2650 1693 2720 disputavit.
1728 2647 1846 2705 Sub

274 2753 375 2821 eius
396 2752 533 2806 enim
566 2750 803 2806 nomine
832 2747 1160 2819 prodierunt
1221 2744 1299 2799 De
1338 2744 1576 2815 scriptis,
1601 2758 1720 2814 quia
1746 2742 1845 2796 sub

277 2844 489 2915 Dionysii
516 2843 865 2913 Areopagitae
895 2848 946 2894 et
970 2838 1179 2910 Ignatii
1206 2836 1521 2891 Anticcheni
1544 2832 1848 2889 nominibus

275 2938 717 3006 circumferuntur,
751 2934 879 2989 libri
908 2934 1018 2987 duo
1050 2947 1069 2986 :
1106 2930 1295 3002 quibus
1320 2930 1740 2994 demonstratur,
1770 2926 1849 2981 uti

275 3032 467 3099 praefert
491 3029 735 3095 Titulus,
770 3028 869 3082 illa
902 3026 1186 3082 subdititia
1213 3040 1347 3090 esse,
1376 3022 1470 3076 diu
1504 3029 1622 3091 post
1647 3030 1853 3090 marty-

275 3141 397 3191 rum,
423 3123 612 3194 quibus
646 3122 797 3193 falso
828 3121 1161 3184 tribuuntur,
1184 3117 1386 3172 obitum
1416 3116 1566 3184 ficta.
1641 3159 1645 3162 .

1938 2003 2179 2077 ronymi,
2246 2000 2478 2062 scilicet,
2530 1994 2859 2051 Theodoreti
2908 2001 3073 2062 atque
3119 1988 3390 2059 Gelasii),
3426 2002 3533 2041 ravo

1938 2097 2204 2153 exstitisse
2225 2090 2667 2147 uerisimillimum
2685 2096 2788 2141 est.
2845 2085 3008 2155 quue
3029 2082 3234 2152 liquido
3260 2096 3531 2151 apparere,

1942 2190 2119 2261 capite
2148 2185 2392 2243 secundo
2424 2184 2603 2237 tribus
2626 2179 2967 2251 argumentis
2997 2176 3213 2247 probat.
3239 2173 3323 2229 Ad
3353 2182 3537 2228 osten-

1942 2282 2177 2339 dendam
2208 2279 2377 2350 igitur
2401 2274 2811 2347 lgnatianorum
2842 2269 3131 2324 veritatem
3156 2281 3266 2321 non
3292 2279 3432 2335 opus
3455 2272 3539 2317 est

1944 2387 2004 2432 ut
2044 2373 2341 2445 probemus
2374 2369 2596 2424 easdem
2644 2381 2748 2421 nos
2796 2362 3060 2434 epistolas
3110 2359 3353 2421 habere,
3399 2372 3538 2427 quas

1946 2467 2139 2525 habuit
2172 2463 2476 2529 Eusebius;
2514 2463 2618 2516 hoc
2646 2458 2794 2514 enim
2832 2455 2994 2511 nobis
3018 2452 3251 2525 largitur
3281 2450 3541 2505 adversa-

1944 2562 2084 2617 'ius.
2110 2545 2226 2615 Hoc
2250 2566 2462 2613 tantum
2495 2551 2901 2609 observandum
2925 2556 3031 2614 est,
3060 2546 3263 2601 habere
3292 2558 3398 2598 nos
3426 2541 3542 2611 epic

1944 2653 2120 2711 stolas
2146 2647 2371 2718 Eusebii
2402 2660 2521 2702 aevo
2566 2644 2838 2716 cognitas,
2870 2640 2967 2697 sed
2997 2654 3063 2694 eo
3090 2636 3257 2693 modo
3287 2651 3318 2690 a
3372 2634 3541 2688 libra-

1948 2747 2049 2803 riis
2078 2753 2365 2809 tractatas,
2396 2753 2510 2811 quo
2548 2736 2655 2792 alia
2686 2743 2932 2789 veterum
2964 2731 3168 2801 scripta
3202 2727 3272 2783 ab
3316 2727 3384 2783 iis
3432 2734 3546 2780 tra-

1947 2838 2088 2895 ctari
2120 2836 2320 2902 solent,
2349 2834 2456 2888 hoc
2483 2839 2590 2896 est,
2616 2825 2943 2898 saepiuscnle
2970 2833 3066 2878 aut
3094 2823 3425 2885 litterarum,
3450 2827 3547 2872 aut

1949 2931 2117 2987 etiam
2167 2924 2567 2984 vocabulorum
2618 2916 3110 2990 permutationem,
3170 2911 3312 2967 forte
3378 2911 3543 2965 etiam

1953 3019 2413 3080 sentcntiolarum
2444 3013 2850 3069 mutilationem
2895 3007 3099 3064 alicubi
3137 3019 3355 3077 passas.
3386 3002 3544 3070 Quod

1918 3124 2080 3171 'cum
2128 3115 2184 3168 in
2233 3112 2469 3167 aliorum
2522 3105 2745 3176 scriptis
2772 3118 2878 3159 usu
2904 3100 3094 3156 venire
3122 3099 3315 3165 soleat,
3363 3112 3464 3153 cur
3492 3096 3545 3150 in

337 3216 395 3269 Et
425 3192 655 3287 quidem?
670 3216 744 3270 de
769 3213 1083 3269 indubitata
1109 3209 1493 3281 suppositione
1523 3207 1852 3277 scriptorum
1881 3238 1926 3298 ο
1958 3206 2162 3264 nostris
2188 3205 2333 3260 idem
2366 3202 2575 3258 factum
2609 3198 2735 3271 quis
2768 3205 2951 3267 neget,
2989 3193 3132 3248 ratio
3155 3192 3306 3246 nulla
3336 3199 3455 3257 est;
3488 3198 3551 3244 ut

279 3309 493 3381 Dionysii
523 3309 893 3379 Areopagitas:
923 3305 1128 3360 Dallazo
1164 3304 1324 3373 plane
1355 3301 1660 3366 assentior;
1693 3300 1857 3369 idque

276 3414 393 3472 pato
431 3412 553 3458 ante
599 3402 896 3464 Dallaaum,
950 3398 1330 3462 Sirmoudum,
1368 3394 1674 3461 Patavium,
1713 3392 1857 3447 Lan-

281 3510 480 3566 "01mm,
510 3494 818 3557 Morinum,
851 3492 1105 3561 aliosque
1132 3491 1217 3544 vel
1244 3489 1379 3559 ipsis
1407 3486 1703 3558 pontiﬁciis
1735 3500 1859 3554 per-

280 3590 518 3643 suasisse.
568 3586 681 3643 Sed
712 3587 785 3641 de
814 3594 975 3640 aetate
1014 3583 1286 3649 auctoris,
1323 3581 1419 3652 qui
1448 3596 1513 3638 ea
1553 3579 1775 3650 scripsit
1802 3590 1859 3633 et

280 3681 595 3752 Areopagitae
644 3678 963 3750 supposuit,
994 3677 1315 3747 quicunque
1358 3674 1479 3739 fuit,
1508 3674 1579 3730 ab
1605 3687 1672 3728 eo
1700 3687 1859 3743 proro

281 3786 363 3827 sus
385 3773 683 3839 dissentio;
713 3780 771 3827 et
797 3769 905 3826 erit
932 3769 1093 3827 nobis
1118 3767 1174 3821 in
1206 3767 1311 3822 hoc
1340 3766 1461 3837 ipso
1490 3779 1657 3835 opere
1687 3764 1859 3818 ratio-

282 3880 367 3920 nes
388 3866 667 3922 sententiae
691 3872 902 3919 nostra:
924 3859 1187 3918 atterendi
1207 3859 1430 3915 occasio
1454 3872 1565 3913 non
1600 3858 1857 3928 in0ppor-

283 3965 415 4011 tuna.

345 4050 411 4107 De
456 4050 667 4122 lgnatio
711 4049 988 4119 duplicem
1042 4046 1275 4102 Dallaaus
1317 4043 1577 4116 proponit
1598 4042 1857 4113 quaestio-

286 4157 413 4209 nem,
457 4158 692 4213 quarum
744 4141 923 4211 prima
957 4140 1074 4195 haec
1115 4147 1241 4194 est:
1271 4138 1356 4191 An
1394 4152 1573 4191 omnes
1594 4131 1854 4204 epistola,

286 4248 385 4300 qua
405 4240 495 4287 sub
520 4233 636 4297 eius
660 4233 874 4287 nomine
889 4230 1360 4300 circumferuntur,
1380 4228 1616 4298 ejusdem
1641 4226 1746 4280 sint
1760 4241 1858 4295 pa-

290 4326 466 4379 rentis?
485 4324 640 4381 Hanc
672 4333 876 4393 negat;
901 4338 1079 4394 neque
1098 4338 1199 4393 ego
1222 4320 1457 4386 aﬂirmo,
1482 4327 1578 4374 aut
1603 4318 1671 4373 dc
1697 4332 1759 4371 ea
1786 4315 1821 4369 li
1837 4343 1856 4355 ο

289 4426 381 4471 tem
412 4433 622 4474 moveo.
658 4416 913 4473 Secunda
958 4417 1192 4487 quazstio
1226 4423 1313 4471 est
1345 4432 1360 4469 :
1390 4414 1477 4467 An
1521 4428 1705 4467 earum
1740 4411 1855 4479 epi-

289 4510 541 4577 stolarum,
597 4526 721 4581 qua:
752 4518 875 4563 sunt
923 4508 989 4562 ab
1039 4504 1269 4562 Eusebio
1306 4515 1357 4560 et
1393 4503 1720 4575 Hieronymo
1749 4516 1857 4554 me-

1959 3318 2025 3361 ea
2044 3301 2181 3359 locis
2202 3299 2389 3357 minus
2414 3296 2567 3354 sanis
2593 3292 2866 3352 medicina
2896 3288 3096 3344 merito
3121 3284 3433 3341 adhibenda
3455 3283 3548 3351 sit,

1959 3410 2084 3467 quae
2113 3393 2239 3449 aliis
2266 3398 2514 3446 veterum
2548 3384 2771 3455 scriptis
2813 3382 2957 3437 male
3004 3378 3257 3435 tractatis
3302 3374 3553 3431 adhiberi

1954 3492 2123 3553 solet.

2031 3581 2220 3638 Tertio
2266 3577 2525 3650 epistolas
2569 3575 2713 3639 illas,
2746 3585 2887 3643 quas
2937 3564 3449 3630 habuitEusebius,
3480 3563 3551 3620 ah

1960 3673 2172 3746 lgnatio
2194 3673 2432 3741 scriptas
2468 3669 2641 3723 fuisse
2664 3674 2826 3735 negat
2853 3682 2868 3731 ;
2917 3662 2987 3718 ab
3026 3662 3331 3730 impostore
3363 3657 3552 3727 aliquo

1959 3768 2116 3823 ﬁctas
2144 3773 2199 3821 et
2227 3762 2542 3833 suppositas
2579 3758 2832 3813 aﬂirmat.
2864 3754 3230 3826 lmpostorem
3260 3751 3413 3805 illum
3442 3765 3553 3804 non

1960 3862 2112 3917 circa
2141 3857 2384 3913 medium
2431 3852 2659 3910 secundi
2705 3848 2913 3914 saeculi,
2943 3855 3006 3901 ut
3045 3843 3403 3909 Albertinus;
3444 3856 3555 3895 non

1958 3952 2064 4009 sub
2110 3947 2395 4004 Antonino
2446 3945 2533 4000 vel
2588 3942 2663 3997 M.
2697 3941 2947 4007 Aurelio,
2975 3948 3039 3994 ut
3071 3935 3413 4002 Salmasius;
3445 3949 3553 3988 non

1958 4042 2145 4100 statim
2196 4049 2323 4113 post
2373 4036 2675 4095 Clementis
2725 4033 3085 4089 Alexandrini
3136 4030 3554 4091 dormitionem,

1958 4139 2076 4193 sive
2103 4144 2323 4192 centum
2354 4134 2424 4189 ab
2450 4131 2649 4203 lgnatii
2675 4138 2853 4184 morte
2879 4127 3064 4194 annis,
3098 4134 3158 4181 ut
3192 4122 3512 4179 Blondellus
3536 4139 3552 4188 ;

1958 4229 2052 4285 sed
2082 4227 2351 4299 praecipiti
2383 4224 2549 4281 tertio
2585 4223 2789 4279 saeculo
2832 4220 3109 4291 Epistolas
3160 4217 3459 4282 elﬁnxisse,
3504 4224 3560 4271 et

1957 4337 2098 4393 opus
2142 4320 2378 4377 edictum
2420 4318 2479 4372 in
2526 4318 2705 4372 lucem
2751 4316 2957 4370 exiisse
2990 4313 3139 4369 circa
3180 4310 3326 4366 tertii
3372 4309 3557 4366 saecul:

1959 4413 2147 4480 tinem,
2173 4412 2260 4466 vel
2291 4409 2474 4481 quarti
2510 4408 2687 4474 initia,
2734 4406 3024 4460 ariolatur.
3058 4402 3194 4469 lmo,
3227 4409 3287 4457 ut
3318 4400 3447 4454 alibi
3478 4399 3561 4453 lo—

1960 4508 2172 4578 quitur,
2203 4504 2459 4561 ducentis
2485 4511 2610 4573 post
2641 4500 2914 4573 lgnatium
2964 4498 3127 4553 annis
3173 4497 3263 4551 hic
3290 4496 3561 4564 impostor

291 4610 507 4666 inorata,
556 4616 676 4655 vere
721 4607 911 4652 auctor
948 4598 1018 4651 sit
1060 4598 1141 4651 vir
1173 4597 1547 4651 sanctissimus
1592 4593 1855 4664 Ignatius,

1972 4600 2126 4666 vixit,
2154 4596 2485 4667 scripsitque
2516 4605 2668 4660 tunc,
2700 4610 2819 4647 cum
2837 4592 3028 4662 aliqua
3054 4590 3168 4660 jam
3189 4598 3302 4643 erat
3322 4587 3386 4641 de
3415 4586 3560 4640 Com

290 4693 366 4759 qui
388 4710 521 4747 anno
553 4692 784 4763 Trajani
829 4691 1107 4746 undecimo
1137 4689 1455 4758 martyrium
1486 4687 1670 4741 Roma:
1695 4686 1818 4751 fecit
1840 4686 1868 4739 ?

292 4782 424 4841 lianc
459 4786 549 4842 ille
586 4786 797 4856 pariter
824 4792 1021 4855 negat;
1054 4797 1156 4853 ego
1186 4782 1340 4836 nullo
1367 4780 1533 4835 modo
1559 4778 1864 4850 negandam

291 4887 426 4946 puto,
454 4889 508 4936 et
533 4880 689 4935 omni
722 4877 1133 4934 asseveratione
1169 4876 1352 4947 potius
1382 4874 1617 4929 allirmo.

355 4966 419 5024 Ut
442 4981 626 5025 autem
656 4971 949 5039 utriusque
971 4976 1227 5024 nostrum
1252 4966 1525 5023 sententia
1552 4965 1733 5020 adhuc
1757 4979 1869 5019 ma-

293 5062 525 5119 uilestius
574 5063 841 5132 pateﬁat,
899 5061 1166 5115 nonnulla
1235 5058 1468 5114 ulterius
1522 5056 1867 5112 observanda

293 5155 555 5218 duximus,
590 5165 761 5225 atque
794 5153 928 5208 illud
973 5152 1245 5222 imprimis
1275 5170 1290 5206 :
1329 5150 1629 5221 Scripsisse
1654 5149 1867 5218 aliquas

297 5248 545 5319 lgnatium
596 5247 861 5318 epistolas
904 5252 1219 5316 non'negat
1260 5243 1527 5309 Dalleeus;
1561 5252 1616 5298 et
1646 5259 1713 5299 ne
1745 5242 1867 5297 talis

297 5339 389 5409 ipsi
422 5341 710 5411 aliingatur
738 5340 1035 5404 sententia,
1068 5352 1422 5407 summopere
1453 5346 1630 5392 cavet.
1657 5336 1869 5402 Quaeri-

296 5442 392 5496 tur,
418 5435 615 5504 inquit,
646 5450 750 5487 non
781 5449 850 5486 an
870 5432 1124 5501 epistolas
1153 5431 1425 5501 scripserit
1453 5428 1699 5499 Ignatius
1729 5430 1869 5500 (quis

296 5530 423 5582 enim
446 5541 553 5583 tam
577 5530 759 5598 fatuus
782 5536 881 5590 est,
903 5537 963 5581 ut
979 5526 1257 5595 scripsisse
1281 5541 1398 5578 eum
1415 5525 1626 5594 aliquas
1648 5524 1866 5593 neget?),

296 5623 397 5684 sed,
427 5640 494 5676 an
532 5624 653 5686 has,
685 5639 800 5693 qua:
830 5620 1306 5690 circumferuntur,
1331 5617 1651 5685 scripserit?
1678 5615 1741 5670 Et
1771 5616 1872 5669 ali-

299 5712 344 5767 bi
383 5733 396 5768 :
427 5714 597 5781 Quasi
631 5733 745 5770 vero
771 5716 1053 5786 quisquam
1079 5729 1243 5781 usque
1279 5712 1411 5766 adeo
1436 5710 1664 5764 stolidus
1689 5711 1783 5776 sit,
1811 5719 1871 5762 ut

299 5817 435 5875 neget
460 5808 800 5875 amplissima:
824 5808 1060 5862 civitatis
1083 5806 1407 5874 episcopum,
1432 5803 1501 5856 ad
1519 5802 1631 5856 haec
1660 5811 1872 5871 aposto-

304 5896 457 5952 lorum
478 5900 812 5969 discipulum,
828 5900 972 5955 ullas
995 5898 1075 5954 uel
1096 5898 1322 5952 scribere
1336 5896 1591 5967 potuisse,
1612 5895 1689 5950 cel
1710 5895 1868 5951 etiam

1967 4692 2155 4749 stantii
2184 4688 2263 4745 vel
2286 4688 2629 4744 Constantini
2650 4687 2765 4757 ejus
2788 4685 2893 4754 filii
2920 4683 2999 4738 uel
3021 4682 3455 4744 Christianismo,
3483 4680 3561 4735 vel

1965 4786 2036 4841 ad
2061 4782 2533 4840 Christianismum
2552 4780 2896 4851 propensione
2921 4793 3110 4847 sparsa
3134 4775 3282 4841 fama
3304 4790 3324 4831 :
3353 4782 3407 4826 et
3438 4771 3560 4840 ejus

1966 4879 2120 4949 operi
2162 4880 2216 4932 in
2250 4875 2430 4929 lucem
2473 4871 2784 4943 ernmpenti
2832 4870 3109 4925 Eusebius
3140 4883 3205 4923 a.
3240 4864 3307 4918 D.
3343 4864 3560 4919 circiter

1967 4972 2074 5029 ’550
2106 4969 2500 5027 ohstetricatus
2542 4975 2646 5021 est.
2699 4963 2903 5033 Lepida
2934 4961 3100 5031 plane
3130 4960 3245 5013 haec
3272 4955 3482 5019 fabula,
3510 4969 3562 5009 et

1966 5072 2095 5119 ante
2136 5064 2285 5118 hunc
2312 5062 2457 5118 diem
2491 5057 2773 5122 inaudita;
2804 5055 2910 5110 nisi
2939 5057 3087 5124 quod
3119 5051 3285 5106 etiam
3318 5048 3552 5103 Bochar-

1971 5166 2058 5211 tus
2101 5154 2391 5225 epistolam
2437 5152 2506 5206 ad
2555 5150 2839 5204 Romanos
2881 5146 2984 5200 sub
3014 5140 3378 5198 Constantino
3425 5139 3564 5194 scri-

1967 5256 2118 5320 ptam
2148 5244 2461 5301 somniavit.

2041 5340 2156 5412 Ego
2188 5348 2337 5395 certe
2365 5354 2397 5393 e
2426 5346 2641 5403 contra,
2671 5334 2767 5404 qui
2802 5332 2871 5387 de
2901 5331 3205 5399 impostore
3246 5325 3362 5390 illo,
3394 5338 3558 5392 quem

1969 5433 2063 5488 alii
2092 5430 2360 5494 secundo,
2393 5430 2484 5483 alii
2532 5428 2715 5491 tertio,
2746 5426 2837 5479 alii
2882 5431 3083 5492 quarto
3122 5419 3325 5474 saeculo
3352 5417 3561 5471 vixisse

1970 5533 2243 5589 statuunt,
2279 5522 2417 5578 nihil
2453 5534 2698 5589 unquam
2727 5533 2759 5572 a
2788 5514 3047 5586 quopiam
3098 5520 3224 5566 ante
3257 5511 3360 5566 hoc
3387 5524 3560 5565 sazcu-

1972 5619 2086 5673 lum
2116 5618 2386 5687 scriptum
2417 5613 2619 5683 reperi,
2641 5611 2734 5680 qui
2768 5611 2836 5664 de
2863 5610 3167 5677 impostura
3199 5604 3309 5659 ulla
3343 5602 3399 5655 in
3430 5599 3560 5669 Epi«

1973 5710 2130 5768 stolis
2158 5708 2400 5764 Eusebio
2427 5705 2561 5761 visis
2591 5703 2799 5758 nullam
2826 5714 3071 5770 unquam
3098 5695 3467 5766 suspicionem
3502 5690 3556 5743 in

1975 5798 2218 5856 Ecclesia
2262 5798 2559 5853 excitatam
2604 5793 2754 5857 novi,
2803 5792 2898 5862 qui
2946 5790 3287 5859 ipsissimum
3314 5784 3371 5837 S.
3403 5782 3559 5851 lgna-

1981 5893 2116 5947 tium
2157 5907 2345 5947 carum
2381 5898 2659 5945 auctorem
2685 5886 2833 5947 omni
2868 5884 2936 5939 ab
2967 5883 3137 5953 ipsius
3167 5886 3324 5935 aetate
3358 5873 3557 5929 saeculo
