4136 6424
584 441 652 495 67
1659 438 1715 495 S.
1760 438 2108 497 lGNATIUS.
2144 444 2221 481 -’
2242 438 2786 498 PROLEGOMENA.
3798 448 3879 506 68

582 566 827 635 agnitum
866 559 1253 628 animadverti,
1291 559 1386 631 qui
1434 574 1626 615 omnes
1657 560 1921 632 epistolas
1953 576 1983 615 a
2014 568 2169 615 tanto

2272 580 2348 632 νῳ
2370 566 2702 634 προσφωνεῖ,
2719 564 2859 634 apud
2885 525 3239 637 llesychium,
3270 577 3323 623 et
3342 568 3563 635 ἰδιάσαι,
3585 574 3706 626 κατ’
3722 573 3881 628 ἰδίαν

580 660 702 712 viro
748 657 980 723 scriptas
1024 654 1209 708 statim
1260 653 1491 721 periisse
1538 653 1783 706 animum
1817 652 2080 706 inducere
2107 662 2170 707 ut

582 750 801 805 credam
831 746 1058 801 minime
1086 759 1350 814 possum;
1394 726 1502 797 non
1553 751 1768 797 tantum
1810 742 2026 811 aliquas
2054 742 2170 812 epi-

583 842 753 897 stolas
781 853 1044 909 agnosco,
1071 837 1167 891 sed
1194 845 1249 890 et
1278 836 1574 905 hasﬁipsas,
1595 837 1664 889 ab
1688 834 1926 890 Eusebio
1958 849 2170 889 memo-

581 942 753 997 ratas,
784 941 841 986 et
885 938 1038 985 tanto
1069 928 1191 981 viro
1233 942 1635 998 usquequaque
1680 927 2061 996 dignissimas,
2102 926 2170 981 ab

584 1027 706 1095 ipso
752 1023 982 1095 lgnatio,
1040 1012 1394 1076 sanctissimo
1446 1021 1540 1074 illo
1606 1028 1869 1090 martyre,
1916 1028 2170 1074 exaratas

588 1116 614 1169 f
613 1118 759 1171 uisse
788 1129 998 1170 assero.

653 1208 881 1274 Quarto,
906 1206 973 1261 de
1004 1219 1236 1259 numero
1249 1204 1610 1275 epistolarum
1639 1218 1762 1272 quae
1788 1202 2030 1258 Eusebio
2051 1218 2169 1258 me-

584 1309 811 1355 moratae
828 1308 977 1363 sunt,
1006 1298 1301 1368 aliquando
1324 1297 1539 1351 dubitat
1562 1296 1816 1359 Dallaaus,
1840 1310 2050 1365 easque
2076 1310 2170 1350 sex

584 1402 861 1462 septemve
881 1406 1024 1461 saepe
1045 1390 1322 1457 nominat;
1345 1405 1413 1444 ex
1429 1389 1664 1458 vulgari,
1684 1388 1894 1443 scilicet
1912 1387 2172 1457 Opinione

585 1493 815 1553 septem,
832 1498 897 1537 ex
919 1484 1182 1553 singulari
1202 1482 1411 1537 Usserii
1434 1481 1702 1537 sententia
1723 1496 1816 1536 sex
1838 1499 1851 1534 :
1874 1480 2170 1550 aliquando

585 1590 876 1629 numerum
912 1575 1044 1630 satis
1065 1574 1402 1630 conﬁdenter
1436 1573 1702 1642 assignat,
1737 1580 1792 1626 et
1822 1587 1916 1627 sex
1957 1579 2169 1625 tantum

584 1665 969 1731 asserit.Quod
997 1682 1137 1731 vero,
1173 1666 1369 1736 inquit,
1388 1664 1541 1734 vulgo
1568 1673 1759 1734 putant
1790 1663 2081 1733 quamdam
2106 1662 2170 1715 ab

586 1757 816 1812 Eusebio
844 1760 1127 1813 memorari
1149 1774 1385 1813 seorsum
1420 1757 1489 1810 ad
1520 1757 1884 1827 Polycarpum
1912 1757 2173 1826 scriptam

584 1851 921 1904 doctissimus
950 1850 1191 1905 Usserius
1219 1852 1355 1904 hanc
1386 1868 1488 1904 non
1510 1850 1901 1916 diversam,sed
1937 1865 2098 1903 unum
2120 1857 2171 1902 et

2268 652 2549 723 ὁμιλῆσαι.
2585 653 2662 707 Ita
2689 656 2832 724 apud
2860 654 3279 725 Xenophontem
3309 659 3615 728 Agesilaus,
3641 660 3710 717 de
3739 663 3880 732 epi-

2273 743 2411 799 stola
2449 760 2478 799 a
2528 743 2820 800 Persarum
2853 763 2981 817 rege
3009 748 3076 803 ad
3106 749 3285 818 ipsum
3319 750 3510 816 missa,
3553 767 3655 807 nec
3690 753 3764 807 ab
3801 768 3881 807 eo

2274 846 2514 905 recepta,
2556 836 2635 907 τῷ
2668 837 2889 909 φέροντι
2933 834 3088 891 εἶπεν
3134 840 3469 908 ἀπαγγεῖλαι
3512 841 3741 911 βασιλεῖ,
3790 842 3882 907 ὡς

2276 927 2383 999 ἰδίᾳ
2424 928 2523 999 μὲν
2555 928 2693 1000 πρὸς
2735 929 2898 983 αὐτὸν
2932 930 3086 983 οὐδὲν
3121 930 3228 984 δέοι
3271 932 3559 997 ἐπιστολὰς
3597 934 3879 1005 πέμπειν.

2274 1018 2415 1073 Eum
2445 1008 2477 1073 ὰ
2501 1036 2604 1089 quo
2634 1020 2804 1075 allata
2826 1031 2923 1082 est,
2954 1023 3259 1075 renuntiare
3273 1024 3439 1091 jussit
3468 1026 3598 1094 regi,
3618 1042 3723 1079 non
3746 1042 3877 1080 esse

2271 1112 2611 1184 quamobrem
2650 1116 2905 1185 privatim
2946 1116 3156 1169 litteras
3203 1116 3272 1169 ad
3307 1133 3362 1171 se
3405 1118 3717 1172 missitaret.
3786 1116 3876 1173 Ita

2273 1207 2468 1277 Cyrus,
2487 1206 2631 1276 apud
2653 1207 2928 1274 eumdem,
2952 1208 3020 1262 ad
3049 1206 3383 1278 Cyaxarem:
3416 1209 3594 1273 Εὐθὺς
3614 1210 3878 1283 ἔπεμπες

2273 1300 2409 1370 πρός
2436 1316 2496 1352 τε
2511 1300 2570 1352 τὸ
2586 1299 2811 1371 Περσῶν
2841 1300 3040 1363 κοινὸν,
3067 1300 3390 1371 συμμάχους
3411 1301 3750 1373 αἰτούμενος,
3768 1304 3880 1357 καὶ

2273 1393 2409 1464 πρὸς
2437 1393 2539 1463 ἐμὲ
2580 1392 2707 1464 ἰδίᾳ,
2751 1392 3005 1462 δεόμενος
3043 1393 3340 1464 πειρᾶσθαι
3380 1394 3541 1447 αὐτόν
3575 1411 3642 1465 με
3685 1394 3878 1448 ἐλθεῖν

2271 1485 2595 1556 ἡγούμενον,
2628 1485 2837 1549 εῐτινες
2865 1485 3092 1557 Περσῶν
3124 1486 3272 1543 ἴοιεν.
3296 1485 3454 1540 Illico
3477 1497 3591 1540 tum
3622 1489 3691 1541 ad
3718 1504 3878 1541 com-

2272 1596 2430 1632 mune
2469 1577 2753 1631 Persarum
2788 1578 3003 1644 misisti,
3032 1578 3386 1632 subsidiarias
3409 1580 3587 1648 copias
3611 1596 3874 1649 poscens;

2275 1679 2387 1722 tum
2432 1669 2501 1721 ad
2540 1685 2618 1722 me
2661 1670 2934 1739 privatim,
2974 1686 3164 1740 rogans
3198 1680 3257 1723 ut
3287 1687 3500 1740 operam
3542 1672 3726 1725 darem
3760 1688 3876 1743 quo

2273 1759 2501 1812 venirem
2538 1759 2669 1826 ipse,
2702 1760 3076 1827 copiarumque
3113 1757 3475 1823 Persicorum,
3499 1761 3545 1813 si
3577 1778 3695 1831 qute
3716 1762 3789 1814 ad
3820 1771 3888 1815 te.

2274 1852 2432 1916 irent,
2458 1851 2649 1903 ductor
2670 1866 2854 1904 essem.
2890 1848 3035 1904 Idem
3065 1851 3205 1905 valet
3237 1852 3403 1918 ἰδίως,
3439 1854 3586 1923 quod
3631 1864 3877 1925 usurpat

583 1943 822 1996 eamdem
853 1957 1030 1997 revera
1061 1959 1178 1996 cum
1209 1942 1434 2012 epistola
1472 1960 1590 2013 qua
1623 1952 1701 1997 est
1739 1942 1808 1995 ad
1837 1940 2162 2011 Smyrnam,

2270 1942 2559 1998 Eusebius.
2596 1942 2830 1996 Suidas:
2876 1942 3062 2005 Ἱδίως,
3094 1945 3429 2014 καταμόνας.
3465 1945 3657 2016 χωρίς.
3689 1944 3756 1999 Et
3790 1946 3872 2001 ita

586 2035 653 2087 ab
691 2033 915 2088 Eusebio
938 2034 1161 2103 intelligi
1184 2044 1232 2087 et
1264 2035 1570 2087 acutissime
1593 2035 1831 2103 conjicit,
1864 2044 1913 2087 et
1940 2048 2004 2087 ex
2030 2031 2161 2086 Hie-

586 2140 806 2194 ronymo
829 2124 1176 2179 demonstrat.
1213 2124 1283 2177 Et
1327 2109 1463 2178 hanc
1488 2127 1675 2179 merito
1706 2125 1769 2179 ab
1796 2124 2165 2193 Epistolarum

586 2215 651 2268 ab
685 2215 913 2270 Eusebio
964 2218 1236 2285 dictarunt
1283 2233 1440 2270 censu
1478 2217 1880 2288 expungendum
1912 2216 2164 2287 colligit;

582 2319 926 2379 numeratque
949 2310 1087 2362 inter
1114 2326 1222 2375 eas,
1256 2326 1389 2381 quas
1423 2310 1659 2365 nondum
1702 2308 1916 2363 Eusebii
1947 2319 1997 2363 et
2035 2308 2168 2362 Hie-

584 2400 791 2468 ronymi
808 2401 1125 2470 temporibus
1140 2403 1411 2456 exstitisse
1431 2401 1757 2457 validissime
1778 2401 1988 2469 probat.
2016 2399 2168 2455 Hanc

583 2492 751 2561 igitur
774 2493 1061 2562 epistolam
1080 2494 1147 2548 ad
1164 2493 1526 2565 Polycarpum
1541 2494 1611 2548 ab
1623 2494 1733 2548 alio
1752 2494 2051 2563 impostore
2065 2494 2169 2548 sub

583 2586 781 2655 quinto
808 2585 1011 2639 saeculo
1036 2586 1215 2639 lictam
1245 2595 1419 2654 putat.

657 2675 770 2746 Ego
808 2690 941 2731 vero
993 2691 1096 2730 nec
1147 2677 1421 2746 priorem,
1469 2692 1569 2731 nec
1600 2677 1960 2748 posteriore:-
2001 2676 2170 2746 nius

584 2768 829 2838 epistola:
863 2768 1107 2823 lictorem
1142 2784 1406 2838 agnosco,
1444 2779 1499 2825 et
1532 2771 1674 2825 inter
1699 2780 1905 2841 septem
1932 2769 2171 2825 Eusebio

587 2869 940 2921 memoratas,
971 2867 1026 2912 et
1050 2873 1080 2912 a
1110 2858 1271 2914 nobis
1302 2858 1672 2915 defendendas
1713 2861 1943 2916 omnino
1973 2876 2170 2915 nume—

584 2950 814 3004 randam
857 2966 1079 3005 censeo.
1118 2949 1305 3022 Neque
1332 2953 1477 3006 enim
1523 2953 1913 3025 Hieronymum
1945 2954 2035 3009 hic
2065 2955 2170 3009 im-

584 3043 779 3112 primis
806 3044 1161 3113 spectandum
1183 3059 1306 3098 esse
1338 3053 1471 3113 puto
1506 3064 1518 3100 :
1556 3062 1734 3116 neque
1767 3046 2070 3102 Eusebium
2104 3063 2171 3102 es

588 3134 922 3205 Hieronymo
970 3135 1319 3205 interpretor,
1375 3137 1503 3204 sed,
1537 3138 1613 3192 uti
1644 3154 1743 3207 par
1772 3148 1875 3206 est,
1901 3137 2172 3211 Hierony-

586 3244 737 3282 mum
770 3244 835 3282 ex
858 3227 1116 3293 Eusebio,
1145 3244 1175 3283 e
1196 3244 1307 3299 quo
1339 3246 1438 3285 sua
1459 3234 1758 3287 transtulit.
1776 3232 1966 3289 Primo
1986 3234 2170 3307 itaque

592 3320 891 3377 Eusebium
928 3338 1116 3379 assero
1146 3333 1355 3394 septem
1382 3326 1607 3381 omnino
1653 3327 1912 3397 epistolas
1940 3345 2169 3385 enume-

510 3430 515 3437 ·
587 3429 762 3478 rasse,
787 3425 841 3470 et
866 3417 1014 3472 illius
1044 3418 1112 3473 ad
1142 3417 1505 3489 Polycarpum
1538 3428 1799 3490 tanquam
1830 3423 1900 3477 ab
1934 3438 1999 3478 ea
2047 3437 2171 3494 qua:

586 3508 790 3576 scripta
822 3515 907 3563 est
929 3510 997 3563 ad
1039 3508 1351 3582 Smyrnzeos
1377 3512 1537 3582 plane
1565 3512 1798 3569 diversae
1829 3515 2167 3571 meminisse.

584 3596 721 3653 Nam
744 3607 982 3669 quatuor
1010 3615 1041 3655 e
1071 3600 1303 3673 Smyrna
1360 3604 1580 3670 missas,
1631 3604 1840 3661 scilicet
1889 3607 1955 3660 ad
1995 3606 2173 3677 Ephe-

584 3692 719 3758 sios,
747 3693 814 3746 ad
845 3691 1255 3765 Magnesianos,
1288 3697 1355 3751 ad
1400 3695 1730 3764 Trallianos,
1778 3699 1844 3753 ad
1892 3697 2171 3757 Romanos

587 3792 847 3853 tanquam
881 3785 1175 3842 distinctas
1215 3786 1513 3843 Eusebium
1551 3805 1891 3846 memorasse
1929 3790 2172 3847 fatentur

587 3890 780 3933 omnes
820 3894 834 3929 :
871 3888 984 3935 tres
1013 3889 1196 3935 autem
1227 3898 1258 3937 e
1283 3881 1500 3939 Troade
1536 3885 1736 3941 missas
1766 3888 1974 3956 pariter
1992 3888 2172 3943 diver-

588 3983 680 4023 sas
709 3979 874 4039 atque
902 3971 1196 4027 distinctas
1227 3972 1345 4028 haec
1373 3972 1593 4030 Eusebii
1628 3977 1795 4031 verba
1824 3993 1936 4032 non
1985 3980 2171 4033 minus

586 4071 737 4114 certo
768 4061 1058 4118 evincunt:
1081 4065 1221 4136 Ἤδη
1247 4064 1304 4117 δὲ
1334 4067 1592 4121 ἐπέκεινα
1606 4069 1705 4140 τῆς
1738 4068 1992 4143 Σμύρνης
2015 4072 2171 4140 γενό-

590 4167 771 4223 μενος,
807 4152 914 4206 ἀπὸ
938 4155 1192 4226 Τρωάδος
1215 4159 1328 4221 τοῖς
1356 4175 1416 4211 τε
1445 4161 1503 4212 ὲν
1533 4160 1885 4234 Φιλαδελφείᾳ
1912 4159 2066 4226 αὖθις
2085 4163 2173 4219 διὰ

586 4246 805 4317 γραφῆς
831 4248 1031 4317 ὁμιλεῖ,
1070 4250 1165 4302 καὶ
1195 4252 1263 4320 τῇ
1299 4251 1623 4322 Σμυρναίων
1667 4253 1987 4326 Ἐκκλησία,
2027 4255 2173 4319 ἰδίως

585 4354 646 4389 τε
677 4338 756 4408 τῷ
788 4338 992 4410 ταύτης
1013 4343 1411 4416 προηγουμένῳ
1443 4346 1812 4417 Πολυκάρπῳ.
1845 4346 1976 4400 Cum
1996 4355 2172 4399 autem

586 4431 696 4497 jam
725 4431 868 4484 ultra
899 4431 1183 4502 Smyrnam
1210 4446 1363 4497 esset,
1389 4453 1415 4489 e
1447 4435 1655 4491 Troade
1672 4454 1855 4491 rursus
1887 4450 1999 4492 tum
2019 4439 2172 4494 Phil-

586 4520 923 4589 adelphenos,
949 4532 1060 4576 tum
1076 4522 1472 4594 Smyrnazorum
1488 4524 1803 4595 Ecclesium,
1820 4537 1929 4581 tum
1952 4536 2170 4584 seorsim

2266 2034 2415 2104 loqui
2453 2033 2726 2089 Eusebius
2750 2034 2891 2088 solet
2924 2052 2937 2088 :
2970 2044 3030 2088 ut
3057 2051 3182 2089 cum
3210 2036 3277 2089 de
3309 2035 3569 2091 Melitone
3608 2046 3663 2091 et
3690 2037 3872 2107 Apol—

2268 2125 2430 2179 linari
2484 2125 2633 2197 agit:
2665 2126 2727 2184 Οἳ
2776 2126 3064 2196 Ῥωμαίων
3101 2125 3310 2195 βασιλεῖ
3344 2127 3535 2197 λόγους
3570 2128 3713 2200 ὑπὲρ
3760 2130 3874 2201 τῆς

2267 2218 2507 2281 πίστεως
2566 2217 2708 2280 ἰδίως
2746 2218 3006 2289 ἑκάτερος
3046 2218 3345 2287 ἀπολογίας
3398 2220 3862 2293 προσεφώνησαν.

2270 2308 2511 2375 Quorum
2566 2319 2782 2379 uterque
2844 2311 3114 2365 orationes
3188 2328 3282 2380 pro
3336 2313 3440 2380 ﬁde
3501 2315 3867 2384 apologeticas

2269 2419 2503 2457 seorsum
2531 2404 2851 2473 nuncupavit
2886 2402 3049 2474 (Hist.
3074 2404 3111 2458 ι.
3140 2420 3213 2469 tv,
3241 2421 3290 2460 c.
3325 2405 3449 2473 26);
3477 2422 3601 2461 cum
3628 2407 3697 2462 de
3728 2407 3867 2464 Flo-

2270 2494 2392 2550 rino
2407 2503 2460 2549 et
2476 2493 2661 2548 Blasto
2680 2495 2951 2550 Itazreticis
2976 2513 2989 2548 :
3019 2495 3255 2566 Θάτερος
3282 2496 3426 2560 ἰδίως
3448 2498 3578 2567 περὶ
3602 2497 3699 2569 τὴν
3729 2498 3871 2569 ἁλήη-

2271 2587 2421 2641 θειαν
2452 2586 2795 2659 νεωτερίζειν
2829 2587 3189 2659 πειρώμενος.
3216 2588 3352 2642 Cum
3387 2599 3604 2660 uterque
3637 2593 3867 2645 seorsim

2271 2695 2462 2732 novam
2501 2680 2802 2733 doctrinam
2845 2681 3093 2734 adversus
3136 2681 3262 2749 ﬁdei
3310 2683 3583 2735 veritatem
3622 2682 3867 2737 invehere

2225 2756 2241 2768 ’
2271 2770 2537 2825 laboraret
2568 2770 2631 2834 (ι.
2657 2787 2710 2837 v,
2743 2786 2793 2825 c.
2824 2771 2949 2842 15);
2975 2787 3098 2827 cum
3130 2774 3197 2827 de
3222 2772 3493 2843 Origene:
3543 2774 3709 2837 ’ἰδίως
3758 2775 3867 2846 τὴν

2286 2861 2509 2916 Ἀκύλου
2529 2864 2623 2916 καὶ
2639 2864 2708 2916 Συ
2718 2864 2957 2934 μμάχου,
2974 2865 3067 2919 καὶ
3082 2864 3652 2929 Θεοδοτίωνοςέκδοσιν
3665 2867 3779 2936 ἅμα
3793 2869 3864 2938 τῇ

2271 2954 2381 3006 τῶν
2395 2954 2792 3026 Ἑϐδομήκοντα
2820 2958 2877 3009 ὲν
2914 2959 3027 3021 τοῖς
3058 2957 3382 3028 τετραπλοίς
3416 2959 3864 3012 ὲπικατασκευά-

2276 3065 2394 3111 σας.
2424 3047 2726 3103 Editionem
2758 3051 2983 3121 Aquilia,
3005 3060 3053 3105 et
3086 3050 3391 3121 Symmachi
3411 3063 3459 3107 et
3488 3053 3530 3106 Τ
3532 3055 3864 3107 heodotionis

2274 3154 2395 3193 cum
2414 3137 2568 3193 LXX
2585 3138 2941 3208 Interpretum
2953 3144 3189 3196 versione
3199 3160 3433 3198 seorsum
3451 3146 3506 3197 in
3521 3146 3762 3215 tetraplis
3775 3145 3865 3199 di-

2197 3269 2244 3331 c
2275 3230 2436 3300 gessit
2458 3229 2517 3331 (‘1‘.
2534 3246 2608 3295 v1,
2627 3247 2676 3286 c.
2694 3232 2805 3300 16).
2833 3231 2908 3287 Ita
2925 3234 3003 3287 illi
3028 3235 3301 3305 peculiare
3321 3236 3540 3306 aliquod
3568 3238 3863 3306 scriptum,

2276 3337 2424 3376 nunc
2440 3321 2544 3375 ἰδία
2560 3324 2764 3394 γραφή,
2786 3334 2881 3378 aut
2914 3324 3017 3378 ἰδία
3036 3326 3219 3399 σχολή,
3247 3341 3394 3382 nunc
3423 3326 3550 3379 ῐδιον
3568 3326 3863 3398 σύγγραμ-

2277 3434 2375 3488 μα,
2428 3416 2512 3471 vel
2570 3416 2700 3470 ῐδιον
2752 3418 3074 3488 σπούδασμα
3133 3419 3459 3488 appellatur.
3512 3418 3863 3473 Peculiarem

2275 3509 2441 3579 igitur
2467 3508 2752 3577 epistolam
2778 3511 3130 3579 (praeteream
3144 3511 3213 3564 ad
3241 3509 3555 3581 Smyrnteos
3568 3510 3863 3581 scriptam)

2273 3609 2328 3652 ct
2350 3598 2579 3654 seorsim
2610 3598 2915 3669 Polycarpo
2933 3609 3306 3669 nuncupatam
3334 3600 3559 3654 omnino
3592 3600 3867 3655 intellexit

2272 3689 2564 3747 Eusebius.

2342 3780 2531 3853 Neque
2566 3791 2778 3838 tantum
2812 3784 3007 3839 modus
3027 3784 3113 3839 hic
3134 3784 3415 3855 loquendi,
3444 3786 3538 3856 qui
3575 3786 3734 3840 aliter
3756 3801 3865 3840 ex-

2276 3875 2470 3944 plicari
2502 3890 2613 3929 non
2644 3886 2847 3945 potest,
2879 3877 2974 3931 sed
2998 3886 3053 3931 et
3079 3892 3143 3931 ea
3173 3891 3296 3947 qua:
3343 3885 3670 3946 sequuntur,
3707 3876 3859 3930 idem

2272 3968 2552 4022 evincunt.
2584 3967 2719 4021 Nam
2749 3983 2875 4022 cum
2913 3968 3182 4038 lgnatium
3224 3968 3455 4022 seorsim
3486 3967 3553 4021 ad
3599 3966 3865 4037 Polycar-

2275 4074 2403 4126 pum
2436 4057 2726 4126 scripsisse
2750 4067 3132 4121 memorasset,
3157 4059 3427 4111 rationem
3456 4057 3578 4127 ejus
3610 4059 3689 4112 rei
3718 4058 3865 4126 opti-

2275 4166 2421 4204 mam
2453 4151 2717 4219 assignat,
2750 4152 3103 4205 tenerrimam
3137 4165 3355 4220 nempe,
3388 4151 3569 4221 gregis
3608 4149 3692 4203 sui
3740 4148 3863 4201 Ana-

2272 4244 2715 4299 tiochenicuram
2740 4245 2815 4297 illi
2840 4244 3188 4314 potissimum
3214 4243 3630 4298 demandatam:
3656 4244 3749 4294 ⁸·ον
3766 4236 3877 4296 οἷαν

2271 4338 2330 4391 δὲ
2361 4336 2716 4391 ἀποστολικδν
2758 4336 2927 4407 ἄνδρα
2959 4332 3018 4389 εὖ
3060 4336 3205 4407 μάλα
3246 4336 3548 4408 γνωρίζων,
3588 4336 3686 4406 τὴν
3732 4336 3857 4387 κατ’

2287 4431 2609 4500 Ἀντιόχειαν
2630 4430 2780 4500 αὐτῷ
2801 4431 3055 4501 ποίμνην,
3086 4430 3161 4493 ὼς
3190 4429 3255 4483 ἂν
3282 4433 3501 4500 γνήσιος
3530 4429 3625 4481 καὶ
3652 4427 3861 4495 ἀγαθὸς

2273 4524 2477 4594 ποιμὴν
2518 4523 2897 4592 παρατίθεται,
2950 4522 3050 4592 τὴν
3092 4523 3220 4593 περί
3254 4522 3424 4593 αὐτῆς
3469 4520 3723 4592 φροντίδα
3768 4519 3860 4573 διὰ

586 4611 944 4683 Polycarpum
985 4616 1143 4686 hujus
1176 4616 1432 4672 Ecclesia:
1460 4620 1765 4689 episcopum
1809 4622 2006 4691 scripto
2033 4623 2165 4676 allo-

2274 4618 2508 4689 σπουδῆς
2541 4616 2686 4687 ἔχειν
2713 4616 2875 4669 αὑτὸν
2908 4615 3098 4681 ἀξιῶν.
3156 4615 3321 4678 Quem
3355 4631 3473 4667 cum
3505 4611 3857 4682 apostolicum

586 4706 791 4776 quitur.
820 4704 917 4761 His
949 4708 1133 4763 verbis
1162 4716 1274 4763 tres
1303 4709 1550 4778 epistolae
1572 4723 1603 4762 e
1628 4708 1842 4763 Troade
1876 4712 2060 4765 missa:
2086 4711 2171 4765 di-

588 4808 733 4855 serte
772 4800 1095 4867 traduntur;
1129 4816 1306 4871 neque
1354 4802 1538 4856 minus
1570 4801 1661 4856 illa
1703 4802 1772 4856 ad
1806 4801 2168 4874 Polycarpum

586 4891 941 4962 distinguitur
970 4893 1040 4946 ab
1074 4893 1244 4946 altera
1284 4892 1352 4946 ad
1397 4890 1805 4963 Smyrntcorum
1845 4891 2165 4956 Ecclesiam,

585 5000 750 5054 quam
786 4984 877 5039 illa
904 4984 970 5039 ad
987 4983 1300 5055 Smyrnaeos
1322 4985 1392 5039 ab
1409 4985 1579 5041 altera
1602 4985 1670 5040 ad
1692 4984 2165 5054 Philadelphenos.

585 5074 743 5132 Haud
791 5077 951 5131 aliter
1002 5075 1306 5131 Eusebium
1350 5077 1668 5131 intellexere
1696 5075 1891 5130 Graeci.
1922 5075 2001 5131 Ita
2035 5091 2169 5131 sane

585 5167 928 5236 Nicephorus
957 5185 970 5219 :
1006 5169 1117 5221 Καὶ
1144 5168 1470 5239 Σμυρναίοις
1500 5167 1665 5239 ἄλλην
1680 5168 2052 5239 διαχαράττει,
2073 5169 2168 5221 καὶ

586 5260 737 5329 αὐτῷ
764 5260 820 5312 δὲ
850 5259 955 5331 ἰδίᾳ
976 5258 1056 5330 τῷ
1088 5259 1333 5330 προέδρῳ
1359 5260 1563 5332 ταύτης
1582 5260 1930 5332 Πολυκάρπῳ
1968 5260 2164 5331 ἑτέραν

587 5352 895 5405 ἐπέστελλε.
926 5351 994 5405 Et
1028 5354 1097 5406 ad
1130 5352 1431 5422 Smyrnaeos
1471 5354 1634 5407 aliam
1663 5353 1938 5423 epistolam
1970 5369 2167 5407 exara-

586 5446 681 5509 vit,
726 5454 778 5498 et
825 5445 1043 5498 seorsim
1077 5445 1145 5497 ad
1181 5445 1350 5514 ipsum
1380 5446 1536 5513 hujus
1591 5443 1840 5498 Ecclesia:
1868 5446 2165 5498 antistitem

588 5534 754 5587 aliam
784 5536 951 5588 misit.
986 5533 1172 5605 Neque
1197 5544 1256 5589 ut
1276 5535 1430 5589 aliter
1447 5534 1745 5590 Eusebium
1775 5536 2164 5604 intelligamus,

588 5635 703 5679 tum
740 5627 1004 5691 particula
1027 5629 1375 5698 conjunctiva
1410 5645 1469 5680 τε
1501 5638 1582 5682 ter
1613 5630 1869 5698 repetita,
1898 5644 2023 5682 cum
2060 5643 2169 5680 vox

588 5717 682 5771 illa
710 5716 875 5783 ἰδίως,
904 5719 1147 5785 seorsim,
1180 5720 1295 5774 sive
1324 5721 1636 5788 separatim,
1668 5719 1969 5788 patiuntur.
2005 5716 2166 5773 Nice-
2208 5754 2213 5758 ι

588 5813 795 5877 phorus
823 5825 925 5881 pro
965 5810 1132 5874 ἰδίως,
1165 5812 1273 5881 ἰδίᾳ
1311 5812 1469 5877 dixit,
1518 5821 1579 5864 ut
1602 5810 1775 5865 δι’κοί
1803 5809 2163 5878 elegantiores

589 5902 733 5971 loqui
761 5904 956 5960 solem.
973 5902 1199 5959 Suidas:
1221 5901 1367 5973 ἰδίᾳ,
1392 5903 1571 5974 χωρίς.
1591 5901 1745 5959 Unde
1764 5901 2045 5966 ἰδιάζεται,
2068 5901 2164 5972 μό-

2274 4710 2443 4762 virum
2469 4725 2579 4762 esse
2616 4707 2771 4777 plane
2800 4717 3151 4778 cognosceret,
3182 4708 3286 4776 ipsi
3320 4716 3571 4774 tanquam
3612 4711 3777 4757 bonus
3805 4712 3859 4757 et

2271 4802 2444 4872 ﬁdelis
2472 4817 2656 4871 pastor
2687 4816 2891 4871 gregem
2915 4799 3257 4852 Antiocheme
3286 4796 3539 4851 Ecclesiae
3585 4812 3857 4849 commen-

2270 4892 2438 4955 davit,
2470 4907 2662 4960 rogans
2695 4900 2752 4944 ut
2795 4889 2939 4943 omni
2976 4904 3106 4941 cura
3133 4903 3195 4940 ac
3225 4886 3507 4957 diligentia
3536 4902 3650 4939 eam
3680 4884 3857 4954 fovere

2269 4984 2439 5039 vellet.
2466 4986 2535 5037 At
2566 4984 2619 5036 in
2646 4982 2751 5037 hac
2777 4982 2843 5036 ad
2880 4980 3242 5052 Polycarpum
3269 4980 3498 5049 cpistola
3537 4979 3709 5047 ipsius
3750 4978 3848 5031 Po-

2270 5077 2475 5149 lycarpi
2513 5090 2661 5129 curae
2702 5082 2867 5142 atque
2899 5072 3197 5141 diligentia:
3224 5071 3526 5126 Ecclesiam
3557 5070 3856 5124 Antioche-

2270 5184 2395 5223 nam
2426 5166 2799 5229 commendat,
2825 5163 2956 5218 alibi
3000 5178 3297 5232 nusquam.
3347 5160 3483 5215 Nam
3524 5163 3578 5215 in
3619 5160 3854 5230 epistola

2269 5263 2336 5315 ad
2362 5258 2746 5329 Smyrnenses,
2772 5255 3068 5310 Ecelesiam
3104 5256 3248 5309 illam
3280 5264 3459 5324 rogat,
3504 5265 3564 5307 ut
3592 5256 3856 5323 θεοπρεσ-

2270 5353 2468 5423 ϐευτήν
2503 5352 2893 5414 instituerent;
2936 5351 3031 5405 sed
3080 5347 3441 5420 Polycarpum
3475 5347 3703 5399 omnino
3742 5360 3850 5398 non

2268 5446 2591 5514 alloquitur,
2639 5460 2817 5514 neque
2849 5458 2976 5498 eum
3010 5442 3064 5495 in
3109 5451 3223 5496 tota
3258 5441 3351 5494 illa
3383 5440 3613 5509 epistola
3646 5439 3853 5493 diserte

2270 5536 2539 5597 nominat,
2578 5550 2740 5604 quem
2780 5536 2835 5589 in
2864 5533 3114 5604 epistolis
3150 5532 3218 5586 ad
3245 5531 3512 5600 Ephesios
3544 5540 3597 5585 et
3615 5531 3684 5585 ad
3735 5529 3850 5583 Ma-

2271 5627 2570 5699 gnesianos
2621 5627 3019 5680 nominaverat.
3071 5620 3243 5691 Cujus
3288 5623 3367 5676 rei
3416 5622 3509 5675 vix
3551 5623 3656 5676 alia
3710 5622 3852 5676 ratio

2269 5718 2536 5787 assignari
2558 5727 2757 5786 potest,
2777 5731 2941 5787 quam
2970 5716 3113 5784 quod
3137 5716 3327 5769 eodem
3352 5724 3594 5783 tempore
3618 5714 3849 5769 seorsim

2270 5811 2338 5864 ad
2382 5812 2562 5880 ipsum
2605 5810 2970 5882 Polycarpum
2996 5808 3298 5877 scripserit.
3340 5807 3399 5862 In
3447 5808 3675 5877 epistola
3706 5816 3852 5861 certe

2271 5902 2338 5959 ad
2370 5918 2493 5958 eum
2526 5905 2876 5973 peculiariter
2921 5903 3070 5973 data,
3113 5905 3217 5960 hoc
3250 5901 3538 5973 negotium
3587 5901 3692 5969 ipsi
3723 5898 3847 5952 dili-
