4136 6430
314 428 393 485 69

1055 431 1106 488 J.
1149 431 1516 489 PEARSOMI
1556 432 1878 523 VlNDlCixE
1919 431 2343 495 lGNATlANJE.
2379 470 2447 482 —-
2481 438 2903 500 PRO(EMIUM.

3541 451 3612 507 το

313 546 649 615 gentissime
679 548 1065 616 commendat,
1095 559 1156 605 ut
1184 553 1477 607 concilium
1514 553 1568 608 iu
1600 568 1726 609 eum
1757 554 1908 608 ﬁnem

2024 554 2109 610 rio
2158 557 2235 610 ita
2288 558 2619 612 sumendum
2669 568 2788 625 est,
2842 568 2901 614 ut
2932 561 2963 613 ὁ
2992 558 3037 612 δ’
3074 558 3236 623 αὐτὸς
3285 560 3611 633 Σμυρναίοις

311 650 595 696 convocet
639 643 931 710 hortatur,
975 655 1036 698 ut
1074 645 1255 700 virum
1289 647 1455 716 eligat
1491 649 1775 720 ἀγαπητὸν
1806 649 1923 703 λίαν

309 737 416 786 καὶ
454 734 667 801 ἄοκνον,
701 737 965 794 dilectum
999 741 1262 811 imprimis
1285 753 1439 813 atque
1470 744 1849 813 impigrum,ut
1871 744 1923 799 id

313 842 437 882 non
476 839 694 885 tantum
739 830 1023 902 Smyrnae;
1049 834 1142 889 sed
1168 844 1225 889 et
1251 834 1320 889 ab
1345 834 1469 890 aliis
1494 834 1755 891 Ecclesiis
1799 835 1920 891 ﬁeri

310 929 502 984 curet,
532 929 599 974 ut
629 921 701 976 ab
730 922 841 979 illis
866 923 1033 978 etiam
1061 926 1240 980 nuntii
1262 938 1318 981 et
1342 926 1590 997 epistola:
1622 928 1798 997 ipsius
1819 943 1922 999 ope

304 1013 379 1066 ad
428 1014 822 1072 Antiochenos
856 1018 1179 1085 mittantur;
1214 1019 1360 1074 unde
1382 1027 1434 1075 et
1470 1020 1923 1090 gratiam’preca-

304 1115 427 1170 tur,
466 1118 520 1162 et
550 1109 631 1162 illi
664 1110 762 1179 qui
794 1110 1128 1178 mitteretur,
1160 1120 1216 1167 et
1262 1112 1365 1183 ipsi
1396 1113 1490 1183 qui
1526 1128 1651 1168 eum
1678 1114 1921 1169 mitteret

301 1199 657 1274 Polycarpo.
708 1204 844 1273 Quae
876 1207 1064 1263 omnia
1111 1208 1286 1278 ipsius
1327 1207 1614 1280 Polycarpi
1658 1210 1919 1281 φροντίδα

298 1295 401 1350 διὰ
440 1298 716 1368 σπουδῆς,
748 1308 809 1354 ιιι
830 1300 1076 1370 loquitur
1098 1301 1393 1369 Eusebius,
1418 1319 1603 1357 curam
1626 1319 1746 1357 cum
1788 1302 1919 1358 dili-

299 1389 500 1457 gentia
530 1390 900 1459 conjunctam,
925 1392 1065 1447 mire
1089 1394 1381 1450 illustrant.

381 1481 719 1547 Quinetiam
745 1483 913 1540 verba
939 1501 1065 1556 quae
1087 1498 1397 1556 sequuntur
1422 1503 1532 1542 non
1556 1487 1720 1543 aliam
1747 1487 1919 1543 fuisse

299 1572 545 1629 Eusebii
566 1588 813 1632 mentem
841 1587 1026 1647 aperte
1056 1579 1385 1634 ostendunt:
1413 1580 1470 1632 Ὀ
1492 1579 1715 1643 δἀὐτὸς
1736 1581 1919 1651 Σμυρ-

298 1670 489 1734 ναίοις
506 1670 765 1741 γράφων,
787 1670 888 1723 οὐκ
910 1666 1214 1725 οἷδ’ὁπόθεν
1234 1675 1418 1745 ῥητοῖς
1450 1673 1733 1745 κέχρηται.
1766 1672 1918 1728 Idem

294 1773 495 1818 autem
520 1763 770 1834 lguatius
784 1765 855 1816 ad
884 1759 1189 1834 Smyrnaeos
1217 1768 1473 1832 scribens,
1506 1766 1674 1820 verbis
1717 1766 1913 1831 utitur,

293 1873 429 1925 quae
470 1859 615 1913 unde
655 1861 941 1931 acceperit,
996 1862 1202 1931 ignoro.
1250 1857 1541 1929 Nunquam
1582 1859 1657 1914 ita
1698 1859 1915 1914 locutus

295 1950 517 2006 fuisset
546 1951 848 2019 Eusebius,
881 1961 944 2007 ut
969 1961 1117 2008 recte
1134 1955 1388 2007 observat
1409 1951 1633 2008 lsaacus
1659 1951 1911 2017 Vossius,

295 2044 349 2099 si
374 2059 455 2097 ex
487 2046 687 2099 eadem
714 2044 969 2114 epistola,
994 2044 1063 2099 de
1089 2060 1198 2114 qua
1219 2044 1487 2100 hactenus
1505 2044 1724 2100 locutus
1745 2055 1912 2111 esset,

295 2136 612 2206 sequentia
641 2145 831 2191 essent
845 2135 1155 2205 desumpta.
1186 2134 1251 2189 Et
1279 2135 1620 2192 adversativa
1651 2134 1768 2190 haec
1788 2152 1915 2191 sen—

294 2224 508 2288 tentia,
540 2240 671 2279 cum
698 2224 946 2294 epistolae
976 2224 1373 2289 nominatione,
1411 2240 1520 2279 non
1552 2225 1715 2281 aliam
1744 2241 1911 2296 quam

294 2316 458 2371 banc
491 2316 1004 2387 interpretationem
1054 2318 1301 2388 patitur:
1335 2318 1484 2372 Idem
1515 2318 1607 2373 ille
1642 2317 1910 2389 lgnatius,

293 2410 398 2478 qui
428 2409 674 2464 seorsim
704 2408 774 2464 ad
812 2410 1177 2482 Polycarpum
1209 2411 1448 2480 scripsit,
1481 2410 1715 2482 ejusque
1764 2425 1913 2467 cura:

293 2511 481 2568 atque
504 2500 810 2571 diligentiae
847 2499 1157 2557 Ecclesiam
1196 2501 1598 2556 Antiochenam
1628 2515 1911 2556 commen-

292 2592 484 2659 (tavit,
518 2592 575 2646 in
611 2594 783 2648 altera
811 2593 1064 2663 epistola,
1091 2609 1257 2663 quam
1289 2593 1357 2649 ad
1386 2591 1758 2665 Smyrnenses
1778 2596 1912 2651 seri.

292 2685 436 2752 psit.
472 2685 650 2739 utitur
681 2684 1005 2739 testimonio
1044 2686 1233 2741 nescio
1276 2686 1423 2742 unde
1464 2686 1777 2756 desumpte.
1838 2684 1911 2741 Ut

290 2775 333 2829 l.
366 2791 447 2841 iv,
483 2791 537 2831 c.
565 2776 624 2842 7,
677 2792 806 2832 cum
846 2776 916 2831 de
954 2775 1212 2832 Melitone
1258 2777 1501 2847 loquitur
1531 2796 1543 2831 :
1584 2779 1671 2832 ‘Ev
1703 2778 1761 2832 δὲ
1790 2782 1909 2843 ταῖς

291 2870 642 2940 τραψείςαις
675 2868 827 2939 αὑτῷ
854 2869 1110 2937 ἐκλογαῖς
1132 2870 1161 2921 ὁ
1193 2869 1355 2933 αὐτὸς
1374 2870 1519 2925 κατὰ
1539 2871 1601 2924 τὸ
1625 2872 1908 2943 προοίμιον

292 2965 634 3035 ἀρχόμενος.
651 2962 805 3017 Idem
819 2964 870 3016 in
891 2963 1155 3032 excerptis
1176 2963 1241 3016 ab
1264 2964 1379 3033 ipso
1400 2966 1702 3034 compositis
1723 2969 1906 3021 statim

293 3058 353 3108 iis
374 3056 656 3125 principio
679 3056 877 3125 operis,
921 3071 952 3109 a
988 3055 1130 3110 libro
1168 3056 1264 3126 qui
1300 3057 1560 3128 Apologia
1598 3058 1903 3125 dicebatur,

294 3150 365 3203 ad
407 3150 589 3203 alium
636 3148 889 3219 ejusdem
935 3150 1203 3215 auctoris,
1229 3150 1316 3205 cui
1362 3151 1635 3221 Ἐκλοται
1664 3167 1759 3207 seu
1797 3150 1906 3204 Ex-

292 3253 487 3309 cerpta
534 3243 735 3299 titulus
784 3242 926 3309 fuit,
983 3246 1278 3300 transiens.
1322 3243 1451 3302 Haec
1492 3245 1679 3300 omnia
1722 3248 1908 3300 minus
1935 3258 1978 3317 ς,

293 3333 527 3403 quidem
562 3346 828 3391 accurate
854 3336 1252 3406 interpretatus
1276 3346 1378 3401 est,
1396 3346 1543 3393 recte
1564 3348 1746 3393 tamen
1760 3339 1904 3407 cepit

296 3426 680 3497 Ruﬂinus,qui
702 3428 777 3483 ita
795 3430 982 3485 vertit:
1001 3428 1132 3485 Haec
1142 3440 1190 3484 et
1205 3429 1373 3484 multa
1391 3430 1505 3484 alia
1520 3431 1601 3484 his
1614 3430 1816 3484 similia
1832 3430 1900 3482 ad

295 3522 540 3573 diversas
560 3519 839 3576 Ecclesias
867 3523 1092 3585 scribit;
1113 3523 1203 3576 sed
1219 3531 1270 3576 et
1291 3523 1360 3575 ad
1376 3521 1736 3593 Polycarpum
1765 3522 1903 3575 velut

297 3611 854 3679 apostolicumvirum
885 3613 1031 3667 datis
1045 3613 1265 3677 litteris,
1291 3613 1678 3667 Antiochenam
1709 3612 1757 3666 ei
1793 3611 1902 3664 Ec-

293 3705 521 3756 clesiam
537 3706 813 3774 prccipue
830 3706 1277 3760 commendat.Ad
1301 3704 1606 3777 Smyrnwos
1626 3722 1753 3760 sane
1776 3705 1906 3759 scri-

296 3792 423 3846 bens
433 3804 634 3857 ,ntttur
647 3794 818 3848 verbis
830 3794 1149 3864 quibusdam
1162 3798 1301 3851 unde
1317 3797 1605 3867 assumptis
1618 3798 1899 3851 nescimus.

371 3883 752 3956 Hieronymus
801 3887 968 3941 etiam
1012 3888 1126 3956 ipse
1171 3904 1279 3941 non
1321 3888 1481 3942 aliter
1514 3887 1815 3958 capiendus
1847 3888 1901 3941 in

295 3972 566 4044 Catalogo
592 3975 919 4045 scriptorum
938 3978 1440 4040 ecclesiasticarum,
1468 3978 1559 4033 ubi
1591 3978 1668 4033 ait
1697 3993 1764 4033 ex
1795 3976 1904 4031 Eu-

296 4069 459 4123 sebio
486 4088 500 4123 :
528 4068 667 4123 Inde
688 4071 964 4140 egrediens
988 4072 1204 4140 scripsit
1230 4072 1299 4124 ad
1324 4069 1727 4140 Philadelphos,
1759 4080 1807 4125 et
1831 4072 1901 4124 ad

297 4158 638 4231 Smyrnaea,
669 4172 720 4217 et
756 4164 969 4232 proprie
1002 4163 1072 4216 ad
1102 4162 1485 4234 Polgcarpum,
1525 4163 1901 4217 commendans

297 4251 383 4303 illi
429 4252 843 4307 Antiochenam
878 4252 1197 4309 I'Icclesiam.
1226 4254 1369 4319 Quid
1391 4255 1640 4311 clarius?
1673 4254 1901 4325 Proprie

298 4344 453 4397 enim
492 4345 586 4399 hic
630 4345 771 4399 nihil
813 4344 963 4400 aliud
1004 4358 1185 4413 sonat,
1215 4363 1382 4418 quam
1421 4347 1737 4416 separatim,
1785 4348 1902 4403 sive

297 4438 551 4491 seorsim.
604 4437 683 4493 Ita
729 4436 1082 4509 Sophronias
1134 4440 1427 4511 interpres,
1492 4438 1699 4503 Ἱδικῶς
1762 4439 1901 4511 πρὸς

297 4529 689 4600 Πολύκαρπον.
733 4529 830 4586 Est
875 4542 1057 4587 autem
1108 4532 1312 4598 ιδικῶς,
1363 4534 1657 4602 interprete
1706 4533 1897 4598 Suida,

296 4598 646 4690 καταμόνας.
683 4619 799 4690 Ipse
832 4621 1201 4694 Hieronymus
1229 4626 1303 4678 ita
1339 4624 1469 4678 alibi
1504 4598 1655 4694 loqui
1699 4625 1752 4678 in
1794 4626 1900 4681 hoc
1930 4598 1976 4654 Β

298 4717 426 4777 ipso
471 4696 758 4783 Catalogo,
788 4716 1091 4771 Clementis
1120 4716 1477 4772 Alexandrini
1510 4732 1675 4787 opera
1704 4732 1899 4772 recen-

295 4823 455 4862 scus.
487 4806 569 4860 De
589 4807 881 4862 canonibus
912 4809 1307 4876 ecclesiasticis,
1336 4820 1388 4864 et
1407 4810 1659 4865 adversus
1674 4827 1782 4877 eos,
1807 4811 1899 4881 qui

293 4900 622 4956 Judeorum
659 4911 951 4971 sequuntur
978 4920 1211 4958 errorem
1244 4904 1378 4958 liber
1414 4921 1573 4969 unus,
1599 4922 1751 4975 quem
1773 4920 1898 4974 pro-

292 4993 414 5064 prie
466 4993 784 5048 Alexandro
837 4993 1334 5066 Hierosolymorum
1394 4997 1637 5065 episcopo
1690 5013 1896 5069 προσεοο

295 5084 549 5155 φὼνησε.
601 5082 668 5138 Et
715 5084 783 5138 de
821 5084 1116 5154 Apollonio
1156 5101 1366 5156 agens:
1410 5084 1773 5139 Tertullianus
1805 5102 1896 5139 sex

292 5177 660 5231 columinibus
692 5176 949 5230 adversus
976 5176 1271 5231 Ecclesium
1301 5178 1482 5244 editis,
1514 5193 1633 5247 quia
1682 5179 1894 5247 scripsit

293 5271 433 5340 περὶ
457 5268 794 5333 ἐκστάσεως,
840 5270 1122 5337 septimum
1142 5268 1354 5337 proprie
1384 5269 1637 5322 adversus
1674 5267 1896 5337 Apollo-

296 5363 451 5415 nium
469 5358 789 5425 elaboravit,
804 5359 859 5412 in
884 5374 988 5428 quo
1014 5359 1191 5411 omnia
1214 5373 1333 5428 qute
1349 5356 1439 5411 ille
1461 5357 1638 5428 arguit
1667 5365 1898 5409 conatur

295 5456 600 5523 defendere.
633 5449 942 5520 Utrobique
968 5452 1200 5521 praprie,
1226 5449 1499 5519 signiﬁcat
1531 5448 1894 5518 peculiariter,

295 5558 351 5605 et
374 5548 611 5602 vertitur
644 5561 678 5600 a
706 5543 1024 5613 Soplironio
1056 5543 1260 5608 ἱδικῶς,
1287 5552 1349 5597 ut
1384 5544 1440 5597 in
1476 5542 1705 5614 lgnatio.
1739 5541 1895 5607 Quod

296 5650 485 5696 autem
522 5638 801 5709 sequitur,
830 5639 887 5691 in
914 5655 1020 5709 qua
1056 5645 1110 5691 et
1138 5638 1204 5691 de
1234 5635 1525 5706 Evangelia
1548 5634 1688 5705 quod
1730 5652 1897 5703 nuper

295 5752 329 5785 a
360 5751 443 5787 me
468 5732 797 5786 translatum
822 5743 901 5786 est
919 5772 937 5797 ,
968 5747 1126 5799 super
1152 5746 1376 5799 persona
1400 5729 1604 5785 Christi
1633 5731 1780 5799 ponit
1820 5740 1896 5783 te-

295 5828 636 5889 uinonium,
665 5826 801 5881 illud
839 5828 893 5878 in
926 5841 1034 5894 qua
1060 5840 1185 5879 cum
1209 5840 1530 5893 expressum
1561 5839 1670 5878 non
1700 5824 1895 5877 haheat

298 5921 633 5977 vocabulum
664 5920 1017 5986 antecedens,
1050 5919 1118 5975 ad
1150 5918 1298 5989 quod
1328 5915 1616 5986 referatur,
1640 5932 1893 5975 necessa-

2025 650 2252 720 γράφων
2305 651 2449 721 apud
2497 650 2818 719 Eusebium,
2849 668 2917 708 ex
2949 668 3063 724 quo
3097 669 3197 709 sua
3245 653 3611 729 Hieronymus

2024 742 2391 813 transcripsit.
2424 742 2483 798 ld
2508 752 2697 799 autem
2733 754 2796 800 ut
2818 745 2935 811 ﬁat,
2976 748 3187 800 nullum
3220 762 3343 802 esse
3380 749 3607 805 dubiant

2019 838 2348 908 jampridem
2397 840 2635 895 asseruit
2665 841 2892 897 lsaacus
2923 840 3306 908 Casaubonus,
3342 844 3476 913 quin
3513 861 3611 915 pa—

2022 931 2342 988 reutheseos
2374 934 2519 988 notis
2548 932 2777 1004 adjectis
2798 933 2889 989 hic
2911 932 3228 1005 Hieronymi
3261 935 3415 992 locus
3438 938 3509 992 ita
3538 938 3609 994 sit

2022 1024 2416 1094 concipiendus
2445 1044 2459 1079 :
2494 1024 2718 1095 Scripsit
2745 1025 2815 1079 ad
2840 1025 3306 1096 Philadelphos,et
3326 1028 3396 1081 ad
3424 1028 3607 1100 Smyr-

2024 1132 2188 1184 meos,
2220 1125 2333 1171 tum
2367 1119 2684 1187 parenthesi
2729 1119 2973 1174 adhibita
3002 1120 3073 1189 (et
3099 1121 3311 1189 proprie
3348 1122 3417 1175 ad
3447 1121 3609 1192 Poly-

2021 1226 2241 1280 carpum
2263 1212 2634 1267 commendans
2658 1212 2742 1266 illi
2774 1213 3174 1269 Antiochensem
3198 1215 3515 1280 Ecclesium)
3551 1217 3605 1268 in

2019 1317 2147 1371 qua,
2178 1310 2285 1357 etc.
2315 1301 2709 1359 EtRicliai-dus
2740 1302 3115 1359 Montacutius
3147 1306 3437 1375 episcopus
3466 1304 3605 1362 NOI‘r

2018 1392 2277 1457 vieensis,
2311 1394 2405 1464 qui
2436 1395 2633 1464 quavis
2664 1395 2775 1452 fere
2806 1397 3098 1452 occasione
3127 1407 3344 1467 arrepta
3396 1398 3606 1453 Casau-

2020 1485 2225 1540 bonum
2257 1488 2513 1542 vellicare
2549 1488 2708 1553 solet,
2747 1488 2836 1544 hic
2878 1490 3087 1544 laudat.
3121 1490 3281 1553 Bene,
3328 1492 3527 1560 inquit,
3551 1502 3602 1547 et

2017 1583 2171 1630 acute
2214 1576 2557 1633 doctissimus
2586 1578 2945 1645 ,Casaubonus
2969 1580 3241 1634 adnotavit
3271 1597 3380 1635 esse
3413 1598 3606 1651 paren-

2019 1668 2151 1722 thesi
2181 1668 2500 1725 includenda
2531 1671 2808 1740 interjecta
2834 1670 2989 1726 verba
3018 1674 3158 1727 inter
3186 1672 3519 1744 Smyrnaaos,
3548 1682 3605 1728 et

2017 1758 2072 1813 in
2089 1774 2216 1829 qua.
2238 1763 2359 1829 Ipse
2386 1761 2548 1815 etiam
2572 1760 2826 1817 Usserius
2856 1762 3249 1818 Casaubonum
3280 1772 3335 1819 et
3363 1764 3607 1820 Baronio

2017 1860 2073 1906 et
2122 1850 2397 1907 Halloixio
2428 1855 2731 1910 acutiorem
2762 1855 2923 1925 longe
2954 1857 3238 1927 agnoscit,
3264 1874 3388 1913 eum
3423 1870 3602 1915 tamen

2017 1945 2242 2011 deserit,
2301 1946 2418 2001 sola
2448 1946 2977 2017 Augustodunensis
3006 1947 3238 2005 Honorii
3276 1954 3604 2007 auctoritate

2015 2046 2318 2106 permotus,
2363 2038 2459 2108 qui
2508 2037 2812 2109 Epistolam
2851 2040 2922 2095 ad
2958 2039 3319 2111 Polycarpum
3354 2044 3409 2097 in
3445 2061 3603 2100 censu

2015 2130 2333 2198 scriptorum
2358 2129 2561 2202 Ignatii
2596 2132 2752 2197 plane
2783 2135 3290 2201 prwtermittendam
3320 2152 3430 2190 esse
3449 2136 3603 2205 judi-

2015 2221 2174 2284 cavit,
2199 2222 2298 2288 ita,
2324 2222 2587 2289 videlicet,
2616 2224 2785 2278 verbis
2827 2224 3142 2296 Hieronymi
3179 2230 3432 2297 acceptis,
3460 2248 3523 2285 ac
3553 2230 3601 2285 si

2015 2314 2165 2367 nulla
2193 2314 2483 2384 peculiaris
2500 2316 2570 2369 ad
2587 2315 2953 2387 Polycarpum
2982 2320 3113 2372 data
3139 2319 3224 2373 hic
3246 2321 3385 2376 abeo
3412 2322 3601 2391 fuisset

2015 2406 2282 2477 Epistola.
2320 2407 2425 2463 Sed
2460 2410 2587 2479 quis
2622 2410 2797 2465 nescit
2840 2409 3145 2465 Honorium
3191 2412 3348 2467 illum
3400 2416 3601 2470 mentis

2013 2499 2329 2573 Hieronymi
2369 2502 2670 2571 pessimum
2715 2518 2839 2558 esse
2865 2503 3241 2573 interpretem,
3272 2513 3327 2560 et
3371 2521 3599 2576 operum

2011 2595 2083 2649 ab
2113 2610 2180 2649 eo
2210 2595 2625 2650 nominatorum
2668 2597 3072 2666 ineptissimum
3105 2607 3320 2666 testem,
3352 2600 3445 2669 qui
3490 2599 3600 2654 Ca-

2013 2686 2252 2757 talogum
2299 2703 2463 2757 quem
2525 2696 2752 2744 secutus
2787 2694 2900 2755 ‘est,
2958 2705 3102 2760 saepe
3148 2705 3259 2745 non
3302 2690 3599 2759 intellexit,

2011 2778 2214 2847 sapius
2245 2778 2592 2834 decurtavit?
2618 2777 2755 2844 Quis
2785 2778 2853 2833 de
2876 2780 3059 2834 verbis
3098 2779 3416 2852 Hieronymi
3449 2782 3600 2837 acci-

2010 2872 2226 2942 piendis
2255 2872 2333 2927 illi
2367 2872 2608 2928 conﬁdet
2648 2872 2702 2926 in
2738 2871 2980 2940 lgnatio,
3007 2874 3101 2943 qui
3134 2874 3321 2928 statim
3351 2875 3407 2928 in
3438 2873 3601 2945 Poly-

2010 2978 2200 3032 carpo,
2237 2963 2370 3018 dicit
2402 2978 2525 3018 eum
2563 2964 2855 3032 scripsisse
2904 2964 2974 3017 ad
3003 2963 3369 3035 Philippenses
3401 2968 3600 3035 episto—

2011 3056 2147 3123 lam,
2183 3065 2234 3110 et
2264 3058 2509 3127 quazdam
2543 3058 2607 3110 de
2640 3058 2725 3111 die
2775 3057 3028 3121 Paschaz,
3061 3073 3186 3113 cum
3226 3057 3597 3130 Hieronymus

2008 3163 2132 3203 eum
2170 3148 2552 3203 tantummodo
2580 3160 2794 3219 propter
2818 3153 3080 3208 quasdam
3098 3167 3254 3218 super
3272 3152 3358 3205 die
3372 3150 3599 3206 Pascha:

2012 3239 2329 3308 quaestiones
2366 3237 2591 3291 Romam
2629 3240 2828 3294 venisse
2859 3241 3077 3306 tradat;
3135 3242 3231 3311 qui
3290 3242 3347 3295 in
3408 3241 3589 3297 Evan-

2011 3330 2205 3401 gelium
2234 3330 2378 3384 κατὰ
2408 3330 2690 3385 Ματθαῖον
2720 3331 3158 3387 Commentarios
3192 3334 3422 3389 ascribit
3468 3334 3595 3391 Ori-

2009 3421 2185 3493 geni,
2243 3438 2382 3492 quos
2441 3422 2807 3496 Hieronymus
2871 3425 3141 3480 tribuerat
3207 3425 3592 3498 Symmacho;

2007 3513 2102 3584 qui
2169 3513 2484 3568 Anatolium
2568 3513 2746 3568 decem
2822 3514 2986 3568 libros
3069 3516 3134 3569 de
3214 3518 3592 3585 arithmetica,

2008 3609 2293 3679 geometria
2320 3649 2336 3675 ,
2397 3608 2731 3662 astronomia
2759 3648 2775 3673 ,
2838 3610 3189 3678 grammatica
3215 3651 3231 3676 ,
3288 3610 3551 3664 rhetorica
3574 3652 3592 3678 ,

2006 3698 2310 3764 dialectica,
2362 3697 2746 3767 composuisse
2790 3696 2978 3764 refert,
3022 3714 3186 3768 quem
3227 3697 3595 3771 Hieronymus

2006 3790 2161 3844 mira:
2194 3790 2459 3845 doctrina:
2488 3792 2670 3845 virum
2716 3791 2771 3844 in
2813 3790 2898 3845 his
2947 3789 3140 3857 fuisse,
3184 3791 3358 3848 libros
3407 3803 3591 3850 autem

2005 3884 2194 3938 decem
2255 3883 2325 3937 de
2383 3882 2747 3937 arithmetica:
2804 3882 3242 3939 institutionibus
3304 3886 3595 3957 scripsisse

2006 3974 2221 4038 innuit;
2250 3975 2345 4044 qui
2377 3975 2431 4028 in
2450 3972 2733 4028 Clemente
2760 3973 3155 4041 Alexandrino,
3190 3991 3290 4045 pro
3324 3977 3434 4033 illis
3462 3977 3594 4034 Hie-

2004 4068 2537 4140 ronymi,Pa:dagogi
2551 4067 2679 4120 libri
2700 4077 2826 4133 tres,
2841 4067 3006 4123 habet
3019 4068 3095 4122 De
3115 4070 3417 4141 paedagogis
3432 4088 3589 4141 unus,

1998 4170 2058 4215 et
2084 4176 2185 4229 pro
2217 4161 2345 4225 illis,
2380 4160 2459 4214 De
2493 4159 2705 4229 Jejnnio
2745 4160 3085 4230 disceptatio,
3140 4160 3253 4215 hazc
3284 4162 3589 4230 substituit,

2005 4251 2082 4306 De
2100 4253 2308 4322 jejunio
2355 4268 2513 4317 unus,
2539 4252 2602 4306 de
2631 4252 3015 4322 disceptatione
3058 4270 3227 4318 unus;
3262 4254 3356 4324 qui
3394 4254 3447 4306 in
3475 4252 3593 4307 Ori-

2003 4360 2159 4414 gene,
2187 4345 2446 4415 quoniam
2474 4342 2841 4415 Hieronymus
2864 4344 3101 4399 indicem
3124 4360 3352 4414 operum
3386 4345 3592 4400 oniise-
3616 4338 3617 4341 “

2004 4446 2106 4503 rat,
2147 4436 2267 4507 ejus
2315 4435 2438 4491 loco
2466 4434 2654 4501 habet,
2706 4449 2799 4487 sex
2831 4433 3005 4486 millia
3044 4432 3303 4487 librorum
3351 4434 3587 4502 scripsit,

2003 4528 2152 4598 quod
2197 4528 2267 4583 ab
2319 4526 2640 4599 Hieronymi
2681 4534 2865 4583 mente
2896 4526 3136 4581 maxime
3174 4526 3415 4580 alienum
3466 4540 3589 4581 esse

2005 4621 2379 4691 cognoscitur,
2420 4635 2489 4675 ex
2535 4619 2803 4689 Apologia
2851 4616 3093 4674 secunda
3138 4617 3401 4672 adversus
3428 4614 3589 4671 Rulli-

2004 4728 2135 4767 num
2166 4728 2179 4764 :
2221 4710 2463 4766 Numera
2510 4711 2713 4765 indices
2764 4710 3020 4764 librorum
3059 4709 3198 4777 eius,
3229 4709 3319 4778 qui
3351 4708 3404 4760 in
3432 4708 3587 4761 tertio

2002 4806 2265 4860 volumine
2280 4804 2522 4870 Eusebii,
2541 4806 2597 4858 in
2620 4820 2722 4874 quo
2752 4802 2937 4857 scribit
2962 4803 3124 4856 vitam
3156 4800 3431 4869 Pamphili
3460 4816 3587 4852 con-

2004 4902 2320 4965 tinentur,et
2341 4915 2442 4953 non
2460 4899 2581 4951 dico
2595 4913 2687 4951 sea:
2704 4896 2897 4963 millia,
2917 4896 3006 4951 sed
3021 4895 3232 4948 tertiam
3252 4904 3458 4962 partem
3481 4910 3584 4947 non

2002 4991 2271 5061 reperies;
2304 4988 2397 5060 qui
2435 4987 2625 5043 Graeca
2652 4985 2765 5041 fere
2797 4986 2983 5041 omnia
3014 4985 3157 5055 apud
3188 4982 3584 5052 Hieronymum

2002 5082 2056 5137 in
2101 5082 2353 5136 Latinam
2386 5081 2630 5151 linguam
2668 5085 2778 5132 tam
2812 5076 2954 5131 male
2998 5087 3160 5146 atque
3186 5076 3435 5144 imperite
3465 5091 3586 5130 ver-

2001 5175 2101 5230 tit?
2137 5173 2255 5229 lmo
2283 5172 2410 5243 quis
2437 5172 2505 5228 de
2540 5186 2772 5226 numero
2803 5170 3156 5240 epistolarum
3192 5167 3335 5239 apud
3385 5165 3582 5221 Hiero—

2001 5284 2224 5341 nymum
2260 5266 2507 5322 Honorio
2545 5264 2737 5321 credet
2768 5268 2825 5318 in
2870 5262 3101 5329 lauatio,
3139 5261 3235 5331 qui
3274 5260 3428 5317 novit
3457 5276 3580 5315 eum

2000 5358 2344 5430 inEpitome
2381 5371 2480 5413 sua
2525 5364 2608 5410 tet
2653 5353 2919 5425 opuscula
2960 5351 3316 5422 praeteriisse,
3361 5366 3485 5422 qua!
3514 5351 3583 5406 ab

1999 5454 2336 5524 Hieronymo
2368 5451 2425 5505 in
2458 5447 2716 5518 Catalogo
2747 5443 3286 5502 commemorantur?
3332 5441 3387 5496 In
3432 5441 3579 5495 Meli-

2000 5559 2149 5610 tone,
2184 5544 2325 5613 Περὶ
2352 5541 2704 5611 ἐνσωμάτου
2738 5538 2908 5604 Θεοῦ,
2933 5536 3127 5590 librum
3158 5552 3360 5599 unum;
3388 5536 3440 5588 in
3465 5534 3585 5587 Ale-

2000 5640 2230 5702 xandro,
2265 5634 2564 5705 Epistolam
2593 5633 2663 5685 ad
2685 5631 3025 5689 Antinoitas;
3054 5628 3106 5681 in
3130 5626 3274 5683 Julio
3300 5625 3579 5689 Africano,

2002 5730 2301 5801 Epistolam
2328 5728 2398 5782 ad
2453 5726 2734 5795 Origenem
2776 5740 2934 5793 super
2967 5723 3256 5793 qua'stione
3285 5719 3578 5781 Susannw,

1998 5836 2045 5879 et
2098 5823 2265 5876 aliam
2305 5821 2375 5875 ad
2407 5819 2701 5873 Aristidem
2750 5822 2815 5869 de
2840 5815 3146 5886 genealogia
3171 5812 3498 5872 Servatoris;
3523 5811 3579 5864 in

2000 5916 2322 5983 Novatiano,
2346 5914 2543 5969 librum
2562 5910 2638 5967 De
2670 5909 2963 5974 instantia;
2981 5908 3033 5963 in
3059 5906 3384 5971 Malehiouc,
3406 5902 3554 5957 Cra»
