4136 6386
592 394 651 445 7|
1643 389 1699 443 S.
1742 383 2091 444 IGNATIUS.
2134 415 2202 425 -—
2237 380 2786 439 PRULECOMENA.
3788 384 3863 437 72

586 517 703 568 dem
731 516 1008 585 epistolam
1036 517 1105 569 ad
1142 514 1447 586 Dionysium
1486 519 1535 563 et
1573 506 1871 571 Maximum
1895 522 1913 569 ;
1938 506 1993 560 in
2025 504 2162 559 Gre-
2194 512 2234 564 Α
2264 502 2364 563 tio,
2392 517 2554 570 quam
2585 510 2809 555 secutus
2830 510 2913 555 est
2956 500 3227 570 interpres
3258 500 3400 569 ejus,
3430 509 3484 555 et
3513 515 3636 569 quze
3670 499 3722 552 in
3753 498 3864 551 ile-

586 606 740 675 gorio
772 602 1631 672 NeocazsarcensiJ’anegyricum
1651 600 1721 652 ad
1756 598 2069 668 Origencm;
2104 595 2159 648 in

585 694 894 759 Lactantio,
931 695 1292 767 Symposium,
1315 704 1369 750 et
1394 694 1475 747 Ad
1537 691 1933 745 Demetrianum
1962 686 2163 755 episto-

584 789 760 844 larum
788 790 951 843 libros
980 790 1114 844 duos
1138 806 1155 853 ;
1180 790 1242 843 .in
1268 786 1593 849 Athanasio,
1644 783 2015 840 Ileortasticas
2042 779 2159 849 epi-

583 883 780 947 stolas;
813 885 866 936 in
898 882 1116 947 Acacio,
1140 880 1499 949 Συμμίκτων
1523 874 1868 945 ζητημάτων
1887 871 2162 926 volumina

584 991 707 1040 sex;
740 977 793 1029 in
831 974 1124 1029 Theodoro
1164 972 1583 1029 Commentarios
1612 969 1665 1021 iu
1707 965 2071 1029 Psalterium;
2105 964 2161 1018 in

582 1070 788 1141 Cyrillo
839 1056 1250 1137 Katnz'riaetc;
1293 1067 1347 1120 in
1402 1063 1628 1127 Basilio,
1661 1058 2047 1127 ‘Ao‘xnttxdr;
2105 1057 2163 1111 in

582 1162 846 1232 Gregorio
858 1159 1225 1222 Nazianzeno,
1240 1158 1378 1225 Περὶ
1397 1152 1834 1226 φιλοπτωχείας
1848 1166 1865 1214 ;
1879 1149 1935 1203 in
1953 1147 2164 1203 Joanne

582 1251 941 1314 Antiocheno,
964 1250 1105 1317 Περὶ
1135 1250 1466 1318 ἱερωσύνης
1489 1264 1506 1311 ;
1534 1247 1589 1301 ἰη
1622 1247 1745 1314 ipso
1765 1243 2004 1313 denique
2029 1241 2158 1297 Hie-

582 1358 831 1413 ronymo,
876 1342 1259 1396 Hebraicorum
1310 1341 1582 1393 nominum
1616 1338 1809 1392 librum
1841 1351 2025 1401 unum,
2063 1334 2163 1387 ad-

581 1452 759 1489 versus
804 1434 1148 1501 Iovinianum
1176 1433 1341 1487 libros
1365 1433 1523 1499 duos,
1562 1438 1619 1485 et
1654 1430 1723 1483 ad
1750 1426 2161 1482 Pammachium

582 1526 977 1597 Apologeticum
1034 1538 1091 1582 et
1132 1523 1482 1593 Epitaphium
1530 1522 1752 1593 penitus
1795 1519 2002 1584 omisit,
2037 1533 2162 1589 quae

580 1618 765 1672 omnia
816 1618 869 1671 in
933 1615 1249 1687 Hieronymi
1294 1614 1553 1685 Catalogo
1608 1613 1789 1668 adhuc
1818 1620 2055 1668 exstant.
2100 1612 2157 1666 In

581 1708 843 1781 Dionysio
872 1718 1057 1765 autem
1085 1709 1483 1773 Alexandrino,
1512 1716 1593 1761 tot
1617 1707 1881 1777 epistolas
1910 1715 1964 1761 et
1993 1718 2161 1775 opus-

580 1803 705 1858 cula
752 1802 955 1857 intacta
1026 1801 1315 1871 praeteriit,
1374 1808 1434 1855 ut
1478 1800 1599 1854 sine
1636 1799 1877 1854 maximo
1937 1797 2159 1853 lectoris

2264 594 2420 648 dieeo
2447 594 2635 648 cmlice
2663 604 3043 660 conservatur,
3085 595 3321 648 multum
3352 609 3382 646 a
3407 592 3697 646 recentiori
3731 592 3857 645 edi-

2264 685 2413 738 tione
2437 683 2637 747 dillert,
2661 699 2783 753 quae
2808 698 2839 737 e
2867 684 3095 753 reliquis
3127 684 3414 737 codicibus
3436 683 3709 751 descripta
3740 690 3853 746 est,

2263 784 2318 829 et
2346 776 2544 844 partim
2570 790 2601 828 a
2630 775 2851 845 vulgato
2900 775 3196 844 interprete
3234 790 3518 829 conversa.
3567 773 3685 828 Duo
3717 790 3856 845 prae-

2265 868 2423 937 cipue
2465 866 2585 922 loca
2641 867 2979 933 memorabo,
3027 884 3094 922 ex
3144 865 3500 935 inscriptione
3541 882 3736 931 unum,
3784 880 3858 919 ex

2265 976 2496 1031 corpore
2537 958 2793 1029 Epistulae
2836 958 3093 1025 alterum,
3132 957 3626 1024 utlntcrpolatoris
3651 973 3859 1012 manus

2266 1047 2558 1103 manifeste
2601 1056 2879 1118 appareat.
2932 1048 3117 1102 Codex
3173 1046 3483 1102 Mediceus:
3531 1048 3795 1115 Ἰγνάτιος
3827 1052 3860 1101 ὁ

2263 1139 2360 1191 καὶ⁵
2379 1137 2665 1209 Θεοφόρος,
2685 1137 3027 1208 Πολυκάρπῳ
3042 1136 3661 1209 ὲπισκόπῳἘκκλησίας
3680 1140 3864 1211 Σμυρ-

2264 1231 2448 1285 ναίων.
2483 1228 2760 1299 lnterpres
2794 1228 3155 1284 Usserianus:
3200 1226 3468 1300 Ignatius,
3493 1232 3585 1300 qui
3606 1240 3655 1284 et
3688 1231 3859 1285 Theo—

2262 1322 2485 1392 phorus,
2516 1320 2814 1391 Polycarpo
2861 1323 3101 1390 episcopo
3146 1319 3399 1375 Ecclesia:
3432 1320 3855 1392 Smyrnteorum.

2264 1413 2484 1484 Vulgati
2538 1412 2711 1467 Gra‘ci
2772 1412 3023 1467 codices:
3070 1412 3333 1481 Ἰγνάτιος
3375 1412 3699 1484 [ἐπίσκοπος
3734 1417 3860 1469 ’Λν-

2261 1506 2516 1577 τιοχείας,
2557 1506 2585 1557 ὁ
2614 1504 2705 1558 καὶ
2738 1505 2946 1575 μάρτυς
2988 1503 3161 1575 Ἰησοῦ
3190 1504 3474 1576 Χριστοῦ],
3507 1506 3860 1579 Πολυκάρπῳ

2262 1596 2546 1667 ὲπισκόπῳ
2578 1595 2903 1665 Ἐκκλησίας
2936 1595 3281 1666 Σμυρναίων.
3330 1596 3397 1650 Et
3450 1596 3715 1667 Vulgatus
3768 1600 3859 1653 in—

2261 1699 2505 1759 terpres:
2539 1688 2777 1759 lgnatius
2804 1684 3097 1757 [episcopus
3120 1686 3435 1751 Antiochia,
3463 1690 3555 1759 qui
3576 1698 3624 1743 et
3649 1700 3862 1760 martyr

2262 1781 2389 1835 Iesu
2412 1777 2660 1852 Christi],
2696 1777 2995 1850 Polycarpo
3040 1780 3280 1848 episcopo
3336 1778 3759 1850 Smyrnensium.
3790 1781 3857 1836 In

576 1894 743 1949 taedio
771 1908 836 1949 ea
865 1867 1189 1949 enumerare
1214 1908 1323 1947 non
1354 1894 1588 1961 possim.
1618 1890 1819 1957 Quidni
1843 1891 2010 1962 igitur
2037 1892 2157 1961 epi-

2263 1885 2493 1941 corpore
2544 1867 2803 1939 Epistula:
2869 1868 3043 1925 codex
3102 1868 3420 1925 Mediceus:
3472 1871 3637 1926 Πλέον
3686 1890 3861 1926 σπου-

578 1988 777 2043 stolam
809 1984 1025 2058 lgnatii,
1076 1987 1296 2057 proprie
1344 1986 1412 2041 ad
1461 1984 1823 2056 Polycarpum
1858 1985 2152 2055 scriptam,

576 2078 780 2151 pariter
826 2077 1140 2133 omitteret?
1188 2075 1330 2131 Leve
1363 2082 1448 2131 est
1496 2075 1735 2139 idcirco,
1788 2073 1902 2128 imo
1929 2088 2156 2142 prorsus

573 2172 868 2227 evanidum
901 2177 1311 2241 argumentum,
1359 2167 1507 2237 quod
1537 2183 1604 2221 ex
1634 2165 1853 2221 silentio
1878 2166 2158 2235 Augusto-

573 2266 839 2321 dunensis
866 2262 1115 2328 Honorii,
1149 2273 1262 2317 tam
1293 2260 1423 2315 mali
1459 2260 1795 2329 interpretis,
1829 2266 1944 2313 tam
2002 2258 2155 2313 intidi

572 2356 973 2427 epitomaturis,
1010 2355 1230 2410 deducit
1254 2352 1661 2419 Armachanus,
1693 2360 1754 2405 ut
1774 2351 1901 2406 inde
1931 2351 2157 2407 conclu-

572 2450 687 2515 dat,
710 2449 766 2502 in
792 2463 879 2514 ea,
911 2462 1035 2523 quae,
1055 2445 1376 2515 Hieronymi
1408 2453 1566 2499 aetate
1595 2444 1841 2497 omnium
1878 2442 2157 2497 terebatur

572 2542 831 2596 manibus
860 2539 1269 2609 lgnatiauarum
1295 2525 1657 2606 epistularum
1685 2536 1914 2608 sylloge,
1946 2536 2153 2589 nullam

574 2631 877 2703 Polycarpo
892 2630 1152 2702 privatim
1184 2629 1506 2699 inscriptam
1538 2628 1817 2684 exstitisse
1831 2629 2151 2699 epistolam:

572 2724 876 2793 praesertim
893 2738 1020 2778 cum
1039 2720 1310 2777 Eusebius
1333 2722 1498 2787 ἰδίως,
1523 2720 1889 2793 Hieronymus
1918 2722 2153 2792 proprie,

574 2816 682 2869 hoc
723 2824 811 2872 est
861 2813 1463 2888 privatim,Polycarpo
1496 2815 1819 2883 inscriptam
1855 2813 2027 2869 fuisse
2083 2822 2159 2868 tc-

572 2916 805 2963 stentur.
863 2907 1024 2962 Certe
1052 2907 1172 2977 pari
1207 2916 1532 2978 argumento
1592 2908 1865 2965 deducere
1918 2913 2154 2977 poterat,

571 3008 729 3054 aetate
756 2997 978 3055 Eusebii
1014 2998 1223 3053 nullam
1276 2997 1469 3068 lgnatii
1516 2999 1584 3054 ad
1614 2999 2037 3069 Pbiladelpbeos
2066 3012 2157 3051 ex-

572 3092 778 3147 stitisse
793 3091 1101 3161 epistolam,
1126 3090 1273 3163 quod
1287 3106 1408 3145 eam
1440 3089 1691 3146 Bullinus
1707 3089 2156 3159 interpretatione

570 3200 672 3239 sua
702 3185 972 3239 omiserit.

642 3277 910 3331 Praeterea
939 3284 1098 3331 aetate
1126 3274 1448 3347 Hieronymi
1486 3275 1707 3345 scripsit
1735 3274 1793 3330 S.
1819 3274 2150 3347 Chrysosto-

571 3386 716 3434 mus,
749 3380 802 3424 et
830 3368 1234 3440 lgnatianarum
1262 3369 1617 3439 epistularum
1645 3368 1863 3440 Sylloge
1885 3385 2021 3425 usus
2046 3380 2152 3437 est,

569 3479 691 3533 quae
723 3461 1011 3533 epistula'm
1047 3462 1301 3531 privatim
1334 3460 1637 3532 Polycarpo
1666 3461 1987 3531 inscriptam
2021 3480 2155 3518 eon-

570 3554 795 3611 tinebat.
817 3552 955 3609 Nam
982 3555 1037 3608 in
1058 3554 1333 3618 oratione,
1366 3553 1522 3619 Quod
1545 3570 1681 3608 unus
1717 3552 1917 3608 Veteris
1940 3564 1989 3608 et
2014 3554 2153 3610 Novi

573 3646 894 3701 Testamenti
916 3646 1212 3717 legislator,
1240 3647 1342 3716 ipsi
1360 3648 1678 3703 aveteribus
1709 3648 1996 3713 attributa,
2024 3665 2153 3704 sen-

568 3740 791 3793 tentiam
816 3738 1138 3809 quamdam,
1180 3740 1285 3794 sub
1314 3738 1512 3811 lgnatii
1548 3741 1771 3795 nomine
1808 3756 1873 3795 ex
1902 3743 2004 3796 hac
2034 3742 2151 3812 ipsa

567 3830 801 3900 epistola
830 3829 1127 3899 depromit,
1164 3845 1329 3899 quam
1358 3830 1501 3885 inter
1543 3838 1787 3885 veterum
1839 3832 2153 3887 testimonia

567 3932 759 3991 postea
797 3938 899 3977 suo
938 3923 1063 3978 loco
1093 3922 1464 3992 proferemus.
1498 3921 1670 3994 Negat
1702 3924 1926 3994 quidem
1958 3923 2151 3978 Arma-

568 4015 802 4081 chanus,
839 4014 1146 4069 orationem
1178 4014 1329 4069 illam
1358 4031 1480 4071 esse
1512 4014 1570 4070 S.
1594 4017 1975 4088 Chrysostomi
2009 4035 2023 4073 :
2058 4017 2153 4072 sed

571 4106 812 4161 rationes
839 4105 959 4175 ejus
984 4114 1239 4161 accurate
1266 4107 1726 4175 examinabimus,
1760 4125 1884 4164 cum
1910 4110 2156 4164 testimo-

571 4197 660 4249 nia
684 4212 783 4266 pro
803 4195 1012 4267 lgnatio
1038 4197 1276 4253 adducta
1307 4198 1377 4252 ab
1399 4199 1803 4270 objectiouibus
1824 4200 2009 4256 Dallazi
2038 4202 2157 4257 vin-

570 4288 896 4345 dicabimus.

646 4401 862 4458 Interim
890 4404 1033 4460 hanc
1064 4405 1132 4461 ad
1164 4404 1529 4478 Polycarpum
1550 4407 1839 4477 epistolam
1869 4424 1993 4465 esse
2015 4409 2158 4465 inter

571 4508 667 4549 eas
697 4510 818 4564 quae
857 4494 1098 4552 Eusebio
1146 4498 1381 4569 cognita:
1433 4507 1565 4554 sunt
1618 4502 2015 4557 numerandam
2068 4518 2157 4558 res

2260 1961 2413 2026 δαῖος
2472 1961 2624 2032 γίνου
2658 1955 2720 2015 οὗ
2745 1957 2817 2026 εἴ,
2846 1961 2974 2026 τοὺς
3024 1962 3251 2033 καιροὺς
3304 1963 3716 2033 καταμάνθανε·
3760 1963 3859 2019 τὸν

2259 2051 2596 2123 ὕπὲρκαιρον
2637 2049 2931 2122 προσδόκα,
2964 2050 3056 2104 τὸν
3098 2052 3347 2124 ἄχρονον,
3368 2051 3460 2105 τὸν
3482 2054 3733 2126 ἀόρατον,
3759 2054 3860 2108 τὸν

2257 2142 2324 2196 δι’
2369 2144 2519 2213 ἡμᾶς
2573 2142 2791 2214 ὁρατὸν,
2841 2142 2935 2195 τὸν
2987 2142 3363 2214 ἀψηλάφητον,
3395 2144 3490 2197 τὸν
3519 2146 3726 2217 ἀπαθῆ,
3763 2147 3860 2201 τὸν

2256 2233 2485 2306 δι’ἡμᾶς
2514 2234 2775 2304 παθητόν.
2802 2234 3072 2304 lnterpres
3097 2233 3429 2291 Usserianus
3450 2255 3462 2290 :
3483 2233 3615 2291 Plus
3645 2239 3860 2293 studio-

2257 2342 2350 2380 sus
2377 2327 2677 2397 ﬁas,quam
2704 2342 2793 2390 es;
2824 2334 3059 2394 tempora
3093 2326 3369 2381 considera
3395 2343 3413 2391 ;
3435 2344 3553 2381 eum
3570 2329 3660 2399 qui
3688 2346 3857 2397 supra

2260 2428 2466 2488 tempus
2515 2428 2782 2490 exspecta,
2814 2419 3237 2489 intemporalem,
3271 2420 3610 2484 inuisibilem,
3638 2433 3857 2491 propter

2259 2528 2354 2565 nos
2386 2512 2663 2577 visibilem,
2704 2511 3119 2581 impalpabilem,
3171 2512 3578 2582 impassibilem,
3638 2527 3858 2585 propter

2262 2620 2357 2657 nos
2382 2605 2710 2673 passibilem.
2744 2602 2954 2675 Vulgati
2979 2603 3150 2659 Graeci
3182 2605 3431 2661 codices:
3465 2607 3656 2660 Πλεῖον
3690 2610 3858 2678 πρόσ-

2259 2696 2351 2761 θες
2392 2698 2457 2768 τῇ
2501 2696 2703 2767 σπουδῇ
2729 2688 2789 2749 οὗ
2836 2691 2887 2749 εἷ
2922 2696 3081 2767 (satis
3130 2696 3858 2772 absurde),[suvrov¢brepov

2259 2785 2480 2859 δράμε],
2515 2788 2641 2849 τοὺς
2679 2788 2903 2855 καιροὺς
2948 2787 3332 2857 καταμάνθανε
3386 2787 3486 2860 [ὡς
3545 2791 3779 2844 ἐνταῦθα
3802 2787 3859 2845 εἴ

2257 2878 2478 2949 νίκησον
2498 2894 2510 2907 ·
2546 2871 2648 2932 ὧδε
2679 2880 2788 2951 γὰρ
2830 2880 2946 2932 ἐστὶ
2972 2880 3034 2933 τὸ
3068 2879 3303 2944 στάδιον,
3335 2882 3453 2934 ὲκτῖ
3479 2880 3535 2933 δὲ
3568 2883 3617 2935 οί
3649 2884 3852 2952 στένα-

2258 2969 2384 3041 νοι].
2425 2970 2710 3041 Προσδὸκα
2771 2968 3029 3043 [Χριστὸν
3066 2970 3159 3023 τὸν
3215 2972 3345 3025 Υίὺν
3392 2972 3487 3026 τοῦ
3542 2974 3725 3047 Θεοῦ],
3758 2977 3856 3045 οςρν

2258 3062 2488 3132 ἄχρονον
2522 3061 2604 3133 [ἐν
2636 3061 2860 3133 χρόνῳ],
2894 3061 2986 3115 τὸν
3025 3062 3257 3131 ἀόρατον
3290 3062 3378 3133 [τῇ
3420 3062 3625 3136 φύσει],
3655 3066 3855 3136 ὁρατὸν

2259 3150 2343 3224 [ἐν
2383 3151 2591 3224 caput],
2620 3153 2714 3207 τὸν
2746 3152 3099 3225 ἀψηλάφητον
3127 3152 3246 3224 [καὶ
3273 3154 3454 3224 ἀναφῆ
3503 3154 3581 3218 ὡς
3625 3156 3854 3227 ἀσώμα-

2178 3262 2221 3320 C
2256 3261 2369 3309 τον,
2402 3244 2469 3297 δι’
2510 3246 2661 3315 ἡμᾶς
2686 3244 2742 3297 δὲ
2785 3245 2955 3298 ἁπτὸν
3004 3247 3099 3299 καὶ
3143 3245 3464 3317 ψηλαφητὸν
3490 3248 3549 3300 ὲν
3588 3248 3854 3321 σώματι],

2253 3335 2345 3390 τὸν
2378 3335 2586 3407 ἀπαθῆε
2620 3335 2719 3407 [ὡς
2763 3335 2942 3408 Θεὸν],
2976 3336 3043 3390 δι’
3068 3338 3218 3407 ἡμᾶς
3263 3337 3321 3391 δὲ
3360 3338 3601 3409 παθητὸν
3628 3338 3727 3410 [ὡς
3757 3340 3858 3394 ἄν·

2256 3427 2592 3500 θρωπον].Ει
2619 3427 2885 3495 Vulgatus
2931 3429 3232 3498 interpres:
3276 3428 3580 3483 Plurimum
3604 3430 3740 3484 adde
3774 3432 3850 3484 ad

2256 3519 3072 3591 [estinationem,[con:inuanter
3098 3520 3298 3593 curre],
3326 3532 3562 3591 tempora
3593 3539 3857 3592 cognosce

2256 3616 2419 3685 [utin
2467 3616 2601 3683 ipsis
2649 3631 2852 3678 semper
2900 3616 3101 3669 vincas.
3152 3615 3255 3669 llic
3302 3617 3442 3669 enim
3479 3626 3557 3670 est
3587 3616 3851 3680 stadium,

2251 3703 2369 3757 illic
2397 3702 2646 3775 corona].
2683 3702 2943 3773 Exspecta
2984 3705 3285 3775 [Christum
3334 3704 3540 3759 Filium
3591 3705 3734 3779 Dei],
3766 3708 3865 3775 in:

2256 3796 2599 3863 temporalem
2632 3794 2710 3866 [in
2759 3794 3034 3866 tempore],
3083 3797 3395 3850 inuisibilem
3445 3795 3517 3868 [et
3561 3786 3867 3861 intactum,

2254 3897 2311 3938 ut
2336 3887 2725 3955 incorporeum,
2758 3901 3068 3952 corporeum
3115 3904 3234 3940 vero
3265 3898 3480 3957 propter
3524 3905 3618 3944 nos
3645 3897 3694 3942 et
3716 3906 3851 3942 con-

2257 3974 2629 4048 trectabilem],
2689 3977 3074 4046 impassibilem
3127 3976 3207 4049 [ut
3262 3979 3477 4051 Deum],
3538 3981 3853 4051 passibilem

2271 4084 2393 4121 vero
2424 4078 2636 4137 propter
2666 4084 2758 4121 nos
2791 4068 2869 4139 [ut
2914 4068 3223 4141 hominem].
3283 4069 3422 4126 Hinc
3472 4072 3639 4143 igitur
3700 4080 3854 4142 patet

2255 4157 2394 4212 duas
2424 4156 2593 4212 fuisse
2620 4158 2890 4212 editiones
2916 4157 3174 4227 Epistula:
3203 4160 3271 4214 ad
3302 4160 3666 4232 Polycarpum
3699 4163 3852 4217 mu!-

2259 4254 2375 4301 tum
2411 4248 2681 4315 diversas,
2716 4266 3035 4318 germanam
3069 4266 3256 4317 unam,
3288 4252 3673 4323 interpolatam
3708 4254 3849 4307 alte-

2257 4355 2375 4394 ram
2402 4358 2413 4392 :
2438 4355 2753 4411 germanam
2777 4350 2831 4395 et
2862 4343 3175 4411 primaevam
3224 4356 3476 4399 secutum
3507 4362 3627 4401 esse
3679 4346 3851 4399 inter-

2259 4440 2464 4502 pretem
2498 4428 2888 4501 Usserianum,
2935 4438 3297 4505 posteriorem
3329 4454 3425 4493 seu
3459 4438 3847 4507 interpolatum

2258 4524 2487 4580 vertisse
2518 4526 2863 4595 interpretem
2902 4527 3212 4600 Vulgatum.
3265 4528 3410 4584 Idem
3459 4531 3622 4586 etiam
3677 4530 3850 4599 liquet

574 4589 692 4694 ξβξθ
717 4587 1112 4694 ειη-πνειᾳιιιίθ,
1148 4592 1227 4645 uti
1256 4592 1479 4694 reliqua?
1508 4592 1938 4694 germana’r_ﬁfit
1962 4602 2017 4648 εί
2039 4594 2155 4665 ipsa
2187 4608 2232 4663 1)
2261 4632 2324 4672 ex
2356 4619 2538 4673 verbis
2566 4620 2631 4674 ad
2656 4587 2817 4674 linem
2861 4587 3136 4691 Epistblze,
3169 4625 3221 4677 in
3255 4621 3491 4694 Vulgato
3532 4587 3853 4679 (irascere-

574 4681 980 4751 interpolatoris
1024 4698 1189 4737 manu
1242 4685 1651 4740 contaminata:
1679 4686 1824 4755 quod
1857 4687 1925 4742 de
1955 4702 2156 4758 suppo-

574 4773 761 4827 sititiis
792 4788 900 4827 non
921 4782 1006 4828 est
1038 4774 1267 4829 omnino
1299 4774 1667 4831 sentiendum.
1700 4777 1864 4831 Aliud
1898 4779 2044 4832 enim
2072 4785 2156 4833 est

573 4865 859 4934 epistolam
899 4864 1106 4935 lingere
1131 4905 1144 4929 ,
1188 4864 1333 4921 aliud
1366 4881 1739 4937 corrumpere.
1774 4868 1906 4935 Qua:
1938 4872 2155 4926 suntab

574 4958 876 5025 impustore
912 4956 1090 5013 serius
1120 4959 1279 5023 lictaa,
1310 4959 1502 5013 eodem
1548 4960 1713 5015 modo
1766 4962 1988 5032 integrae
2022 4979 2157 5017 con-

575 5057 882 5115 servantur,
926 5064 1037 5118 quu
1074 5049 1313 5118 primum
1368 5060 1498 5106 sunt
1528 5053 2099 5125 consarcinatae:quaa
2124 5072 2155 5110 a
2208 5078 2211 5079 ν

575 5153 705 5191 vero
757 5149 983 5194 auctore
1013 5142 1252 5209 primum
1293 5141 1470 5209 facta},
1509 5154 1696 5213 postea
1730 5154 1859 5200 sunt
1887 5162 1916 5200 a
1949 5149 2156 5203 stellio-

575 5232 740 5287 nibus
768 5233 937 5287 variis
972 5239 1307 5291 assumentis
1346 5247 1741 5308 conspurcatee.
1772 5241 2155 5298 Armaebanus

574 5326 820 5393 quidem,
851 5328 1012 5397 cujus
1058 5344 1246 5384 animo
1273 5332 1547 5384 contraria
1580 5333 1848 5386 sententia
1872 5334 1979 5387 alte
2007 5336 2155 5390 inse-

575 5418 750 5482 derat,
785 5418 965 5474 nullas
1004 5421 1094 5475 hic
1142 5423 1591 5492 interpolationes
1641 5423 1997 5491 observavit;
2044 5428 2157 5479 imo

576 5522 827 5563 asserere
858 5526 967 5565 non
1003 5520 1087 5567 est
1109 5513 1338 5579 veritus,
1384 5514 1738 5583 interpretem
1770 5532 1954 5581 suum,
1992 5532 2155 5585 quem

576 5600 695 5668 ipse
716 5616 746 5655 e
777 5602 1016 5657 tenebris
1041 5606 1252 5673 primus
1275 5607 1442 5674 eruit,
1470 5607 1767 5677 Epistulam
1796 5609 1862 5663 ad
1896 5608 2157 5680 Polycar-

579 5708 707 5761 pum
736 5693 1003 5764 integram
1032 5711 1099 5751 ex
1127 5700 1431 5755 recentiore
1477 5700 1717 5755 editione
1752 5704 2155 5772 assumpsisse;

580 5785 722 5855 quod
755 5802 930 5855 primo
984 5789 1182 5843 intuitu
1211 5806 1240 5844 a
1267 5793 1495 5847 veritate
1548 5794 1784 5849 alienum
1821 5809 1944 5849 esse
1965 5796 2158 5865 depre-

582 5878 855 5934 henditur.
885 5879 1021 5935 Nam
1063 5882 1320 5952 primaeva
1347 5885 1511 5954 hujus
1552 5887 1714 5940 etiam
1754 5887 2009 5956 Epistulae
2039 5889 2155 5943 edi-

2258 4709 2379 4764 dice
2405 4710 2628 4777 additis,
2680 4711 2875 4782 Ἀμὴν,
2908 4716 2941 4783 ή
2969 4714 3148 4785 χάρις,
3187 4715 3391 4784 quibus
3432 4716 3763 4784 respondent
3787 4717 3848 4771 in

2258 4799 2493 4872 Vulgatu
2543 4803 2860 4874 interprete,
2905 4807 3091 4867 Amen.
3144 4808 3346 4877 gratia,
3395 4822 3570 4877 quaea
3602 4806 3849 4862 Mediceu

2257 4894 2444 4948 codice
2465 4902 2519 4948 et
2542 4894 2835 4965 interprete
2866 4894 3168 4951 Usseriano
3201 4913 3428 4967 prorsus
3459 4899 3678 4954 absunt.
3706 4898 3850 4956 Hinc

2256 4986 2402 5039 enim
2448 4986 2829 5043 Armachanus
2889 4990 3005 5059 ipse
3077 4990 3282 5060 colligit
3344 4991 3693 5046 Anastasium
3747 5009 3846 5061 pa-

2257 5076 2556 5132 triarcbam
2584 5077 2990 5135 Antioclienum
3040 5080 3186 5135 circa
3232 5098 3438 5135 annum
3462 5083 3592 5146 595,
3623 5083 3843 5153 vulgata

2258 5168 2371 5221 sive
2399 5168 2721 5237 interpolata
2752 5169 2989 5224 editione
3012 5170 3196 5225 Grmca
3224 5190 3383 5226 usum
3410 5171 3599 5229 fuisse.
3633 5174 3844 5243 Quippe

2256 5259 2553 5331 Gregorius
2582 5278 2719 5332 papa
2747 5258 3049 5329 Romanus,
3083 5263 3317 5336 Registri
3351 5267 3388 5320 ι.
3418 5283 3491 5331 ιν,
3530 5268 3719 5322 indict.
3757 5269 3840 5332 15,

2259 5352 2419 5420 epist.
2445 5351 2535 5419 '57,
2566 5367 2691 5406 cum
2717 5354 2783 5408 ad
2807 5357 2969 5409 linem
2993 5358 3236 5425 epistolae
3256 5373 3369 5412 sua:
3394 5358 3461 5411 ad
3488 5359 3840 5414 Anastasium

2259 5443 2477 5511 scripta:
2506 5446 2875 5512 apposuisset,
2922 5448 3108 5514 Amen,
3141 5452 3340 5518 gratia,
3385 5453 3570 5505 statim
3602 5452 3715 5506 lucc
3744 5453 3843 5506 ad-

2258 5534 2371 5587 dit:
2408 5532 2559 5599 Quw,
2596 5535 2853 5601 videlicet,
2884 5540 3040 5591 verba
3071 5541 3136 5592 de
3164 5541 3380 5609 scriptis
3410 5544 3598 5597 vestris
3631 5555 3844 5612 accepta

2258 5625 2315 5676 in
2353 5625 2481 5679 meis
2512 5627 2749 5694 epistolis
2787 5644 2945 5697 pono,
2980 5638 3038 5682 ut
3064 5630 3128 5684 de
3160 5630 3218 5686 S.
3261 5632 3477 5703 lgnatio
3523 5646 3695 5689 vestra
3721 5636 3843 5689 bea-

2260 5714 2432 5768 titudo
2463 5728 2764 5786 cognoscat,
2813 5719 2940 5789 quia
2970 5736 3072 5772 non
3116 5723 3290 5775 solum
3330 5734 3497 5778 vester
3535 5736 3636 5791 est,
3676 5728 3766 5780 sed
3791 5739 3842 5781 et

2258 5816 2456 5860 noster.
2493 5806 2639 5885 Sicut
2667 5811 2805 5863 enim
2825 5811 3133 5879 magistrum
3158 5816 3273 5882 ejus
3303 5818 3663 5885 apostolorum
3692 5822 3841 5888 prin-

2259 5895 2423 5967 cipem
2454 5896 2709 5965 habemus
2723 5917 3068 5963 communem.
3092 5907 3167 5960 ita
3196 5910 3657 5985 auoquecjusdcm
3680 5910 3815 5978 prin
