4136 6400
290 387 346 441 73

1044 397 1413 459 PEARSONH
1477 406 1794 465 VINDlCl/E
1870 410 2286 470 lCNATlANrE.
2324 446 2394 456 —-
2444 416 2855 477 PROQEMIUM.

3470 426 3537 482 Ἠ

280 504 407 569 cipis
449 503 789 575 discipulum
840 509 1020 567 nullus
1069 525 1308 571 nostrum
1346 516 1535 573 habeat
1580 521 1863 589 privatum.
1894 528 1942 585 Α
1967 524 2177 581 chanus
2203 542 2321 582 eam
2348 538 2556 599 partem
2587 533 3083 603 velutadjectitiam
3109 550 3372 597 resectam
3402 543 3542 601 fuls-

278 595 409 650 Cum
456 596 629 665 igitur
676 601 799 657 bare
848 606 1014 661 verba
1054 607 1243 680 Ἀμὴν,
1284 611 1316 681 ἡ
1373 611 1553 682 χάρις,
1594 613 1659 666 ad
1704 614 1866 669 tinem

278 685 526 757 Epistola:
564 691 636 745 ad
674 690 972 763 Ephesios,
998 708 1051 753 et
1072 700 1275 769 pariter
1309 701 1477 772 hujus
1514 706 1581 757 ad
1605 703 1865 774 Polycar-

275 794 400 846 pum
432 782 693 851 apposita
726 786 1102 855 reperiantur,
1131 801 1377 860 apparet,
1404 802 1695 865 utramque
1719 796 1865 865 pari-

272 877 352 921 ter
379 869 549 923 etiam
583 870 682 926 illo
715 890 832 928 aevo
857 876 1031 933 fuisse
1068 880 1472 950 interpolatam.

337 960 421 1015 Ad
445 960 567 1018 haec
586 966 779 1020 omnia
801 968 1034 1025 ulterius
1057 972 1431 1030 conﬁrmanda
1456 977 1690 1032 multum
1721 979 1865 1035 valet

268 1051 321 1105 id
347 1053 497 1122 quod
529 1070 636 1110 nos
669 1057 836 1125 primi
886 1062 1324 1131 observavimus,
1355 1065 1529 1124 fuisse
1558 1070 1862 1139 antiquitus

266 1144 435 1199 aliam
485 1144 912 1217 lgnatianorum
964 1154 1285 1222 editionem,
1339 1170 1534 1227 praeter
1585 1176 1678 1217 eas
1723 1171 1858 1230 tres,

264 1252 406 1306 quas
460 1251 743 1296 memorat
789 1241 1071 1301 Usserius.
1117 1246 1250 1303 Erat
1297 1258 1479 1305 autem
1531 1252 1647 1308 haec
1691 1256 1861 1313 editio

261 1331 516 1385 omnium
554 1341 611 1387 et
638 1336 888 1390 solarum
923 1338 1282 1407 epistolarum
1324 1359 1463 1414 quas
1504 1346 1641 1401 vidit
1680 1346 1854 1403 Euse-

261 1421 409 1489 bius,
442 1424 540 1479 sed
574 1425 1054 1497 interpolatarum.
1082 1430 1268 1504 Neque
1304 1436 1421 1491 haec
1442 1447 1524 1492 est
1540 1439 1857 1510 conjectura

258 1529 435 1568 mera.
464 1513 660 1572 Habeo
683 1519 831 1573 enim
862 1523 1144 1593 exemplar
1168 1540 1275 1581 ms.
1314 1525 1565 1584 Graecum
1595 1532 1858 1601 epistola-

254 1623 381 1662 rum
432 1606 876 1680 lgnatianarum,
910 1615 1045 1669 mihi
1076 1617 1244 1672 aviro
1288 1619 1452 1675 docto
1479 1630 1534 1677 et
1558 1624 1858 1695 antiquitau-

256 1709 373 1753 tum
412 1700 643 1757 curioso
680 1706 1177 1774 communicatum,
1209 1709 1325 1765 sine
1358 1712 1501 1767 ﬁctis
1527 1721 1581 1769 et
1604 1717 1855 1786 supposi-

252 1790 391 1847 titiis
423 1791 663 1863 (septem
688 1795 836 1849 enim
854 1805 1072 1853 tantum
1098 1803 1272 1873 sunt,)
1303 1802 1399 1859 sed
1423 1820 1548 1860 cum
1573 1822 1855 1864 assumen-

1971 632 2030 672 se
2053 619 2370 686 arbitratur,
2399 624 2536 692 quod
2573 632 2683 678 tam
2730 626 2897 680 multa
2952 631 3006 682 in
3057 648 3120 684 ea
3171 637 3543 703 reperirentur,

1966 726 2084 768 quae
2116 712 2185 764 ad
2217 712 2508 769 Ecclesium
2546 716 2942 788 Smyrnworum
2975 726 3143 794 magis
3192 730 3544 795 pertinebant,

1967 818 2125 872 quam
2175 803 2245 856 ad
2304 804 2450 858 illius
2506 808 2805 878 episcopum
2852 811 3263 883 Polycarpum;
3324 821 3387 873 ab
3434 823 3545 878 illis

1965 890 2221 957 videlicet,
2255 895 2419 948 verbis
2437 897 2519 949 sui
2552 897 2851 967 interpretis
2870 916 2889 954 :
2919 922 2937 953 ‹
2966 902 3222 976 Episcopo
3257 913 3545 971 attendite:

1964 990 2023 1035 ut
2047 992 2095 1035 et
2117 980 2259 1038 Deus
2294 985 2459 1040 vobis.
2492 1007 2510 1039 ι
2556 988 2659 1044 Sed
2700 992 2816 1047 haec
2837 995 3155 1063 conjectura
3179 1002 3417 1070 seipsam
3443 1005 3538 1073 ju-

1964 1071 2133 1142 gulat.
2160 1072 2344 1145 Neque
2374 1079 2518 1133 enim
2543 1091 2753 1137 resecta
2783 1084 3157 1155 interpretatio
3182 1091 3410 1148 dicenda
3435 1071 3538 1160 est,
3617 1127 3620 1130 ~

1962 1179 2126 1235 quam
2185 1182 2427 1237 unquam
2455 1173 2733 1229 exstitisse
2792 1191 2901 1231 non
2945 1188 3183 1237 constat.
3234 1183 3441 1254 Neque,
3494 1198 3543 1244 st

1962 1277 2204 1332 unquam
2253 1264 2545 1327 exstiterit,
2595 1266 2670 1320 ibi
2722 1280 2933 1325 resecta
3000 1282 3103 1339 est,
3159 1275 3251 1329 ubi
3297 1277 3541 1348 lgnatius

1964 1349 2276 1409 varnatos
2306 1355 2626 1422 alloquitur,
2682 1358 2777 1412 sed
2810 1360 2984 1414 multo
3008 1365 3294 1432 superius;
3333 1385 3438 1422 non
3470 1371 3536 1424 ad

1959 1457 2023 1496 ea
2050 1445 2235 1509 verba,
2282 1445 2541 1514 Episcopo
2581 1448 2854 1512 attendite,
2885 1459 2941 1501 ut
2980 1460 3029 1503 et
3072 1451 3212 1507 Deus
3246 1456 3408 1523 vobis,
3444 1460 3537 1515 sed

1961 1535 2029 1589 ad
2060 1535 2160 1589 ista
2184 1535 2347 1606 longe
2378 1536 2600 1605 priora:
2631 1534 2932 1592 Secundum
2956 1558 3159 1596 omnem
3190 1547 3401 1600 modum
3422 1567 3543 1619 pro~

1956 1634 2072 1694 pter
2100 1642 2195 1679 nos
2235 1626 2601 1682 sustinentem.
2646 1627 2979 1698 lneptissimi
3024 1641 3170 1686 certe
3216 1634 3456 1693 hominis
3485 1645 3541 1692 et

1956 1717 2098 1771 male
2147 1717 2448 1787 feriati,.ne
2481 1720 2659 1774 dicam
2716 1721 2897 1776 insani
2949 1723 3164 1792 fuisset,
3210 1736 3288 1781 tot
3326 1739 3539 1785 senten-

1957 1808 2061 1864 tias
2097 1809 2165 1864 ad
2197 1809 2559 1881 Polycarpum
2594 1813 2849 1883 utrinque
2885 1816 3217 1885 pertinentes
3238 1820 3358 1875 ideo
3389 1838 3544 1877 rese-

249 1884 323 1938 tis
351 1884 585 1953 quidem
618 1886 713 1941 diu
748 1898 876 1958 post
902 1889 1202 1948 Eusebium
1234 1894 1343 1951 imo
1371 1906 1427 1952 et
1454 1897 1733 1957 Gelasium
1764 1902 1847 1958 fa-
1886 1913 1927 1968 Β
1952 1914 2097 1965 care,
2131 1901 2278 1970 quod
2307 1901 2583 1958 nonnullae
2629 1903 2927 1974 interiecta:
2976 1909 3042 1963 ad
3082 1907 3392 1981 Smyrnazos
3416 1929 3504 1968 ina
3524 1940 3541 1951 ε

244 1978 378 2041 etis,
404 1978 679 2049 episrolas
704 1983 809 2037 hoc
835 1984 1031 2040 ordine
1054 2002 1473 2059 repraesentans.

321 2069 473 2140 Πρὸς
506 2071 884 2144 Τραλλησίους
914 2077 993 2132 A'.
1030 2076 1177 2152 Πρὸς
1206 2084 1557 2157 Μαγνησίους
1587 2086 1661 2141 B'.
1706 2090 1850 2162 Πρὸς

243 2159 616 2233 Φάαδελφεῖς
636 2165 714 2219 I".
751 2165 898 2238 Πρὸς
940 2169 1278 2244 Σμυρναίους
1298 2178 1373 2229 Δ’.
1398 2176 1543 2248 Πρὸς
1565 2159 1847 2252 Πολύκὰρ-

244 2273 351 2346 τῷν
372 2258 681 2315 ἐπίσκοπον
705 2261 962 2337 Σμύρνης
992 2266 1069 2320 Ε¹.
1099 2267 1244 2339 Πρὸς
1270 2267 1551 2341 Ἐφεσίους
1580 2276 1670 2342 (τ’.
1704 2274 1848 2346 Πρὸς

256 2344 574 2419 Ῥωμαίους
600 2354 676 2407 Z'.

320 2437 478 2498 Hanc
506 2459 617 2515 ego
646 2446 944 2504 editionem
994 2452 1323 2521 peculiarem
1365 2462 1419 2510 et
1458 2456 1527 2511 ab
1566 2458 1688 2513 aliis
1733 2460 1848 2515 dis-

245 2531 481 2588 tinctam
543 2536 789 2604 invenio,
839 2540 1077 2611 ideoque
1112 2557 1212 2613 pro
1252 2544 1429 2602 tribus
1459 2544 1669 2604 Usserii
1709 2565 1847 2620 qna-

244 2634 376 2681 tuor
404 2626 661 2684 diversas
704 2628 900 2700 lgnatii
950 2632 1221 2690 editiones
1244 2635 1375 2691 olim
1404 2639 1709 2697 obtinuisse
1732 2651 1845 2698 sta-

241 2725 365 2772 tuo.
396 2716 589 2775 Prima
620 2720 726 2776 fuit
766 2739 1052 2792 germana,
1104 2728 1461 2797 epistolarum
1510 2741 1723 2789 tantum
1753 2751 1844 2792 se~

243 2819 394 2877 ptem
419 2827 496 2882 :.a
524 2811 835 2887 Polycarpo
857 2817 1027 2884 edita,
1061 2828 1114 2873 et
1141 2820 1314 2891 ipsius
1341 2821 1598 2894 Epistolze
1625 2827 1693 2881 ad
1713 2826 1842 2882 Phi.

242 2903 553 2974 lippenses,
594 2907 649 2961 in
682 2919 960 2965 conventu
993 2910 1139 2968 Asiae
1181 2914 1354 2982 lectae,
1408 2918 1679 2988 subjecta,
1733 2920 1844 2977 Ire-

243 3010 395 3063 meo,
448 2995 796 3069 Theophila,
850 2998 1109 3073 Origeni,
1160 3002 1429 3071 Eusebio,
1497 3008 1842 3080 Athanasio,

238 3086 677 3159 Cbrysostomo,
751 3090 1109 3165 Hieronymo,
1173 3093 1543 3165 Theodoreto,
1594 3099 1838 3169 Gelasio,

240 3176 571 3246 Ephraimo,
599 3180 878 3236 Antiocho
902 3183 1141 3254 COgnita.
1201 3184 1454 3241 Secunda
1492 3186 1598 3243 fuit
1621 3204 1843 3244 earum-

238 3268 365 3324 dem
417 3272 784 3341 epistolarum
834 3284 1070 3346 septem,
1114 3277 1210 3333 sed
1262 3278 1627 3350 interpolata:
1660 3283 1841 3353 qualis

238 3379 297 3432 in
320 3374 521 3421 nostro
550 3368 858 3438 exemplari
898 3368 1094 3425 Graeco
1144 3385 1252 3425 ms.
1303 3381 1507 3438 exstat,
1561 3373 1843 3445 Stephano

236 3454 484 3524 Gobaro,
515 3458 816 3517 Anastasio
846 3462 1177 3532 patriarcha;
1205 3463 1570 3533 Antiocheno,
1592 3475 1648 3522 et
1666 3466 1842 3523 Chro-

235 3550 347 3605 nici
395 3551 766 3608 Alexandrini
815 3556 1257 3611 consarcinatori
1307 3566 1621 3628 conspecta.
1652 3557 1839 3615 Tertia

234 3643 407 3699 editio
458 3643 593 3710 fuit,
620 3660 689 3700 ex
723 3657 931 3716 septem
990 3648 1267 3719 genuinis,
1300 3658 1354 3704 et
1400 3659 1641 3721 quatuor
1696 3652 1838 3708 ﬁctis

237 3753 333 3791 seu
360 3744 741 3812 supposititiis
765 3742 1026 3812 conﬂata,
1059 3746 1241 3815 qualis
1263 3746 1319 3800 in
1353 3745 1597 3803 Mediceo
1621 3750 1832 3814 codice,

236 3831 619 3903 etinterprete
658 3834 957 3892 Usseriano
1011 3848 1319 3909 comparet,
1378 3839 1577 3895 Joanni
1628 3841 1832 3899 Dama-

234 3924 529 3989 sceno,’et
555 3926 797 3983 Antonio
849 3940 1134 4001 usurpata.
1186 3930 1396 3997 Quarta
1443 3933 1680 4005 denique
1710 3934 1833 4005 fuit,

236 4026 299 4067 ex
352 4024 575 4086 septem
626 4019 993 4091 interpolatis,
1060 4030 1113 4077 et
1163 4024 1407 4095 quinque
1468 4028 1833 4098 supposititiis

237 4118 527 4175 constans,
563 4112 766 4180 addita,
798 4115 1030 4182 scilicet,
1061 4114 1304 4187 Epistola
1338 4118 1406 4173 ad
1429 4118 1830 4192 Philippenses,

235 4203 523 4261 postremo
564 4198 687 4255 loco
718 4201 865 4270 ﬁcta,
902 4204 1085 4273 qualis
1128 4206 1182 4259 in
1209 4205 1531 4278 Augustano
1564 4212 1752 4269 codice
1780 4223 1833 4269 et

235 4279 647 4354 Nidprucciano
690 4305 1114 4365 repraasentatur
1145 4308 1197 4354 et
1221 4314 1250 4353 a
1274 4302 1495 4372 vulgato
1537 4303 1833 4377 interprete

236 4376 509 4447 redditur,
536 4383 836 4441 Anastasio
862 4389 1205 4460 presbytero,
1238 4400 1293 4446 et
1319 4393 1494 4450 Adoni
1528 4376 1830 4455 Viennensi

236 4465 369 4521 visa.
404 4464 570 4526 Unde
609 4474 783 4545 liquet
830 4476 1137 4547 Epistolam
1169 4482 1237 4536 ad
1265 4481 1629 4556 Polycarpum
1662 4489 1717 4543 in
1743 4505 1830 4549 se-

1870 3263 1914 3320 C

1856 2031 1861 2035 .
1953 1990 2036 2061 gis
2069 1992 2343 2061 pertinere
2372 1994 2707 2051 viderentur.
2736 1996 2854 2052 Alia
2890 1999 3055 2068 igitur
3098 2002 3264 2071 hujus
3292 2005 3369 2059 rei
3394 2006 3538 2061 ratio

1952 2080 2224 2138 reddenda
2253 2092 2373 2151 est;
2400 2096 2453 2140 et
2489 2100 2622 2141 sane
2648 2101 2715 2141 ex
2743 2090 3013 2144 sententia
3048 2103 3237 2147 nostra
3272 2109 3535 2166 perquam

1950 2172 2246 2230 luculenta.
2275 2174 2541 2247 Vulgatus
2573 2178 2662 2232 ille
2689 2179 2958 2249 interpres
2989 2196 3092 2237 nec
3115 2183 3329 2252 plenam
3376 2187 3535 2243 nobis

1952 2265 2367 2337 inscriptionem
2414 2269 2586 2335 dedit,
2619 2286 2719 2326 nec
2751 2270 3073 2342 Epistolam.
3124 2274 3285 2331 Ratio
3317 2280 3531 2334 utrius-

1950 2372 2055 2427 que
2074 2358 2319 2414 defectus
2365 2361 2593 2416 eadem:
2625 2363 2888 2431 quoniam
2933 2366 3191 2434 epistolas
3221 2370 3334 2438 jam
3362 2371 3534 2425 inter-

1949 2448 2160 2517 polatas
2188 2448 2381 2506 Latine
2407 2453 2632 2508 reddere
2661 2454 2994 2510 instituerat.
3036 2456 3326 2529 Inscriptio
3356 2462 3531 2531 priori

1948 2551 2105 2612 parte
2127 2543 2460 2614 interpolata
2489 2555 2575 2601 est
2605 2587 2620 2614 ,
2652 2548 2943 2617 posteriori
2980 2550 3239 2615 minime:
3293 2557 3532 2623 priorem

1950 2636 2118 2705 igitur
2168 2645 2384 2706 partem
2456 2639 2871 2711 interpretatus,
2928 2644 3288 2711 posteriorem
3368 2649 3534 2717 plwe

1948 2729 2157 2784 omisit.
2213 2728 2426 2786 Pariter
2474 2733 2624 2802 prior
2660 2750 2788 2803 pars
2830 2735 3084 2806 Epistola:
3129 2738 3416 2811 insigniter
3446 2742 3531 2796 in-

1947 2822 2207 2890 terpolata
2229 2832 2354 2889 est;
2387 2826 2677 2893 posteriori
2717 2842 2881 2881 unum
2913 2838 3008 2883 aut
3054 2830 3287 2885 alterum
3332 2833 3534 2889 verbu-

1947 2911 2060 2966 lzm
2091 2913 2390 2983 adjectum.
2423 2914 2670 2971 Priorem
2723 2918 2889 2989 igitur
2939 2929 3148 2990 partem
3200 2922 3529 2993 interprets-

1947 3013 2057 3072 tus,
2109 3008 2471 3075 posteriorem
2503 3011 2725 3079 penitus
2750 3014 2960 3078 omisit,
3016 3013 3163 3084 quod
3209 3027 3376 3082 esset,
3409 3019 3531 3087 opi-

1946 3109 2069 3163 nor,
2100 3096 2169 3151 ab
2201 3097 2309 3152 alio
2354 3098 2650 3168 interprete
2686 3101 2841 3170 prius
2878 3101 3108 3157 reddita.
3145 3101 3321 3172 Hujus
3346 3112 3528 3158 autem

1944 3188 2025 3242 rei
2070 3188 2284 3259 signum
2322 3191 2797 3247 evidentissimum
2846 3194 2981 3248 mihi
3015 3196 3251 3262 videtur,
3283 3198 3429 3266 quod
3470 3198 3528 3251 in

1944 3280 2127 3337 verbis
2172 3283 2533 3353 interpolatis,
2580 3292 2638 3337 ut
2678 3285 2964 3351 hominem,
3002 3287 3255 3343 desinat:
3290 3289 3526 3358 reliqua,

1945 3374 2230 3428 secundum
2292 3392 2495 3430 omnem
2566 3375 2782 3430 modum
2846 3388 3059 3447 propter
3116 3396 3210 3434 nos
3260 3382 3527 3435 sustinent-

1946 3475 2069 3533 tem,
2094 3467 2220 3523 licet
2242 3468 2311 3522 ad
2331 3468 2581 3524 eamdem
2611 3470 2937 3525 sententiam
2966 3472 3319 3540 pertinentia,
3357 3475 3525 3528 omit-

1942 3570 2043 3617 tat.

2014 3651 2252 3707 Proinde
2296 3663 2503 3723 septem
2550 3654 2815 3724 epistolas
2841 3655 2911 3709 ab
2940 3654 3178 3712 Eusebio
3208 3656 3265 3711 S.
3316 3656 3525 3728 lgnatio

1942 3745 2233 3800 attributas
2259 3761 2493 3813 censeo;
2528 3747 2669 3801 inter
2710 3761 2805 3801 eas
2843 3745 3143 3816 Epistolam
3170 3749 3237 3802 ad
3269 3748 3529 3820 Polycar~

1940 3850 2070 3904 pum
2104 3837 2500 3892 numerandam
2532 3837 2774 3904 aﬂirmo;
2800 3838 3020 3893 easdem
3060 3853 3253 3893 omnes
3279 3839 3334 3893 in
3360 3838 3528 3911 Poly'

1938 3924 2199 3995 carpiana
2230 3927 2521 3997 συναγωγῇ
2556 3926 2839 3991 collectas,
2869 3925 3112 3996 epistolae
3134 3925 3276 3996 ejus,
3308 3926 3365 3980 in
3388 3930 3526 3981 con-

1936 4028 2103 4075 ventu
2146 4018 2288 4074 Asiae
2310 4034 2408 4090 per
2440 4019 2649 4089 aliquot
2674 4018 2872 4073 saecula
2918 4018 3135 4089 publice
3172 4018 3345 4087 lectae,
3389 4019 3525 4076 sub-

1935 4112 2175 4183 junctas,
2201 4120 2255 4167 et
2274 4127 2302 4166 a
2329 4120 2523 4167 sancto
2544 4122 2783 4183 martyre
2807 4121 3149 4183 conscriptas
3170 4112 3342 4168 fuisse
3371 4127 3525 4169 asse-

1935 4214 2192 4261 veranter
2215 4205 2510 4260 contendo.
2545 4203 2881 4260 Sententiam
2907 4205 3094 4261 Dallaai
3125 4206 3193 4262 de
3216 4206 3522 4276 impostore

1935 4298 2137 4369 primo,
2189 4312 2286 4353 sex
2314 4296 2574 4367 epistolas
2604 4305 2726 4366 post
2754 4297 3018 4354 ducentos
3044 4299 3113 4353 ab
3143 4297 3340 4369 lgnatii
3372 4315 3522 4354 mar-

1934 4389 2079 4461 tyrio
2101 4404 2278 4445 annos
2310 4388 2368 4443 in
2398 4388 2574 4444 lucem
2620 4387 2955 4459 proferente,
2998 4398 3053 4443 et
3078 4390 3342 4456 secundo,
3368 4388 3517 4445 illam

1933 4482 2001 4537 ad
2036 4480 2398 4553 Polycarpum
2450 4490 2576 4552 post
2626 4480 2893 4538 ducentos
2941 4482 3105 4537 etiam
3159 4483 3298 4539 alios
3330 4492 3519 4553 partu-

233 4559 411 4612 cunda
442 4572 500 4616 et
530 4576 728 4633 quarta
758 4568 999 4627 editione
1048 4575 1368 4643 apparuisse
1414 4576 1825 4649 interpolatam,
1859 4605 1907 4665 ο
1930 4574 2128 4643 riente,
2161 4574 2498 4646 ﬁgmentum,
2528 4574 2642 4629 imo
2665 4584 2977 4645 portentum
2997 4589 3120 4631 esse
3140 4575 3351 4647 judico.

232 4661 285 4699 In
309 4648 472 4701 tertia
502 4652 572 4703 ab
598 4656 751 4709 omni
784 4670 1106 4715 assumento
1130 4661 1380 4727 liberam,
1411 4678 1475 4719 ac
1504 4648 1734 4734 proinde
1753 4648 1822 4721 ex

231 4737 492 4804 primaeva
527 4738 585 4794 in
629 4746 847 4801 tertiam
893 4749 1015 4804 sine
1045 4750 1157 4806 ulla
1204 4750 1625 4823 iuterpolatione
1650 4754 1823 4813 fuisse

228 4828 557 4888 derivatam.

299 4919 439 4975 Hinc
468 4926 638 4981 etiam
668 4936 855 4997 patere
882 4942 1085 5003 potest,
1125 4937 1255 5007 quid
1279 4937 1624 4994 sentiendum
1660 4941 1731 4995 sit
1754 4942 1821 4997 de

235 5013 464 5085 \‘ulgato
496 5018 795 5087 interprete
852 5022 1072 5092 Latino,
1120 5030 1265 5098 apud
1319 5047 1483 5101 quem
1546 5036 1820 5102 posterior

227 5124 352 5175 pars
387 5108 650 5180 Epistola:
675 5114 744 5167 ad
789 5114 1153 5189 Polycarpum
1184 5138 1293 5178 non
1324 5134 1570 5195 apparet.
1617 5125 1816 5182 Arma-

529 5939 810 5999 Ριτῑιοι..
866 5931 967 5992 Gn
1017 5925 1089 5991 V.

2000 4670 2178 4741 Atque
2210 4672 2326 4727 haec
2349 4673 2416 4728 de
2442 4682 2587 4741 ortu,
2646 4688 2941 4744 progressu
2975 4680 3029 4728 et
3070 4672 3337 4729 hodierno
3369 4681 3512 4729 statu

1929 4762 2097 4833 hujus
2122 4768 2527 4833 controversiae,
2555 4767 2978 4824 introductionis
3009 4782 3182 4832 more,
3202 4774 3367 4837 atque
3396 4784 3516 4837 per-

1928 4854 2243 4925 spicuitatis
2267 4856 2443 4928 gratia
2475 4857 2683 4914 dixisse
2720 4857 2955 4914 sufﬁciat
2983 4878 2996 4914 :
3040 4876 3164 4931 quae
3191 4860 3314 4915 loco
3344 4859 3511 4914 trium

1930 4961 2176 5015 priorum
2212 4948 2450 5018 capitum
2508 4949 2635 5005 libri
2687 4948 2968 5019 Dallmani,
3025 4959 3081 5006 et
3109 4950 3309 5022 prioris
3340 4950 3506 5004 etiam

1926 5039 2108 5109 quarti
2145 5041 2317 5111 partis
2346 5042 2597 5111 ponenda
2630 5043 2845 5107 censui,
2895 5052 2957 5099 ut
2994 5044 3064 5100 ad
3084 5058 3146 5100 ea
3171 5042 3316 5099 aliud
3348 5042 3509 5114 quid-

1926 5131 2071 5199 piam
2104 5147 2365 5202 reponere
2391 5148 2615 5192 necesse
2641 5151 2752 5190 non
2778 5136 2850 5191 sit
