4136 6384
649 369 735 431 τη
1711 382 1769 436 S.
1809 379 2155 438 lGNATlUS.
2189 411 2259 424 —-
2296 380 2828 440 PROLEGOIENA.
3829 391 3900 451 76

660 532 3884 570 W—

1438 726 2263 817 VINDICIARUM
2346 730 2631 819 PARS
2703 735 3079 823 PRIMA

652 905 786 980 Qua
852 916 1224 988 argumenta
1280 926 1395 989 pro
1424 912 1487 973 S.
1526 909 1757 990 lgnatii
1792 908 2083 997 epistolis
2122 927 2171 997 .e
2242 918 2525 997 veterum
2571 914 2961 977 testimoniis
3028 918 3408 997 afferuntur,
3462 930 3523 985 et
3585 941 3621 986 a
3668 924 3893 989 Dallasi

1772 988 2263 1066 exceptionibus
2321 991 2750 1055 vindicantur.

1095 1156 1326 1212 CAPUT
1351 1155 1639 1212 PRIMUM.

648 1246 980 1317 Argumenta
1009 1265 1101 1314 pro
1128 1246 1185 1301 S.
1220 1247 1420 1317 lgnatii
1452 1246 1686 1314 epistolis
1727 1254 1848 1299 sunt
1888 1246 1965 1300 vel
2001 1254 2217 1299 externa

718 1319 793 1372 vel
817 1319 1044 1372 interna.
1076 1318 1313 1373 Externa
1341 1335 1372 1370 a
1400 1318 1730 1378 testimoniis,
1763 1317 1969 1371 interna
2000 1317 2063 1369 ab
2087 1318 2215 1385 ipsis

717 1388 977 1455 epistolis.

716 1501 789 1556 Ut
816 1502 1127 1572 probemus,
1153 1510 1247 1555 aut
1272 1515 1591 1569 persuasum
1622 1500 1942 1567 habeamus,
1961 1500 2216 1569 epistolas

644 1596 830 1661 hasce,
881 1594 948 1649 de
991 1594 1191 1665 quibus
1219 1592 1473 1658 dicimus,
1515 1608 1635 1662 quae
1677 1608 1821 1647 nunc
1868 1594 1921 1646 in
1967 1594 2211 1647 omnium

643 1685 897 1740 manibus
926 1693 1075 1751 sunt,
1104 1693 1158 1739 et
1195 1682 1383 1753 lgnatii
1421 1698 1530 1752 pra:
1566 1698 1625 1737 se
1652 1699 1852 1738 nomen
1890 1683 2091 1749 ferunt,
2124 1700 2214 1739 re-

639 1791 770 1830 vera
802 1776 871 1831 ab
901 1777 993 1830 illo
1024 1776 1377 1831 Antiochena‘
1412 1774 1667 1829 Ecclesiae
1693 1776 1956 1840 antistite,
1995 1787 2214 1846 aposto—

640 1870 817 1923 lorum
849 1869 1117 1938 discipulo
1171 1881 1225 1923 et
1254 1869 1601 1925 sanctissimo
1633 1879 1888 1938 martyre,
1931 1870 2077 1923 circa
2110 1870 2212 1923 ini-

638 1961 776 2015 tium
815 1960 1040 2014 secundi
1085 1959 1267 2014 saeculi
1302 1958 1471 2014 fuisse
1506 1961 1867 2029 conscriptas,
1912 1976 2022 2014 non
2064 1960 2212 2013 aliud

636 2054 934 2123 quidquam
961 2069 991 2107 a
1017 2053 1198 2119 nobis,
1241 2053 1336 2123 qui
1376 2053 1477 2107 hac
1512 2062 1667 2107 aetate
1706 2053 1961 2119 vivimus,
2000 2062 2095 2107 aut
2126 2068 2213 2107 re-

634 2146 779 2215 quiri
837 2154 934 2200 aut
983 2146 1289 2215 exspectari
1331 2153 1528 2215 potest,
1579 2161 1742 2214 quam
1789 2154 1847 2200 ut
1889 2161 1956 2201 ex
2000 2146 2210 2200 idoneis

634 2239 967 2294 testimoniis
992 2254 1207 2304 eorum,
1250 2239 1451 2308 quibus
1476 2240 1526 2293 iu
1569 2240 1732 2294 rebus
1764 2239 2078 2309 hujusmodi
2113 2257 2211 2310 par

630 2340 717 2385 est
739 2332 983 2393 credere,
1018 2331 1069 2384 id
1103 2331 1335 2385 ﬁdeliter
1374 2331 1709 2400 ﬁrmiterque
1737 2332 2055 2402 colligamus
2083 2350 2096 2399 ;
2156 2340 2210 2387 et

630 2423 890 2491 epistolas
939 2423 1091 2491 ipsas
1136 2432 1283 2476 tanto
1319 2432 1540 2477 auctore
1588 2424 1801 2490 dignas,
1848 2435 1902 2479 et
1949 2425 2210 2494 temporis

631 2528 928 2583 rerumque
969 2513 1401 2568 circumstantiis
1446 2515 1689 2583 apprime
1731 2530 2000 2585 congruas
2029 2527 2212 2571 osten-
2241 2512 2285 2565 Β

630 2604 847 2657 damus.
906 2604 986 2658 Ad
1025 2604 1404 2658 auctoritatem
1446 2606 1593 2658 enim
1642 2606 2069 2675 lgnatianorum,
2116 2616 2211 2660 aut

600 2678 864 2747 'aliorum
895 2708 1353 2764 quorumcunque
1393 2703 1634 2749 veterum
1691 2696 2017 2765 scriptorum
2060 2714 2211 2753 asse-

629 2785 856 2839 rendam
882 2785 1423 2854 conﬁrmandamque
1460 2788 1570 2841 duo
1605 2796 1813 2843 tantum
1859 2800 2209 2858 argumento-

626 2890 751 2929 rum
797 2891 995 2947 genera
1039 2875 1220 2931 afferri
1260 2887 1513 2946 possunt.
1557 2888 1801 2943 externa,
1844 2880 2073 2944 scilicet,
2122 2880 2208 2933 vel

629 2967 877 3034 interna;
924 2983 1155 3037 quorum
1198 2970 1381 3038 priora
1419 2986 1485 3023 ex
1516 2972 1863 3036 testimoniis,
1901 2972 2206 3039 posteriora

625 3074 657 3112 e
689 3060 908 3129 scriptis
929 3061 1062 3130 ipsis
1080 3069 1354 3130 petuntur.
1378 3061 1745 3128 Quamobrem
1768 3064 2205 3118 dissertationem

619 3161 866 3210 nostram
913 3154 986 3208 -in
1029 3154 1168 3211 duas
1222 3165 1403 3225 partes
1446 3156 1860 3226 dispescendam
1904 3158 2196 3222 duximus;

620 3260 855 3311 quarum
873 3245 1090 3314 quidem
1115 3247 1289 3316 prima
1308 3249 1617 3303 testimonia
1631 3248 1888 3318 proferet,
1902 3249 2202 3318 eademque

624 3335 694 3389 ab
736 3335 1033 3391 adversarii
1074 3338 1471 3407 objectionibus
1517 3339 1842 3405 vindicabit;
1872 3350 1925 3395 et
1966 3355 2087 3409 quae
2132 3339 2201 3393 ab

623 3424 743 3493 ipso
766 3426 1072 3481 testimonia
1098 3428 1277 3483 afferri
1317 3430 1621 3497 videantur,
1644 3448 1873 3504 quzeque
1898 3435 1999 3490 sub
2022 3435 2201 3504 specie

622 3520 924 3587 argumenti
952 3523 1203 3590 negantis
1229 3521 1599 3589 disputantur,
1628 3525 1882 3581 refutabit
1915 3543 1927 3578 :
1962 3528 2197 3581 secunda

620 3607 884 3675 epistolas
911 3608 1057 3677 ipsas
1081 3608 1471 3674 considerabit,
1490 3626 1691 3681 easque
1722 3613 1969 3667 ostendet
2003 3623 2055 3668 et
2084 3630 2199 3670 aevo

619 3698 899 3767 lgnatiano
947 3716 1240 3771 rerumque
1279 3704 1711 3759 circumstantiis
1765 3706 2012 3773 apprime
2066 3722 2198 3761 con-

618 3806 804 3858 gruas,
829 3799 883 3844 et
914 3805 978 3844 ex
1012 3791 1129 3861 ipsa
1163 3793 1391 3846 materia
1438 3804 1600 3863 atque
1634 3794 1927 3864 scriptione
1957 3807 2195 3867 martyre

2249 1162 2293 1218 Α
2324 1160 2590 1232 miterque
2610 1164 2949 1236 colligemus.
2982 1167 3209 1227 ldoneos
3231 1178 3410 1229 autem
3441 1190 3605 1237 testes
3632 1193 3891 1253 putamus

2322 1254 2615 1322 scriptores
2643 1258 3041 1316 ecclesiasticos
3062 1273 3291 1329 veteres,
3324 1271 3415 1337 qui
3450 1282 3737 1343 antequam
3774 1277 3893 1333 haec

2321 1344 2374 1397 in
2406 1344 2646 1403 Ecclesia
2684 1360 2822 1415 orta,
2860 1362 2955 1407 aut
2991 1365 3278 1427 postquam
3310 1364 3583 1432 aliquibus
3619 1369 3750 1422 oriri
3774 1372 3892 1427 visa

2320 1448 2422 1503 est,
2458 1445 2854 1511 controversia,
2894 1454 3216 1505 sententiam
3243 1469 3418 1519 suam,
3476 1468 3535 1511 ut
3586 1475 3644 1515 se
3694 1463 3894 1519 obtulit

2318 1532 2558 1596 occasio,
2582 1534 2699 1590 sine
2729 1537 2835 1590 ulla
2864 1540 3198 1597 dubitatione
3226 1556 3319 1601 aut
3339 1548 3677 1607 hzesitatione
3697 1566 3891 1624 protu—

2317 1623 2519 1679 lerunt.
2568 1626 2677 1681 llos
2711 1643 2812 1699 ego
2840 1639 3005 1687 testes
3042 1636 3383 1707 incorruptos
3412 1623 3891 1717 'adducamiatque

2316 1717 2591 1788 integros:
2619 1736 2683 1774 ex
2719 1722 2911 1778 horum
2942 1727 3159 1795 scriptis
3192 1730 3530 1800 indubitatis,
3574 1747 3667 1792 aut
3692 1740 3761 1793 ab
3788 1741 3892 1793 im-

2315 1824 2547 1879 portuna
2603 1813 2941 1871 dubitatione
3001 1821 3312 1888 vindicatis,
3355 1829 3664 1883 testimonia
3707 1832 3894 1901 profe-

2316 1913 2467 1963 ram;
2496 1900 2658 1970 idque
2678 1918 2739 1957 ea
2764 1906 3029 1962 modestia
3061 1913 3463 1981 prmstabimus,
3490 1931 3548 1972 ut
3569 1900 3772 1977 nullius
3804 1938 3894 1979 ve—

2315 1998 2488 2045 terum
2522 1992 2679 2050 fama:
2710 1997 3047 2069 detrahatur,
3086 2004 3288 2060 nullius
3310 2010 3517 2065 nomini
3546 2013 3739 2083 injuria
3773 2018 3889 2085 ﬁat,

2316 2099 2413 2137 sua
2446 2087 2645 2156 cuique
2673 2092 2994 2160 auctoritas,
3038 2100 3215 2167 qualis
3240 2112 3294 2157 et
3320 2112 3524 2173 quanta
3556 2109 3610 2162 in
3642 2109 3888 2167 Ecclesia

2314 2174 2407 2230 Dei
2445 2178 2708 2237 hactenus
2736 2186 2837 2240 fuit
2875 2188 3077 2244 illibata
3116 2208 3500 2267 conservetur;
3548 2217 3609 2255 ea
3658 2203 3786 2270 ﬁde,
3830 2218 3890 2261 ut

2312 2273 2580 2327 neminem
2629 2277 2845 2332 obtorto
2886 2282 3027 2335 collo
3058 2284 3122 2337 ad
3156 2285 3422 2354 judicium
3457 2292 3738 2350 ferendum
3775 2307 3888 2351 tra-

2312 2361 2526 2429 hamus,
2559 2367 2740 2420 omnia
2766 2369 2925 2436 plane
2954 2381 3007 2426 et
3039 2375 3181 2429 nude
3221 2392 3693 2453 repraasentcmus,
3722 2398 3887 2456 prout

2313 2451 2365 2504 in
2399 2468 2588 2508 eorum
2624 2458 2839 2526 scriptis
2878 2464 3242 2531 reperiuntur.
3293 2470 3429 2525 Cum
3479 2473 3642 2543 igitur
3681 2451 3887 2548 lgnatii

2312 2546 2551 2613 epistolas
2581 2549 2793 2606 decimo
2818 2555 3011 2622 quinto
3033 2560 3231 2615 saeculo
3258 2562 3482 2633 jamjam
3504 2546 3737 2627 exeunte
3762 2590 3886 2629 eru-

2314 2643 2379 2690 ta:
2426 2649 2479 2691 et
2524 2640 2803 2709 impressae
2845 2647 3081 2715 primum
3136 2655 3601 2725 conspicerentur,
3648 2670 3700 2716 et
3734 2667 3885 2721 varia

2312 2728 2594 2787 hominum
2620 2735 2825 2802 judicia
2860 2746 3208 2809 postmodum
3246 2761 3479 2818 expertae
3508 2754 3649 2823 sint;
3676 2757 3748 2814 ita
3784 2774 3883 2813 ve-

2311 2831 2485 2878 terum
2523 2830 2830 2886 tcstimonia
2860 2835 3125 2891 adducam
3158 2850 3319 2909 atque
3341 2842 3649 2913 disponam,
3682 2858 3742 2903 ut
3763 2866 3883 2906 om-

2310 2918 2386 2985 ni,
2418 2920 2486 2973 ab
2522 2921 2640 2990 ipso
2693 2941 2805 2993 quo
2838 2930 3054 2999 scriptae
3089 2944 3215 2987 sunt
3241 2943 3503 3004 tempore,
3538 2942 3756 3008 saeculo,
3789 2960 3882 2999 us»

2308 3025 2415 3078 que
2466 3012 2530 3066 ad
2577 3030 2695 3069 eam
2734 3028 2945 3074 aetatem
2994 3039 3100 3092 qua
3152 3026 3431 3095 impressa:
3471 3033 3813 3104 prodierunt,
3850 3054 3885 3091 α

2310 3104 2441 3160 viris
2474 3110 2727 3165 maximis
2756 3114 2970 3183 agnitas
2995 3126 3048 3170 et
3075 3120 3405 3187 approbatas
3432 3126 3734 3181 ostendam.

2931 3270 3159 3325 CAPUT
3190 3273 3251 3329 ll.

2309 3348 2631 3444 Tcslintom'a
2653 3358 2841 3444 pro}.
2876 3360 3077 3444 Iguatii
3106 3367 3363 3444 epistolis.
3419 3369 3551 3435 ρηω
3588 3373 3664 3425 ita
3692 3375 3881 3444 dispo-

2376 3434 2573 3477 nuntur
2610 3438 2665 3515 ιμ
2686 3431 2887 3482 nullum
2910 3431 3161 3514 stt’culuin
3184 3440 3294 3490 suis
3325 3431 3641 3515 testimoniis
3671 3431 3878 3509 careat.

2376 3511 2407 3585 ξι
2445 3496 2692 3578 secundo,
2742 3518 2843 3569 quo
2878 3505 3106 3569 primum
3137 3518 3295 3574 naue,
3333 3512 3401 3564 ad
3430 3496 3882 3585 decimum

2374 3574 2503 3629 tum,
2535 3584 2634 3635 quo
2659 3574 2926 3638 impressa:
2954 3586 3076 3627 sunt
3108 3580 3365 3645 cpisto.'::.

2372 3674 2513 3729 Intra
2544 3694 2747 3746 paucos
2790 3693 2911 3750 post
2958 3684 3171 3740 initium
3211 3693 3434 3745 secundi
3474 3698 3660 3751 saeculi
3702 3712 3883 3752 annos

2302 3778 2457 3823 natas
2492 3786 2613 3825 esse
2654 3773 2752 3827 has
2791 3775 3052 3843 epistolas
3094 3794 3320 3834 assero:
3352 3785 3489 3838 duos
3530 3787 3694 3855 igitur
3724 3790 3772 3857 ej

615 3892 671 3935 et
728 3884 990 3953 episcopo
1034 3860 1392 3939 Antiochensi
1458 3860 1686 3956 dignas;
1746 3860 2193 3959 'argumemmiue
2221 3886 2261 3942 ο
2296 3860 2420 3959 dem
2448 3865 2544 3916 aevi
2579 3865 2875 3934 scriptores
2913 3869 3308 3937 nobilissimos,
3341 3874 3396 3928 S.
3428 3875 3789 3945 Polycarpum
3822 3890 3877 3934 et

616 3972 898 4038 omnibus,
932 3974 1016 4028 vel
1043 3990 1109 4027 ex
1137 3976 1321 4042 rebus,
1346 3976 1431 4031 vel
1460 3992 1525 4030 ex
1552 3977 1752 4041 verbis,
1785 3978 1853 4032 ab
1880 3980 2195 4034 adversario

614 4062 831 4127 ductis,
913 4065 1309 4134 respondebit,
1374 4067 1800 4137 plcnissimeque
1872 4068 2192 4123 satisfaciet.

616 4151 775 4218 Quod
832 4154 879 4208 si
936 4163 1044 4208 tam
1091 4154 1263 4209 multa
1302 4152 1558 4210 Veterum
1603 4157 1933 4223 testimonia,
1974 4167 2196 4227 tamque

615 4245 862 4313 apposita
889 4261 989 4315 pro
1023 4246 1110 4301 his
1132 4246 1385 4315 epistolis
1424 4247 1615 4302 aﬂerre
1653 4250 1979 4318 poterimus,
2029 4268 2195 4320 quam

614 4353 736 4405 quae
777 4338 830 4391 in
864 4339 986 4393 aliis
1016 4339 1331 4408 hujusmodi
1356 4340 1573 4409 scriptis
1606 4340 1965 4405 stabiliendis,
2016 4352 2069 4397 et
2096 4359 2195 4397 ex-

614 4438 696 4481 tra
745 4443 964 4484 omnem
1011 4429 1442 4485 controversiam
1492 4431 1759 4499 ponendis
1810 4434 2079 4502 acccptari
2126 4435 2195 4489 ab

612 4520 869 4576 munibus
902 4521 1107 4587 solent;
1140 4537 1204 4575 ac
1231 4522 1397 4576 simul
1434 4523 1599 4576 etiam
1640 4523 1899 4591 epistolas
1936 4526 2081 4593 ipsas
2113 4536 2194 4581 ta—

611 4614 692 4669 ies
718 4628 840 4669 esse
875 4614 1299 4678 ostenderimus,
1328 4624 1389 4668 ut
1413 4631 1477 4670 eo
1508 4616 1625 4685 ipso
1641 4617 1760 4670 viro
1779 4617 1955 4686 digna:
1972 4619 2187 4673 videan-

612 4716 719 4772 tur,
749 4708 892 4762 cuia
921 4708 1192 4763 veteribus
1216 4709 1553 4776 tribuuntur,
1592 4708 1838 4778 nihilque
1881 4710 1935 4763 in
1973 4711 2039 4765 iis
2074 4727 2192 4765 om-

612 4800 742 4854 nino
768 4800 1061 4867 contineri,
1086 4801 1233 4870 quod
1264 4810 1544 4855 auctorem
1580 4799 1641 4855 S.
1668 4798 1873 4870 lgnatio
1899 4802 1981 4855 vel
2009 4803 2191 4859 minus

608 4893 894 4962 antiquum
908 4893 990 4947 vel
1014 4893 1194 4947 minus
1216 4893 1389 4961 pium,
1412 4903 1507 4945 aut
1528 4892 1847 4961 prudentem
1871 4896 2189 4962 postulet,si

610 4982 722 5039 haec
739 4984 811 5038 ita
838 4985 1277 5047 tractaverimus,
1302 4992 1361 5038 ut
1385 4999 1611 5039 summae
1638 4984 1857 5037 testium
1878 4988 2188 5042 auctoritati

607 5078 685 5131 rei
706 5078 877 5146 ipsius
897 5077 1136 5146 dignitas
1158 5076 1507 5147 suffragetur,
1527 5078 1661 5131 nihil
1684 5078 1734 5130 in
1754 5078 1857 5132 hoc
1874 5079 2187 5148 disputandi

605 5183 804 5237 genere
841 5168 1070 5223 ulterius
1092 5168 1291 5237 requiri
1316 5182 1474 5238 posse
1502 5168 1849 5223 conﬁdimus.
1874 5168 2057 5240 Neque
2084 5171 2186 5224 ali-

602 5275 709 5327 qua
738 5260 877 5315 ratio
898 5260 1167 5329 assignari
1189 5260 1410 5330 poterit,
1433 5275 1604 5330 quare
1622 5260 1791 5314 ullum
1819 5262 2027 5331 antiqui
2044 5264 2182 5317 scri-

605 5352 777 5418 ptoris
793 5367 930 5421 opus
951 5366 1052 5421 pro
1078 5352 1318 5422 legitimo
1336 5353 1619 5417 habeatur,
1637 5352 1681 5407 si
1710 5352 1824 5406 haec
1851 5367 1881 5405 a
1901 5353 2060 5407 nobis
2078 5354 2179 5408 rite

604 5442 827 5510 probata
863 5444 1241 5512 repudientur.

678 5531 745 5587 Ut
783 5534 945 5603 primi
975 5537 1190 5605 generis
1232 5545 1556 5607 argumento
1592 5537 1851 5606 epistolas
1886 5537 1951 5589 de
1975 5538 2176 5607 quibus

601 5624 781 5694 agitur
830 5626 898 5680 ab
947 5623 1153 5696 lgnatio
1205 5637 1442 5697 martyre
1485 5629 1826 5697 conscriptas
1874 5627 2042 5683 fuisse
2081 5630 2177 5685 de-

600 5726 958 5782 monstretur,
1001 5734 1067 5773 ex
1102 5720 1313 5775 idoneis
1359 5720 1684 5774 testimoniis
1725 5736 1939 5780 eorum.
1975 5721 2173 5789 quibus

602 5803 657 5856 iu
689 5806 1191 5879 rebushujusmodi
1224 5823 1317 5865 nar
1347 5822 1429 5864 eat
1455 5807 1697 5876 credere,
1748 5809 1799 5863 id
1827 5808 2054 5863 ﬁdeliter
2081 5810 2172 5865 ﬁr-

2302 3952 2356 4006 S.
2402 3954 2664 4011 Irenagum
2707 3967 2873 4015 testes
2907 3962 3035 4018 cito.
3084 3965 3141 4018 S.
3172 3965 3504 4037 Polycarpus
3551 3970 3608 4023 S.
3640 3969 3875 4025 Joannis

2298 4049 2525 4115 apostoli
2554 4050 2875 4120 discipulus,
2922 4056 2989 4109 ab
3020 4071 3084 4109 eo
3118 4057 3363 4128 Smyrna
3400 4063 3688 4132 episcopus
3720 4066 3875 4119 ordi-

2298 4149 2478 4206 natus,
2510 4143 2676 4197 totius
2703 4144 2845 4200 Asiae
2876 4147 3148 4219 princeps,
3192 4154 3248 4206 S.
3286 4153 3493 4224 lguatio
3524 4166 3712 4210 nostro
3745 4172 3876 4226 per-

2297 4230 2583 4289 familiaris
2623 4235 2761 4304 fuit;
2813 4241 2969 4310 cujus
3000 4256 3205 4315 martyr
3232 4246 3345 4314 ipse
3381 4248 3433 4299 in
3475 4248 3718 4316 epistolis
3748 4266 3869 4304 ine-

2298 4326 2478 4392 minit,
2510 4329 2598 4382 cui
2620 4346 2807 4384 earum
2840 4335 3003 4389 etiam
3033 4353 3195 4391 unam
3223 4341 3475 4407 privatim
3509 4343 3677 4396 misit.
3710 4342 3872 4394 llunc

2298 4426 2478 4471 autem
2521 4419 2714 4475 harum
2763 4427 3115 4493 epistularum
3177 4433 3505 4488 mentionem
3541 4434 3735 4489 fecisse
3780 4434 3869 4487 di-

2298 4519 2441 4563 serte
2470 4512 2634 4565 tradit
2658 4512 2926 4572 Eusebius
2952 4519 3097 4573 Ilist.
3126 4521 3271 4577 Eccl.
3298 4526 3333 4577 l.
3360 4541 3443 4585 In.
3473 4543 3521 4580 c.
3556 4525 3624 4578 '57
3655 4544 3667 4577 :
3707 4525 3817 4576 Καὶ
3839 4526 3869 4576 ὁ

2295 4601 2650 4675 Πολύχαρπος
2680 4607 2734 4659 δὲ
2775 4609 2977 4663 τούτων
3010 4614 3186 4665 αὐτῶν
3218 4616 3484 4686 μέμνηται
3516 4620 3572 4669 ἐν
3602 4618 3666 4685 τῇ
3701 4631 3862 4685 φερο-

2299 4696 2431 4766 μένῃ
2466 4698 2629 4750 αὑτοῦ
2670 4701 2806 4770 ’πρὸς
2841 4703 3229 4775 Φιλιππησίους
3268 4710 3535 4777 ἐπιστολῇ.
3588 4705 3701 4760 HOC
3756 4717 3867 4774 est.

2295 4790 2592 4859 interprete
2640 4790 2856 4848 Valesio
2890 4815 2901 4849 :
2930 4796 3031 4850 Sed
3077 4811 3125 4851 et
3180 4799 3504 4870 Polycm'pus
3556 4800 3609 4851 in
3656 4816 3751 4851 sua
3790 4802 3864 4852 ad

2292 4880 2655 4951 Philippenses
2677 4887 2900 4953 epistola
2921 4892 3221 4943 earumdem
3241 4891 3475 4943 meminit
3491 4891 3861 4959 epistolarum.

2290 4971 2368 5027 Ita
2405 4973 2691 5043 Eusebius,
2724 4993 2848 5031 cum
2884 4978 2996 5047 jam
3041 4991 3245 5049 septem
3294 4980 3353 5034 S.
3390 4981 3865 5051 lgnatiiepistolas

2290 5081 2690 5135 enumerasset,
2726 5080 2778 5125 et
2804 5072 3200 5142 descripsisset.
3254 5074 3494 5128 Meminit
3538 5074 3756 5142 quidem
3797 5075 3859 5131 S.

2292 5158 2485 5230 lgnatii
2528 5164 2726 5231 sapius
2772 5165 2827 5218 in
2867 5164 3108 5235 Epistola
3156 5182 3255 5220 sua
3294 5166 3360 5220 ad
3387 5165 3765 5236 Philippenses
3796 5169 3858 5223 S.

2287 5251 2619 5323 Polycarpus
2645 5273 2658 5308 :
2690 5266 2890 5310 nostra:
2920 5266 3100 5309 autem
3127 5257 3419 5311 assertioni
3448 5257 3562 5313 haac
3585 5260 3863 5327 praecipue

2287 5347 2451 5401 verba
2502 5349 2871 5405 testimonium
2903 5352 3160 5420 praebent,
3195 5368 3316 5421 quae
3350 5352 3465 5421 ipse
3490 5352 3757 5410 Eusebius
3788 5375 3861 5412 ex

2285 5438 2405 5506 ejus
2430 5439 2654 5507 epistola
2690 5450 2819 5496 tunc
2858 5444 3117 5511 temporis
3157 5458 3282 5495 cum
3311 5442 3563 5498 omnibus
3586 5456 3733 5500 esset
3756 5463 3859 5501 no-

2285 5530 2520 5595 tissima,
2556 5544 2609 5586 et
2649 5532 2703 5587 in
2737 5533 2881 5586 Asia:
2918 5545 3189 5588 conventu
3235 5535 3524 5604 legeretur,
3570 5537 3853 5607 des-eripit.

2282 5620 2394 5685 Τὰς
2421 5624 2708 5685 ἐπιοτολὰς
2753 5624 3030 5692 Ἰγνατίου,
3077 5626 3173 5687 τὰς
3205 5626 3545 5696 πεμφθείσας
3586 5631 3717 5699 ἡμῖν
3760 5631 3853 5682 ὑπ’

2280 5715 2443 5768 αὐτοῦ
2472 5718 2562 5769 καὶ
2594 5716 2758 5779 ἄλλας
2786 5717 2915 5779 ὅσας
2942 5718 3157 5787 εἴχομεν
3188 5721 3316 5790 παρ’
3341 5722 3489 5789 ἡμῖν,
3528 5722 3856 5792 ἐπέμψαμεν

2281 5812 2427 5883 ὑμῖν,
2457 5808 2636 5874 καθὼς
2657 5811 3010 5878 ὲνετείλασθε,
3047 5814 3245 5875 αἵτινες
3272 5814 3701 5883 ὑποτεταγμέναι
3743 5814 3856 5870 εἰσὶ
