  <div class='ocr_page' id='page_1' title='image "/cluster/home/n/w/nwhite01/storage/ocr_20150623/5/coo.31924054872845/046.png"; bbox 0 0 4136 6406; ppageno 0'>
   <div class='ocr_carea' id='block_1_1' title="bbox 328 391 3587 470">
    <p class='ocr_par' dir='ltr' id='par_1_1' title="bbox 328 391 3587 470">
     <span class='ocr_line' id='line_1_1' title="bbox 328 391 3587 470; baseline 0.001 -16"><span class='ocrx_word' id='word_1_1' title='bbox 328 401 399 454; x_wconf 80' lang='grc' dir='ltr'><strong>Π</strong></span> <span class='ocrx_word' id='word_1_2' title='bbox 1130 397 1178 453; x_wconf 82' lang='lat' dir='ltr'><strong>J.</strong></span> <span class='ocrx_word' id='word_1_3' title='bbox 1209 395 1574 451; x_wconf 80' lang='lat' dir='ltr'><strong>PEARSONII</strong></span> <span class='ocrx_word' id='word_1_4' title='bbox 1609 392 1929 452; x_wconf 72' lang='lat' dir='ltr'><strong>VI&#39;NDICUE</strong></span> <span class='ocrx_word' id='word_1_5' title='bbox 1972 391 2394 450; x_wconf 71' lang='lat' dir='ltr'><strong>lGNATIAN/E.</strong></span> <span class='ocrx_word' id='word_1_6' title='bbox 2435 425 2505 438; x_wconf 93' lang='lat'><strong>—-</strong></span> <span class='ocrx_word' id='word_1_7' title='bbox 2544 397 2724 454; x_wconf 81' lang='lat' dir='ltr'><strong>PARS</strong></span> <span class='ocrx_word' id='word_1_8' title='bbox 2761 400 2804 456; x_wconf 83' lang='lat' dir='ltr'><strong>I.</strong></span> <span class='ocrx_word' id='word_1_9' title='bbox 3517 414 3587 470; x_wconf 69' lang='grc' dir='ltr'><strong>τε</strong></span> 
     </span>
    </p>
   </div>
   <div class='ocr_carea' id='block_1_2' title="bbox 315 499 3588 594">
    <p class='ocr_par' dir='ltr' id='par_1_2' title="bbox 315 499 3588 594">
     <span class='ocr_line' id='line_1_2' title="bbox 315 499 3588 594; baseline 0.01 -44"><span class='ocrx_word' id='word_1_10' title='bbox 315 502 388 570; x_wconf 78' lang='grc' dir='ltr'>τῇ</span> <span class='ocrx_word' id='word_1_11' title='bbox 412 499 672 572; x_wconf 73' lang='grc' dir='ltr'><strong>ἐπιστολῇ</strong></span> <span class='ocrx_word' id='word_1_12' title='bbox 706 500 906 575; x_wconf 80' lang='grc' dir='ltr'>ταύτῃ.</span> <span class='ocrx_word' id='word_1_13' title='bbox 938 501 1072 569; x_wconf 64' lang='lat' dir='ltr'><strong>Quae</strong></span> <span class='ocrx_word' id='word_1_14' title='bbox 1108 503 1164 557; x_wconf 90' lang='lat' dir='ltr'><strong>in</strong></span> <span class='ocrx_word' id='word_1_15' title='bbox 1193 505 1364 559; x_wconf 81' lang='lat' dir='ltr'><strong>veteri</strong></span> <span class='ocrx_word' id='word_1_16' title='bbox 1393 504 1640 574; x_wconf 84' lang='lat' dir='ltr'><strong>ejusdem</strong></span> <span class='ocrx_word' id='word_1_17' title='bbox 1670 505 1912 574; x_wconf 66' lang='lat' dir='ltr'><strong>epistolae</strong></span> <span class='ocrx_word' id='word_1_18' title='bbox 1938 509 1990 569; x_wconf 79' lang='grc' dir='ltr'><strong>Α</strong></span> <span class='ocrx_word' id='word_1_19' title='bbox 2018 508 2208 576; x_wconf 87' lang='lat' dir='ltr'><strong>tarios,</strong></span> <span class='ocrx_word' id='word_1_20' title='bbox 2239 525 2378 581; x_wconf 89' lang='lat' dir='ltr'><strong>quos</strong></span> <span class='ocrx_word' id='word_1_21' title='bbox 2413 526 2472 566; x_wconf 93' lang='lat' dir='ltr'><strong>se</strong></span> <span class='ocrx_word' id='word_1_22' title='bbox 2496 513 2692 582; x_wconf 80' lang='lat' dir='ltr'><strong>legisse</strong></span> <span class='ocrx_word' id='word_1_23' title='bbox 2719 522 2952 571; x_wconf 77' lang='lat' dir='ltr'><strong>testatur</strong></span> <span class='ocrx_word' id='word_1_24' title='bbox 2977 518 3033 572; x_wconf 87' lang='lat' dir='ltr'><strong>S.</strong></span> <span class='ocrx_word' id='word_1_25' title='bbox 3069 518 3452 594; x_wconf 86' lang='lat' dir='ltr'><strong>Hieronymus,</strong></span> <span class='ocrx_word' id='word_1_26' title='bbox 3488 544 3588 582; x_wconf 78' lang='lat' dir='ltr'><strong>ati-</strong></span> 
     </span>
    </p>
   </div>
   <div class='ocr_carea' id='block_1_3' title="bbox 315 592 1911 668">
    <p class='ocr_par' dir='ltr' id='par_1_3' title="bbox 315 592 1911 668">
     <span class='ocr_line' id='line_1_3' title="bbox 315 592 1911 668; baseline 0.004 -23"><span class='ocrx_word' id='word_1_27' title='bbox 315 592 572 648; x_wconf 87' lang='lat' dir='ltr'><strong>versione</strong></span> <span class='ocrx_word' id='word_1_28' title='bbox 615 594 697 648; x_wconf 89' lang='lat' dir='ltr'><strong>ita</strong></span> <span class='ocrx_word' id='word_1_29' title='bbox 745 595 1050 650; x_wconf 85' lang='lat' dir='ltr'><strong>etiamnum</strong></span> <span class='ocrx_word' id='word_1_30' title='bbox 1095 594 1287 652; x_wconf 87' lang='lat' dir='ltr'><strong>Latine</strong></span> <span class='ocrx_word' id='word_1_31' title='bbox 1328 597 1564 668; x_wconf 82' lang='lat' dir='ltr'><strong>legimus</strong></span> <span class='ocrx_word' id='word_1_32' title='bbox 1595 615 1611 654; x_wconf 87' lang='lat'><strong>:</strong></span> <span class='ocrx_word' id='word_1_33' title='bbox 1639 599 1911 665; x_wconf 75' lang='lat' dir='ltr'><strong>Epistolas</strong></span> 
     </span>
    </p>
   </div>
   <div class='ocr_carea' id='block_1_4' title="bbox 314 687 1911 762">
    <p class='ocr_par' dir='ltr' id='par_1_4' title="bbox 314 687 1911 762">
     <span class='ocr_line' id='line_1_4' title="bbox 314 687 1911 762; baseline 0.003 -20"><span class='ocrx_word' id='word_1_34' title='bbox 314 705 440 743; x_wconf 81' lang='lat' dir='ltr'><strong>sane</strong></span> <span class='ocrx_word' id='word_1_35' title='bbox 457 687 691 760; x_wconf 85' lang='lat' dir='ltr'><strong>Ignatii,</strong></span> <span class='ocrx_word' id='word_1_36' title='bbox 714 692 1181 761; x_wconf 67' lang='lat' dir='ltr'><strong>quetransmisste</strong></span> <span class='ocrx_word' id='word_1_37' title='bbox 1194 701 1317 746; x_wconf 88' lang='lat' dir='ltr'><strong>sunt</strong></span> <span class='ocrx_word' id='word_1_38' title='bbox 1333 694 1475 748; x_wconf 91' lang='lat' dir='ltr'><strong>vobis</strong></span> <span class='ocrx_word' id='word_1_39' title='bbox 1503 695 1626 762; x_wconf 89' lang='lat' dir='ltr'><strong>(pro</strong></span> <span class='ocrx_word' id='word_1_40' title='bbox 1652 693 1822 762; x_wconf 88' lang='lat' dir='ltr'><strong>nobis)</strong></span> <span class='ocrx_word' id='word_1_41' title='bbox 1846 693 1911 747; x_wconf 91' lang='lat' dir='ltr'><strong>ab</strong></span> 
     </span>
    </p>
   </div>
   <div class='ocr_carea' id='block_1_5' title="bbox 313 783 1917 854">
    <p class='ocr_par' dir='ltr' id='par_1_5' title="bbox 313 783 1917 854">
     <span class='ocr_line' id='line_1_5' title="bbox 313 783 1917 854; baseline 0.002 -19"><span class='ocrx_word' id='word_1_42' title='bbox 313 798 396 842; x_wconf 84' lang='lat' dir='ltr'><strong>eo.</strong></span> <span class='ocrx_word' id='word_1_43' title='bbox 423 792 472 836; x_wconf 90' lang='lat' dir='ltr'><strong>et</strong></span> <span class='ocrx_word' id='word_1_44' title='bbox 497 783 641 836; x_wconf 86' lang='lat' dir='ltr'><strong>alias</strong></span> <span class='ocrx_word' id='word_1_45' title='bbox 667 794 1106 854; x_wconf 79' lang='lat' dir='ltr'><strong>quantuscunque</strong></span> <span class='ocrx_word' id='word_1_46' title='bbox 1127 785 1269 854; x_wconf 88' lang='lat' dir='ltr'><strong>apud</strong></span> <span class='ocrx_word' id='word_1_47' title='bbox 1290 803 1383 839; x_wconf 90' lang='lat' dir='ltr'><strong>nos</strong></span> <span class='ocrx_word' id='word_1_48' title='bbox 1411 786 1716 851; x_wconf 80' lang='lat' dir='ltr'><strong>habuimus,</strong></span> <span class='ocrx_word' id='word_1_49' title='bbox 1742 795 1917 840; x_wconf 85' lang='lat' dir='ltr'><strong>trans-</strong></span> 
     </span>
    </p>
   </div>
   <div class='ocr_carea' id='block_1_6' title="bbox 2011 603 3582 683">
    <p class='ocr_par' dir='ltr' id='par_1_6' title="bbox 2011 603 3582 683">
     <span class='ocr_line' id='line_1_6' title="bbox 2011 603 3582 683; baseline 0.015 -29"><span class='ocrx_word' id='word_1_50' title='bbox 2011 610 2227 669; x_wconf 89' lang='lat' dir='ltr'><strong>tequam</strong></span> <span class='ocrx_word' id='word_1_51' title='bbox 2280 617 2412 659; x_wconf 92' lang='lat' dir='ltr'><strong>suos</strong></span> <span class='ocrx_word' id='word_1_52' title='bbox 2462 603 2516 658; x_wconf 91' lang='lat' dir='ltr'><strong>in</strong></span> <span class='ocrx_word' id='word_1_53' title='bbox 2560 608 2814 664; x_wconf 89' lang='lat' dir='ltr'><strong>eumdem</strong></span> <span class='ocrx_word' id='word_1_54' title='bbox 2840 615 3247 683; x_wconf 67' lang='lat' dir='ltr'><strong>evangelistam</strong></span> <span class='ocrx_word' id='word_1_55' title='bbox 3297 619 3582 677; x_wconf 81' lang='lat' dir='ltr'><strong>scriberet.</strong></span> 
     </span>
    </p>
   </div>
   <div class='ocr_carea' id='block_1_7' title="bbox 2013 690 3583 772">
    <p class='ocr_par' dir='ltr' id='par_1_7' title="bbox 2013 690 3583 772">
     <span class='ocr_line' id='line_1_7' title="bbox 2013 690 3583 772; baseline 0.017 -27"><span class='ocrx_word' id='word_1_56' title='bbox 2013 690 2127 748; x_wconf 92' lang='lat' dir='ltr'><strong>Sub</strong></span> <span class='ocrx_word' id='word_1_57' title='bbox 2169 693 2335 763; x_wconf 88' lang='lat' dir='ltr'><strong>hujus</strong></span> <span class='ocrx_word' id='word_1_58' title='bbox 2370 694 2660 767; x_wconf 85' lang='lat' dir='ltr'><strong>Theophili</strong></span> <span class='ocrx_word' id='word_1_59' title='bbox 2688 703 2909 759; x_wconf 89' lang='lat' dir='ltr'><strong>nomine</strong></span> <span class='ocrx_word' id='word_1_60' title='bbox 2941 707 3242 764; x_wconf 90' lang='lat' dir='ltr'><strong>etiamnum</strong></span> <span class='ocrx_word' id='word_1_61' title='bbox 3278 723 3497 769; x_wconf 82' lang='lat' dir='ltr'><strong>exstant</strong></span> <span class='ocrx_word' id='word_1_62' title='bbox 3525 715 3583 772; x_wconf 91' lang='lat' dir='ltr'><strong>in</strong></span> 
     </span>
    </p>
   </div>
   <div class='ocr_carea' id='block_1_8' title="bbox 2012 779 3582 872">
    <p class='ocr_par' dir='ltr' id='par_1_8' title="bbox 2012 779 3582 872">
     <span class='ocr_line' id='line_1_8' title="bbox 2012 779 3582 872; baseline 0.017 -38"><span class='ocrx_word' id='word_1_63' title='bbox 2012 779 2069 836; x_wconf 92' lang='grc'>8.</span> <span class='ocrx_word' id='word_1_64' title='bbox 2095 781 2404 840; x_wconf 72' lang='grc' dir='ltr'>Μοιιιιεειιιιι</span> <span class='ocrx_word' id='word_1_65' title='bbox 2438 787 2855 858; x_wconf 87' lang='lat' dir='ltr'><strong>Commentarii,</strong></span> <span class='ocrx_word' id='word_1_66' title='bbox 2889 798 2981 851; x_wconf 86' lang='lat' dir='ltr'><strong>sed</strong></span> <span class='ocrx_word' id='word_1_67' title='bbox 3023 797 3216 856; x_wconf 87' lang='lat' dir='ltr'><strong>Latine</strong></span> <span class='ocrx_word' id='word_1_68' title='bbox 3253 811 3490 872; x_wconf 83' lang='lat' dir='ltr'><strong>tantum,</strong></span> <span class='ocrx_word' id='word_1_69' title='bbox 3523 806 3582 861; x_wconf 93' lang='lat' dir='ltr'><strong>in</strong></span> 
     </span>
    </p>
   </div>
   <div class='ocr_carea' id='block_1_9' title="bbox 315 873 3586 960">
    <p class='ocr_par' dir='ltr' id='par_1_9' title="bbox 315 873 3586 960">
     <span class='ocr_line' id='line_1_9' title="bbox 315 873 3586 960; baseline 0.011 -40"><span class='ocrx_word' id='word_1_70' title='bbox 315 873 559 927; x_wconf 68' lang='lat' dir='ltr'><strong>misimus</strong></span> <span class='ocrx_word' id='word_1_71' title='bbox 588 875 764 939; x_wconf 64' lang='lat' dir='ltr'><strong>vobis,</strong></span> <span class='ocrx_word' id='word_1_72' title='bbox 792 878 1082 930; x_wconf 80' lang='lat' dir='ltr'><strong>secundum</strong></span> <span class='ocrx_word' id='word_1_73' title='bbox 1109 877 1251 949; x_wconf 86' lang='lat' dir='ltr'><strong>quod</strong></span> <span class='ocrx_word' id='word_1_74' title='bbox 1283 879 1618 944; x_wconf 78' lang='lat' dir='ltr'><strong>mandastis;</strong></span> <span class='ocrx_word' id='word_1_75' title='bbox 1647 895 1765 947; x_wconf 71' lang='lat' dir='ltr'><strong>quae</strong></span> <span class='ocrx_word' id='word_1_76' title='bbox 1789 888 1915 932; x_wconf 89' lang='lat' dir='ltr'><strong>sunt</strong></span> <span class='ocrx_word' id='word_1_77' title='bbox 2009 874 2210 943; x_wconf 88' lang='lat' dir='ltr'><strong>quibus</strong></span> <span class='ocrx_word' id='word_1_78' title='bbox 2253 876 2319 929; x_wconf 90' lang='lat' dir='ltr'><strong>ad</strong></span> <span class='ocrx_word' id='word_1_79' title='bbox 2353 876 2440 932; x_wconf 89' lang='lat' dir='ltr'><strong>illa</strong></span> <span class='ocrx_word' id='word_1_80' title='bbox 2477 881 2640 936; x_wconf 89' lang='lat' dir='ltr'><strong>verba</strong></span> <span class='ocrx_word' id='word_1_81' title='bbox 2689 901 2705 938; x_wconf 91' lang='lat'><strong>:</strong></span> <span class='ocrx_word' id='word_1_82' title='bbox 2749 883 2880 940; x_wconf 89' lang='lat' dir='ltr'><strong>Cum</strong></span> <span class='ocrx_word' id='word_1_83' title='bbox 2904 901 3036 943; x_wconf 88' lang='lat' dir='ltr'><strong>esset</strong></span> <span class='ocrx_word' id='word_1_84' title='bbox 3058 891 3376 960; x_wconf 81' lang='lat' dir='ltr'><strong>desponsata</strong></span> <span class='ocrx_word' id='word_1_85' title='bbox 3415 910 3586 955; x_wconf 85' lang='lat' dir='ltr'><strong>mater</strong></span> 
     </span>
    </p>
   </div>
   <div class='ocr_carea' id='block_1_10' title="bbox 314 966 1902 1038">
    <p class='ocr_par' dir='ltr' id='par_1_10' title="bbox 314 966 1902 1038">
     <span class='ocr_line' id='line_1_10' title="bbox 314 966 1902 1038; baseline -0.001 -15"><span class='ocrx_word' id='word_1_86' title='bbox 314 971 571 1038; x_wconf 78' lang='lat' dir='ltr'><strong>subjecta:</strong></span> <span class='ocrx_word' id='word_1_87' title='bbox 602 971 728 1022; x_wconf 92' lang='lat' dir='ltr'><strong>huic</strong></span> <span class='ocrx_word' id='word_1_88' title='bbox 767 968 1046 1038; x_wconf 73' lang='lat' dir='ltr'><strong>Epistolw.</strong></span> <span class='ocrx_word' id='word_1_89' title='bbox 1070 969 1221 1023; x_wconf 81' lang='lat' dir='ltr'><strong>Alter</strong></span> <span class='ocrx_word' id='word_1_90' title='bbox 1249 968 1412 1038; x_wconf 88' lang='lat' dir='ltr'><strong>hujus</strong></span> <span class='ocrx_word' id='word_1_91' title='bbox 1435 968 1617 1021; x_wconf 72' lang='lat' dir='ltr'><strong>saeculi</strong></span> <span class='ocrx_word' id='word_1_92' title='bbox 1640 967 1815 1033; x_wconf 88' lang='lat' dir='ltr'><strong>testis,</strong></span> <span class='ocrx_word' id='word_1_93' title='bbox 1845 966 1902 1021; x_wconf 91' lang='lat' dir='ltr'><strong>S.</strong></span> 
     </span>
    </p>
   </div>
   <div class='ocr_carea' id='block_1_11' title="bbox 314 1060 1904 1133">
    <p class='ocr_par' dir='ltr' id='par_1_11' title="bbox 314 1060 1904 1133">
     <span class='ocr_line' id='line_1_11' title="bbox 314 1060 1904 1133; baseline 0.001 -20"><span class='ocrx_word' id='word_1_94' title='bbox 314 1061 581 1126; x_wconf 71' lang='lat' dir='ltr'><strong>lrenaeus,</strong></span> <span class='ocrx_word' id='word_1_95' title='bbox 634 1061 924 1133; x_wconf 87' lang='lat' dir='ltr'><strong>Polycarpi</strong></span> <span class='ocrx_word' id='word_1_96' title='bbox 973 1061 1302 1131; x_wconf 87' lang='lat' dir='ltr'><strong>discipulus,</strong></span> <span class='ocrx_word' id='word_1_97' title='bbox 1363 1071 1418 1113; x_wconf 89' lang='lat' dir='ltr'><strong>et</strong></span> <span class='ocrx_word' id='word_1_98' title='bbox 1474 1060 1904 1128; x_wconf 85' lang='lat' dir='ltr'><strong>apostolicorum</strong></span> 
     </span>
    </p>
   </div>
   <div class='ocr_carea' id='block_1_12' title="bbox 312 1152 1906 1224">
    <p class='ocr_par' dir='ltr' id='par_1_12' title="bbox 312 1152 1906 1224">
     <span class='ocr_line' id='line_1_12' title="bbox 312 1152 1906 1224; baseline -0.002 -15"><span class='ocrx_word' id='word_1_99' title='bbox 312 1164 632 1224; x_wconf 83' lang='lat' dir='ltr'><strong>temporum</strong></span> <span class='ocrx_word' id='word_1_100' title='bbox 667 1155 752 1207; x_wconf 90' lang='lat' dir='ltr'><strong>vir</strong></span> <span class='ocrx_word' id='word_1_101' title='bbox 779 1173 793 1220; x_wconf 89' lang='lat'><strong>;</strong></span> <span class='ocrx_word' id='word_1_102' title='bbox 823 1169 984 1223; x_wconf 86' lang='lat' dir='ltr'><strong>quem</strong></span> <span class='ocrx_word' id='word_1_103' title='bbox 1010 1154 1206 1207; x_wconf 88' lang='lat' dir='ltr'><strong>harum</strong></span> <span class='ocrx_word' id='word_1_104' title='bbox 1235 1152 1588 1222; x_wconf 88' lang='lat' dir='ltr'><strong>epistolarum</strong></span> <span class='ocrx_word' id='word_1_105' title='bbox 1622 1152 1906 1206; x_wconf 89' lang='lat' dir='ltr'><strong>meminis-</strong></span> 
     </span>
    </p>
   </div>
   <div class='ocr_carea' id='block_1_13' title="bbox 311 1244 1899 1302">
    <p class='ocr_par' dir='ltr' id='par_1_13' title="bbox 311 1244 1899 1302">
     <span class='ocr_line' id='line_1_13' title="bbox 311 1244 1899 1302; baseline -0.002 0"><span class='ocrx_word' id='word_1_106' title='bbox 311 1263 371 1302; x_wconf 90' lang='lat' dir='ltr'><strong>se</strong></span> <span class='ocrx_word' id='word_1_107' title='bbox 403 1264 514 1301; x_wconf 89' lang='lat' dir='ltr'><strong>non</strong></span> <span class='ocrx_word' id='word_1_108' title='bbox 549 1247 721 1300; x_wconf 86' lang='lat' dir='ltr'><strong>semel</strong></span> <span class='ocrx_word' id='word_1_109' title='bbox 747 1255 980 1302; x_wconf 81' lang='lat' dir='ltr'><strong>testatur</strong></span> <span class='ocrx_word' id='word_1_110' title='bbox 1011 1245 1304 1302; x_wconf 89' lang='lat' dir='ltr'><strong>Eusebius.</strong></span> <span class='ocrx_word' id='word_1_111' title='bbox 1361 1244 1434 1301; x_wconf 84' lang='lat' dir='ltr'><strong>Ut</strong></span> <span class='ocrx_word' id='word_1_112' title='bbox 1478 1246 1623 1300; x_wconf 87' lang='lat' dir='ltr'><strong>Eccl.</strong></span> <span class='ocrx_word' id='word_1_113' title='bbox 1661 1246 1808 1300; x_wconf 83' lang='lat' dir='ltr'><strong>Hist.</strong></span> <span class='ocrx_word' id='word_1_114' title='bbox 1863 1248 1899 1300; x_wconf 95' lang='lat' dir='ltr'><strong>l.</strong></span> 
     </span>
    </p>
   </div>
   <div class='ocr_carea' id='block_1_14' title="bbox 309 1334 1905 1411">
    <p class='ocr_par' dir='ltr' id='par_1_14' title="bbox 309 1334 1905 1411">
     <span class='ocr_line' id='line_1_14' title="bbox 309 1334 1905 1411; baseline 0.001 -22"><span class='ocrx_word' id='word_1_115' title='bbox 309 1354 364 1403; x_wconf 83' lang='lat' dir='ltr'><strong>v,</strong></span> <span class='ocrx_word' id='word_1_116' title='bbox 393 1355 443 1392; x_wconf 86' lang='lat' dir='ltr'><strong>c.</strong></span> <span class='ocrx_word' id='word_1_117' title='bbox 475 1339 513 1393; x_wconf 78' lang='lat'><strong>8</strong></span> <span class='ocrx_word' id='word_1_118' title='bbox 550 1355 562 1389; x_wconf 91' lang='lat'><strong>:</strong></span> <span class='ocrx_word' id='word_1_119' title='bbox 601 1340 725 1391; x_wconf 80' lang='grc' dir='ltr'><strong>Ἔτι</strong></span> <span class='ocrx_word' id='word_1_120' title='bbox 757 1339 852 1391; x_wconf 77' lang='grc' dir='ltr'>καὶ</span> <span class='ocrx_word' id='word_1_121' title='bbox 887 1338 1172 1391; x_wconf 83' lang='grc' dir='ltr'>Ἰουστίνου</span> <span class='ocrx_word' id='word_1_122' title='bbox 1197 1338 1287 1391; x_wconf 77' lang='grc' dir='ltr'>τοῦ</span> <span class='ocrx_word' id='word_1_123' title='bbox 1311 1334 1587 1411; x_wconf 79' lang='grc' dir='ltr'>μάρτυρος</span> <span class='ocrx_word' id='word_1_124' title='bbox 1616 1339 1709 1393; x_wconf 76' lang='grc' dir='ltr'>καὶ</span> <span class='ocrx_word' id='word_1_125' title='bbox 1734 1341 1905 1408; x_wconf 84' lang='grc' dir='ltr'>Ἰγνα-</span> 
     </span>
    </p>
   </div>
   <div class='ocr_carea' id='block_1_15' title="bbox 307 1426 1903 1502">
    <p class='ocr_par' dir='ltr' id='par_1_15' title="bbox 307 1426 1903 1502">
     <span class='ocr_line' id='line_1_15' title="bbox 307 1426 1903 1502; baseline 0 -19"><span class='ocrx_word' id='word_1_126' title='bbox 307 1431 428 1483; x_wconf 66' lang='grc' dir='ltr'>τίον</span> <span class='ocrx_word' id='word_1_127' title='bbox 482 1431 710 1502; x_wconf 76' lang='grc' dir='ltr'>μνήμην</span> <span class='ocrx_word' id='word_1_128' title='bbox 752 1429 1071 1502; x_wconf 82' lang='grc' dir='ltr'>πεποίηται,</span> <span class='ocrx_word' id='word_1_129' title='bbox 1128 1431 1454 1502; x_wconf 83' lang='grc' dir='ltr'><strong>μαρτυρίαις</strong></span> <span class='ocrx_word' id='word_1_130' title='bbox 1482 1426 1636 1493; x_wconf 79' lang='grc' dir='ltr'>αὖθις</span> <span class='ocrx_word' id='word_1_131' title='bbox 1668 1430 1760 1484; x_wconf 77' lang='grc' dir='ltr'>καὶ</span> <span class='ocrx_word' id='word_1_132' title='bbox 1795 1431 1903 1484; x_wconf 81' lang='grc' dir='ltr'><strong>ἀπὸ</strong></span> 
     </span>
    </p>
   </div>
   <div class='ocr_carea' id='block_1_16' title="bbox 307 1521 1903 1594">
    <p class='ocr_par' dir='ltr' id='par_1_16' title="bbox 307 1521 1903 1594">
     <span class='ocr_line' id='line_1_16' title="bbox 307 1521 1903 1594; baseline 0.001 -20"><span class='ocrx_word' id='word_1_133' title='bbox 307 1523 423 1575; x_wconf 80' lang='grc' dir='ltr'>τῶν</span> <span class='ocrx_word' id='word_1_134' title='bbox 453 1522 666 1584; x_wconf 77' lang='grc' dir='ltr'><strong>τούτοις</strong></span> <span class='ocrx_word' id='word_1_135' title='bbox 686 1522 1012 1594; x_wconf 77' lang='grc' dir='ltr'><strong>γραφέντων</strong></span> <span class='ocrx_word' id='word_1_136' title='bbox 1040 1521 1396 1594; x_wconf 76' lang='grc' dir='ltr'>κεχρημένος.</span> <span class='ocrx_word' id='word_1_137' title='bbox 1431 1522 1700 1577; x_wconf 61' lang='lat' dir='ltr'><strong>Praeterea</strong></span> <span class='ocrx_word' id='word_1_138' title='bbox 1729 1521 1903 1576; x_wconf 85' lang='lat' dir='ltr'><strong>Justi-</strong></span> 
     </span>
    </p>
   </div>
   <div class='ocr_carea' id='block_1_17' title="bbox 247 1607 1902 1684">
    <p class='ocr_par' dir='ltr' id='par_1_17' title="bbox 247 1607 1902 1684">
     <span class='ocr_line' id='line_1_17' title="bbox 247 1607 1902 1684; baseline 0.001 -17"><span class='ocrx_word' id='word_1_139' title='bbox 247 1607 261 1637; x_wconf 60' lang='grc' dir='ltr'>τ’</span> <span class='ocrx_word' id='word_1_140' title='bbox 306 1617 363 1668; x_wconf 84' lang='lat' dir='ltr'><strong>ni</strong></span> <span class='ocrx_word' id='word_1_141' title='bbox 420 1615 686 1684; x_wconf 78' lang='lat' dir='ltr'><strong>martyris</strong></span> <span class='ocrx_word' id='word_1_142' title='bbox 738 1626 787 1668; x_wconf 92' lang='lat' dir='ltr'><strong>et</strong></span> <span class='ocrx_word' id='word_1_143' title='bbox 846 1612 1054 1684; x_wconf 84' lang='lat' dir='ltr'><strong>Ignatii</strong></span> <span class='ocrx_word' id='word_1_144' title='bbox 1096 1615 1409 1668; x_wconf 81' lang='lat' dir='ltr'><strong>mentionem</strong></span> <span class='ocrx_word' id='word_1_145' title='bbox 1441 1615 1592 1684; x_wconf 80' lang='lat' dir='ltr'><strong>facit,</strong></span> <span class='ocrx_word' id='word_1_146' title='bbox 1623 1630 1686 1668; x_wconf 80' lang='lat' dir='ltr'><strong>ea:</strong></span> <span class='ocrx_word' id='word_1_147' title='bbox 1721 1631 1902 1668; x_wconf 88' lang='lat' dir='ltr'><strong>eorum</strong></span> 
     </span>
    </p>
   </div>
   <div class='ocr_carea' id='block_1_18' title="bbox 300 1704 1897 1775">
    <p class='ocr_par' dir='ltr' id='par_1_18' title="bbox 300 1704 1897 1775">
     <span class='ocr_line' id='line_1_18' title="bbox 300 1704 1897 1775; baseline 0.003 -18"><span class='ocrx_word' id='word_1_148' title='bbox 300 1705 527 1773; x_wconf 78' lang='lat' dir='ltr'><strong>scriptis</strong></span> <span class='ocrx_word' id='word_1_149' title='bbox 587 1705 894 1758; x_wconf 86' lang='lat' dir='ltr'><strong>testimonia</strong></span> <span class='ocrx_word' id='word_1_150' title='bbox 945 1705 1236 1774; x_wconf 84' lang='lat' dir='ltr'><strong>proferens.</strong></span> <span class='ocrx_word' id='word_1_151' title='bbox 1292 1704 1436 1771; x_wconf 84' lang='lat' dir='ltr'><strong>Quot</strong></span> <span class='ocrx_word' id='word_1_152' title='bbox 1483 1707 1704 1775; x_wconf 88' lang='lat' dir='ltr'><strong>quidem</strong></span> <span class='ocrx_word' id='word_1_153' title='bbox 1741 1723 1807 1762; x_wconf 85' lang='lat' dir='ltr'><strong>ex</strong></span> <span class='ocrx_word' id='word_1_154' title='bbox 1839 1708 1897 1762; x_wconf 93' lang='grc'>8.</span> 
     </span>
    </p>
   </div>
   <div class='ocr_carea' id='block_1_19' title="bbox 300 1792 1903 1864">
    <p class='ocr_par' dir='ltr' id='par_1_19' title="bbox 300 1792 1903 1864">
     <span class='ocr_line' id='line_1_19' title="bbox 300 1792 1903 1864; baseline 0.004 -18"><span class='ocrx_word' id='word_1_155' title='bbox 300 1792 527 1864; x_wconf 84' lang='lat' dir='ltr'><strong>lgnatio</strong></span> <span class='ocrx_word' id='word_1_156' title='bbox 555 1795 874 1849; x_wconf 87' lang='lat' dir='ltr'><strong>testimonia</strong></span> <span class='ocrx_word' id='word_1_157' title='bbox 899 1796 1187 1864; x_wconf 89' lang='lat' dir='ltr'><strong>protulerit</strong></span> <span class='ocrx_word' id='word_1_158' title='bbox 1219 1796 1276 1850; x_wconf 91' lang='lat' dir='ltr'><strong>S.</strong></span> <span class='ocrx_word' id='word_1_159' title='bbox 1305 1795 1563 1861; x_wconf 69' lang='lat' dir='ltr'><strong>lrenzeus,</strong></span> <span class='ocrx_word' id='word_1_160' title='bbox 1589 1801 1729 1852; x_wconf 87' lang='lat' dir='ltr'><strong>seire</strong></span> <span class='ocrx_word' id='word_1_161' title='bbox 1756 1814 1903 1853; x_wconf 90' lang='lat' dir='ltr'><strong>nunc</strong></span> 
     </span>
    </p>
   </div>
   <div class='ocr_carea' id='block_1_20' title="bbox 299 1886 1897 1960">
    <p class='ocr_par' dir='ltr' id='par_1_20' title="bbox 299 1886 1897 1960">
     <span class='ocr_line' id='line_1_20' title="bbox 299 1886 1897 1960; baseline 0.004 -22"><span class='ocrx_word' id='word_1_162' title='bbox 299 1901 421 1938; x_wconf 82' lang='lat' dir='ltr'><strong>non</strong></span> <span class='ocrx_word' id='word_1_163' title='bbox 475 1886 628 1952; x_wconf 89' lang='lat' dir='ltr'><strong>licet,</strong></span> <span class='ocrx_word' id='word_1_164' title='bbox 682 1887 830 1956; x_wconf 92' lang='lat' dir='ltr'><strong>quod</strong></span> <span class='ocrx_word' id='word_1_165' title='bbox 862 1889 1036 1942; x_wconf 88' lang='lat' dir='ltr'><strong>multa</strong></span> <span class='ocrx_word' id='word_1_166' title='bbox 1069 1889 1213 1944; x_wconf 89' lang='lat' dir='ltr'><strong>illius</strong></span> <span class='ocrx_word' id='word_1_167' title='bbox 1255 1903 1422 1957; x_wconf 87' lang='lat' dir='ltr'><strong>opera</strong></span> <span class='ocrx_word' id='word_1_168' title='bbox 1460 1889 1572 1958; x_wconf 88' lang='lat' dir='ltr'><strong>jam</strong></span> <span class='ocrx_word' id='word_1_169' title='bbox 1618 1891 1897 1960; x_wconf 86' lang='lat' dir='ltr'><strong>perierint.</strong></span> 
     </span>
    </p>
   </div>
   <div class='ocr_carea' id='block_1_21' title="bbox 302 1976 1898 2049">
    <p class='ocr_par' dir='ltr' id='par_1_21' title="bbox 302 1976 1898 2049">
     <span class='ocr_line' id='line_1_21' title="bbox 302 1976 1898 2049; baseline 0.003 -18"><span class='ocrx_word' id='word_1_170' title='bbox 302 1976 494 2031; x_wconf 87' lang='lat' dir='ltr'><strong>Unum</strong></span> <span class='ocrx_word' id='word_1_171' title='bbox 530 1993 795 2047; x_wconf 82' lang='lat' dir='ltr'><strong>expresse</strong></span> <span class='ocrx_word' id='word_1_172' title='bbox 837 1981 1046 2033; x_wconf 90' lang='lat' dir='ltr'><strong>notavit</strong></span> <span class='ocrx_word' id='word_1_173' title='bbox 1084 1978 1352 2034; x_wconf 87' lang='lat' dir='ltr'><strong>Eusebius</strong></span> <span class='ocrx_word' id='word_1_174' title='bbox 1383 1979 1530 2034; x_wconf 86' lang='lat' dir='ltr'><strong>Hist.</strong></span> <span class='ocrx_word' id='word_1_175' title='bbox 1566 1981 1714 2038; x_wconf 84' lang='lat' dir='ltr'><strong>Eccl.</strong></span> <span class='ocrx_word' id='word_1_176' title='bbox 1743 1983 1780 2037; x_wconf 86' lang='grc' dir='ltr'><strong>Ι.</strong></span> <span class='ocrx_word' id='word_1_177' title='bbox 1815 1999 1898 2049; x_wconf 85' lang='grc' dir='ltr'>ιιι,</span> 
     </span>
    </p>
   </div>
   <div class='ocr_carea' id='block_1_22' title="bbox 298 2067 1900 2145">
    <p class='ocr_par' dir='ltr' id='par_1_22' title="bbox 298 2067 1900 2145">
     <span class='ocr_line' id='line_1_22' title="bbox 298 2067 1900 2145; baseline 0.002 -21"><span class='ocrx_word' id='word_1_178' title='bbox 298 2087 352 2124; x_wconf 86' lang='lat' dir='ltr'><strong>c.</strong></span> <span class='ocrx_word' id='word_1_179' title='bbox 391 2070 464 2124; x_wconf 84' lang='grc'><strong>’56</strong></span> <span class='ocrx_word' id='word_1_180' title='bbox 499 2087 514 2121; x_wconf 91' lang='lat'>:</span> <span class='ocrx_word' id='word_1_181' title='bbox 551 2067 675 2124; x_wconf 75' lang='grc' dir='ltr'><strong>Οἵδε</strong></span> <span class='ocrx_word' id='word_1_182' title='bbox 703 2071 759 2123; x_wconf 81' lang='grc' dir='ltr'><strong>δὲ</strong></span> <span class='ocrx_word' id='word_1_183' title='bbox 783 2071 949 2124; x_wconf 79' lang='grc' dir='ltr'>αὑτοῦ</span> <span class='ocrx_word' id='word_1_184' title='bbox 980 2071 1040 2125; x_wconf 84' lang='grc' dir='ltr'><strong>τὸ</strong></span> <span class='ocrx_word' id='word_1_185' title='bbox 1077 2071 1374 2144; x_wconf 81' lang='grc' dir='ltr'>μαρτύριον</span> <span class='ocrx_word' id='word_1_186' title='bbox 1400 2075 1428 2125; x_wconf 88' lang='grc' dir='ltr'>ὁ</span> <span class='ocrx_word' id='word_1_187' title='bbox 1465 2075 1771 2145; x_wconf 80' lang='grc' dir='ltr'><strong>Εἰρηναῖος,</strong></span> <span class='ocrx_word' id='word_1_188' title='bbox 1807 2075 1900 2127; x_wconf 74' lang='grc' dir='ltr'><strong>καὶ</strong></span> 
     </span>
    </p>
   </div>
   <div class='ocr_carea' id='block_1_23' title="bbox 296 2162 1900 2235">
    <p class='ocr_par' dir='ltr' id='par_1_23' title="bbox 296 2162 1900 2235">
     <span class='ocr_line' id='line_1_23' title="bbox 296 2162 1900 2235; baseline 0.004 -22"><span class='ocrx_word' id='word_1_189' title='bbox 296 2162 416 2214; x_wconf 81' lang='grc' dir='ltr'><strong>τῶν</strong></span> <span class='ocrx_word' id='word_1_190' title='bbox 447 2163 755 2216; x_wconf 77' lang='grc' dir='ltr'><strong>ἐπιστολῶν</strong></span> <span class='ocrx_word' id='word_1_191' title='bbox 793 2162 962 2216; x_wconf 76' lang='grc' dir='ltr'>αὐτοῦ</span> <span class='ocrx_word' id='word_1_192' title='bbox 999 2165 1324 2235; x_wconf 85' lang='grc' dir='ltr'>μνημονεύει</span> <span class='ocrx_word' id='word_1_193' title='bbox 1360 2165 1534 2234; x_wconf 82' lang='grc' dir='ltr'><strong>λέγων</strong></span> <span class='ocrx_word' id='word_1_194' title='bbox 1568 2165 1741 2230; x_wconf 75' lang='grc' dir='ltr'>οὕτως</span> <span class='ocrx_word' id='word_1_195' title='bbox 1765 2184 1776 2196; x_wconf 81' lang='grc'><em>’</em></span> <span class='ocrx_word' id='word_1_196' title='bbox 1814 2168 1900 2231; x_wconf 88' lang='grc' dir='ltr'>Ὠς</span> 
     </span>
    </p>
   </div>
   <div class='ocr_carea' id='block_1_24' title="bbox 295 2250 1899 2332">
    <p class='ocr_par' dir='ltr' id='par_1_24' title="bbox 295 2250 1899 2332">
     <span class='ocr_line' id='line_1_24' title="bbox 295 2250 1899 2332; baseline 0.004 -26"><span class='ocrx_word' id='word_1_197' title='bbox 295 2250 426 2308; x_wconf 77' lang='grc' dir='ltr'><strong>εἶπέ</strong></span> <span class='ocrx_word' id='word_1_198' title='bbox 448 2273 537 2318; x_wconf 82' lang='grc' dir='ltr'>τις</span> <span class='ocrx_word' id='word_1_199' title='bbox 570 2255 681 2308; x_wconf 81' lang='grc' dir='ltr'>τῶν</span> <span class='ocrx_word' id='word_1_200' title='bbox 710 2256 994 2329; x_wconf 77' lang='grc' dir='ltr'><strong>ἡμετέρων</strong></span> <span class='ocrx_word' id='word_1_201' title='bbox 1015 2256 1102 2310; x_wconf 77' lang='grc' dir='ltr'><strong>διὰ</strong></span> <span class='ocrx_word' id='word_1_202' title='bbox 1134 2258 1230 2328; x_wconf 81' lang='grc' dir='ltr'><strong>τὴν</strong></span> <span class='ocrx_word' id='word_1_203' title='bbox 1260 2258 1396 2330; x_wconf 77' lang='grc' dir='ltr'>πρὸς</span> <span class='ocrx_word' id='word_1_204' title='bbox 1428 2258 1561 2311; x_wconf 84' lang='grc' dir='ltr'>Θεὸν</span> <span class='ocrx_word' id='word_1_205' title='bbox 1597 2260 1899 2332; x_wconf 79' lang='grc' dir='ltr'>μαρτυρίαν</span> 
     </span>
    </p>
   </div>
   <div class='ocr_carea' id='block_1_25' title="bbox 297 2345 1898 2420">
    <p class='ocr_par' dir='ltr' id='par_1_25' title="bbox 297 2345 1898 2420">
     <span class='ocr_line' id='line_1_25' title="bbox 297 2345 1898 2420; baseline 0.004 -22"><span class='ocrx_word' id='word_1_206' title='bbox 297 2345 669 2417; x_wconf 77' lang='grc' dir='ltr'>κατακριθεὶς</span> <span class='ocrx_word' id='word_1_207' title='bbox 697 2347 836 2420; x_wconf 76' lang='grc' dir='ltr'>πρὸς</span> <span class='ocrx_word' id='word_1_208' title='bbox 874 2348 1061 2419; x_wconf 89' lang='grc' dir='ltr'>θηρία,</span> <span class='ocrx_word' id='word_1_209' title='bbox 1097 2349 1178 2402; x_wconf 81' lang='grc' dir='ltr'><strong>ὅτι</strong></span> <span class='ocrx_word' id='word_1_210' title='bbox 1202 2365 1215 2379; x_wconf 89' lang='grc'><strong>·</strong></span> <span class='ocrx_word' id='word_1_211' title='bbox 1250 2349 1423 2415; x_wconf 86' lang='grc' dir='ltr'>Σῖτός</span> <span class='ocrx_word' id='word_1_212' title='bbox 1451 2352 1566 2419; x_wconf 76' lang='grc' dir='ltr'><strong>εἰμι</strong></span> <span class='ocrx_word' id='word_1_213' title='bbox 1599 2351 1766 2415; x_wconf 86' lang='grc' dir='ltr'><strong>Θεοῦ,</strong></span> <span class='ocrx_word' id='word_1_214' title='bbox 1799 2353 1898 2405; x_wconf 81' lang='grc' dir='ltr'><strong>καὶ</strong></span> 
     </span>
    </p>
   </div>
   <div class='ocr_carea' id='block_1_26' title="bbox 294 2433 1897 2513">
    <p class='ocr_par' dir='ltr' id='par_1_26' title="bbox 294 2433 1897 2513">
     <span class='ocr_line' id='line_1_26' title="bbox 294 2433 1897 2513; baseline 0.007 -27"><span class='ocrx_word' id='word_1_215' title='bbox 294 2433 374 2488; x_wconf 69' lang='grc' dir='ltr'><strong>δι’</strong></span> <span class='ocrx_word' id='word_1_216' title='bbox 409 2436 682 2491; x_wconf 72' lang='grc' dir='ltr'><strong>ὀδόντων</strong></span> <span class='ocrx_word' id='word_1_217' title='bbox 709 2439 929 2507; x_wconf 81' lang='grc' dir='ltr'>θηρίων</span> <span class='ocrx_word' id='word_1_218' title='bbox 955 2437 1269 2510; x_wconf 73' lang='grc' dir='ltr'>ἀλήθομαι,</span> <span class='ocrx_word' id='word_1_219' title='bbox 1303 2442 1404 2494; x_wconf 77' lang='grc' dir='ltr'><strong>ἵνα</strong></span> <span class='ocrx_word' id='word_1_220' title='bbox 1432 2443 1691 2511; x_wconf 78' lang='grc' dir='ltr'>καθαρὸς</span> <span class='ocrx_word' id='word_1_221' title='bbox 1719 2445 1897 2513; x_wconf 80' lang='grc' dir='ltr'>ἄρτος</span> 
     </span>
    </p>
   </div>
   <div class='ocr_carea' id='block_1_27' title="bbox 293 2526 1896 2600">
    <p class='ocr_par' dir='ltr' id='par_1_27' title="bbox 293 2526 1896 2600">
     <span class='ocr_line' id='line_1_27' title="bbox 293 2526 1896 2600; baseline 0.006 -21"><span class='ocrx_word' id='word_1_222' title='bbox 293 2526 550 2593; x_wconf 76' lang='grc' dir='ltr'>εὑρεθῶ.</span> <span class='ocrx_word' id='word_1_223' title='bbox 615 2526 732 2584; x_wconf 91' lang='lat' dir='ltr'><strong>Hoc</strong></span> <span class='ocrx_word' id='word_1_224' title='bbox 767 2539 872 2591; x_wconf 92' lang='lat' dir='ltr'><strong>est,</strong></span> <span class='ocrx_word' id='word_1_225' title='bbox 912 2529 1209 2600; x_wconf 85' lang='lat' dir='ltr'><strong>interprete</strong></span> <span class='ocrx_word' id='word_1_226' title='bbox 1243 2531 1461 2587; x_wconf 81' lang='grc' dir='ltr'><strong>ΒυΠῖηο</strong></span> <span class='ocrx_word' id='word_1_227' title='bbox 1499 2548 1512 2584; x_wconf 89' lang='lat'><strong>:</strong></span> <span class='ocrx_word' id='word_1_228' title='bbox 1556 2531 1671 2588; x_wconf 86' lang='lat' dir='ltr'><strong>Scit</strong></span> <span class='ocrx_word' id='word_1_229' title='bbox 1719 2545 1896 2588; x_wconf 89' lang='lat' dir='ltr'><strong>autem</strong></span> 
     </span>
    </p>
   </div>
   <div class='ocr_carea' id='block_1_28' title="bbox 294 2616 1895 2695">
    <p class='ocr_par' dir='ltr' id='par_1_28' title="bbox 294 2616 1895 2695">
     <span class='ocr_line' id='line_1_28' title="bbox 294 2616 1895 2695; baseline 0.005 -23"><span class='ocrx_word' id='word_1_230' title='bbox 294 2626 351 2672; x_wconf 84' lang='lat' dir='ltr'><strong>.:t</strong></span> <span class='ocrx_word' id='word_1_231' title='bbox 383 2616 628 2672; x_wconf 73' lang='lat' dir='ltr'><strong>Irenwus</strong></span> <span class='ocrx_word' id='word_1_232' title='bbox 666 2622 986 2690; x_wconf 86' lang='lat' dir='ltr'><strong>martyrium</strong></span> <span class='ocrx_word' id='word_1_233' title='bbox 1009 2623 1145 2690; x_wconf 84' lang='lat' dir='ltr'><strong>ejus,</strong></span> <span class='ocrx_word' id='word_1_234' title='bbox 1176 2633 1225 2677; x_wconf 87' lang='lat' dir='ltr'><strong>et</strong></span> <span class='ocrx_word' id='word_1_235' title='bbox 1255 2626 1570 2679; x_wconf 85' lang='lat' dir='ltr'><strong>mentionem</strong></span> <span class='ocrx_word' id='word_1_236' title='bbox 1601 2625 1732 2695; x_wconf 79' lang='lat' dir='ltr'><strong>facit</strong></span> <span class='ocrx_word' id='word_1_237' title='bbox 1761 2629 1895 2680; x_wconf 85' lang='lat' dir='ltr'><strong>scri-</strong></span> 
     </span>
    </p>
   </div>
   <div class='ocr_carea' id='block_1_29' title="bbox 291 2713 1891 2786">
    <p class='ocr_par' dir='ltr' id='par_1_29' title="bbox 291 2713 1891 2786">
     <span class='ocr_line' id='line_1_29' title="bbox 291 2713 1891 2786; baseline 0.009 -24"><span class='ocrx_word' id='word_1_238' title='bbox 291 2721 520 2778; x_wconf 84' lang='lat' dir='ltr'><strong>ptorum</strong></span> <span class='ocrx_word' id='word_1_239' title='bbox 559 2714 684 2781; x_wconf 85' lang='lat' dir='ltr'><strong>(pro</strong></span> <span class='ocrx_word' id='word_1_240' title='bbox 710 2713 1082 2785; x_wconf 87' lang='lat' dir='ltr'><strong>epistolarum)</strong></span> <span class='ocrx_word' id='word_1_241' title='bbox 1114 2715 1227 2784; x_wconf 85' lang='lat' dir='ltr'><strong>ejus</strong></span> <span class='ocrx_word' id='word_1_242' title='bbox 1256 2733 1348 2786; x_wconf 86' lang='lat' dir='ltr'><strong>per</strong></span> <span class='ocrx_word' id='word_1_243' title='bbox 1377 2717 1488 2772; x_wconf 64' lang='lat' dir='ltr'><strong>haec</strong></span> <span class='ocrx_word' id='word_1_244' title='bbox 1520 2718 1709 2774; x_wconf 86' lang='lat' dir='ltr'><strong>verba:</strong></span> <span class='ocrx_word' id='word_1_245' title='bbox 1737 2718 1891 2776; x_wconf 86' lang='lat' dir='ltr'><strong>Sicut</strong></span> 
     </span>
    </p>
   </div>
   <div class='ocr_carea' id='block_1_30' title="bbox 292 2805 1894 2881">
    <p class='ocr_par' dir='ltr' id='par_1_30' title="bbox 292 2805 1894 2881">
     <span class='ocr_line' id='line_1_30' title="bbox 292 2805 1894 2881; baseline 0.007 -26"><span class='ocrx_word' id='word_1_246' title='bbox 292 2805 464 2870; x_wconf 68' lang='lat' dir='ltr'><strong>dixit,</strong></span> <span class='ocrx_word' id='word_1_247' title='bbox 498 2806 698 2874; x_wconf 81' lang='lat' dir='ltr'><strong>inquit,</strong></span> <span class='ocrx_word' id='word_1_248' title='bbox 722 2806 943 2875; x_wconf 90' lang='lat' dir='ltr'><strong>quidam</strong></span> <span class='ocrx_word' id='word_1_249' title='bbox 969 2822 1035 2860; x_wconf 75' lang='lat' dir='ltr'><strong>ea:</strong></span> <span class='ocrx_word' id='word_1_250' title='bbox 1059 2809 1254 2860; x_wconf 84' lang='lat' dir='ltr'><strong>nostris</strong></span> <span class='ocrx_word' id='word_1_251' title='bbox 1283 2825 1379 2878; x_wconf 89' lang='lat' dir='ltr'><strong>pro</strong></span> <span class='ocrx_word' id='word_1_252' title='bbox 1409 2812 1666 2881; x_wconf 82' lang='lat' dir='ltr'><strong>martyrio</strong></span> <span class='ocrx_word' id='word_1_253' title='bbox 1694 2810 1894 2866; x_wconf 83' lang='lat' dir='ltr'><strong>Christi</strong></span> 
     </span>
    </p>
   </div>
   <div class='ocr_carea' id='block_1_31' title="bbox 293 2897 1889 2972">
    <p class='ocr_par' dir='ltr' id='par_1_31' title="bbox 293 2897 1889 2972">
     <span class='ocr_line' id='line_1_31' title="bbox 293 2897 1889 2972; baseline 0.004 -23"><span class='ocrx_word' id='word_1_254' title='bbox 293 2897 592 2950; x_wconf 85' lang='lat' dir='ltr'><strong>damnatus</strong></span> <span class='ocrx_word' id='word_1_255' title='bbox 623 2899 695 2951; x_wconf 84' lang='lat' dir='ltr'><strong>ad</strong></span> <span class='ocrx_word' id='word_1_256' title='bbox 739 2897 966 2952; x_wconf 87' lang='lat' dir='ltr'><strong>bestias:</strong></span> <span class='ocrx_word' id='word_1_257' title='bbox 1007 2918 1025 2950; x_wconf 78' lang='lat' dir='ltr'><strong>t</strong></span> <span class='ocrx_word' id='word_1_258' title='bbox 1052 2898 1422 2967; x_wconf 83' lang='lat' dir='ltr'><strong>Frumentum,</strong></span> <span class='ocrx_word' id='word_1_259' title='bbox 1475 2918 1568 2972; x_wconf 88' lang='lat' dir='ltr'><strong>ego</strong></span> <span class='ocrx_word' id='word_1_260' title='bbox 1612 2919 1728 2956; x_wconf 89' lang='lat' dir='ltr'><strong>sum</strong></span> <span class='ocrx_word' id='word_1_261' title='bbox 1756 2902 1889 2968; x_wconf 88' lang='lat' dir='ltr'><strong>Dei;</strong></span> 
     </span>
    </p>
   </div>
   <div class='ocr_carea' id='block_1_32' title="bbox 294 2988 1888 3065">
    <p class='ocr_par' dir='ltr' id='par_1_32' title="bbox 294 2988 1888 3065">
     <span class='ocr_line' id='line_1_32' title="bbox 294 2988 1888 3065; baseline 0.006 -25"><span class='ocrx_word' id='word_1_262' title='bbox 294 2988 599 3042; x_wconf 82' lang='lat' dir='ltr'><strong>bestiarum</strong></span> <span class='ocrx_word' id='word_1_263' title='bbox 670 2991 914 3044; x_wconf 82' lang='lat' dir='ltr'><strong>dentibus</strong></span> <span class='ocrx_word' id='word_1_264' title='bbox 977 2991 1146 3045; x_wconf 91' lang='lat' dir='ltr'><strong>molor</strong></span> <span class='ocrx_word' id='word_1_265' title='bbox 1209 3001 1262 3046; x_wconf 87' lang='lat' dir='ltr'><strong>et</strong></span> <span class='ocrx_word' id='word_1_266' title='bbox 1320 2993 1566 3064; x_wconf 88' lang='lat' dir='ltr'><strong>subigor,</strong></span> <span class='ocrx_word' id='word_1_267' title='bbox 1624 3003 1682 3048; x_wconf 90' lang='lat' dir='ltr'><strong>ut</strong></span> <span class='ocrx_word' id='word_1_268' title='bbox 1734 2997 1888 3065; x_wconf 87' lang='lat' dir='ltr'><strong>panis</strong></span> 
     </span>
    </p>
   </div>
   <div class='ocr_carea' id='block_1_33' title="bbox 293 3079 1889 3149">
    <p class='ocr_par' dir='ltr' id='par_1_33' title="bbox 293 3079 1889 3149">
     <span class='ocr_line' id='line_1_33' title="bbox 293 3079 1889 3149; baseline 0.003 -18"><span class='ocrx_word' id='word_1_269' title='bbox 293 3080 534 3134; x_wconf 75' lang='lat' dir='ltr'><strong>mundus</strong></span> <span class='ocrx_word' id='word_1_270' title='bbox 549 3080 746 3149; x_wconf 73' lang='lat' dir='ltr'><strong>eﬁiciar</strong></span> <span class='ocrx_word' id='word_1_271' title='bbox 759 3080 994 3135; x_wconf 87' lang='lat' dir='ltr'><strong>Christo.</strong></span> <span class='ocrx_word' id='word_1_272' title='bbox 1019 3100 1038 3132; x_wconf 74' lang='grc' dir='ltr'><strong>ι</strong></span> <span class='ocrx_word' id='word_1_273' title='bbox 1056 3079 1181 3136; x_wconf 75' lang='lat' dir='ltr'><strong>Haec</strong></span> <span class='ocrx_word' id='word_1_274' title='bbox 1196 3091 1375 3136; x_wconf 90' lang='lat' dir='ltr'><strong>autem</strong></span> <span class='ocrx_word' id='word_1_275' title='bbox 1394 3082 1552 3136; x_wconf 87' lang='lat' dir='ltr'><strong>verba</strong></span> <span class='ocrx_word' id='word_1_276' title='bbox 1569 3082 1636 3136; x_wconf 87' lang='lat' dir='ltr'><strong>ah</strong></span> <span class='ocrx_word' id='word_1_277' title='bbox 1648 3081 1889 3137; x_wconf 89' lang='lat' dir='ltr'><strong>Eusebio</strong></span> 
     </span>
    </p>
   </div>
   <div class='ocr_carea' id='block_1_34' title="bbox 2006 965 3586 1056">
    <p class='ocr_par' dir='ltr' id='par_1_34' title="bbox 2006 965 3586 1056">
     <span class='ocr_line' id='line_1_34' title="bbox 2006 965 3586 1056; baseline 0.018 -38"><span class='ocrx_word' id='word_1_278' title='bbox 2006 965 2122 1034; x_wconf 86' lang='lat' dir='ltr'><strong>ejus</strong></span> <span class='ocrx_word' id='word_1_279' title='bbox 2146 965 2324 1020; x_wconf 85' lang='lat' dir='ltr'><strong>Maria</strong></span> <span class='ocrx_word' id='word_1_280' title='bbox 2345 967 2562 1036; x_wconf 73' lang='lat' dir='ltr'><strong>Ioseph,</strong></span> <span class='ocrx_word' id='word_1_281' title='bbox 2597 972 2788 1032; x_wconf 81' lang='lat' dir='ltr'><strong>Matth.</strong></span> <span class='ocrx_word' id='word_1_282' title='bbox 2817 979 2963 1044; x_wconf 70' lang='lat'><strong>1,18,</strong></span> <span class='ocrx_word' id='word_1_283' title='bbox 2991 980 3106 1037; x_wconf 65' lang='lat' dir='ltr'><strong>haec</strong></span> <span class='ocrx_word' id='word_1_284' title='bbox 3132 983 3361 1056; x_wconf 80' lang='lat' dir='ltr'><strong>legimus</strong></span> <span class='ocrx_word' id='word_1_285' title='bbox 3396 1008 3410 1042; x_wconf 88' lang='lat'>:</span> <span class='ocrx_word' id='word_1_286' title='bbox 3434 991 3586 1055; x_wconf 83' lang='lat' dir='ltr'><strong>Qua-</strong></span> 
     </span>
    </p>
   </div>
   <div class='ocr_carea' id='block_1_35' title="bbox 2007 1067 3588 1144">
    <p class='ocr_par' dir='ltr' id='par_1_35' title="bbox 2007 1067 3588 1144">
     <span class='ocr_line' id='line_1_35' title="bbox 2007 1067 3588 1144; baseline 0.017 -34"><span class='ocrx_word' id='word_1_287' title='bbox 2007 1074 2062 1110; x_wconf 89' lang='lat' dir='ltr'><strong>re</strong></span> <span class='ocrx_word' id='word_1_288' title='bbox 2093 1075 2197 1113; x_wconf 88' lang='lat' dir='ltr'><strong>non</strong></span> <span class='ocrx_word' id='word_1_289' title='bbox 2235 1079 2300 1116; x_wconf 79' lang='lat' dir='ltr'><strong>ea:</strong></span> <span class='ocrx_word' id='word_1_290' title='bbox 2329 1067 2559 1136; x_wconf 78' lang='lat' dir='ltr'><strong>simplici</strong></span> <span class='ocrx_word' id='word_1_291' title='bbox 2595 1068 2812 1137; x_wconf 89' lang='lat' dir='ltr'><strong>virgine,</strong></span> <span class='ocrx_word' id='word_1_292' title='bbox 2851 1073 2942 1124; x_wconf 88' lang='lat' dir='ltr'><strong>sed</strong></span> <span class='ocrx_word' id='word_1_293' title='bbox 2967 1088 3032 1126; x_wconf 80' lang='lat' dir='ltr'><strong>ea:</strong></span> <span class='ocrx_word' id='word_1_294' title='bbox 3055 1074 3374 1144; x_wconf 86' lang='lat' dir='ltr'><strong>desponsata</strong></span> <span class='ocrx_word' id='word_1_295' title='bbox 3409 1084 3588 1136; x_wconf 61' lang='lat' dir='ltr'><strong>concia</strong></span> 
     </span>
    </p>
   </div>
   <div class='ocr_carea' id='block_1_36' title="bbox 2005 1152 3587 1240">
    <p class='ocr_par' dir='ltr' id='par_1_36' title="bbox 2005 1152 3587 1240">
     <span class='ocr_line' id='line_1_36' title="bbox 2005 1152 3587 1240; baseline 0.014 -37"><span class='ocrx_word' id='word_1_296' title='bbox 2005 1153 2150 1221; x_wconf 84' lang='lat' dir='ltr'><strong>pitur</strong></span> <span class='ocrx_word' id='word_1_297' title='bbox 2178 1152 2462 1214; x_wconf 85' lang='lat' dir='ltr'><strong>Christus?</strong></span> <span class='ocrx_word' id='word_1_298' title='bbox 2492 1158 2698 1228; x_wconf 90' lang='lat' dir='ltr'><strong>Primo,</strong></span> <span class='ocrx_word' id='word_1_299' title='bbox 2741 1169 2798 1213; x_wconf 89' lang='lat' dir='ltr'><strong>ut</strong></span> <span class='ocrx_word' id='word_1_300' title='bbox 2841 1178 2934 1230; x_wconf 88' lang='lat' dir='ltr'><strong>per</strong></span> <span class='ocrx_word' id='word_1_301' title='bbox 2979 1169 3364 1234; x_wconf 86' lang='lat' dir='ltr'><strong>generationem</strong></span> <span class='ocrx_word' id='word_1_302' title='bbox 3389 1169 3587 1240; x_wconf 78' lang='lat' dir='ltr'><strong>Joseplt</strong></span> 
     </span>
    </p>
   </div>
   <div class='ocr_carea' id='block_1_37' title="bbox 2005 1245 3586 1327">
    <p class='ocr_par' dir='ltr' id='par_1_37' title="bbox 2005 1245 3586 1327">
     <span class='ocr_line' id='line_1_37' title="bbox 2005 1245 3586 1327; baseline 0.013 -31"><span class='ocrx_word' id='word_1_303' title='bbox 2005 1245 2150 1314; x_wconf 87' lang='lat' dir='ltr'><strong>origo</strong></span> <span class='ocrx_word' id='word_1_304' title='bbox 2180 1245 2370 1302; x_wconf 72' lang='lat' dir='ltr'><strong>Maria:</strong></span> <span class='ocrx_word' id='word_1_305' title='bbox 2392 1260 2806 1316; x_wconf 80' lang='lat' dir='ltr'><strong>monstraretur;</strong></span> <span class='ocrx_word' id='word_1_306' title='bbox 2833 1255 3082 1322; x_wconf 88' lang='lat' dir='ltr'><strong>secundo,</strong></span> <span class='ocrx_word' id='word_1_307' title='bbox 3109 1273 3171 1310; x_wconf 90' lang='lat' dir='ltr'><strong>ne</strong></span> <span class='ocrx_word' id='word_1_308' title='bbox 3197 1257 3529 1327; x_wconf 87' lang='lat' dir='ltr'><strong>lapidaretur</strong></span> <span class='ocrx_word' id='word_1_309' title='bbox 3551 1277 3586 1316; x_wconf 85' lang='lat' dir='ltr'><strong>tt</strong></span> 
     </span>
    </p>
   </div>
   <div class='ocr_carea' id='block_1_38' title="bbox 2003 1332 3584 1418">
    <p class='ocr_par' dir='ltr' id='par_1_38' title="bbox 2003 1332 3584 1418">
     <span class='ocr_line' id='line_1_38' title="bbox 2003 1332 3584 1418; baseline 0.012 -32"><span class='ocrx_word' id='word_1_310' title='bbox 2003 1332 2211 1390; x_wconf 65' lang='lat' dir='ltr'><strong>ludatis</strong></span> <span class='ocrx_word' id='word_1_311' title='bbox 2240 1347 2297 1391; x_wconf 91' lang='lat' dir='ltr'><strong>ut</strong></span> <span class='ocrx_word' id='word_1_312' title='bbox 2332 1340 2601 1395; x_wconf 87' lang='lat' dir='ltr'><strong>adultera.</strong></span> <span class='ocrx_word' id='word_1_313' title='bbox 2640 1341 2836 1405; x_wconf 89' lang='lat' dir='ltr'><strong>Tertio,</strong></span> <span class='ocrx_word' id='word_1_314' title='bbox 2872 1354 2927 1398; x_wconf 90' lang='lat' dir='ltr'><strong>ut</strong></span> <span class='ocrx_word' id='word_1_315' title='bbox 2956 1347 3012 1398; x_wconf 88' lang='lat' dir='ltr'><strong>in</strong></span> <span class='ocrx_word' id='word_1_316' title='bbox 3034 1344 3326 1418; x_wconf 63' lang='lat' dir='ltr'><strong>{Egyptum</strong></span> <span class='ocrx_word' id='word_1_317' title='bbox 3372 1351 3584 1405; x_wconf 81' lang='lat' dir='ltr'><strong>haberet</strong></span> 
     </span>
    </p>
   </div>
   <div class='ocr_carea' id='block_1_39' title="bbox 2004 1427 3582 1506">
    <p class='ocr_par' dir='ltr' id='par_1_39' title="bbox 2004 1427 3582 1506">
     <span class='ocr_line' id='line_1_39' title="bbox 2004 1427 3582 1506; baseline 0.012 -28"><span class='ocrx_word' id='word_1_318' title='bbox 2004 1427 2255 1481; x_wconf 83' lang='lat' dir='ltr'><strong>solatium</strong></span> <span class='ocrx_word' id='word_1_319' title='bbox 2286 1430 2406 1486; x_wconf 85' lang='lat' dir='ltr'><strong>viri.</strong></span> <span class='ocrx_word' id='word_1_320' title='bbox 2451 1429 2673 1497; x_wconf 85' lang='lat' dir='ltr'><strong>Quarto,</strong></span> <span class='ocrx_word' id='word_1_321' title='bbox 2719 1445 2776 1486; x_wconf 88' lang='lat' dir='ltr'><strong>ut</strong></span> <span class='ocrx_word' id='word_1_322' title='bbox 2805 1446 2990 1504; x_wconf 88' lang='lat' dir='ltr'><strong>partus</strong></span> <span class='ocrx_word' id='word_1_323' title='bbox 3013 1437 3126 1506; x_wconf 85' lang='lat' dir='ltr'><strong>ejus</strong></span> <span class='ocrx_word' id='word_1_324' title='bbox 3151 1439 3359 1506; x_wconf 85' lang='lat' dir='ltr'><strong>falleret</strong></span> <span class='ocrx_word' id='word_1_325' title='bbox 3390 1442 3582 1497; x_wconf 87' lang='lat' dir='ltr'><strong>diabo-</strong></span> 
     </span>
    </p>
   </div>
   <div class='ocr_carea' id='block_1_40' title="bbox 2003 1517 3586 1602">
    <p class='ocr_par' dir='ltr' id='par_1_40' title="bbox 2003 1517 3586 1602">
     <span class='ocr_line' id='line_1_40' title="bbox 2003 1517 3586 1602; baseline 0.012 -33"><span class='ocrx_word' id='word_1_326' title='bbox 2003 1517 2134 1584; x_wconf 86' lang='lat' dir='ltr'><strong>lum,</strong></span> <span class='ocrx_word' id='word_1_327' title='bbox 2159 1530 2432 1588; x_wconf 86' lang='lat' dir='ltr'><strong>putantem</strong></span> <span class='ocrx_word' id='word_1_328' title='bbox 2455 1522 2638 1577; x_wconf 80' lang='lat' dir='ltr'><strong>Jesum</strong></span> <span class='ocrx_word' id='word_1_329' title='bbox 2663 1525 2725 1578; x_wconf 83' lang='lat' dir='ltr'><strong>de</strong></span> <span class='ocrx_word' id='word_1_330' title='bbox 2753 1538 3004 1594; x_wconf 75' lang='lat' dir='ltr'><strong>uxorata,</strong></span> <span class='ocrx_word' id='word_1_331' title='bbox 3054 1546 3155 1583; x_wconf 89' lang='lat' dir='ltr'><strong>non</strong></span> <span class='ocrx_word' id='word_1_332' title='bbox 3182 1531 3246 1584; x_wconf 86' lang='lat' dir='ltr'><strong>de</strong></span> <span class='ocrx_word' id='word_1_333' title='bbox 3273 1533 3470 1602; x_wconf 83' lang='lat' dir='ltr'><strong>virgine</strong></span> <span class='ocrx_word' id='word_1_334' title='bbox 3491 1551 3586 1589; x_wconf 88' lang='lat' dir='ltr'><strong>na-</strong></span> 
     </span>
    </p>
   </div>
   <div class='ocr_carea' id='block_1_41' title="bbox 2005 1612 3584 1691">
    <p class='ocr_par' dir='ltr' id='par_1_41' title="bbox 2005 1612 3584 1691">
     <span class='ocr_line' id='line_1_41' title="bbox 2005 1612 3584 1691; baseline 0.011 -29"><span class='ocrx_word' id='word_1_335' title='bbox 2005 1622 2137 1666; x_wconf 89' lang='lat' dir='ltr'><strong>tum.</strong></span> <span class='ocrx_word' id='word_1_336' title='bbox 2167 1612 2223 1666; x_wconf 80' lang='lat' dir='ltr'><strong>Si</strong></span> <span class='ocrx_word' id='word_1_337' title='bbox 2253 1613 2365 1669; x_wconf 74' lang='lat' dir='ltr'><strong>haec</strong></span> <span class='ocrx_word' id='word_1_338' title='bbox 2394 1614 2681 1686; x_wconf 90' lang='lat' dir='ltr'><strong>Theophili</strong></span> <span class='ocrx_word' id='word_1_339' title='bbox 2713 1618 2843 1682; x_wconf 90' lang='lat' dir='ltr'><strong>sint,</strong></span> <span class='ocrx_word' id='word_1_340' title='bbox 2871 1619 2989 1674; x_wconf 89' lang='lat' dir='ltr'><strong>sine</strong></span> <span class='ocrx_word' id='word_1_341' title='bbox 3019 1621 3188 1676; x_wconf 89' lang='lat' dir='ltr'><strong>dubio</strong></span> <span class='ocrx_word' id='word_1_342' title='bbox 3212 1632 3460 1691; x_wconf 85' lang='lat' dir='ltr'><strong>quartam</strong></span> <span class='ocrx_word' id='word_1_343' title='bbox 3494 1641 3584 1680; x_wconf 88' lang='lat' dir='ltr'><strong>ra-</strong></span> 
     </span>
    </p>
   </div>
   <div class='ocr_carea' id='block_1_42' title="bbox 2003 1703 3580 1780">
    <p class='ocr_par' dir='ltr' id='par_1_42' title="bbox 2003 1703 3580 1780">
     <span class='ocr_line' id='line_1_42' title="bbox 2003 1703 3580 1780; baseline 0.01 -25"><span class='ocrx_word' id='word_1_344' title='bbox 2003 1703 2206 1758; x_wconf 89' lang='lat' dir='ltr'><strong>tionem</strong></span> <span class='ocrx_word' id='word_1_345' title='bbox 2250 1720 2312 1759; x_wconf 83' lang='lat' dir='ltr'><strong>ex</strong></span> <span class='ocrx_word' id='word_1_346' title='bbox 2345 1707 2575 1776; x_wconf 89' lang='lat' dir='ltr'><strong>epistola</strong></span> <span class='ocrx_word' id='word_1_347' title='bbox 2617 1708 2674 1763; x_wconf 88' lang='lat' dir='ltr'><strong>S.</strong></span> <span class='ocrx_word' id='word_1_348' title='bbox 2709 1707 2900 1780; x_wconf 88' lang='lat' dir='ltr'><strong>lgnatii</strong></span> <span class='ocrx_word' id='word_1_349' title='bbox 2928 1713 3132 1766; x_wconf 87' lang='lat' dir='ltr'><strong>hausit.</strong></span> <span class='ocrx_word' id='word_1_350' title='bbox 3183 1711 3317 1766; x_wconf 81' lang='lat' dir='ltr'><strong>Nam</strong></span> <span class='ocrx_word' id='word_1_351' title='bbox 3351 1729 3476 1768; x_wconf 91' lang='lat' dir='ltr'><strong>eum</strong></span> <span class='ocrx_word' id='word_1_352' title='bbox 3520 1714 3580 1770; x_wconf 92' lang='grc'>8.</span> 
     </span>
    </p>
   </div>
   <div class='ocr_carea' id='block_1_43' title="bbox 2004 1792 3584 1876">
    <p class='ocr_par' dir='ltr' id='par_1_43' title="bbox 2004 1792 3584 1876">
     <span class='ocr_line' id='line_1_43' title="bbox 2004 1792 3584 1876; baseline 0.009 -29"><span class='ocrx_word' id='word_1_353' title='bbox 2004 1792 2390 1867; x_wconf 85' lang='lat' dir='ltr'><strong>Hieronymus,</strong></span> <span class='ocrx_word' id='word_1_354' title='bbox 2419 1799 2512 1868; x_wconf 93' lang='lat' dir='ltr'><strong>qui</strong></span> <span class='ocrx_word' id='word_1_355' title='bbox 2539 1815 2596 1854; x_wconf 91' lang='lat' dir='ltr'><strong>se</strong></span> <span class='ocrx_word' id='word_1_356' title='bbox 2614 1798 2902 1871; x_wconf 88' lang='lat' dir='ltr'><strong>Theophili</strong></span> <span class='ocrx_word' id='word_1_357' title='bbox 2931 1803 3358 1860; x_wconf 89' lang='lat' dir='ltr'><strong>commentarios</strong></span> <span class='ocrx_word' id='word_1_358' title='bbox 3385 1805 3584 1876; x_wconf 78' lang='lat' dir='ltr'><strong>legisse</strong></span> 
     </span>
    </p>
   </div>
   <div class='ocr_carea' id='block_1_44' title="bbox 2003 1885 3578 1966">
    <p class='ocr_par' dir='ltr' id='par_1_44' title="bbox 2003 1885 3578 1966">
     <span class='ocr_line' id='line_1_44' title="bbox 2003 1885 3578 1966; baseline 0.011 -29"><span class='ocrx_word' id='word_1_359' title='bbox 2003 1885 2282 1954; x_wconf 78' lang='lat' dir='ltr'><strong>professus</strong></span> <span class='ocrx_word' id='word_1_360' title='bbox 2322 1899 2427 1955; x_wconf 89' lang='lat' dir='ltr'><strong>est,</strong></span> <span class='ocrx_word' id='word_1_361' title='bbox 2476 1899 2714 1959; x_wconf 81' lang='lat' dir='ltr'><strong>quatuor</strong></span> <span class='ocrx_word' id='word_1_362' title='bbox 2763 1893 2864 1947; x_wconf 89' lang='lat' dir='ltr'><strong>has</strong></span> <span class='ocrx_word' id='word_1_363' title='bbox 2907 1894 3145 1949; x_wconf 83' lang='lat' dir='ltr'><strong>rationes</strong></span> <span class='ocrx_word' id='word_1_364' title='bbox 3197 1897 3578 1966; x_wconf 81' lang='lat' dir='ltr'><strong>expressisset,</strong></span> 
     </span>
    </p>
   </div>
   <div class='ocr_carea' id='block_1_45' title="bbox 2001 1981 3578 2058">
    <p class='ocr_par' dir='ltr' id='par_1_45' title="bbox 2001 1981 3578 2058">
     <span class='ocr_line' id='line_1_45' title="bbox 2001 1981 3578 2058; baseline 0.009 -28"><span class='ocrx_word' id='word_1_365' title='bbox 2001 1988 2254 2046; x_wconf 85' lang='lat' dir='ltr'><strong>quartam</strong></span> <span class='ocrx_word' id='word_1_366' title='bbox 2287 1981 2337 2033; x_wconf 86' lang='lat' dir='ltr'><strong>iu</strong></span> <span class='ocrx_word' id='word_1_367' title='bbox 2365 1981 2512 2036; x_wconf 90' lang='lat' dir='ltr'><strong>hunc</strong></span> <span class='ocrx_word' id='word_1_368' title='bbox 2540 1983 2761 2036; x_wconf 89' lang='lat' dir='ltr'><strong>modum</strong></span> <span class='ocrx_word' id='word_1_369' title='bbox 2793 1985 3019 2053; x_wconf 88' lang='lat' dir='ltr'><strong>protulit</strong></span> <span class='ocrx_word' id='word_1_370' title='bbox 3051 1999 3064 2037; x_wconf 91' lang='lat'><strong>:</strong></span> <span class='ocrx_word' id='word_1_371' title='bbox 3100 1985 3311 2056; x_wconf 80' lang='lat' dir='ltr'><strong>Martyr</strong></span> <span class='ocrx_word' id='word_1_372' title='bbox 3334 1986 3578 2058; x_wconf 87' lang='lat' dir='ltr'><strong>Iguatius</strong></span> 
     </span>
    </p>
   </div>
   <div class='ocr_carea' id='block_1_46' title="bbox 1999 2069 3582 2145">
    <p class='ocr_par' dir='ltr' id='par_1_46' title="bbox 1999 2069 3582 2145">
     <span class='ocr_line' id='line_1_46' title="bbox 1999 2069 3582 2145; baseline 0.008 -24"><span class='ocrx_word' id='word_1_373' title='bbox 1999 2069 2162 2121; x_wconf 86' lang='lat' dir='ltr'><strong>etiam</strong></span> <span class='ocrx_word' id='word_1_374' title='bbox 2183 2079 2430 2138; x_wconf 87' lang='lat' dir='ltr'><strong>quartam</strong></span> <span class='ocrx_word' id='word_1_375' title='bbox 2456 2072 2666 2124; x_wconf 63' lang='lat' dir='ltr'><strong>adtlidit</strong></span> <span class='ocrx_word' id='word_1_376' title='bbox 2689 2089 2926 2139; x_wconf 88' lang='lat' dir='ltr'><strong>causant,</strong></span> <span class='ocrx_word' id='word_1_377' title='bbox 2951 2091 3047 2127; x_wconf 85' lang='lat' dir='ltr'><strong>cur</strong></span> <span class='ocrx_word' id='word_1_378' title='bbox 3067 2093 3099 2128; x_wconf 92' lang='lat' dir='ltr'><strong>a</strong></span> <span class='ocrx_word' id='word_1_379' title='bbox 3120 2077 3434 2145; x_wconf 80' lang='lat' dir='ltr'><strong>desponsata</strong></span> <span class='ocrx_word' id='word_1_380' title='bbox 3455 2096 3582 2134; x_wconf 87' lang='lat' dir='ltr'><strong>con-</strong></span> 
     </span>
    </p>
   </div>
   <div class='ocr_carea' id='block_1_47' title="bbox 2000 2160 3583 2232">
    <p class='ocr_par' dir='ltr' id='par_1_47' title="bbox 2000 2160 3583 2232">
     <span class='ocr_line' id='line_1_47' title="bbox 2000 2160 3583 2232; baseline 0.008 -24"><span class='ocrx_word' id='word_1_381' title='bbox 2000 2170 2179 2226; x_wconf 88' lang='lat' dir='ltr'><strong>ceptus</strong></span> <span class='ocrx_word' id='word_1_382' title='bbox 2209 2160 2297 2226; x_wconf 88' lang='lat' dir='ltr'><strong>sit,</strong></span> <span class='ocrx_word' id='word_1_383' title='bbox 2327 2169 2383 2212; x_wconf 91' lang='lat' dir='ltr'><strong>ut</strong></span> <span class='ocrx_word' id='word_1_384' title='bbox 2418 2169 2627 2230; x_wconf 88' lang='lat' dir='ltr'><strong>partus,</strong></span> <span class='ocrx_word' id='word_1_385' title='bbox 2664 2162 2925 2232; x_wconf 85' lang='lat' dir='ltr'><strong>inquiens,</strong></span> <span class='ocrx_word' id='word_1_386' title='bbox 2962 2162 3075 2231; x_wconf 85' lang='lat' dir='ltr'><strong>ejus</strong></span> <span class='ocrx_word' id='word_1_387' title='bbox 3102 2163 3364 2218; x_wconf 74' lang='lat' dir='ltr'><strong>velaretur</strong></span> <span class='ocrx_word' id='word_1_388' title='bbox 3392 2166 3583 2220; x_wconf 84' lang='lat' dir='ltr'><strong>diabo--</strong></span> 
     </span>
    </p>
   </div>
   <div class='ocr_carea' id='block_1_48' title="bbox 1999 2248 3582 2327">
    <p class='ocr_par' dir='ltr' id='par_1_48' title="bbox 1999 2248 3582 2327">
     <span class='ocr_line' id='line_1_48' title="bbox 1999 2248 3582 2327; baseline 0.006 -26"><span class='ocrx_word' id='word_1_389' title='bbox 1999 2248 2072 2316; x_wconf 90' lang='lat' dir='ltr'><strong>lo,</strong></span> <span class='ocrx_word' id='word_1_390' title='bbox 2095 2249 2222 2302; x_wconf 89' lang='lat' dir='ltr'><strong>dum</strong></span> <span class='ocrx_word' id='word_1_391' title='bbox 2246 2267 2361 2304; x_wconf 89' lang='lat' dir='ltr'><strong>eum</strong></span> <span class='ocrx_word' id='word_1_392' title='bbox 2393 2263 2546 2320; x_wconf 89' lang='lat' dir='ltr'><strong>putat</strong></span> <span class='ocrx_word' id='word_1_393' title='bbox 2579 2269 2684 2306; x_wconf 87' lang='lat' dir='ltr'><strong>non</strong></span> <span class='ocrx_word' id='word_1_394' title='bbox 2711 2254 2773 2306; x_wconf 89' lang='lat' dir='ltr'><strong>de</strong></span> <span class='ocrx_word' id='word_1_395' title='bbox 2795 2254 3012 2322; x_wconf 88' lang='lat' dir='ltr'><strong>virgine,</strong></span> <span class='ocrx_word' id='word_1_396' title='bbox 3039 2252 3129 2307; x_wconf 86' lang='lat' dir='ltr'><strong>sed</strong></span> <span class='ocrx_word' id='word_1_397' title='bbox 3155 2254 3218 2308; x_wconf 88' lang='lat' dir='ltr'><strong>de</strong></span> <span class='ocrx_word' id='word_1_398' title='bbox 3243 2272 3406 2310; x_wconf 72' lang='lat' dir='ltr'><strong>uxore</strong></span> <span class='ocrx_word' id='word_1_399' title='bbox 3427 2274 3582 2327; x_wconf 80' lang='lat' dir='ltr'><strong>gene-</strong></span> 
     </span>
    </p>
   </div>
   <div class='ocr_carea' id='block_1_49' title="bbox 1999 2339 3578 2418">
    <p class='ocr_par' dir='ltr' id='par_1_49' title="bbox 1999 2339 3578 2418">
     <span class='ocr_line' id='line_1_49' title="bbox 1999 2339 3578 2418; baseline 0.009 -28"><span class='ocrx_word' id='word_1_400' title='bbox 1999 2348 2197 2394; x_wconf 87' lang='lat' dir='ltr'><strong>ratum.</strong></span> <span class='ocrx_word' id='word_1_401' title='bbox 2224 2339 2358 2405; x_wconf 88' lang='lat' dir='ltr'><strong>Quis</strong></span> <span class='ocrx_word' id='word_1_402' title='bbox 2393 2341 2536 2394; x_wconf 80' lang='lat' dir='ltr'><strong>enim</strong></span> <span class='ocrx_word' id='word_1_403' title='bbox 2571 2357 2679 2396; x_wconf 91' lang='lat' dir='ltr'><strong>non</strong></span> <span class='ocrx_word' id='word_1_404' title='bbox 2715 2343 2880 2409; x_wconf 87' lang='lat' dir='ltr'><strong>videt,</strong></span> <span class='ocrx_word' id='word_1_405' title='bbox 2909 2343 2955 2398; x_wconf 93' lang='lat' dir='ltr'><strong>si</strong></span> <span class='ocrx_word' id='word_1_406' title='bbox 2983 2344 3096 2398; x_wconf 75' lang='lat' dir='ltr'><strong>haec</strong></span> <span class='ocrx_word' id='word_1_407' title='bbox 3123 2342 3490 2418; x_wconf 88' lang='lat' dir='ltr'><strong>Hieronymus</strong></span> <span class='ocrx_word' id='word_1_408' title='bbox 3511 2365 3578 2404; x_wconf 80' lang='lat' dir='ltr'><strong>ex</strong></span> 
     </span>
    </p>
   </div>
   <div class='ocr_carea' id='block_1_50' title="bbox 1999 2429 3579 2505">
    <p class='ocr_par' dir='ltr' id='par_1_50' title="bbox 1999 2429 3579 2505">
     <span class='ocr_line' id='line_1_50' title="bbox 1999 2429 3579 2505; baseline 0.008 -22"><span class='ocrx_word' id='word_1_409' title='bbox 1999 2429 2305 2501; x_wconf 88' lang='lat' dir='ltr'><strong>Theophilo</strong></span> <span class='ocrx_word' id='word_1_410' title='bbox 2337 2434 2702 2504; x_wconf 87' lang='lat' dir='ltr'><strong>transeripsit,</strong></span> <span class='ocrx_word' id='word_1_411' title='bbox 2733 2450 2858 2489; x_wconf 91' lang='lat' dir='ltr'><strong>eum</strong></span> <span class='ocrx_word' id='word_1_412' title='bbox 2890 2451 2988 2505; x_wconf 91' lang='lat' dir='ltr'><strong>pro</strong></span> <span class='ocrx_word' id='word_1_413' title='bbox 3021 2450 3173 2491; x_wconf 91' lang='lat' dir='ltr'><strong>more</strong></span> <span class='ocrx_word' id='word_1_414' title='bbox 3197 2451 3298 2492; x_wconf 89' lang='lat' dir='ltr'><strong>suo</strong></span> <span class='ocrx_word' id='word_1_415' title='bbox 3335 2438 3579 2496; x_wconf 84' lang='lat' dir='ltr'><strong>indicare</strong></span> 
     </span>
    </p>
   </div>
   <div class='ocr_carea' id='block_1_51' title="bbox 1996 2522 3579 2596">
    <p class='ocr_par' dir='ltr' id='par_1_51' title="bbox 1996 2522 3579 2596">
     <span class='ocr_line' id='line_1_51' title="bbox 1996 2522 3579 2596; baseline 0.006 -20"><span class='ocrx_word' id='word_1_416' title='bbox 1996 2522 2237 2579; x_wconf 89' lang='lat' dir='ltr'><strong>voluisse</strong></span> <span class='ocrx_word' id='word_1_417' title='bbox 2266 2522 2324 2578; x_wconf 91' lang='lat' dir='ltr'><strong>S.</strong></span> <span class='ocrx_word' id='word_1_418' title='bbox 2355 2523 2720 2594; x_wconf 89' lang='lat' dir='ltr'><strong>Theophilum</strong></span> <span class='ocrx_word' id='word_1_419' title='bbox 2765 2526 2880 2582; x_wconf 71' lang='lat' dir='ltr'><strong>haec</strong></span> <span class='ocrx_word' id='word_1_420' title='bbox 2921 2527 2989 2581; x_wconf 91' lang='lat' dir='ltr'><strong>ab</strong></span> <span class='ocrx_word' id='word_1_421' title='bbox 3039 2525 3251 2596; x_wconf 87' lang='lat' dir='ltr'><strong>lgnatio</strong></span> <span class='ocrx_word' id='word_1_422' title='bbox 3291 2531 3579 2586; x_wconf 83' lang='lat' dir='ltr'><strong>decessore</strong></span> 
     </span>
    </p>
   </div>
   <div class='ocr_carea' id='block_1_52' title="bbox 1996 2613 3575 2692">
    <p class='ocr_par' dir='ltr' id='par_1_52' title="bbox 1996 2613 3575 2692">
     <span class='ocr_line' id='line_1_52' title="bbox 1996 2613 3575 2692; baseline 0.006 -24"><span class='ocrx_word' id='word_1_423' title='bbox 1996 2629 2099 2668; x_wconf 91' lang='lat' dir='ltr'><strong>suo</strong></span> <span class='ocrx_word' id='word_1_424' title='bbox 2121 2615 2400 2670; x_wconf 91' lang='lat' dir='ltr'><strong>habuisse.</strong></span> <span class='ocrx_word' id='word_1_425' title='bbox 2423 2613 2667 2686; x_wconf 85' lang='lat' dir='ltr'><strong>lgnatius</strong></span> <span class='ocrx_word' id='word_1_426' title='bbox 2693 2617 2840 2670; x_wconf 92' lang='lat' dir='ltr'><strong>enim</strong></span> <span class='ocrx_word' id='word_1_427' title='bbox 2871 2617 2988 2687; x_wconf 83' lang='lat' dir='ltr'><strong>ipse</strong></span> <span class='ocrx_word' id='word_1_428' title='bbox 3010 2634 3118 2673; x_wconf 91' lang='lat' dir='ltr'><strong>non</strong></span> <span class='ocrx_word' id='word_1_429' title='bbox 3150 2620 3294 2676; x_wconf 88' lang='lat' dir='ltr'><strong>hanc</strong></span> <span class='ocrx_word' id='word_1_430' title='bbox 3317 2633 3575 2692; x_wconf 87' lang='lat' dir='ltr'><strong>quartam</strong></span> 
     </span>
    </p>
   </div>
   <div class='ocr_carea' id='block_1_53' title="bbox 1996 2706 3576 2779">
    <p class='ocr_par' dir='ltr' id='par_1_53' title="bbox 1996 2706 3576 2779">
     <span class='ocr_line' id='line_1_53' title="bbox 1996 2706 3576 2779; baseline 0.005 -19"><span class='ocrx_word' id='word_1_431' title='bbox 1996 2721 2217 2761; x_wconf 86' lang='lat' dir='ltr'><strong>causam</strong></span> <span class='ocrx_word' id='word_1_432' title='bbox 2246 2706 2472 2774; x_wconf 82' lang='lat' dir='ltr'><strong>addidit,</strong></span> <span class='ocrx_word' id='word_1_433' title='bbox 2504 2721 2680 2776; x_wconf 88' lang='lat' dir='ltr'><strong>neque</strong></span> <span class='ocrx_word' id='word_1_434' title='bbox 2706 2707 2872 2760; x_wconf 86' lang='lat' dir='ltr'><strong>ullam</strong></span> <span class='ocrx_word' id='word_1_435' title='bbox 2896 2723 3120 2763; x_wconf 88' lang='lat' dir='ltr'><strong>causam</strong></span> <span class='ocrx_word' id='word_1_436' title='bbox 3145 2712 3391 2779; x_wconf 88' lang='lat' dir='ltr'><strong>protulit,</strong></span> <span class='ocrx_word' id='word_1_437' title='bbox 3424 2729 3523 2768; x_wconf 91' lang='lat' dir='ltr'><strong>cur</strong></span> <span class='ocrx_word' id='word_1_438' title='bbox 3543 2728 3576 2768; x_wconf 84' lang='lat' dir='ltr'><strong>a</strong></span> 
     </span>
    </p>
   </div>
   <div class='ocr_carea' id='block_1_54' title="bbox 1994 2797 3575 2868">
    <p class='ocr_par' dir='ltr' id='par_1_54' title="bbox 1994 2797 3575 2868">
     <span class='ocr_line' id='line_1_54' title="bbox 1994 2797 3575 2868; baseline 0.005 -17"><span class='ocrx_word' id='word_1_439' title='bbox 1994 2797 2324 2867; x_wconf 87' lang='lat' dir='ltr'><strong>desponsata</strong></span> <span class='ocrx_word' id='word_1_440' title='bbox 2366 2808 2667 2868; x_wconf 86' lang='lat' dir='ltr'><strong>conceptus</strong></span> <span class='ocrx_word' id='word_1_441' title='bbox 2699 2797 2865 2852; x_wconf 83' lang='lat' dir='ltr'><strong>fuerit</strong></span> <span class='ocrx_word' id='word_1_442' title='bbox 2898 2799 3152 2856; x_wconf 87' lang='lat' dir='ltr'><strong>Christus</strong></span> <span class='ocrx_word' id='word_1_443' title='bbox 3190 2818 3203 2853; x_wconf 86' lang='lat'><strong>:</strong></span> <span class='ocrx_word' id='word_1_444' title='bbox 3240 2803 3334 2858; x_wconf 90' lang='lat' dir='ltr'><strong>sed</strong></span> <span class='ocrx_word' id='word_1_445' title='bbox 3361 2813 3575 2860; x_wconf 89' lang='lat' dir='ltr'><strong>tantum</strong></span> 
     </span>
    </p>
   </div>
   <div class='ocr_carea' id='block_1_55' title="bbox 1992 2889 3577 2962">
    <p class='ocr_par' dir='ltr' id='par_1_55' title="bbox 1992 2889 3577 2962">
     <span class='ocr_line' id='line_1_55' title="bbox 1992 2889 3577 2962; baseline 0.005 -19"><span class='ocrx_word' id='word_1_446' title='bbox 1992 2889 2128 2943; x_wconf 75' lang='lat' dir='ltr'><strong>dixit</strong></span> <span class='ocrx_word' id='word_1_447' title='bbox 2165 2890 2532 2960; x_wconf 68' lang='lat' dir='ltr'><strong>virginitatem</strong></span> <span class='ocrx_word' id='word_1_448' title='bbox 2566 2889 2751 2945; x_wconf 72' lang='lat' dir='ltr'><strong>Maria:</strong></span> <span class='ocrx_word' id='word_1_449' title='bbox 2793 2890 3072 2946; x_wconf 87' lang='lat' dir='ltr'><strong>diabolum</strong></span> <span class='ocrx_word' id='word_1_450' title='bbox 3122 2892 3380 2962; x_wconf 88' lang='lat' dir='ltr'><strong>latuisse;</strong></span> <span class='ocrx_word' id='word_1_451' title='bbox 3431 2895 3577 2954; x_wconf 88' lang='lat' dir='ltr'><strong>hanc</strong></span> 
     </span>
    </p>
   </div>
   <div class='ocr_carea' id='block_1_56' title="bbox 1991 2979 3578 3052">
    <p class='ocr_par' dir='ltr' id='par_1_56' title="bbox 1991 2979 3578 3052">
     <span class='ocr_line' id='line_1_56' title="bbox 1991 2979 3578 3052; baseline 0.006 -19"><span class='ocrx_word' id='word_1_452' title='bbox 1991 2987 2174 3034; x_wconf 86' lang='lat' dir='ltr'><strong>autem</strong></span> <span class='ocrx_word' id='word_1_453' title='bbox 2210 2981 2536 3035; x_wconf 87' lang='lat' dir='ltr'><strong>sententiam</strong></span> <span class='ocrx_word' id='word_1_454' title='bbox 2566 2979 2762 3051; x_wconf 84' lang='lat' dir='ltr'><strong>lgnatii</strong></span> <span class='ocrx_word' id='word_1_455' title='bbox 2798 2989 3057 3052; x_wconf 85' lang='lat' dir='ltr'><strong>tanquam</strong></span> <span class='ocrx_word' id='word_1_456' title='bbox 3105 2999 3327 3040; x_wconf 87' lang='lat' dir='ltr'><strong>causam</strong></span> <span class='ocrx_word' id='word_1_457' title='bbox 3367 2986 3578 3042; x_wconf 88' lang='lat' dir='ltr'><strong>addidit</strong></span> 
     </span>
    </p>
   </div>
   <div class='ocr_carea' id='block_1_57' title="bbox 1992 3071 3575 3149">
    <p class='ocr_par' dir='ltr' id='par_1_57' title="bbox 1992 3071 3575 3149">
     <span class='ocr_line' id='line_1_57' title="bbox 1992 3071 3575 3149; baseline 0.005 -24"><span class='ocrx_word' id='word_1_458' title='bbox 1992 3071 2353 3140; x_wconf 85' lang='lat' dir='ltr'><strong>Theophilus,</strong></span> <span class='ocrx_word' id='word_1_459' title='bbox 2377 3085 2540 3142; x_wconf 85' lang='lat' dir='ltr'><strong>atque</strong></span> <span class='ocrx_word' id='word_1_460' title='bbox 2563 3075 2699 3128; x_wconf 81' lang='lat' dir='ltr'><strong>adeo</strong></span> <span class='ocrx_word' id='word_1_461' title='bbox 2726 3089 2948 3128; x_wconf 88' lang='lat' dir='ltr'><strong>causam</strong></span> <span class='ocrx_word' id='word_1_462' title='bbox 2972 3074 3114 3130; x_wconf 87' lang='lat' dir='ltr'><strong>hanc</strong></span> <span class='ocrx_word' id='word_1_463' title='bbox 3137 3077 3390 3132; x_wconf 88' lang='lat' dir='ltr'><strong>attribuit</strong></span> <span class='ocrx_word' id='word_1_464' title='bbox 3415 3076 3575 3149; x_wconf 83' lang='lat' dir='ltr'><strong>lgna-</strong></span> 
     </span>
    </p>
   </div>
   <div class='ocr_carea' id='block_1_58' title="bbox 293 3154 3576 3247">
    <p class='ocr_par' dir='ltr' id='par_1_58' title="bbox 293 3154 3576 3247">
     <span class='ocr_line' id='line_1_58' title="bbox 293 3154 3576 3247; baseline 0 -21"><span class='ocrx_word' id='word_1_465' title='bbox 293 3170 490 3225; x_wconf 72' lang='lat' dir='ltr'><strong>Crazce</strong></span> <span class='ocrx_word' id='word_1_466' title='bbox 523 3181 808 3241; x_wconf 79' lang='lat' dir='ltr'><strong>excerpta,</strong></span> <span class='ocrx_word' id='word_1_467' title='bbox 840 3183 1130 3242; x_wconf 89' lang='lat' dir='ltr'><strong>postquam</strong></span> <span class='ocrx_word' id='word_1_468' title='bbox 1167 3171 1352 3227; x_wconf 61' lang='lat' dir='ltr'><strong>Graeca</strong></span> <span class='ocrx_word' id='word_1_469' title='bbox 1382 3171 1439 3226; x_wconf 90' lang='lat' dir='ltr'><strong>S.</strong></span> <span class='ocrx_word' id='word_1_470' title='bbox 1469 3171 1655 3228; x_wconf 64' lang='lat' dir='ltr'><strong>[renati</strong></span> <span class='ocrx_word' id='word_1_471' title='bbox 1703 3189 1890 3227; x_wconf 75' lang='lat' dir='ltr'><strong>exem-</strong></span> <span class='ocrx_word' id='word_1_472' title='bbox 1915 3190 1958 3247; x_wconf 70' lang='grc' dir='ltr'>ο</span> <span class='ocrx_word' id='word_1_473' title='bbox 1991 3167 2067 3221; x_wconf 88' lang='lat' dir='ltr'><strong>tio</strong></span> <span class='ocrx_word' id='word_1_474' title='bbox 2105 3154 2501 3236; x_wconf 60' lang='lat' dir='ltr'><strong>Hieronymus;</strong></span> <span class='ocrx_word' id='word_1_475' title='bbox 2529 3165 2676 3236; x_wconf 91' lang='lat' dir='ltr'><strong>quod</strong></span> <span class='ocrx_word' id='word_1_476' title='bbox 2726 3182 2851 3222; x_wconf 90' lang='lat' dir='ltr'><strong>eum</strong></span> <span class='ocrx_word' id='word_1_477' title='bbox 2882 3167 3029 3224; x_wconf 89' lang='lat' dir='ltr'><strong>illius</strong></span> <span class='ocrx_word' id='word_1_478' title='bbox 3057 3169 3342 3225; x_wconf 69' lang='lat' dir='ltr'><strong>sententia:</strong></span> <span class='ocrx_word' id='word_1_479' title='bbox 3378 3180 3576 3233; x_wconf 83' lang='lat' dir='ltr'><strong>aucto-</strong></span> 
     </span>
    </p>
   </div>
   <div class='ocr_carea' id='block_1_59' title="bbox 292 3264 1894 3334">
    <p class='ocr_par' dir='ltr' id='par_1_59' title="bbox 292 3264 1894 3334">
     <span class='ocr_line' id='line_1_59' title="bbox 292 3264 1894 3334; baseline 0.003 -18"><span class='ocrx_word' id='word_1_480' title='bbox 292 3264 472 3332; x_wconf 83' lang='lat' dir='ltr'><strong>plaria</strong></span> <span class='ocrx_word' id='word_1_481' title='bbox 511 3265 816 3334; x_wconf 86' lang='lat' dir='ltr'><strong>perierunt,</strong></span> <span class='ocrx_word' id='word_1_482' title='bbox 865 3266 920 3320; x_wconf 95' lang='lat' dir='ltr'><strong>in</strong></span> <span class='ocrx_word' id='word_1_483' title='bbox 971 3265 1141 3319; x_wconf 85' lang='lat' dir='ltr'><strong>veteri</strong></span> <span class='ocrx_word' id='word_1_484' title='bbox 1184 3264 1378 3319; x_wconf 80' lang='lat' dir='ltr'><strong>Latina</strong></span> <span class='ocrx_word' id='word_1_485' title='bbox 1416 3266 1667 3320; x_wconf 78' lang='lat' dir='ltr'><strong>versione</strong></span> <span class='ocrx_word' id='word_1_486' title='bbox 1714 3266 1894 3321; x_wconf 88' lang='lat' dir='ltr'><strong>adhuc</strong></span> 
     </span>
    </p>
   </div>
   <div class='ocr_carea' id='block_1_60' title="bbox 294 3357 1893 3429">
    <p class='ocr_par' dir='ltr' id='par_1_60' title="bbox 294 3357 1893 3429">
     <span class='ocr_line' id='line_1_60' title="bbox 294 3357 1893 3429; baseline 0.003 -21"><span class='ocrx_word' id='word_1_487' title='bbox 294 3357 682 3426; x_wconf 89' lang='lat' dir='ltr'><strong>reperiuntur,</strong></span> <span class='ocrx_word' id='word_1_488' title='bbox 716 3357 757 3412; x_wconf 91' lang='grc' dir='ltr'>ι.</span> <span class='ocrx_word' id='word_1_489' title='bbox 788 3373 872 3424; x_wconf 88' lang='grc' dir='ltr'>ιιι,</span> <span class='ocrx_word' id='word_1_490' title='bbox 920 3373 971 3412; x_wconf 91' lang='lat' dir='ltr'><strong>e.</strong></span> <span class='ocrx_word' id='word_1_491' title='bbox 1001 3357 1073 3412; x_wconf 74' lang='lat'>28</span> <span class='ocrx_word' id='word_1_492' title='bbox 1111 3373 1125 3410; x_wconf 91' lang='lat'><strong>:</strong></span> <span class='ocrx_word' id='word_1_493' title='bbox 1167 3357 1623 3423; x_wconf 83' lang='lat' dir='ltr'><strong>Quemadmodum</strong></span> <span class='ocrx_word' id='word_1_494' title='bbox 1675 3360 1893 3429; x_wconf 87' lang='lat' dir='ltr'><strong>quidam</strong></span> 
     </span>
    </p>
   </div>
   <div class='ocr_carea' id='block_1_61' title="bbox 296 3452 1892 3525">
    <p class='ocr_par' dir='ltr' id='par_1_61' title="bbox 296 3452 1892 3525">
     <span class='ocr_line' id='line_1_61' title="bbox 296 3452 1892 3525; baseline 0.003 -20"><span class='ocrx_word' id='word_1_495' title='bbox 296 3454 361 3506; x_wconf 78' lang='lat' dir='ltr'><strong>de</strong></span> <span class='ocrx_word' id='word_1_496' title='bbox 394 3453 596 3506; x_wconf 77' lang='lat' dir='ltr'><strong>nostris</strong></span> <span class='ocrx_word' id='word_1_497' title='bbox 627 3452 802 3518; x_wconf 73' lang='lat' dir='ltr'><strong>dixit,</strong></span> <span class='ocrx_word' id='word_1_498' title='bbox 838 3461 1056 3522; x_wconf 83' lang='lat' dir='ltr'><strong>propter</strong></span> <span class='ocrx_word' id='word_1_499' title='bbox 1094 3453 1411 3521; x_wconf 82' lang='lat' dir='ltr'><strong>martyrium</strong></span> <span class='ocrx_word' id='word_1_500' title='bbox 1438 3454 1495 3506; x_wconf 90' lang='lat' dir='ltr'><strong>in</strong></span> <span class='ocrx_word' id='word_1_501' title='bbox 1537 3453 1700 3508; x_wconf 88' lang='lat' dir='ltr'><strong>Deum</strong></span> <span class='ocrx_word' id='word_1_502' title='bbox 1730 3457 1892 3525; x_wconf 86' lang='lat' dir='ltr'><strong>adju-</strong></span> 
     </span>
    </p>
   </div>
   <div class='ocr_carea' id='block_1_62' title="bbox 295 3544 1892 3615">
    <p class='ocr_par' dir='ltr' id='par_1_62' title="bbox 295 3544 1892 3615">
     <span class='ocr_line' id='line_1_62' title="bbox 295 3544 1892 3615; baseline 0.003 -19"><span class='ocrx_word' id='word_1_503' title='bbox 295 3545 513 3600; x_wconf 80' lang='lat' dir='ltr'><strong>dicatus</strong></span> <span class='ocrx_word' id='word_1_504' title='bbox 581 3547 654 3599; x_wconf 85' lang='lat' dir='ltr'><strong>ad</strong></span> <span class='ocrx_word' id='word_1_505' title='bbox 716 3544 945 3612; x_wconf 75' lang='lat' dir='ltr'><strong>bestias,</strong></span> <span class='ocrx_word' id='word_1_506' title='bbox 1000 3563 1020 3596; x_wconf 76' lang='lat' dir='ltr'><strong>s</strong></span> <span class='ocrx_word' id='word_1_507' title='bbox 1077 3546 1330 3615; x_wconf 88' lang='lat' dir='ltr'><strong>quoniam</strong></span> <span class='ocrx_word' id='word_1_508' title='bbox 1390 3545 1716 3614; x_wconf 80' lang='lat' dir='ltr'><strong>frumentum</strong></span> <span class='ocrx_word' id='word_1_509' title='bbox 1774 3563 1892 3600; x_wconf 85' lang='lat' dir='ltr'><strong>sum</strong></span> 
     </span>
    </p>
   </div>
   <div class='ocr_carea' id='block_1_63' title="bbox 298 3635 1892 3710">
    <p class='ocr_par' dir='ltr' id='par_1_63' title="bbox 298 3635 1892 3710">
     <span class='ocr_line' id='line_1_63' title="bbox 298 3635 1892 3710; baseline 0.003 -20"><span class='ocrx_word' id='word_1_510' title='bbox 298 3635 529 3704; x_wconf 78' lang='lat' dir='ltr'><strong>Christi,</strong></span> <span class='ocrx_word' id='word_1_511' title='bbox 553 3649 605 3692; x_wconf 83' lang='lat' dir='ltr'><strong>et</strong></span> <span class='ocrx_word' id='word_1_512' title='bbox 633 3654 726 3708; x_wconf 82' lang='lat' dir='ltr'><strong>per</strong></span> <span class='ocrx_word' id='word_1_513' title='bbox 744 3639 924 3694; x_wconf 86' lang='lat' dir='ltr'><strong>dentes</strong></span> <span class='ocrx_word' id='word_1_514' title='bbox 955 3638 1244 3693; x_wconf 85' lang='lat' dir='ltr'><strong>bestiarum</strong></span> <span class='ocrx_word' id='word_1_515' title='bbox 1276 3639 1446 3693; x_wconf 89' lang='lat' dir='ltr'><strong>molor</strong></span> <span class='ocrx_word' id='word_1_516' title='bbox 1468 3649 1524 3692; x_wconf 90' lang='lat' dir='ltr'><strong>ut</strong></span> <span class='ocrx_word' id='word_1_517' title='bbox 1549 3641 1775 3694; x_wconf 86' lang='lat' dir='ltr'><strong>mundus</strong></span> <span class='ocrx_word' id='word_1_518' title='bbox 1795 3659 1892 3710; x_wconf 87' lang='lat' dir='ltr'><strong>pa-</strong></span> 
     </span>
    </p>
   </div>
   <div class='ocr_carea' id='block_1_64' title="bbox 299 3732 1888 3806">
    <p class='ocr_par' dir='ltr' id='par_1_64' title="bbox 299 3732 1888 3806">
     <span class='ocr_line' id='line_1_64' title="bbox 299 3732 1888 3806; baseline 0.004 -23"><span class='ocrx_word' id='word_1_519' title='bbox 299 3733 384 3785; x_wconf 82' lang='lat' dir='ltr'><strong>nis</strong></span> <span class='ocrx_word' id='word_1_520' title='bbox 412 3734 678 3788; x_wconf 84' lang='lat' dir='ltr'><strong>inveniar.</strong></span> <span class='ocrx_word' id='word_1_521' title='bbox 718 3753 737 3786; x_wconf 76' lang='grc' dir='ltr'><strong>ι</strong></span> <span class='ocrx_word' id='word_1_522' title='bbox 782 3732 1100 3804; x_wconf 88' lang='lat' dir='ltr'><strong>Eademque</strong></span> <span class='ocrx_word' id='word_1_523' title='bbox 1145 3735 1198 3789; x_wconf 91' lang='lat' dir='ltr'><strong>in</strong></span> <span class='ocrx_word' id='word_1_524' title='bbox 1236 3733 1294 3789; x_wconf 91' lang='lat' dir='ltr'><strong>S.</strong></span> <span class='ocrx_word' id='word_1_525' title='bbox 1326 3734 1517 3805; x_wconf 82' lang='lat' dir='ltr'><strong>lgnatii</strong></span> <span class='ocrx_word' id='word_1_526' title='bbox 1548 3735 1789 3806; x_wconf 88' lang='lat' dir='ltr'><strong>Epistola</strong></span> <span class='ocrx_word' id='word_1_527' title='bbox 1823 3737 1888 3790; x_wconf 85' lang='lat' dir='ltr'><strong>ad</strong></span> 
     </span>
    </p>
   </div>
   <div class='ocr_carea' id='block_1_65' title="bbox 299 3821 1890 3895">
    <p class='ocr_par' dir='ltr' id='par_1_65' title="bbox 299 3821 1890 3895">
     <span class='ocr_line' id='line_1_65' title="bbox 299 3821 1890 3895; baseline 0.003 -20"><span class='ocrx_word' id='word_1_528' title='bbox 299 3821 589 3878; x_wconf 79' lang='lat' dir='ltr'><strong>Romanos</strong></span> <span class='ocrx_word' id='word_1_529' title='bbox 646 3833 908 3878; x_wconf 77' lang='lat' dir='ltr'><strong>exstant:</strong></span> <span class='ocrx_word' id='word_1_530' title='bbox 941 3825 1114 3891; x_wconf 88' lang='grc' dir='ltr'>Σῐτός</span> <span class='ocrx_word' id='word_1_531' title='bbox 1160 3827 1276 3895; x_wconf 82' lang='grc' dir='ltr'><strong>εἰμι</strong></span> <span class='ocrx_word' id='word_1_532' title='bbox 1326 3826 1434 3880; x_wconf 83' lang='grc' dir='ltr'>τοῦ</span> <span class='ocrx_word' id='word_1_533' title='bbox 1477 3827 1624 3881; x_wconf 86' lang='grc' dir='ltr'><strong>Θεοῦ</strong></span> <span class='ocrx_word' id='word_1_534' title='bbox 1670 3828 1766 3881; x_wconf 80' lang='grc' dir='ltr'><strong>καὶ</strong></span> <span class='ocrx_word' id='word_1_535' title='bbox 1816 3827 1890 3880; x_wconf 85' lang='grc' dir='ltr'><strong>δι’</strong></span> 
     </span>
    </p>
   </div>
   <div class='ocr_carea' id='block_1_66' title="bbox 295 3913 1892 3988">
    <p class='ocr_par' dir='ltr' id='par_1_66' title="bbox 295 3913 1892 3988">
     <span class='ocr_line' id='line_1_66' title="bbox 295 3913 1892 3988; baseline 0.004 -21"><span class='ocrx_word' id='word_1_536' title='bbox 295 3913 567 3968; x_wconf 73' lang='grc' dir='ltr'><strong>ὀδόντων</strong></span> <span class='ocrx_word' id='word_1_537' title='bbox 617 3917 838 3984; x_wconf 79' lang='grc' dir='ltr'>θηρίων</span> <span class='ocrx_word' id='word_1_538' title='bbox 888 3913 1204 3986; x_wconf 73' lang='grc' dir='ltr'>ἀλήθομαι,</span> <span class='ocrx_word' id='word_1_539' title='bbox 1259 3917 1359 3970; x_wconf 77' lang='grc' dir='ltr'><strong>ἵνα</strong></span> <span class='ocrx_word' id='word_1_540' title='bbox 1406 3918 1662 3985; x_wconf 79' lang='grc' dir='ltr'>καθαρὸς</span> <span class='ocrx_word' id='word_1_541' title='bbox 1713 3918 1892 3988; x_wconf 79' lang='grc' dir='ltr'>ἄρτος</span> 
     </span>
    </p>
   </div>
   <div class='ocr_carea' id='block_1_67' title="bbox 295 4006 720 4075">
    <p class='ocr_par' dir='ltr' id='par_1_67' title="bbox 295 4006 720 4075">
     <span class='ocr_line' id='line_1_67' title="bbox 295 4006 720 4075; baseline 0.002 -16"><span class='ocrx_word' id='word_1_542' title='bbox 295 4007 449 4061; x_wconf 85' lang='grc' dir='ltr'><strong>Θεοῦ</strong></span> <span class='ocrx_word' id='word_1_543' title='bbox 473 4006 720 4075; x_wconf 79' lang='grc' dir='ltr'>εὑρεθῶ.</span> 
     </span>
    </p>
   </div>
   <div class='ocr_carea' id='block_1_68' title="bbox 367 4094 1891 4169">
    <p class='ocr_par' dir='ltr' id='par_1_68' title="bbox 367 4094 1891 4169">
     <span class='ocr_line' id='line_1_68' title="bbox 367 4094 1891 4169; baseline 0.003 -21"><span class='ocrx_word' id='word_1_544' title='bbox 367 4094 862 4151; x_wconf 88' lang='lat' dir='ltr'><strong>Lucnlcntissimis</strong></span> <span class='ocrx_word' id='word_1_545' title='bbox 907 4095 1060 4152; x_wconf 91' lang='lat' dir='ltr'><strong>hisce</strong></span> <span class='ocrx_word' id='word_1_546' title='bbox 1090 4097 1424 4153; x_wconf 88' lang='lat' dir='ltr'><strong>testimoniis</strong></span> <span class='ocrx_word' id='word_1_547' title='bbox 1470 4107 1583 4154; x_wconf 88' lang='lat' dir='ltr'><strong>tres</strong></span> <span class='ocrx_word' id='word_1_548' title='bbox 1610 4099 1891 4169; x_wconf 89' lang='lat' dir='ltr'><strong>conjectu-</strong></span> 
     </span>
    </p>
   </div>
   <div class='ocr_carea' id='block_1_69' title="bbox 296 4186 1892 4258">
    <p class='ocr_par' dir='ltr' id='par_1_69' title="bbox 296 4186 1892 4258">
     <span class='ocr_line' id='line_1_69' title="bbox 296 4186 1892 4258; baseline 0 -18"><span class='ocrx_word' id='word_1_549' title='bbox 296 4202 388 4240; x_wconf 87' lang='lat' dir='ltr'><strong>ras</strong></span> <span class='ocrx_word' id='word_1_550' title='bbox 439 4186 861 4258; x_wconf 85' lang='lat' dir='ltr'><strong>subjungendas</strong></span> <span class='ocrx_word' id='word_1_551' title='bbox 901 4187 1110 4257; x_wconf 88' lang='lat' dir='ltr'><strong>putavi,</strong></span> <span class='ocrx_word' id='word_1_552' title='bbox 1157 4201 1224 4241; x_wconf 81' lang='lat' dir='ltr'><strong>ex</strong></span> <span class='ocrx_word' id='word_1_553' title='bbox 1270 4187 1459 4241; x_wconf 89' lang='lat' dir='ltr'><strong>eodem</strong></span> <span class='ocrx_word' id='word_1_554' title='bbox 1508 4188 1707 4242; x_wconf 85' lang='lat' dir='ltr'><strong>saeculo</strong></span> <span class='ocrx_word' id='word_1_555' title='bbox 1754 4189 1892 4258; x_wconf 89' lang='lat' dir='ltr'><strong>peti-</strong></span> 
     </span>
    </p>
   </div>
   <div class='ocr_carea' id='block_1_70' title="bbox 297 4271 1890 4349">
    <p class='ocr_par' dir='ltr' id='par_1_70' title="bbox 297 4271 1890 4349">
     <span class='ocr_line' id='line_1_70' title="bbox 297 4271 1890 4349; baseline 0.003 -21"><span class='ocrx_word' id='word_1_556' title='bbox 297 4287 379 4330; x_wconf 75' lang='lat' dir='ltr'><strong>tas</strong></span> <span class='ocrx_word' id='word_1_557' title='bbox 417 4295 432 4329; x_wconf 91' lang='lat'><strong>:</strong></span> <span class='ocrx_word' id='word_1_558' title='bbox 467 4294 597 4349; x_wconf 74' lang='lat' dir='ltr'><strong>qua:</strong></span> <span class='ocrx_word' id='word_1_559' title='bbox 649 4271 698 4332; x_wconf 78' lang='lat' dir='ltr'><strong>si</strong></span> <span class='ocrx_word' id='word_1_560' title='bbox 762 4277 995 4333; x_wconf 84' lang='lat' dir='ltr'><strong>eruditis</strong></span> <span class='ocrx_word' id='word_1_561' title='bbox 1047 4278 1317 4347; x_wconf 89' lang='lat' dir='ltr'><strong>placeant,</strong></span> <span class='ocrx_word' id='word_1_562' title='bbox 1380 4279 1519 4333; x_wconf 91' lang='lat' dir='ltr'><strong>bene</strong></span> <span class='ocrx_word' id='word_1_563' title='bbox 1583 4289 1700 4346; x_wconf 91' lang='lat' dir='ltr'><strong>est;</strong></span> <span class='ocrx_word' id='word_1_564' title='bbox 1755 4280 1890 4334; x_wconf 89' lang='lat' dir='ltr'><strong>mihi</strong></span> 
     </span>
    </p>
   </div>
   <div class='ocr_carea' id='block_1_71' title="bbox 294 4365 1888 4435">
    <p class='ocr_par' dir='ltr' id='par_1_71' title="bbox 294 4365 1888 4435">
     <span class='ocr_line' id='line_1_71' title="bbox 294 4365 1888 4435; baseline 0 -17"><span class='ocrx_word' id='word_1_565' title='bbox 294 4375 447 4419; x_wconf 86' lang='lat' dir='ltr'><strong>certe</strong></span> <span class='ocrx_word' id='word_1_566' title='bbox 489 4368 732 4435; x_wconf 84' lang='lat' dir='ltr'><strong>placent,</strong></span> <span class='ocrx_word' id='word_1_567' title='bbox 785 4377 844 4420; x_wconf 94' lang='lat' dir='ltr'><strong>ut</strong></span> <span class='ocrx_word' id='word_1_568' title='bbox 891 4366 1246 4435; x_wconf 83' lang='lat' dir='ltr'><strong>conjecturae,</strong></span> <span class='ocrx_word' id='word_1_569' title='bbox 1302 4366 1529 4432; x_wconf 87' lang='lat' dir='ltr'><strong>scilicet,</strong></span> <span class='ocrx_word' id='word_1_570' title='bbox 1565 4381 1745 4435; x_wconf 91' lang='lat' dir='ltr'><strong>neque</strong></span> <span class='ocrx_word' id='word_1_571' title='bbox 1780 4365 1888 4419; x_wconf 90' lang='lat' dir='ltr'><strong>alio</strong></span> 
     </span>
    </p>
   </div>
   <div class='ocr_carea' id='block_1_72' title="bbox 296 4457 1888 4529">
    <p class='ocr_par' dir='ltr' id='par_1_72' title="bbox 296 4457 1888 4529">
     <span class='ocr_line' id='line_1_72' title="bbox 296 4457 1888 4529; baseline 0.001 -19"><span class='ocrx_word' id='word_1_572' title='bbox 296 4458 528 4512; x_wconf 89' lang='lat' dir='ltr'><strong>nomine</strong></span> <span class='ocrx_word' id='word_1_573' title='bbox 554 4474 825 4528; x_wconf 80' lang='lat' dir='ltr'><strong>propono.</strong></span> <span class='ocrx_word' id='word_1_574' title='bbox 879 4457 1235 4529; x_wconf 87' lang='lat' dir='ltr'><strong>Smyrnensis</strong></span> <span class='ocrx_word' id='word_1_575' title='bbox 1257 4458 1516 4514; x_wconf 81' lang='lat' dir='ltr'><strong>Ecclesia:</strong></span> <span class='ocrx_word' id='word_1_576' title='bbox 1539 4458 1789 4528; x_wconf 88' lang='lat' dir='ltr'><strong>epistola,</strong></span> <span class='ocrx_word' id='word_1_577' title='bbox 1819 4458 1888 4511; x_wconf 86' lang='lat' dir='ltr'><strong>li-</strong></span> 
     </span>
    </p>
   </div>
   <div class='ocr_carea' id='block_1_73' title="bbox 294 4535 1964 4622">
    <p class='ocr_par' dir='ltr' id='par_1_73' title="bbox 294 4535 1964 4622">
     <span class='ocr_line' id='line_1_73' title="bbox 294 4535 1964 4622; baseline 0.001 -21"><span class='ocrx_word' id='word_1_578' title='bbox 294 4558 382 4602; x_wconf 85' lang='lat' dir='ltr'><strong>cet</strong></span> <span class='ocrx_word' id='word_1_579' title='bbox 411 4549 466 4601; x_wconf 92' lang='lat' dir='ltr'><strong>in</strong></span> <span class='ocrx_word' id='word_1_580' title='bbox 496 4551 766 4620; x_wconf 85' lang='lat' dir='ltr'><strong>martyrio</strong></span> <span class='ocrx_word' id='word_1_581' title='bbox 791 4549 849 4605; x_wconf 93' lang='lat' dir='ltr'><strong>S.</strong></span> <span class='ocrx_word' id='word_1_582' title='bbox 875 4549 1158 4622; x_wconf 86' lang='lat' dir='ltr'><strong>Polycarpi</strong></span> <span class='ocrx_word' id='word_1_583' title='bbox 1186 4551 1510 4607; x_wconf 87' lang='lat' dir='ltr'><strong>celebrando</strong></span> <span class='ocrx_word' id='word_1_584' title='bbox 1539 4550 1885 4621; x_wconf 88' lang='lat' dir='ltr'><strong>potissimum</strong></span> <span class='ocrx_word' id='word_1_585' title='bbox 1921 4535 1964 4590; x_wconf 75' lang='grc' dir='ltr'><strong>Β</strong></span> 
     </span>
    </p>
   </div>
   <div class='ocr_carea' id='block_1_74' title="bbox 297 4641 1884 4704">
    <p class='ocr_par' dir='ltr' id='par_1_74' title="bbox 297 4641 1884 4704">
     <span class='ocr_line' id='line_1_74' title="bbox 297 4641 1884 4704; baseline 0.004 -14"><span class='ocrx_word' id='word_1_586' title='bbox 297 4649 575 4704; x_wconf 76' lang='lat' dir='ltr'><strong>versetur,</strong></span> <span class='ocrx_word' id='word_1_587' title='bbox 622 4650 805 4698; x_wconf 87' lang='lat' dir='ltr'><strong>tamen</strong></span> <span class='ocrx_word' id='word_1_588' title='bbox 851 4652 904 4697; x_wconf 92' lang='lat' dir='ltr'><strong>et</strong></span> <span class='ocrx_word' id='word_1_589' title='bbox 930 4641 1242 4698; x_wconf 87' lang='lat' dir='ltr'><strong>Germanici</strong></span> <span class='ocrx_word' id='word_1_590' title='bbox 1272 4643 1478 4698; x_wconf 82' lang='lat' dir='ltr'><strong>exitum</strong></span> <span class='ocrx_word' id='word_1_591' title='bbox 1510 4643 1749 4697; x_wconf 84' lang='lat' dir='ltr'><strong>breviter</strong></span> <span class='ocrx_word' id='word_1_592' title='bbox 1787 4643 1884 4697; x_wconf 85' lang='lat' dir='ltr'><strong>de-</strong></span> 
     </span>
    </p>
   </div>
   <div class='ocr_carea' id='block_1_75' title="bbox 298 4733 1890 4809">
    <p class='ocr_par' dir='ltr' id='par_1_75' title="bbox 298 4733 1890 4809">
     <span class='ocr_line' id='line_1_75' title="bbox 298 4733 1890 4809; baseline 0.003 -24"><span class='ocrx_word' id='word_1_593' title='bbox 298 4733 519 4799; x_wconf 83' lang='lat' dir='ltr'><strong>scribit,</strong></span> <span class='ocrx_word' id='word_1_594' title='bbox 551 4734 670 4804; x_wconf 89' lang='lat' dir='ltr'><strong>qui,</strong></span> <span class='ocrx_word' id='word_1_595' title='bbox 708 4737 853 4791; x_wconf 90' lang='lat' dir='ltr'><strong>velut</strong></span> <span class='ocrx_word' id='word_1_596' title='bbox 885 4735 1024 4790; x_wconf 86' lang='lat' dir='ltr'><strong>alter</strong></span> <span class='ocrx_word' id='word_1_597' title='bbox 1054 4734 1318 4807; x_wconf 84' lang='lat' dir='ltr'><strong>lguatius,</strong></span> <span class='ocrx_word' id='word_1_598' title='bbox 1359 4738 1645 4809; x_wconf 75' lang='grc' dir='ltr'><strong>ἐπισήμως</strong></span> <span class='ocrx_word' id='word_1_599' title='bbox 1676 4735 1890 4807; x_wconf 78' lang='grc' dir='ltr'>ἐθηριο-</span> 
     </span>
    </p>
   </div>
   <div class='ocr_carea' id='block_1_76' title="bbox 302 4826 1885 4901">
    <p class='ocr_par' dir='ltr' id='par_1_76' title="bbox 302 4826 1885 4901">
     <span class='ocr_line' id='line_1_76' title="bbox 302 4826 1885 4901; baseline 0 -21"><span class='ocrx_word' id='word_1_600' title='bbox 302 4826 544 4896; x_wconf 53' lang='lat' dir='ltr'><strong>(since,</strong></span> <span class='ocrx_word' id='word_1_601' title='bbox 597 4828 824 4897; x_wconf 85' lang='lat' dir='ltr'><strong>gloriose</strong></span> <span class='ocrx_word' id='word_1_602' title='bbox 875 4834 1128 4901; x_wconf 89' lang='lat' dir='ltr'><strong>pugnavit</strong></span> <span class='ocrx_word' id='word_1_603' title='bbox 1185 4831 1255 4886; x_wconf 86' lang='lat' dir='ltr'><strong>ad</strong></span> <span class='ocrx_word' id='word_1_604' title='bbox 1306 4831 1520 4886; x_wconf 86' lang='lat' dir='ltr'><strong>bestias.</strong></span> <span class='ocrx_word' id='word_1_605' title='bbox 1558 4828 1695 4883; x_wconf 91' lang='lat' dir='ltr'><strong>Cum</strong></span> <span class='ocrx_word' id='word_1_606' title='bbox 1741 4829 1885 4882; x_wconf 91' lang='lat' dir='ltr'><strong>enim</strong></span> 
     </span>
    </p>
   </div>
   <div class='ocr_carea' id='block_1_77' title="bbox 300 4921 1887 4995">
    <p class='ocr_par' dir='ltr' id='par_1_77' title="bbox 300 4921 1887 4995">
     <span class='ocr_line' id='line_1_77' title="bbox 300 4921 1887 4995; baseline 0.002 -23"><span class='ocrx_word' id='word_1_607' title='bbox 300 4921 604 4988; x_wconf 84' lang='lat' dir='ltr'><strong>proconsul</strong></span> <span class='ocrx_word' id='word_1_608' title='bbox 639 4936 763 4975; x_wconf 85' lang='lat' dir='ltr'><strong>eum</strong></span> <span class='ocrx_word' id='word_1_609' title='bbox 803 4923 872 4976; x_wconf 89' lang='lat' dir='ltr'><strong>ab</strong></span> <span class='ocrx_word' id='word_1_610' title='bbox 915 4925 1082 4978; x_wconf 89' lang='lat' dir='ltr'><strong>animi</strong></span> <span class='ocrx_word' id='word_1_611' title='bbox 1132 4924 1414 4995; x_wconf 87' lang='lat' dir='ltr'><strong>proposito</strong></span> <span class='ocrx_word' id='word_1_612' title='bbox 1468 4922 1745 4977; x_wconf 88' lang='lat' dir='ltr'><strong>retrahere</strong></span> <span class='ocrx_word' id='word_1_613' title='bbox 1795 4935 1887 4975; x_wconf 82' lang='lat' dir='ltr'><strong>co-</strong></span> 
     </span>
    </p>
   </div>
   <div class='ocr_carea' id='block_1_78' title="bbox 300 5012 1890 5086">
    <p class='ocr_par' dir='ltr' id='par_1_78' title="bbox 300 5012 1890 5086">
     <span class='ocr_line' id='line_1_78' title="bbox 300 5012 1890 5086; baseline 0.001 -21"><span class='ocrx_word' id='word_1_614' title='bbox 300 5022 553 5074; x_wconf 87' lang='lat' dir='ltr'><strong>naretur,</strong></span> <span class='ocrx_word' id='word_1_615' title='bbox 611 5012 788 5084; x_wconf 79' lang='grc' dir='ltr'><strong>ὲαυτῷ</strong></span> <span class='ocrx_word' id='word_1_616' title='bbox 846 5016 1198 5070; x_wconf 76' lang='grc' dir='ltr'>ἐπεσπάσατο</span> <span class='ocrx_word' id='word_1_617' title='bbox 1242 5015 1303 5068; x_wconf 81' lang='grc' dir='ltr'><strong>τὸ</strong></span> <span class='ocrx_word' id='word_1_618' title='bbox 1335 5015 1522 5086; x_wconf 85' lang='grc' dir='ltr'>θηρίον</span> <span class='ocrx_word' id='word_1_619' title='bbox 1557 5013 1890 5085; x_wconf 75' lang='grc' dir='ltr'>προσϐιασα-</span> 
     </span>
    </p>
   </div>
   <div class='ocr_carea' id='block_1_79' title="bbox 301 5104 1886 5174">
    <p class='ocr_par' dir='ltr' id='par_1_79' title="bbox 301 5104 1886 5174">
     <span class='ocr_line' id='line_1_79' title="bbox 301 5104 1886 5174; baseline 0.001 -20"><span class='ocrx_word' id='word_1_620' title='bbox 301 5121 487 5174; x_wconf 78' lang='grc' dir='ltr'>μενος,</span> <span class='ocrx_word' id='word_1_621' title='bbox 529 5104 805 5173; x_wconf 88' lang='lat' dir='ltr'><strong>inquiunt,</strong></span> <span class='ocrx_word' id='word_1_622' title='bbox 845 5105 1016 5174; x_wconf 85' lang='lat' dir='ltr'><strong>feram</strong></span> <span class='ocrx_word' id='word_1_623' title='bbox 1074 5106 1143 5159; x_wconf 87' lang='lat' dir='ltr'><strong>ad</strong></span> <span class='ocrx_word' id='word_1_624' title='bbox 1176 5123 1228 5160; x_wconf 91' lang='lat' dir='ltr'><strong>se</strong></span> <span class='ocrx_word' id='word_1_625' title='bbox 1272 5107 1521 5170; x_wconf 71' lang='lat' dir='ltr'><strong>attraxit,</strong></span> <span class='ocrx_word' id='word_1_626' title='bbox 1567 5107 1616 5158; x_wconf 86' lang='lat' dir='ltr'><strong>vi</strong></span> <span class='ocrx_word' id='word_1_627' title='bbox 1649 5105 1886 5174; x_wconf 79' lang='lat' dir='ltr'><strong>ndigens.</strong></span> 
     </span>
    </p>
   </div>
   <div class='ocr_carea' id='block_1_80' title="bbox 298 5196 1888 5268">
    <p class='ocr_par' dir='ltr' id='par_1_80' title="bbox 298 5196 1888 5268">
     <span class='ocr_line' id='line_1_80' title="bbox 298 5196 1888 5268; baseline 0.001 -21"><span class='ocrx_word' id='word_1_628' title='bbox 298 5197 521 5261; x_wconf 80' lang='lat' dir='ltr'><strong>Quibus</strong></span> <span class='ocrx_word' id='word_1_629' title='bbox 551 5197 734 5252; x_wconf 82' lang='lat' dir='ltr'><strong>verbis</strong></span> <span class='ocrx_word' id='word_1_630' title='bbox 761 5197 1020 5252; x_wconf 84' lang='lat' dir='ltr'><strong>existimo</strong></span> <span class='ocrx_word' id='word_1_631' title='bbox 1057 5196 1360 5253; x_wconf 84' lang='lat' dir='ltr'><strong>Ecclesiam</strong></span> <span class='ocrx_word' id='word_1_632' title='bbox 1403 5197 1791 5268; x_wconf 86' lang='lat' dir='ltr'><strong>Smyrnenscm</strong></span> <span class='ocrx_word' id='word_1_633' title='bbox 1821 5196 1888 5249; x_wconf 89' lang='lat' dir='ltr'><strong>ad</strong></span> 
     </span>
    </p>
   </div>
   <div class='ocr_carea' id='block_1_81' title="bbox 297 5287 1888 5359">
    <p class='ocr_par' dir='ltr' id='par_1_81' title="bbox 297 5287 1888 5359">
     <span class='ocr_line' id='line_1_81' title="bbox 297 5287 1888 5359; baseline -0.001 -18"><span class='ocrx_word' id='word_1_634' title='bbox 297 5287 594 5356; x_wconf 78' lang='lat' dir='ltr'><strong>epistolam</strong></span> <span class='ocrx_word' id='word_1_635' title='bbox 625 5287 680 5342; x_wconf 92' lang='lat' dir='ltr'><strong>S.</strong></span> <span class='ocrx_word' id='word_1_636' title='bbox 717 5287 911 5358; x_wconf 82' lang='lat' dir='ltr'><strong>lgnatii</strong></span> <span class='ocrx_word' id='word_1_637' title='bbox 935 5289 1164 5344; x_wconf 91' lang='lat' dir='ltr'><strong>omnino</strong></span> <span class='ocrx_word' id='word_1_638' title='bbox 1193 5289 1522 5359; x_wconf 79' lang='lat' dir='ltr'><strong>respexisse,</strong></span> <span class='ocrx_word' id='word_1_639' title='bbox 1562 5298 1617 5344; x_wconf 88' lang='lat' dir='ltr'><strong>et</strong></span> <span class='ocrx_word' id='word_1_640' title='bbox 1644 5289 1698 5340; x_wconf 92' lang='lat' dir='ltr'><strong>in</strong></span> <span class='ocrx_word' id='word_1_641' title='bbox 1724 5287 1888 5341; x_wconf 90' lang='lat' dir='ltr'><strong>simili</strong></span> 
     </span>
    </p>
   </div>
   <div class='ocr_carea' id='block_1_82' title="bbox 298 5379 1888 5450">
    <p class='ocr_par' dir='ltr' id='par_1_82' title="bbox 298 5379 1888 5450">
     <span class='ocr_line' id='line_1_82' title="bbox 298 5379 1888 5450; baseline 0 -18"><span class='ocrx_word' id='word_1_642' title='bbox 298 5381 590 5450; x_wconf 79' lang='lat' dir='ltr'><strong>proposito</strong></span> <span class='ocrx_word' id='word_1_643' title='bbox 618 5381 808 5434; x_wconf 85' lang='lat' dir='ltr'><strong>eodem</strong></span> <span class='ocrx_word' id='word_1_644' title='bbox 836 5382 1104 5436; x_wconf 91' lang='lat' dir='ltr'><strong>vocabulo</strong></span> <span class='ocrx_word' id='word_1_645' title='bbox 1129 5383 1208 5436; x_wconf 89' lang='lat' dir='ltr'><strong>uti</strong></span> <span class='ocrx_word' id='word_1_646' title='bbox 1237 5383 1493 5437; x_wconf 74' lang='lat' dir='ltr'><strong>voluisse.</strong></span> <span class='ocrx_word' id='word_1_647' title='bbox 1520 5380 1595 5435; x_wconf 89' lang='lat' dir='ltr'><strong>Ita</strong></span> <span class='ocrx_word' id='word_1_648' title='bbox 1626 5382 1771 5435; x_wconf 90' lang='lat' dir='ltr'><strong>enim</strong></span> <span class='ocrx_word' id='word_1_649' title='bbox 1800 5379 1888 5432; x_wconf 88' lang='lat' dir='ltr'><strong>ille</strong></span> 
     </span>
    </p>
   </div>
   <div class='ocr_carea' id='block_1_83' title="bbox 300 5468 1888 5542">
    <p class='ocr_par' dir='ltr' id='par_1_83' title="bbox 300 5468 1888 5542">
     <span class='ocr_line' id='line_1_83' title="bbox 300 5468 1888 5542; baseline -0.002 -18"><span class='ocrx_word' id='word_1_650' title='bbox 300 5473 368 5524; x_wconf 85' lang='lat' dir='ltr'><strong>ad</strong></span> <span class='ocrx_word' id='word_1_651' title='bbox 403 5470 710 5535; x_wconf 79' lang='lat' dir='ltr'><strong>Romanos,</strong></span> <span class='ocrx_word' id='word_1_652' title='bbox 742 5471 809 5525; x_wconf 93' lang='lat' dir='ltr'><strong>de</strong></span> <span class='ocrx_word' id='word_1_653' title='bbox 833 5470 965 5526; x_wconf 77' lang='lat' dir='ltr'><strong>feris</strong></span> <span class='ocrx_word' id='word_1_654' title='bbox 992 5471 1193 5542; x_wconf 89' lang='lat' dir='ltr'><strong>quibus</strong></span> <span class='ocrx_word' id='word_1_655' title='bbox 1220 5471 1564 5542; x_wconf 91' lang='lat' dir='ltr'><strong>objiciendus</strong></span> <span class='ocrx_word' id='word_1_656' title='bbox 1592 5469 1695 5525; x_wconf 84' lang='lat' dir='ltr'><strong>fuit</strong></span> <span class='ocrx_word' id='word_1_657' title='bbox 1724 5488 1736 5523; x_wconf 93' lang='lat'><strong>:</strong></span> <span class='ocrx_word' id='word_1_658' title='bbox 1771 5468 1888 5522; x_wconf 87' lang='grc' dir='ltr'><strong>Κᾶν</strong></span> 
     </span>
    </p>
   </div>
   <div class='ocr_carea' id='block_1_84' title="bbox 296 5561 1887 5636">
    <p class='ocr_par' dir='ltr' id='par_1_84' title="bbox 296 5561 1887 5636">
     <span class='ocr_line' id='line_1_84' title="bbox 296 5561 1887 5636; baseline -0.002 -18"><span class='ocrx_word' id='word_1_659' title='bbox 296 5565 438 5618; x_wconf 69' lang='grc' dir='ltr'>αὐτὰ</span> <span class='ocrx_word' id='word_1_660' title='bbox 471 5564 528 5616; x_wconf 76' lang='grc' dir='ltr'><strong>δὲ</strong></span> <span class='ocrx_word' id='word_1_661' title='bbox 561 5562 766 5616; x_wconf 79' lang='grc' dir='ltr'>ἄκοντα</span> <span class='ocrx_word' id='word_1_662' title='bbox 802 5565 877 5636; x_wconf 82' lang='grc' dir='ltr'><strong>μὴ</strong></span> <span class='ocrx_word' id='word_1_663' title='bbox 909 5563 1036 5634; x_wconf 84' lang='grc' dir='ltr'>θέλῃ</span> <span class='ocrx_word' id='word_1_664' title='bbox 1069 5563 1180 5632; x_wconf 80' lang='grc' dir='ltr'><strong>ἐγὼ</strong></span> <span class='ocrx_word' id='word_1_665' title='bbox 1211 5563 1632 5636; x_wconf 79' lang='grc' dir='ltr'>προσϐιάσομαι,</span> <span class='ocrx_word' id='word_1_666' title='bbox 1672 5561 1810 5634; x_wconf 87' lang='lat' dir='ltr'><strong>quod</strong></span> <span class='ocrx_word' id='word_1_667' title='bbox 1842 5565 1887 5616; x_wconf 89' lang='lat' dir='ltr'><strong>si</strong></span> 
     </span>
    </p>
   </div>
   <div class='ocr_carea' id='block_1_85' title="bbox 296 5654 1888 5727">
    <p class='ocr_par' dir='ltr' id='par_1_85' title="bbox 296 5654 1888 5727">
     <span class='ocr_line' id='line_1_85' title="bbox 296 5654 1888 5727; baseline -0.001 -19"><span class='ocrx_word' id='word_1_668' title='bbox 296 5658 436 5726; x_wconf 88' lang='lat' dir='ltr'><strong>forte</strong></span> <span class='ocrx_word' id='word_1_669' title='bbox 464 5657 596 5726; x_wconf 75' lang='lat' dir='ltr'><strong>ipsa:</strong></span> <span class='ocrx_word' id='word_1_670' title='bbox 620 5656 966 5719; x_wconf 79' lang='lat' dir='ltr'><strong>recusabant,</strong></span> <span class='ocrx_word' id='word_1_671' title='bbox 996 5673 1088 5726; x_wconf 74' lang='lat' dir='ltr'><strong>ego</strong></span> <span class='ocrx_word' id='word_1_672' title='bbox 1111 5673 1199 5711; x_wconf 89' lang='lat' dir='ltr'><strong>eas</strong></span> <span class='ocrx_word' id='word_1_673' title='bbox 1218 5659 1267 5711; x_wconf 90' lang='lat' dir='ltr'><strong>vi</strong></span> <span class='ocrx_word' id='word_1_674' title='bbox 1295 5654 1888 5727; x_wconf 86' lang='lat' dir='ltr'><strong>adigam.S.Theophi-</strong></span> 
     </span>
    </p>
   </div>
   <div class='ocr_carea' id='block_1_86' title="bbox 295 5747 1884 5820">
    <p class='ocr_par' dir='ltr' id='par_1_86' title="bbox 295 5747 1884 5820">
     <span class='ocr_line' id='line_1_86' title="bbox 295 5747 1884 5820; baseline 0.001 -21"><span class='ocrx_word' id='word_1_675' title='bbox 295 5749 404 5810; x_wconf 87' lang='lat' dir='ltr'><strong>lus,</strong></span> <span class='ocrx_word' id='word_1_676' title='bbox 430 5758 624 5804; x_wconf 80' lang='lat' dir='ltr'><strong>sextus</strong></span> <span class='ocrx_word' id='word_1_677' title='bbox 642 5748 1040 5805; x_wconf 80' lang='lat' dir='ltr'><strong>Antiochensis</strong></span> <span class='ocrx_word' id='word_1_678' title='bbox 1066 5749 1324 5806; x_wconf 84' lang='lat' dir='ltr'><strong>Ecclesiae</strong></span> <span class='ocrx_word' id='word_1_679' title='bbox 1347 5750 1658 5820; x_wconf 88' lang='lat' dir='ltr'><strong>episcopus,</strong></span> <span class='ocrx_word' id='word_1_680' title='bbox 1676 5755 1802 5818; x_wconf 79' lang='lat' dir='ltr'><strong>post</strong></span> <span class='ocrx_word' id='word_1_681' title='bbox 1827 5747 1884 5801; x_wconf 86' lang='lat' dir='ltr'><strong>S.</strong></span> 
     </span>
    </p>
   </div>
   <div class='ocr_carea' id='block_1_87' title="bbox 295 5836 1888 5914">
    <p class='ocr_par' dir='ltr' id='par_1_87' title="bbox 295 5836 1888 5914">
     <span class='ocr_line' id='line_1_87' title="bbox 295 5836 1888 5914; baseline 0.001 -20"><span class='ocrx_word' id='word_1_682' title='bbox 295 5841 564 5914; x_wconf 81' lang='lat' dir='ltr'><strong>lgnatium</strong></span> <span class='ocrx_word' id='word_1_683' title='bbox 596 5851 852 5914; x_wconf 83' lang='lat' dir='ltr'><strong>quartus,</strong></span> <span class='ocrx_word' id='word_1_684' title='bbox 869 5842 1091 5913; x_wconf 88' lang='lat' dir='ltr'><strong>scripsit</strong></span> <span class='ocrx_word' id='word_1_685' title='bbox 1118 5843 1171 5897; x_wconf 91' lang='lat' dir='ltr'><strong>in</strong></span> <span class='ocrx_word' id='word_1_686' title='bbox 1190 5841 1245 5898; x_wconf 91' lang='lat' dir='ltr'><strong>S.</strong></span> <span class='ocrx_word' id='word_1_687' title='bbox 1266 5843 1575 5899; x_wconf 73' lang='lat' dir='ltr'><strong>Matthteum</strong></span> <span class='ocrx_word' id='word_1_688' title='bbox 1594 5836 1888 5897; x_wconf 79' lang='lat' dir='ltr'><strong>Commen-</strong></span> 
     </span>
    </p>
   </div>
   <div class='ocr_carea' id='block_1_88' title="bbox 1993 3257 3573 3334">
    <p class='ocr_par' dir='ltr' id='par_1_88' title="bbox 1993 3257 3573 3334">
     <span class='ocr_line' id='line_1_88' title="bbox 1993 3257 3573 3334; baseline 0.005 -23"><span class='ocrx_word' id='word_1_689' title='bbox 1993 3273 2106 3312; x_wconf 85' lang='lat' dir='ltr'><strong>rem</strong></span> <span class='ocrx_word' id='word_1_690' title='bbox 2139 3268 2476 3326; x_wconf 84' lang='lat' dir='ltr'><strong>agnosceret.</strong></span> <span class='ocrx_word' id='word_1_691' title='bbox 2504 3257 2663 3313; x_wconf 89' lang='lat' dir='ltr'><strong>Certe</strong></span> <span class='ocrx_word' id='word_1_692' title='bbox 2684 3258 2797 3314; x_wconf 63' lang='lat' dir='ltr'><strong>haec</strong></span> <span class='ocrx_word' id='word_1_693' title='bbox 2821 3258 3187 3332; x_wconf 84' lang='lat' dir='ltr'><strong>Hieronymus</strong></span> <span class='ocrx_word' id='word_1_694' title='bbox 3210 3277 3276 3316; x_wconf 79' lang='lat' dir='ltr'><strong>ex</strong></span> <span class='ocrx_word' id='word_1_695' title='bbox 3300 3279 3403 3318; x_wconf 91' lang='lat' dir='ltr'><strong>suo</strong></span> <span class='ocrx_word' id='word_1_696' title='bbox 3428 3280 3573 3334; x_wconf 87' lang='lat' dir='ltr'><strong>penu</strong></span> 
     </span>
    </p>
   </div>
   <div class='ocr_carea' id='block_1_89' title="bbox 1991 3349 3569 3427">
    <p class='ocr_par' dir='ltr' id='par_1_89' title="bbox 1991 3349 3569 3427">
     <span class='ocr_line' id='line_1_89' title="bbox 1991 3349 3569 3427; baseline 0.006 -24"><span class='ocrx_word' id='word_1_697' title='bbox 1991 3365 2102 3405; x_wconf 89' lang='lat' dir='ltr'><strong>non</strong></span> <span class='ocrx_word' id='word_1_698' title='bbox 2142 3349 2395 3420; x_wconf 87' lang='lat' dir='ltr'><strong>sumpsit,</strong></span> <span class='ocrx_word' id='word_1_699' title='bbox 2445 3350 2539 3404; x_wconf 90' lang='lat' dir='ltr'><strong>sed</strong></span> <span class='ocrx_word' id='word_1_700' title='bbox 2584 3366 2615 3405; x_wconf 89' lang='lat' dir='ltr'><strong>a</strong></span> <span class='ocrx_word' id='word_1_701' title='bbox 2659 3351 2830 3406; x_wconf 81' lang='lat' dir='ltr'><strong>veteri</strong></span> <span class='ocrx_word' id='word_1_702' title='bbox 2874 3363 3306 3411; x_wconf 75' lang='lat' dir='ltr'><strong>commentatum</strong></span> <span class='ocrx_word' id='word_1_703' title='bbox 3348 3357 3569 3427; x_wconf 89' lang='lat' dir='ltr'><strong>hausit;</strong></span> 
     </span>
    </p>
   </div>
   <div class='ocr_carea' id='block_1_90' title="bbox 1992 3443 3574 3513">
    <p class='ocr_par' dir='ltr' id='par_1_90' title="bbox 1992 3443 3574 3513">
     <span class='ocr_line' id='line_1_90' title="bbox 1992 3443 3574 3513; baseline 0.004 -18"><span class='ocrx_word' id='word_1_704' title='bbox 1992 3458 2123 3510; x_wconf 88' lang='lat' dir='ltr'><strong>uno,</strong></span> <span class='ocrx_word' id='word_1_705' title='bbox 2145 3443 2374 3509; x_wconf 89' lang='lat' dir='ltr'><strong>scilicet,</strong></span> <span class='ocrx_word' id='word_1_706' title='bbox 2406 3458 2472 3498; x_wconf 78' lang='lat' dir='ltr'><strong>ex</strong></span> <span class='ocrx_word' id='word_1_707' title='bbox 2501 3443 2628 3508; x_wconf 90' lang='lat' dir='ltr'><strong>illis,</strong></span> <span class='ocrx_word' id='word_1_708' title='bbox 2661 3458 2802 3510; x_wconf 86' lang='lat' dir='ltr'><strong>quos</strong></span> <span class='ocrx_word' id='word_1_709' title='bbox 2834 3444 2950 3513; x_wconf 90' lang='lat' dir='ltr'><strong>ipse</strong></span> <span class='ocrx_word' id='word_1_710' title='bbox 2971 3446 3024 3499; x_wconf 90' lang='lat' dir='ltr'><strong>in</strong></span> <span class='ocrx_word' id='word_1_711' title='bbox 3051 3443 3376 3503; x_wconf 83' lang='lat' dir='ltr'><strong>Praefatione</strong></span> <span class='ocrx_word' id='word_1_712' title='bbox 3396 3449 3574 3503; x_wconf 83' lang='lat' dir='ltr'><strong>norni-</strong></span> 
     </span>
    </p>
   </div>
   <div class='ocr_carea' id='block_1_91' title="bbox 1990 3536 3570 3612">
    <p class='ocr_par' dir='ltr' id='par_1_91' title="bbox 1990 3536 3570 3612">
     <span class='ocr_line' id='line_1_91' title="bbox 1990 3536 3570 3612; baseline 0.006 -22"><span class='ocrx_word' id='word_1_713' title='bbox 1990 3546 2106 3604; x_wconf 89' lang='lat' dir='ltr'><strong>nat,</strong></span> <span class='ocrx_word' id='word_1_714' title='bbox 2126 3553 2286 3607; x_wconf 91' lang='lat' dir='ltr'><strong>quem</strong></span> <span class='ocrx_word' id='word_1_715' title='bbox 2312 3538 2477 3592; x_wconf 87' lang='lat' dir='ltr'><strong>alium</strong></span> <span class='ocrx_word' id='word_1_716' title='bbox 2506 3552 2670 3608; x_wconf 90' lang='lat' dir='ltr'><strong>quam</strong></span> <span class='ocrx_word' id='word_1_717' title='bbox 2690 3536 3053 3608; x_wconf 85' lang='lat' dir='ltr'><strong>Theophilum</strong></span> <span class='ocrx_word' id='word_1_718' title='bbox 3079 3539 3251 3596; x_wconf 82' lang='lat' dir='ltr'><strong>fuisse</strong></span> <span class='ocrx_word' id='word_1_719' title='bbox 3277 3556 3386 3596; x_wconf 91' lang='lat' dir='ltr'><strong>non</strong></span> <span class='ocrx_word' id='word_1_720' title='bbox 3411 3552 3570 3612; x_wconf 92' lang='lat' dir='ltr'><strong>puto.</strong></span> 
     </span>
    </p>
   </div>
   <div class='ocr_carea' id='block_1_92' title="bbox 1991 3629 3573 3696">
    <p class='ocr_par' dir='ltr' id='par_1_92' title="bbox 1991 3629 3573 3696">
     <span class='ocr_line' id='line_1_92' title="bbox 1991 3629 3573 3696; baseline 0.004 -13"><span class='ocrx_word' id='word_1_721' title='bbox 1991 3629 2125 3684; x_wconf 72' lang='lat' dir='ltr'><strong>Nam</strong></span> <span class='ocrx_word' id='word_1_722' title='bbox 2152 3630 2190 3684; x_wconf 90' lang='lat' dir='ltr'><strong>S</strong></span> <span class='ocrx_word' id='word_1_723' title='bbox 2243 3629 2513 3696; x_wconf 90' lang='lat' dir='ltr'><strong>Basilius,</strong></span> <span class='ocrx_word' id='word_1_724' title='bbox 2543 3630 2792 3684; x_wconf 86' lang='lat' dir='ltr'><strong>oratione</strong></span> <span class='ocrx_word' id='word_1_725' title='bbox 2837 3632 2893 3683; x_wconf 86' lang='lat' dir='ltr'><strong>in</strong></span> <span class='ocrx_word' id='word_1_726' title='bbox 2934 3629 3130 3685; x_wconf 87' lang='lat' dir='ltr'><strong>Natali</strong></span> <span class='ocrx_word' id='word_1_727' title='bbox 3159 3631 3361 3688; x_wconf 86' lang='lat' dir='ltr'><strong>Christi</strong></span> <span class='ocrx_word' id='word_1_728' title='bbox 3409 3635 3573 3690; x_wconf 85' lang='lat' dir='ltr'><strong>habi-</strong></span> 
     </span>
    </p>
   </div>
   <div class='ocr_carea' id='block_1_93' title="bbox 1991 3722 3576 3792">
    <p class='ocr_par' dir='ltr' id='par_1_93' title="bbox 1991 3722 3576 3792">
     <span class='ocr_line' id='line_1_93' title="bbox 1991 3722 3576 3792; baseline 0 -14"><span class='ocrx_word' id='word_1_729' title='bbox 1991 3733 2066 3789; x_wconf 88' lang='lat' dir='ltr'><strong>ta,</strong></span> <span class='ocrx_word' id='word_1_730' title='bbox 2091 3723 2341 3778; x_wconf 88' lang='lat' dir='ltr'><strong>eumdem</strong></span> <span class='ocrx_word' id='word_1_731' title='bbox 2367 3724 2486 3778; x_wconf 89' lang='lat' dir='ltr'><strong>sine</strong></span> <span class='ocrx_word' id='word_1_732' title='bbox 2503 3722 2672 3776; x_wconf 77' lang='lat' dir='ltr'><strong>dubio</strong></span> <span class='ocrx_word' id='word_1_733' title='bbox 2695 3733 2973 3776; x_wconf 87' lang='lat' dir='ltr'><strong>auctorem</strong></span> <span class='ocrx_word' id='word_1_734' title='bbox 2997 3722 3319 3792; x_wconf 86' lang='lat' dir='ltr'><strong>respiciens,</strong></span> <span class='ocrx_word' id='word_1_735' title='bbox 3345 3725 3456 3778; x_wconf 90' lang='lat' dir='ltr'><strong>ait:</strong></span> <span class='ocrx_word' id='word_1_736' title='bbox 3483 3725 3576 3778; x_wconf 75' lang='grc' dir='ltr'><strong>Εἷ-</strong></span> 
     </span>
    </p>
   </div>
   <div class='ocr_carea' id='block_1_94' title="bbox 1992 3813 3575 3888">
    <p class='ocr_par' dir='ltr' id='par_1_94' title="bbox 1992 3813 3575 3888">
     <span class='ocr_line' id='line_1_94' title="bbox 1992 3813 3575 3888; baseline 0.001 -20"><span class='ocrx_word' id='word_1_737' title='bbox 1992 3833 2154 3888; x_wconf 85' lang='grc' dir='ltr'>ρηται</span> <span class='ocrx_word' id='word_1_738' title='bbox 2206 3815 2264 3868; x_wconf 75' lang='grc' dir='ltr'><strong>δὲ</strong></span> <span class='ocrx_word' id='word_1_739' title='bbox 2311 3813 2421 3867; x_wconf 83' lang='grc' dir='ltr'><strong>τῶν</strong></span> <span class='ocrx_word' id='word_1_740' title='bbox 2467 3813 2714 3867; x_wconf 75' lang='grc' dir='ltr'>παλαιῶν</span> <span class='ocrx_word' id='word_1_741' title='bbox 2759 3831 2865 3866; x_wconf 85' lang='grc' dir='ltr'>τινι</span> <span class='ocrx_word' id='word_1_742' title='bbox 2916 3813 3006 3866; x_wconf 78' lang='grc' dir='ltr'><strong>καὶ</strong></span> <span class='ocrx_word' id='word_1_743' title='bbox 3050 3813 3236 3886; x_wconf 73' lang='grc' dir='ltr'>ἕτερος</span> <span class='ocrx_word' id='word_1_744' title='bbox 3276 3815 3457 3884; x_wconf 83' lang='grc' dir='ltr'><strong>λόγος,</strong></span> <span class='ocrx_word' id='word_1_745' title='bbox 3489 3817 3575 3870; x_wconf 84' lang='grc' dir='ltr'><strong>ὅτι</strong></span> 
     </span>
    </p>
   </div>
   <div class='ocr_carea' id='block_1_95' title="bbox 1991 3904 3573 3979">
    <p class='ocr_par' dir='ltr' id='par_1_95' title="bbox 1991 3904 3573 3979">
     <span class='ocr_line' id='line_1_95' title="bbox 1991 3904 3573 3979; baseline 0.003 -19"><span class='ocrx_word' id='word_1_746' title='bbox 1991 3907 2132 3979; x_wconf 86' lang='grc' dir='ltr'>ὑπὲρ</span> <span class='ocrx_word' id='word_1_747' title='bbox 2183 3905 2277 3960; x_wconf 73' lang='grc' dir='ltr'>τοῦ</span> <span class='ocrx_word' id='word_1_748' title='bbox 2326 3905 2506 3959; x_wconf 85' lang='grc' dir='ltr'>λαθεῖν</span> <span class='ocrx_word' id='word_1_749' title='bbox 2552 3905 2642 3959; x_wconf 83' lang='grc' dir='ltr'><strong>τὸν</strong></span> <span class='ocrx_word' id='word_1_750' title='bbox 2691 3906 2926 3978; x_wconf 81' lang='grc' dir='ltr'>ἄρχοντα</span> <span class='ocrx_word' id='word_1_751' title='bbox 2976 3904 3071 3960; x_wconf 82' lang='grc' dir='ltr'>τοῦ</span> <span class='ocrx_word' id='word_1_752' title='bbox 3130 3906 3326 3972; x_wconf 77' lang='grc' dir='ltr'>αἰῶνος</span> <span class='ocrx_word' id='word_1_753' title='bbox 3381 3908 3573 3965; x_wconf 83' lang='grc' dir='ltr'>τούτου</span> 
     </span>
    </p>
   </div>
   <div class='ocr_carea' id='block_1_96' title="bbox 1989 4000 3572 4082">
    <p class='ocr_par' dir='ltr' id='par_1_96' title="bbox 1989 4000 3572 4082">
     <span class='ocr_line' id='line_1_96' title="bbox 1989 4000 3572 4082; baseline 0.005 -28"><span class='ocrx_word' id='word_1_754' title='bbox 1989 4001 2087 4072; x_wconf 83' lang='grc' dir='ltr'>τὴν</span> <span class='ocrx_word' id='word_1_755' title='bbox 2133 4001 2429 4072; x_wconf 81' lang='grc' dir='ltr'>παρθενίαν</span> <span class='ocrx_word' id='word_1_756' title='bbox 2462 4000 2561 4071; x_wconf 80' lang='grc' dir='ltr'><strong>τῆς</strong></span> <span class='ocrx_word' id='word_1_757' title='bbox 2593 4001 2812 4073; x_wconf 79' lang='grc' dir='ltr'>Μαρίας</span> <span class='ocrx_word' id='word_1_758' title='bbox 2862 4004 2896 4073; x_wconf 77' lang='grc' dir='ltr'>ἡ</span> <span class='ocrx_word' id='word_1_759' title='bbox 2930 4002 3023 4056; x_wconf 80' lang='grc' dir='ltr'>τοῦ</span> <span class='ocrx_word' id='word_1_760' title='bbox 3072 4002 3269 4074; x_wconf 81' lang='grc' dir='ltr'><strong>Ἰωσὴφ</strong></span> <span class='ocrx_word' id='word_1_761' title='bbox 3301 4005 3572 4082; x_wconf 80' lang='grc' dir='ltr'>ἐπενοήθη</span> 
     </span>
    </p>
   </div>
   <div class='ocr_carea' id='block_1_97' title="bbox 1993 4089 3573 4168">
    <p class='ocr_par' dir='ltr' id='par_1_97' title="bbox 1993 4089 3573 4168">
     <span class='ocr_line' id='line_1_97' title="bbox 1993 4089 3573 4168; baseline 0.005 -22"><span class='ocrx_word' id='word_1_762' title='bbox 1993 4089 2274 4166; x_wconf 68' lang='grc' dir='ltr'>μνηστείαζ</span> <span class='ocrx_word' id='word_1_763' title='bbox 2333 4093 2469 4148; x_wconf 90' lang='lat' dir='ltr'><strong>Cum</strong></span> <span class='ocrx_word' id='word_1_764' title='bbox 2503 4094 2648 4148; x_wconf 88' lang='lat' dir='ltr'><strong>enim</strong></span> <span class='ocrx_word' id='word_1_765' title='bbox 2693 4105 2802 4150; x_wconf 89' lang='lat' dir='ltr'><strong>tres</strong></span> <span class='ocrx_word' id='word_1_766' title='bbox 2828 4109 3026 4149; x_wconf 88' lang='lat' dir='ltr'><strong>causas</strong></span> <span class='ocrx_word' id='word_1_767' title='bbox 3069 4095 3364 4164; x_wconf 90' lang='lat' dir='ltr'><strong>attulisset,</strong></span> <span class='ocrx_word' id='word_1_768' title='bbox 3398 4113 3573 4168; x_wconf 88' lang='lat' dir='ltr'><strong>quar-</strong></span> 
     </span>
    </p>
   </div>
   <div class='ocr_carea' id='block_1_98' title="bbox 1992 4185 3575 4262">
    <p class='ocr_par' dir='ltr' id='par_1_98' title="bbox 1992 4185 3575 4262">
     <span class='ocr_line' id='line_1_98' title="bbox 1992 4185 3575 4262; baseline 0.001 -18"><span class='ocrx_word' id='word_1_769' title='bbox 1992 4201 2100 4244; x_wconf 86' lang='lat' dir='ltr'><strong>tam</strong></span> <span class='ocrx_word' id='word_1_770' title='bbox 2135 4188 2214 4242; x_wconf 90' lang='lat' dir='ltr'><strong>sic</strong></span> <span class='ocrx_word' id='word_1_771' title='bbox 2245 4186 2492 4257; x_wconf 83' lang='lat' dir='ltr'><strong>adjungit</strong></span> <span class='ocrx_word' id='word_1_772' title='bbox 2526 4205 2539 4240; x_wconf 94' lang='lat'>:</span> <span class='ocrx_word' id='word_1_773' title='bbox 2568 4185 2694 4240; x_wconf 87' lang='lat' dir='ltr'><strong>Alia</strong></span> <span class='ocrx_word' id='word_1_774' title='bbox 2728 4197 2903 4241; x_wconf 88' lang='lat' dir='ltr'><strong>autem</strong></span> <span class='ocrx_word' id='word_1_775' title='bbox 2936 4187 3077 4241; x_wconf 91' lang='lat' dir='ltr'><strong>ratio</strong></span> <span class='ocrx_word' id='word_1_776' title='bbox 3120 4203 3151 4240; x_wconf 90' lang='lat' dir='ltr'><strong>a</strong></span> <span class='ocrx_word' id='word_1_777' title='bbox 3181 4198 3412 4244; x_wconf 89' lang='lat' dir='ltr'><strong>veterum</strong></span> <span class='ocrx_word' id='word_1_778' title='bbox 3440 4208 3575 4262; x_wconf 84' lang='lat' dir='ltr'><strong>quo-</strong></span> 
     </span>
    </p>
   </div>
   <div class='ocr_carea' id='block_1_99' title="bbox 1990 4277 3574 4350">
    <p class='ocr_par' dir='ltr' id='par_1_99' title="bbox 1990 4277 3574 4350">
     <span class='ocr_line' id='line_1_99' title="bbox 1990 4277 3574 4350; baseline 0.003 -18"><span class='ocrx_word' id='word_1_779' title='bbox 1990 4279 2115 4332; x_wconf 88' lang='lat' dir='ltr'><strong>dam</strong></span> <span class='ocrx_word' id='word_1_780' title='bbox 2136 4277 2348 4348; x_wconf 90' lang='lat' dir='ltr'><strong>prolata</strong></span> <span class='ocrx_word' id='word_1_781' title='bbox 2382 4287 2481 4342; x_wconf 89' lang='lat' dir='ltr'><strong>est,</strong></span> <span class='ocrx_word' id='word_1_782' title='bbox 2513 4278 2651 4346; x_wconf 89' lang='lat' dir='ltr'><strong>quod</strong></span> <span class='ocrx_word' id='word_1_783' title='bbox 2687 4287 2743 4331; x_wconf 92' lang='lat' dir='ltr'><strong>ut</strong></span> <span class='ocrx_word' id='word_1_784' title='bbox 2776 4279 3066 4348; x_wconf 88' lang='lat' dir='ltr'><strong>principem</strong></span> <span class='ocrx_word' id='word_1_785' title='bbox 3097 4280 3254 4350; x_wconf 85' lang='lat' dir='ltr'><strong>hujus</strong></span> <span class='ocrx_word' id='word_1_786' title='bbox 3278 4283 3462 4336; x_wconf 68' lang='grc' dir='ltr'><strong>διεσαιὶ</strong></span> <span class='ocrx_word' id='word_1_787' title='bbox 3489 4282 3574 4338; x_wconf 83' lang='lat' dir='ltr'><strong>la-</strong></span> 
     </span>
    </p>
   </div>
   <div class='ocr_carea' id='block_1_100' title="bbox 1992 4369 3576 4443">
    <p class='ocr_par' dir='ltr' id='par_1_100' title="bbox 1992 4369 3576 4443">
     <span class='ocr_line' id='line_1_100' title="bbox 1992 4369 3576 4443; baseline 0.003 -18"><span class='ocrx_word' id='word_1_788' title='bbox 1992 4381 2116 4426; x_wconf 88' lang='lat' dir='ltr'><strong>teret</strong></span> <span class='ocrx_word' id='word_1_789' title='bbox 2153 4371 2432 4441; x_wconf 84' lang='lat' dir='ltr'><strong>virginitas</strong></span> <span class='ocrx_word' id='word_1_790' title='bbox 2459 4369 2670 4434; x_wconf 75' lang='lat' dir='ltr'><strong>Marite,</strong></span> <span class='ocrx_word' id='word_1_791' title='bbox 2699 4371 3035 4439; x_wconf 88' lang='lat' dir='ltr'><strong>desponsatio</strong></span> <span class='ocrx_word' id='word_1_792' title='bbox 3066 4371 3283 4443; x_wconf 80' lang='lat' dir='ltr'><strong>Josephi</strong></span> <span class='ocrx_word' id='word_1_793' title='bbox 3308 4383 3386 4429; x_wconf 84' lang='lat' dir='ltr'><strong>est</strong></span> <span class='ocrx_word' id='word_1_794' title='bbox 3416 4391 3576 4429; x_wconf 72' lang='lat' dir='ltr'><strong>exco-</strong></span> 
     </span>
    </p>
   </div>
   <div class='ocr_carea' id='block_1_101' title="bbox 1991 4459 3574 4535">
    <p class='ocr_par' dir='ltr' id='par_1_101' title="bbox 1991 4459 3574 4535">
     <span class='ocr_line' id='line_1_101' title="bbox 1991 4459 3574 4535; baseline 0.003 -19"><span class='ocrx_word' id='word_1_795' title='bbox 1991 4465 2182 4533; x_wconf 87' lang='lat' dir='ltr'><strong>gitata.</strong></span> <span class='ocrx_word' id='word_1_796' title='bbox 2237 4461 2351 4515; x_wconf 80' lang='lat' dir='ltr'><strong>Non</strong></span> <span class='ocrx_word' id='word_1_797' title='bbox 2389 4461 2558 4532; x_wconf 83' lang='lat' dir='ltr'><strong>igitur</strong></span> <span class='ocrx_word' id='word_1_798' title='bbox 2605 4459 2929 4518; x_wconf 90' lang='lat' dir='ltr'><strong>Theodorus</strong></span> <span class='ocrx_word' id='word_1_799' title='bbox 2970 4462 3095 4527; x_wconf 78' lang='lat' dir='ltr'><strong>fuit,</strong></span> <span class='ocrx_word' id='word_1_800' title='bbox 3142 4479 3251 4519; x_wconf 92' lang='lat' dir='ltr'><strong>non</strong></span> <span class='ocrx_word' id='word_1_801' title='bbox 3291 4464 3574 4535; x_wconf 82' lang='lat' dir='ltr'><strong>Apollina-</strong></span> 
     </span>
    </p>
   </div>
   <div class='ocr_carea' id='block_1_102' title="bbox 1993 4552 3576 4629">
    <p class='ocr_par' dir='ltr' id='par_1_102' title="bbox 1993 4552 3576 4629">
     <span class='ocr_line' id='line_1_102' title="bbox 1993 4552 3576 4629; baseline 0.003 -20"><span class='ocrx_word' id='word_1_802' title='bbox 1993 4555 2130 4620; x_wconf 87' lang='lat' dir='ltr'><strong>rius,</strong></span> <span class='ocrx_word' id='word_1_803' title='bbox 2153 4569 2262 4607; x_wconf 92' lang='lat' dir='ltr'><strong>non</strong></span> <span class='ocrx_word' id='word_1_804' title='bbox 2304 4552 2601 4624; x_wconf 82' lang='lat' dir='ltr'><strong>Didymus;</strong></span> <span class='ocrx_word' id='word_1_805' title='bbox 2634 4552 2686 4606; x_wconf 93' lang='lat' dir='ltr'><strong>hi</strong></span> <span class='ocrx_word' id='word_1_806' title='bbox 2719 4558 2861 4608; x_wconf 89' lang='lat' dir='ltr'><strong>enim</strong></span> <span class='ocrx_word' id='word_1_807' title='bbox 2894 4569 3088 4610; x_wconf 90' lang='lat' dir='ltr'><strong>omnes</strong></span> <span class='ocrx_word' id='word_1_808' title='bbox 3119 4554 3177 4611; x_wconf 93' lang='lat' dir='ltr'><strong>S.</strong></span> <span class='ocrx_word' id='word_1_809' title='bbox 3209 4554 3414 4612; x_wconf 88' lang='lat' dir='ltr'><strong>Basilio</strong></span> <span class='ocrx_word' id='word_1_810' title='bbox 3443 4573 3576 4629; x_wconf 82' lang='lat' dir='ltr'><strong>syn-</strong></span> 
     </span>
    </p>
   </div>
   <div class='ocr_carea' id='block_1_103' title="bbox 1993 4643 3570 4718">
    <p class='ocr_par' dir='ltr' id='par_1_103' title="bbox 1993 4643 3570 4718">
     <span class='ocr_line' id='line_1_103' title="bbox 1993 4643 3570 4718; baseline 0.003 -18"><span class='ocrx_word' id='word_1_811' title='bbox 1993 4645 2184 4700; x_wconf 89' lang='lat' dir='ltr'><strong>chroni</strong></span> <span class='ocrx_word' id='word_1_812' title='bbox 2215 4644 2386 4710; x_wconf 76' lang='lat' dir='ltr'><strong>fuere,</strong></span> <span class='ocrx_word' id='word_1_813' title='bbox 2419 4644 2512 4699; x_wconf 88' lang='lat' dir='ltr'><strong>sed</strong></span> <span class='ocrx_word' id='word_1_814' title='bbox 2555 4644 2638 4698; x_wconf 89' lang='lat' dir='ltr'><strong>vel</strong></span> <span class='ocrx_word' id='word_1_815' title='bbox 2681 4643 3030 4716; x_wconf 85' lang='lat' dir='ltr'><strong>Hippolytus,</strong></span> <span class='ocrx_word' id='word_1_816' title='bbox 3055 4646 3140 4701; x_wconf 88' lang='lat' dir='ltr'><strong>vel</strong></span> <span class='ocrx_word' id='word_1_817' title='bbox 3168 4644 3454 4718; x_wconf 86' lang='lat' dir='ltr'><strong>Origenes,</strong></span> <span class='ocrx_word' id='word_1_818' title='bbox 3483 4649 3570 4704; x_wconf 87' lang='lat' dir='ltr'><strong>vel</strong></span> 
     </span>
    </p>
   </div>
   <div class='ocr_carea' id='block_1_104' title="bbox 1992 4736 3574 4810">
    <p class='ocr_par' dir='ltr' id='par_1_104' title="bbox 1992 4736 3574 4810">
     <span class='ocr_line' id='line_1_104' title="bbox 1992 4736 3574 4810; baseline 0.003 -19"><span class='ocrx_word' id='word_1_819' title='bbox 1992 4737 2347 4809; x_wconf 88' lang='lat' dir='ltr'><strong>Theophilus,</strong></span> <span class='ocrx_word' id='word_1_820' title='bbox 2375 4739 2518 4807; x_wconf 92' lang='lat' dir='ltr'><strong>quod</strong></span> <span class='ocrx_word' id='word_1_821' title='bbox 2539 4737 2720 4807; x_wconf 91' lang='lat' dir='ltr'><strong>potius</strong></span> <span class='ocrx_word' id='word_1_822' title='bbox 2741 4753 2885 4794; x_wconf 88' lang='lat' dir='ltr'><strong>reor.</strong></span> <span class='ocrx_word' id='word_1_823' title='bbox 2903 4736 3197 4809; x_wconf 89' lang='lat' dir='ltr'><strong>Utcunque</strong></span> <span class='ocrx_word' id='word_1_824' title='bbox 3217 4740 3308 4806; x_wconf 92' lang='lat' dir='ltr'><strong>sit,</strong></span> <span class='ocrx_word' id='word_1_825' title='bbox 3333 4741 3574 4810; x_wconf 89' lang='lat' dir='ltr'><strong>scriptor</strong></span> 
     </span>
    </p>
   </div>
   <div class='ocr_carea' id='block_1_105' title="bbox 1992 4829 3573 4903">
    <p class='ocr_par' dir='ltr' id='par_1_105' title="bbox 1992 4829 3573 4903">
     <span class='ocr_line' id='line_1_105' title="bbox 1992 4829 3573 4903; baseline 0.002 -18"><span class='ocrx_word' id='word_1_826' title='bbox 1992 4832 2081 4886; x_wconf 89' lang='lat' dir='ltr'><strong>ille</strong></span> <span class='ocrx_word' id='word_1_827' title='bbox 2103 4832 2195 4902; x_wconf 93' lang='lat' dir='ltr'><strong>qui</strong></span> <span class='ocrx_word' id='word_1_828' title='bbox 2222 4847 2251 4884; x_wconf 88' lang='lat' dir='ltr'><strong>a</strong></span> <span class='ocrx_word' id='word_1_829' title='bbox 2283 4830 2340 4886; x_wconf 91' lang='lat' dir='ltr'><strong>S.</strong></span> <span class='ocrx_word' id='word_1_830' title='bbox 2370 4830 2570 4885; x_wconf 77' lang='lat' dir='ltr'><strong>Basilio</strong></span> <span class='ocrx_word' id='word_1_831' title='bbox 2611 4829 2874 4898; x_wconf 90' lang='lat' dir='ltr'><strong>antiquus</strong></span> <span class='ocrx_word' id='word_1_832' title='bbox 2906 4831 3213 4898; x_wconf 85' lang='lat' dir='ltr'><strong>dicebatur,</strong></span> <span class='ocrx_word' id='word_1_833' title='bbox 3248 4831 3394 4888; x_wconf 86' lang='lat' dir='ltr'><strong>haud</strong></span> <span class='ocrx_word' id='word_1_834' title='bbox 3423 4832 3573 4903; x_wconf 85' lang='lat' dir='ltr'><strong>inju-</strong></span> 
     </span>
    </p>
   </div>
   <div class='ocr_carea' id='block_1_106' title="bbox 1990 4922 3188 4978">
    <p class='ocr_par' dir='ltr' id='par_1_106' title="bbox 1990 4922 3188 4978">
     <span class='ocr_line' id='line_1_106' title="bbox 1990 4922 3188 4978; baseline -0.002 0"><span class='ocrx_word' id='word_1_835' title='bbox 1990 4925 2071 4978; x_wconf 89' lang='lat' dir='ltr'><strong>ria</strong></span> <span class='ocrx_word' id='word_1_836' title='bbox 2095 4938 2124 4977; x_wconf 86' lang='lat' dir='ltr'><strong>a</strong></span> <span class='ocrx_word' id='word_1_837' title='bbox 2155 4923 2312 4978; x_wconf 86' lang='lat' dir='ltr'><strong>nobis</strong></span> <span class='ocrx_word' id='word_1_838' title='bbox 2342 4922 2583 4977; x_wconf 90' lang='lat' dir='ltr'><strong>secundo</strong></span> <span class='ocrx_word' id='word_1_839' title='bbox 2612 4923 2813 4978; x_wconf 67' lang='lat' dir='ltr'><strong>saeculo</strong></span> <span class='ocrx_word' id='word_1_840' title='bbox 2851 4922 3188 4976; x_wconf 88' lang='lat' dir='ltr'><strong>vindicatur.</strong></span> 
     </span>
    </p>
   </div>
   <div class='ocr_carea' id='block_1_107' title="bbox 2058 5015 3567 5088">
    <p class='ocr_par' dir='ltr' id='par_1_107' title="bbox 2058 5015 3567 5088">
     <span class='ocr_line' id='line_1_107' title="bbox 2058 5015 3567 5088; baseline 0.002 -17"><span class='ocrx_word' id='word_1_841' title='bbox 2058 5016 2230 5071; x_wconf 88' lang='lat' dir='ltr'><strong>Porro</strong></span> <span class='ocrx_word' id='word_1_842' title='bbox 2268 5016 2616 5088; x_wconf 78' lang='lat' dir='ltr'><strong>Peregrinus,</strong></span> <span class='ocrx_word' id='word_1_843' title='bbox 2655 5016 2769 5072; x_wconf 89' lang='lat' dir='ltr'><strong>sive</strong></span> <span class='ocrx_word' id='word_1_844' title='bbox 2791 5015 3040 5083; x_wconf 84' lang='lat' dir='ltr'><strong>Proteus,</strong></span> <span class='ocrx_word' id='word_1_845' title='bbox 3065 5031 3131 5070; x_wconf 81' lang='lat' dir='ltr'><strong>ex</strong></span> <span class='ocrx_word' id='word_1_846' title='bbox 3156 5017 3376 5074; x_wconf 90' lang='lat' dir='ltr'><strong>ethnico</strong></span> <span class='ocrx_word' id='word_1_847' title='bbox 3401 5019 3533 5074; x_wconf 86' lang='lat' dir='ltr'><strong>Chri</strong></span> <span class='ocrx_word' id='word_1_848' title='bbox 3551 5050 3567 5062; x_wconf 92' lang='lat'><em>-</em></span> 
     </span>
    </p>
   </div>
   <div class='ocr_carea' id='block_1_108' title="bbox 1991 5106 3566 5179">
    <p class='ocr_par' dir='ltr' id='par_1_108' title="bbox 1991 5106 3566 5179">
     <span class='ocr_line' id='line_1_108' title="bbox 1991 5106 3566 5179; baseline 0.001 -16"><span class='ocrx_word' id='word_1_849' title='bbox 1991 5108 2224 5174; x_wconf 88' lang='lat' dir='ltr'><strong>stianus,</strong></span> <span class='ocrx_word' id='word_1_850' title='bbox 2255 5123 2318 5161; x_wconf 81' lang='lat' dir='ltr'><strong>ex</strong></span> <span class='ocrx_word' id='word_1_851' title='bbox 2351 5107 2666 5163; x_wconf 88' lang='lat' dir='ltr'><strong>Christiano</strong></span> <span class='ocrx_word' id='word_1_852' title='bbox 2687 5107 2946 5179; x_wconf 90' lang='lat' dir='ltr'><strong>Cynicus,</strong></span> <span class='ocrx_word' id='word_1_853' title='bbox 2974 5106 3082 5176; x_wconf 84' lang='lat' dir='ltr'><strong>igni</strong></span> <span class='ocrx_word' id='word_1_854' title='bbox 3118 5121 3176 5162; x_wconf 90' lang='lat' dir='ltr'><strong>se</strong></span> <span class='ocrx_word' id='word_1_855' title='bbox 3201 5109 3424 5164; x_wconf 89' lang='lat' dir='ltr'><strong>tradidit</strong></span> <span class='ocrx_word' id='word_1_856' title='bbox 3451 5111 3566 5165; x_wconf 85' lang='lat' dir='ltr'><strong>val-</strong></span> 
     </span>
    </p>
   </div>
   <div class='ocr_carea' id='block_1_109' title="bbox 1990 5195 3564 5268">
    <p class='ocr_par' dir='ltr' id='par_1_109' title="bbox 1990 5195 3564 5268">
     <span class='ocr_line' id='line_1_109' title="bbox 1990 5195 3564 5268; baseline 0.001 -16"><span class='ocrx_word' id='word_1_857' title='bbox 1990 5200 2056 5253; x_wconf 88' lang='lat' dir='ltr'><strong>de</strong></span> <span class='ocrx_word' id='word_1_858' title='bbox 2084 5215 2277 5264; x_wconf 80' lang='lat' dir='ltr'><strong>senex;</strong></span> <span class='ocrx_word' id='word_1_859' title='bbox 2313 5198 2380 5253; x_wconf 91' lang='lat' dir='ltr'><strong>de</strong></span> <span class='ocrx_word' id='word_1_860' title='bbox 2408 5213 2518 5268; x_wconf 89' lang='lat' dir='ltr'><strong>quo</strong></span> <span class='ocrx_word' id='word_1_861' title='bbox 2541 5197 2809 5252; x_wconf 88' lang='lat' dir='ltr'><strong>Eusebius</strong></span> <span class='ocrx_word' id='word_1_862' title='bbox 2835 5196 2889 5249; x_wconf 90' lang='lat' dir='ltr'><strong>in</strong></span> <span class='ocrx_word' id='word_1_863' title='bbox 2911 5195 3186 5250; x_wconf 85' lang='lat' dir='ltr'><strong>Chronico</strong></span> <span class='ocrx_word' id='word_1_864' title='bbox 3213 5197 3280 5250; x_wconf 90' lang='lat' dir='ltr'><strong>ad</strong></span> <span class='ocrx_word' id='word_1_865' title='bbox 3312 5199 3564 5267; x_wconf 89' lang='lat' dir='ltr'><strong>quintum</strong></span> 
     </span>
    </p>
   </div>
   <div class='ocr_carea' id='block_1_110' title="bbox 1991 5286 3563 5361">
    <p class='ocr_par' dir='ltr' id='par_1_110' title="bbox 1991 5286 3563 5361">
     <span class='ocr_line' id='line_1_110' title="bbox 1991 5286 3563 5361; baseline 0 -17"><span class='ocrx_word' id='word_1_866' title='bbox 1991 5291 2202 5357; x_wconf 82' lang='lat' dir='ltr'><strong>Marci,</strong></span> <span class='ocrx_word' id='word_1_867' title='bbox 2245 5291 2396 5358; x_wconf 87' lang='lat' dir='ltr'><strong>Apud</strong></span> <span class='ocrx_word' id='word_1_868' title='bbox 2442 5290 2598 5345; x_wconf 81' lang='lat' dir='ltr'><strong>Pisas</strong></span> <span class='ocrx_word' id='word_1_869' title='bbox 2646 5289 2966 5359; x_wconf 85' lang='lat' dir='ltr'><strong>Peregrinus</strong></span> <span class='ocrx_word' id='word_1_870' title='bbox 3017 5286 3359 5356; x_wconf 86' lang='lat' dir='ltr'><strong>philosophus</strong></span> <span class='ocrx_word' id='word_1_871' title='bbox 3407 5307 3563 5361; x_wconf 87' lang='lat' dir='ltr'><strong>rogo,</strong></span> 
     </span>
    </p>
   </div>
   <div class='ocr_carea' id='block_1_111' title="bbox 1990 5379 3567 5453">
    <p class='ocr_par' dir='ltr' id='par_1_111' title="bbox 1990 5379 3567 5453">
     <span class='ocr_line' id='line_1_111' title="bbox 1990 5379 3567 5453; baseline -0.001 -18"><span class='ocrx_word' id='word_1_872' title='bbox 1990 5400 2137 5453; x_wconf 86' lang='lat' dir='ltr'><strong>quem</strong></span> <span class='ocrx_word' id='word_1_873' title='bbox 2165 5398 2229 5436; x_wconf 84' lang='lat' dir='ltr'><strong>ea:</strong></span> <span class='ocrx_word' id='word_1_874' title='bbox 2259 5382 2416 5452; x_wconf 85' lang='lat' dir='ltr'><strong>lignis</strong></span> <span class='ocrx_word' id='word_1_875' title='bbox 2451 5391 2833 5450; x_wconf 88' lang='lat' dir='ltr'><strong>composuerat,</strong></span> <span class='ocrx_word' id='word_1_876' title='bbox 2880 5381 3090 5433; x_wconf 86' lang='lat' dir='ltr'><strong>incenso</strong></span> <span class='ocrx_word' id='word_1_877' title='bbox 3125 5379 3354 5449; x_wconf 83' lang='lat' dir='ltr'><strong>seipsum</strong></span> <span class='ocrx_word' id='word_1_878' title='bbox 3383 5397 3567 5451; x_wconf 85' lang='lat' dir='ltr'><strong>supcr-</strong></span> 
     </span>
    </p>
   </div>
   <div class='ocr_carea' id='block_1_112' title="bbox 1990 5469 3566 5542">
    <p class='ocr_par' dir='ltr' id='par_1_112' title="bbox 1990 5469 3566 5542">
     <span class='ocr_line' id='line_1_112' title="bbox 1990 5469 3566 5542; baseline 0 -16"><span class='ocrx_word' id='word_1_879' title='bbox 1990 5473 2189 5542; x_wconf 80' lang='lat' dir='ltr'><strong>injecit.</strong></span> <span class='ocrx_word' id='word_1_880' title='bbox 2224 5472 2360 5527; x_wconf 90' lang='lat' dir='ltr'><strong>Cum</strong></span> <span class='ocrx_word' id='word_1_881' title='bbox 2384 5473 2531 5527; x_wconf 90' lang='lat' dir='ltr'><strong>enim</strong></span> <span class='ocrx_word' id='word_1_882' title='bbox 2562 5470 2864 5526; x_wconf 90' lang='lat' dir='ltr'><strong>vilissimus</strong></span> <span class='ocrx_word' id='word_1_883' title='bbox 2888 5469 3184 5524; x_wconf 91' lang='lat' dir='ltr'><strong>homuncio</strong></span> <span class='ocrx_word' id='word_1_884' title='bbox 3213 5469 3404 5526; x_wconf 87' lang='lat' dir='ltr'><strong>insana</strong></span> <span class='ocrx_word' id='word_1_885' title='bbox 3429 5487 3566 5540; x_wconf 83' lang='lat' dir='ltr'><strong>qua-</strong></span> 
     </span>
    </p>
   </div>
   <div class='ocr_carea' id='block_1_113' title="bbox 1990 5559 3563 5634">
    <p class='ocr_par' dir='ltr' id='par_1_113' title="bbox 1990 5559 3563 5634">
     <span class='ocr_line' id='line_1_113' title="bbox 1990 5559 3563 5634; baseline 0 -15"><span class='ocrx_word' id='word_1_886' title='bbox 1990 5565 2112 5619; x_wconf 89' lang='lat' dir='ltr'><strong>dam</strong></span> <span class='ocrx_word' id='word_1_887' title='bbox 2138 5563 2322 5634; x_wconf 73' lang='lat' dir='ltr'><strong>gloria:</strong></span> <span class='ocrx_word' id='word_1_888' title='bbox 2347 5562 2638 5632; x_wconf 87' lang='lat' dir='ltr'><strong>cupiditate</strong></span> <span class='ocrx_word' id='word_1_889' title='bbox 2663 5559 2934 5630; x_wconf 83' lang='lat' dir='ltr'><strong>ﬂagraret,</strong></span> <span class='ocrx_word' id='word_1_890' title='bbox 2958 5560 3031 5616; x_wconf 89' lang='lat' dir='ltr'><strong>ita</strong></span> <span class='ocrx_word' id='word_1_891' title='bbox 3055 5577 3114 5618; x_wconf 88' lang='lat' dir='ltr'><strong>se</strong></span> <span class='ocrx_word' id='word_1_892' title='bbox 3138 5562 3328 5632; x_wconf 84' lang='lat' dir='ltr'><strong>gessit,</strong></span> <span class='ocrx_word' id='word_1_893' title='bbox 3360 5572 3418 5618; x_wconf 91' lang='lat' dir='ltr'><strong>ut</strong></span> <span class='ocrx_word' id='word_1_894' title='bbox 3441 5579 3563 5619; x_wconf 90' lang='lat' dir='ltr'><strong>eam</strong></span> 
     </span>
    </p>
   </div>
   <div class='ocr_carea' id='block_1_114' title="bbox 1990 5650 3566 5727">
    <p class='ocr_par' dir='ltr' id='par_1_114' title="bbox 1990 5650 3566 5727">
     <span class='ocr_line' id='line_1_114' title="bbox 1990 5650 3566 5727; baseline 0.003 -21"><span class='ocrx_word' id='word_1_895' title='bbox 1990 5671 2154 5725; x_wconf 89' lang='lat' dir='ltr'><strong>quam</strong></span> <span class='ocrx_word' id='word_1_896' title='bbox 2195 5663 2400 5725; x_wconf 90' lang='lat' dir='ltr'><strong>posset,</strong></span> <span class='ocrx_word' id='word_1_897' title='bbox 2431 5653 2727 5708; x_wconf 77' lang='lat' dir='ltr'><strong>maximam</strong></span> <span class='ocrx_word' id='word_1_898' title='bbox 2773 5650 2878 5706; x_wconf 90' lang='lat' dir='ltr'><strong>sibi</strong></span> <span class='ocrx_word' id='word_1_899' title='bbox 2907 5653 3246 5710; x_wconf 89' lang='lat' dir='ltr'><strong>conciliaret.</strong></span> <span class='ocrx_word' id='word_1_900' title='bbox 3275 5655 3566 5727; x_wconf 84' lang='lat' dir='ltr'><strong>Excogita-</strong></span> 
     </span>
    </p>
   </div>
   <div class='ocr_carea' id='block_1_115' title="bbox 1989 5747 3563 5819">
    <p class='ocr_par' dir='ltr' id='par_1_115' title="bbox 1989 5747 3563 5819">
     <span class='ocr_line' id='line_1_115' title="bbox 1989 5747 3563 5819; baseline 0 -17"><span class='ocrx_word' id='word_1_901' title='bbox 1989 5749 2067 5802; x_wconf 87' lang='lat' dir='ltr'><strong>vit</strong></span> <span class='ocrx_word' id='word_1_902' title='bbox 2089 5758 2271 5802; x_wconf 86' lang='lat' dir='ltr'><strong>autem</strong></span> <span class='ocrx_word' id='word_1_903' title='bbox 2298 5747 2351 5802; x_wconf 91' lang='lat' dir='ltr'><strong>id</strong></span> <span class='ocrx_word' id='word_1_904' title='bbox 2380 5747 2524 5818; x_wconf 90' lang='lat' dir='ltr'><strong>quod</strong></span> <span class='ocrx_word' id='word_1_905' title='bbox 2550 5747 2684 5802; x_wconf 88' lang='lat' dir='ltr'><strong>nulli</strong></span> <span class='ocrx_word' id='word_1_906' title='bbox 2709 5763 2948 5819; x_wconf 89' lang='lat' dir='ltr'><strong>unquam</strong></span> <span class='ocrx_word' id='word_1_907' title='bbox 2972 5747 3300 5819; x_wconf 85' lang='lat' dir='ltr'><strong>philosopho</strong></span> <span class='ocrx_word' id='word_1_908' title='bbox 3331 5748 3384 5802; x_wconf 93' lang='lat' dir='ltr'><strong>in</strong></span> <span class='ocrx_word' id='word_1_909' title='bbox 3408 5763 3563 5802; x_wconf 66' lang='lat' dir='ltr'><strong>meno</strong></span> 
     </span>
    </p>
   </div>
   <div class='ocr_carea' id='block_1_116' title="bbox 1993 5839 3561 5914">
    <p class='ocr_par' dir='ltr' id='par_1_116' title="bbox 1993 5839 3561 5914">
     <span class='ocr_line' id='line_1_116' title="bbox 1993 5839 3561 5914; baseline -0.001 -17"><span class='ocrx_word' id='word_1_910' title='bbox 1993 5849 2100 5897; x_wconf 87' lang='lat' dir='ltr'><strong>tem</strong></span> <span class='ocrx_word' id='word_1_911' title='bbox 2129 5839 2267 5896; x_wconf 75' lang='lat' dir='ltr'><strong>venit</strong></span> <span class='ocrx_word' id='word_1_912' title='bbox 2301 5857 2314 5896; x_wconf 91' lang='lat'><strong>:</strong></span> <span class='ocrx_word' id='word_1_913' title='bbox 2342 5840 2838 5914; x_wconf 82' lang='lat' dir='ltr'><strong>cpistolasjamjam</strong></span> <span class='ocrx_word' id='word_1_914' title='bbox 2887 5841 3185 5899; x_wconf 69' lang='lat' dir='ltr'><strong>moriturus</strong></span> <span class='ocrx_word' id='word_1_915' title='bbox 3216 5842 3281 5899; x_wconf 86' lang='lat' dir='ltr'><strong>ad</strong></span> <span class='ocrx_word' id='word_1_916' title='bbox 3320 5840 3561 5912; x_wconf 85' lang='lat' dir='ltr'><strong>insignes</strong></span> 
     </span>
    </p>
   </div>
  </div>
