4136 6394
610 389 680 444 79
1641 379 1696 435 s.
1736 378 2084 437 lGNATlUS.
2126 411 2197 424 —
2238 384 2770 446 pnomcouem.
3800 383 3872 441 80

608 509 848 564 maxime
874 505 1155 569 civitates.
1202 511 1256 558 et
1295 502 1444 556 viros
1483 501 1754 572 quosdam
1788 501 1937 555 velut
1983 500 2192 571 legatos
2221 503 2269 561 Α
2298 505 2480 571 tritus,
2511 503 2974 574 locupletissimus
3006 501 3168 556 nobis
3195 500 3352 556 testis
3378 509 3481 556 est.
3509 497 3562 557 Is
3585 499 3734 556 enim
3767 516 3878 554 un-

606 602 788 666 misit;
820 609 881 654 ut
909 599 1076 668 igitur
1096 597 1220 668 igne
1243 595 1532 651 llerculem
1559 603 1654 650 aut
1681 593 2090 664 Empedoclem,
2117 594 2193 650 ita

604 693 848 763 epistolis
871 733 886 756 ,
919 700 972 745 et
1014 690 1206 760 legatis
1241 687 1301 743 S.
1337 686 1608 759 lgnatium
1644 696 1894 742 nostrum
1934 685 2003 740 de
2034 687 2196 741 indu-

605 787 738 842 stria
770 785 1046 839 imitatum
1071 798 1192 838 esse
1209 781 1537 836 nebulonem
1567 781 1766 844 sentio,
1797 788 1851 834 et
1877 779 2041 850 hujus
2064 796 2194 836 con-

600 881 830 950 jecturar
851 878 1120 932 rationem
1146 876 1374 930 minime
1403 875 1670 929 incertam
1704 874 1893 928 reddo.
1925 871 2192 928 Christia-

604 989 731 1028 nam
764 970 1084 1042 religionem
1127 969 1231 1024 sub
1261 966 1500 1022 Adriano
1545 965 1825 1037 professus
1872 973 1990 1020 erat
2033 965 2195 1021 Pere-

603 1065 819 1137 grinus,
851 1071 905 1117 et
935 1077 1046 1115 non
1073 1059 1402 1114 mediocrem
1443 1060 1588 1113 inter
1633 1057 2195 1114 Christianos.aucto-

602 1157 821 1212 ritatem
864 1155 968 1210 sibi
1008 1161 1448 1224 comparaverat,
1489 1151 1631 1204 unde
1661 1151 1715 1204 in
1757 1149 1973 1204 vincula
2009 1148 2196 1218 conje-

601 1258 725 1303 ctus
755 1246 932 1303 factus
956 1254 1040 1301 est
1065 1243 1350 1300 confessor
1381 1243 1615 1306 nobilis,
1647 1251 1701 1296 et
1739 1243 1807 1296 ad
1849 1258 1973 1296 eum
2008 1242 2194 1297 suble-

601 1341 838 1396 vandum
871 1337 1283 1409 quamplurimi,
1311 1337 1476 1392 etiam
1503 1337 1553 1388 oi
1598 1339 1657 1389 ὲν
1688 1335 1851 1402 τέλει,
1877 1334 2190 1404 presbyteri,

599 1433 960 1502 episcopique,
998 1430 1240 1499 undique
1263 1428 1650 1483 convolabant.
1675 1425 1994 1497 Martyrium
2027 1426 2192 1496 igitur

602 1524 792 1579 subire
823 1522 1061 1576 maxime
1086 1520 1222 1574 velle
1246 1518 1554 1581 videbatur,
1582 1525 1637 1571 et
1675 1515 1970 1586 proconsul
1998 1513 2191 1586 Syria},

601 1631 725 1671 cum
773 1615 1097 1684 intelligeret
1139 1614 1222 1665 ὅτι
1254 1610 1454 1677 δέξαιτ’
1491 1609 1558 1663 ἂν
1589 1609 1882 1663 ἀποθανεῖν
1912 1607 1987 1671 ὡς
2035 1606 2195 1674 δόξαν

600 1710 692 1764 ἐπὶ
726 1707 902 1778 τούτῳ
935 1707 1197 1770 ἐπιλίποι,
1233 1705 1370 1770 quod
1408 1705 1546 1757 mori
1591 1711 1832 1774 cuperet,
1864 1712 1922 1756 ut
1955 1699 2076 1757 inde
2101 1701 2192 1772 fa-

599 1816 742 1852 mam
766 1800 990 1868 posteris
1016 1799 1350 1868 relinqueret,
1368 1813 1492 1852 eum
1519 1811 1692 1866 paenae
1714 1796 2046 1851 subduxitet
2069 1812 2157 1851 cat
2177 1825 2194 1839 -

2297 596 2510 653 decimo
2546 595 2731 651 Severi
2761 610 2927 658 anno,
2957 593 3117 648 tertio
3141 594 3343 649 s:eculo
3358 594 3472 662 jam
3498 593 3741 656 ineunte,
3767 592 3882 647 Ca-

2299 688 2564 746 tecbeseon
2582 703 2719 757 opus
2749 702 3063 758 aggressus,
3096 687 3276 740 adhuc
3291 685 3510 756 juvenis
3533 684 3798 738 Homilias
3825 684 3882 737 in

2302 780 2360 836 S.
2387 779 2587 835 Lucam
2619 779 2840 849 scripsit
2869 795 3007 850 quas
3037 779 3426 848 interpretatus
3464 787 3549 833 est
3593 776 3652 832 S.
3688 776 3886 832 Hiero-

2303 891 2522 946 nymus.
2552 873 2790 928 llomilia
2824 880 3004 925 autem
3027 879 3179 926 sexta
3199 871 3313 925 haec
3338 871 3570 939 legimus
3597 886 3611 923 :
3647 867 3886 938 Elegan-

2303 978 2380 1022 ter
2423 969 2479 1021 in
2517 965 2795 1036 cujusdam
2839 965 3090 1034 martyris
3124 961 3344 1030 epistola
3387 962 3643 1029 scriptum
3679 959 3884 1028 reperi;

2304 1058 2574 1130 lgnatium
2604 1060 2745 1122 dico,
2768 1059 3069 1125 episcopum
3095 1054 3390 1108 Antiochia:
3409 1063 3524 1123 post
3552 1052 3778 1106 Petrum
3803 1065 3889 1103 se-

2294 1149 2547 1216 cundum,
2587 1150 2679 1219 qui
2708 1150 2763 1202 in
2792 1150 3150 1218 persecutione
3182 1147 3360 1201 Romae
3397 1145 3651 1216 pugnavit
3675 1144 3745 1197 ad
3785 1142 3880 1197 be-

2293 1239 2424 1292 stias
2450 1253 2468 1291 :
2506 1257 2524 1289 ι
2555 1238 2855 1307 Principem
2878 1237 3061 1293 seaculi
3086 1237 3243 1306 hujus
3271 1236 3428 1288 latuit
3451 1234 3728 1305 virginitas
3756 1231 3880 1285 lla-

2294 1332 2407 1386 rite.
2451 1349 2470 1382 ι
2506 1329 2582 1384 Ita
2629 1347 2774 1386 nunc
2821 1330 3052 1400 legimus
3094 1331 3146 1384 iu
3193 1328 3438 1398 Epistola
3481 1328 3551 1382 ad
3583 1325 3878 1397 Ephesios,

2291 1422 2510 1478 ἐλαϐεν
2539 1419 2651 1476 τὸν
2676 1420 2936 1490 ἄρχοντα
2968 1421 3074 1474 τοῦ
3106 1419 3320 1484 αἰῶνος
3352 1419 3565 1472 τούτου
3598 1417 3636 1485 ὴ
3671 1419 3884 1484 παρθε-

2291 1515 2392 1573 rla
2422 1517 2671 1583 Μαρίας.
2709 1513 2878 1569 Vetus
2911 1513 3186 1583 Interpres
3222 1529 3234 1564 :
3267 1512 3449 1566 Latuit
3475 1512 3766 1582 principem
3782 1526 3861 1564 see

2291 1606 2400 1664 culi
2448 1606 2614 1676 hujus
2666 1607 2944 1676 virginitas
2995 1605 3210 1660 Marica.
3257 1605 3404 1659 Idem
3441 1602 3704 1674 Origenes
3742 1610 3879 1656 natu

2292 1703 2551 1773 grandior
2573 1704 2993 1757 Commentarios
3020 1703 3074 1756 in
3091 1700 3372 1757 Canticum
3389 1702 3630 1770 scripsit,
3666 1702 3720 1753 in
3745 1715 3883 1769 quo-

2295 1811 2413 1848 rum
2449 1794 2681 1865 Prologo
2715 1796 2829 1851 haec
2851 1797 3082 1865 legimus
3109 1813 3120 1848 :
3145 1795 3378 1865 Denique
3407 1795 3739 1847 meminimus
3773 1792 3882 1845 ali-

598 1907 722 1946 cere
752 1891 1021 1947 liberavit.
1050 1889 1116 1944 Et
1157 1889 1376 1958 quidem
1426 1898 1610 1958 postea
1636 1889 1908 1959 gloriosus
1937 1887 2026 1940 hic
2051 1901 2185 1943 eon-
2220 1875 2262 1930 Β
2291 1905 2442 1958 quem
2476 1900 2782 1943 sanctorum
2811 1890 3031 1954 dixisse,
3066 1887 3338 1959 lgnatium
3365 1886 3597 1952 nomine,
3626 1885 3690 1938 de
3717 1883 3880 1938 Citri-

597 1983 775 2039 fessor
800 1998 863 2036 ex
894 1981 1137 2037 Ecclesia
1166 1981 1374 2050 cjectus
1404 1988 1516 2046 est;
1548 1981 1642 2035 sed
1670 1980 1798 2033 dum
1827 1979 1917 2033 illa
1949 1979 2052 2034 sub
2081 1979 2182 2050 Sy-

596 2081 690 2134 ria:
714 2078 1039 2148 proconsule
1061 2093 1258 2147 passus
1287 2087 1391 2140 est,
1427 2093 1535 2131 non
1571 2077 1746 2146 potuit
1770 2093 1895 2132 eum
1927 2078 2094 2137 Latere
2121 2078 2179 2133 S.

595 2167 789 2238 lgnatii
820 2167 986 2230 fama,
1019 2166 1182 2235 cujus
1219 2166 1461 2236 reliquiae
1491 2174 1640 2219 tanta
1675 2182 1800 2220 eum
1833 2167 2183 2224 veneratione

594 2259 896 2314 Antiochiae
922 2265 1262 2313 conservatae
1297 2268 1461 2324 sunt;
1497 2267 1551 2312 et
1591 2274 1715 2312 cum
1753 2267 1830 2312 tot
1860 2274 1927 2312 ex
1953 2260 2081 2314 Asia
2113 2260 2182 2314 ad

593 2366 719 2405 eum
751 2352 804 2405 in
851 2366 1071 2406 carcere
1114 2351 1392 2404 detentum
1436 2349 1808 2416 conﬂuerent,
1852 2352 1970 2404 sine
2015 2351 2180 2405 dubio

595 2440 788 2512 lgnatii
818 2441 1003 2495 omnia
1055 2442 1358 2510 turpissime
1406 2442 2005 2496 commemorabantur.
2054 2430 2180 2498 Pla-

593 2533 710 2588 cuit
741 2533 924 2602 itaque
959 2532 1303 2602 ineptissimo
1324 2532 1463 2598 viro,
1494 2533 1563 2586 ab
1589 2532 1831 2588 Ecclesia
1857 2534 2050 2604 ejecto,
2076 2545 2129 2592 et
2149 2552 2180 2592 a

595 2621 1199 2693 philosophisrecepto,
1225 2623 1362 2677 mori
1393 2623 1611 2693 quidem
1645 2632 1906 2695 tanquam
1933 2626 2180 2696 philoso-

595 2715 788 2784 phum,
838 2713 1038 2768 famam
1074 2723 1255 2768 autem
1303 2714 1495 2768 eodem
1532 2716 1692 2770 modo
1733 2717 2036 2786 acquirere,
2069 2735 2180 2790 quo

596 2806 955 2877 acquisivisse
993 2805 1259 2877 lgnatium
1295 2809 1536 2876 putavit;
1574 2809 1838 2878 epistolas
1878 2820 2004 2865 ante
2032 2827 2180 2865 mor-

598 2909 706 2954 tem
730 2900 797 2954 ad
826 2900 1073 2955 civitates
1098 2900 1473 2956 nobilissimas
1499 2902 1801 2968 exarando,
1823 2913 1876 2958 et
1901 2904 2037 2959 tales
2059 2920 2179 2958 om-

595 2993 729 3047 nino
756 2992 904 3047 viros
932 2991 1295 3057 instituendo,
1327 2991 1517 3061 quales
1557 2994 1710 3046 illum
1751 2995 1950 3064 saepius
1983 3005 2178 3065 postu»

595 3083 739 3139 lassa
761 3092 1006 3138 noverat.
1035 3081 1150 3138 Hoc
1175 3099 1301 3138 vero
1319 3100 1348 3137 a
1377 3084 1622 3139 Luciano
1649 3086 2029 3143 disertissimis
2055 3104 2178 3143 vcr-

594 3173 681 3229 bis
712 3174 1043 3243 descriptum
1072 3182 1156 3228 est
1207 3174 1259 3227 in
1295 3173 1582 3244 Peregrina
1632 3192 1735 3230 suo
1763 3195 1776 3231 :
1807 3177 1942 3230 Φασὶ
1975 3177 2032 3230 δὲ
2066 3179 2175 3233 πά-

595 3281 715 3329 σαις
749 3265 934 3336 σχεδὸν
967 3269 1086 3328 ταῖς
1119 3265 1350 3331 ἐνδόξοις
1369 3267 1584 3321 πόλεσιν
1619 3269 1908 3333 ἐπιστολὰς
1940 3269 2171 3342 διαπέμ-

590 3358 688 3429 ψαι
722 3359 903 3422 αὐτὸν,
938 3358 1199 3432 διαθήκας
1233 3360 1405 3424 τινὰς,
1442 3360 1536 3414 καὶ
1571 3361 1940 3432 παραινέσεις,
1979 3363 2071 3417 καὶ
2091 3364 2176 3418 νό-

594 3465 728 3520 μους
751 3489 765 3515 ,
801 3449 893 3502 καί
926 3465 1076 3512 τινας
1110 3449 1202 3502 ἐπὶ
1251 3449 1454 3504 τούτων
1500 3453 1840 3524 πρεσϐευτὰς
1872 3452 1980 3508 τῶν
2031 3455 2176 3509 ὲταί·⁶

589 3553 700 3611 ρων
732 3543 1128 3614 ἐχειροτόνησε,
1167 3542 1560 3613 νεκραγγέλους
1595 3544 1686 3597 καὶ
1719 3547 2174 3618 νερτεροδρόμους

588 3633 1054 3705 προσαγορεύσας.
1075 3634 1238 3687 Aiunt
1269 3647 1445 3687 autem
1469 3652 1587 3688 eum
1611 3636 1680 3689 ad
1697 3654 1871 3692 omnes
1901 3640 2008 3708 fere
2031 3657 2172 3708 pra:—

587 3721 762 3774 claras
797 3722 1037 3777 civitates
1084 3724 1336 3794 epistolas
1379 3727 1619 3794 misisse,
1667 3731 1867 3783 monita
1903 3737 2169 3801 quendam,

584 3813 993 3882 exhortationes,
1027 3826 1182 3886 atque
1205 3816 1341 3886 leges
1371 3833 1389 3870 :
1423 3829 1470 3871 et
1500 3834 1563 3872 ex
1588 3823 1744 3874 sociis
1775 3825 1884 3876 suis
1910 3825 1973 3877 de
1997 3826 2076 3879 Itis
2097 3825 2173 3878 le-

586 3915 734 3975 gatos
761 3907 1047 3972 ordinavit,
1079 3926 1110 3960 a
1143 3911 1364 3962 mortuis
1398 3913 1631 3980 nuntios,
1663 3924 1711 3968 et
1739 3915 1802 3968 ab
1834 3916 2020 3986 inferis
2046 3935 2170 3972 cur-

585 4013 728 4051 sores
766 3997 1060 4067 appellans.

658 4086 936 4145 Habemus
965 4091 1054 4144 hic
1079 4092 1343 4161 epistolas
1381 4109 1411 4149 a
1434 4095 1664 4167 jamjam
1700 4101 1965 4157 morituro
1994 4104 2060 4158 ad
2087 4105 2171 4159 in-

587 4179 861 4248 signiores
908 4181 1157 4237 civitates
1204 4185 1404 4240 missas
1426 4227 1441 4250 ,
1475 4204 1598 4242 cum
1637 4191 2119 4252 exhortationibus
2150 4213 2164 4251 :

586 4274 732 4342 quod
759 4273 886 4330 fecit
921 4272 980 4328 S.
1005 4275 1267 4345 lgnatius,
1290 4295 1468 4348 neque
1491 4291 1616 4337 ante
1642 4282 1996 4354 Peregrinum
2031 4303 2170 4357 prte-

587 4375 669 4418 ter
698 4380 846 4429 eum,
872 4365 1091 4434 opinor,
1125 4367 1418 4437 quisquam
1448 4385 1462 4423 :
1496 4371 1760 4429 habemus
1795 4377 1942 4429 viros
1976 4393 2038 4432 ex
2072 4394 2166 4434 so-

584 4459 685 4514 ciis
711 4459 826 4514 suis
846 4459 1126 4514 institutos
1150 4468 1409 4530 tanquam
1436 4462 1677 4534 legatos:
1705 4467 1934 4532 scilicet,
1959 4472 2167 4544 ἐχειρο-

2284 1991 2365 2033 sto
2407 1997 2425 2033 :
2473 2000 2493 2032 ι
2547 1981 2695 2035 Meus
2734 1991 2912 2035 autem
2956 1998 3109 2034 αιτιοι·
3149 1981 3439 2050 cruciﬁxus
3469 1988 3568 2042 est,
3596 1999 3615 2031 ι
3650 1995 3743 2031 nec
3793 1994 3880 2031 re-

2283 2073 2534 2142 prehendi
2583 2091 2701 2127 eum
2747 2091 2842 2144 pro
2885 2073 2982 2127 hoc
3022 2075 3242 2145 dignum
3289 2073 3490 2142 judico.
3528 2071 3655 2128 Hmc
3687 2080 3876 2127 autem

2285 2165 2448 2218 verba
2489 2165 2542 2218 in
2578 2165 2821 2235 Epistola
2857 2168 2923 2221 ad
2963 2165 3245 2221 Romanos
3282 2166 3464 2221 adhuc
3501 2167 3876 2235 reperiuntur,

2295 2256 2349 2308 Ὁ
2379 2251 2522 2325 ἐμὸς
2551 2259 2698 2325 ἔρως
2728 2258 3111 2327 ἐσταύρωται.
3151 2257 3319 2314 Vetus
3351 2258 3657 2328 lnterpres:
3692 2259 3876 2314 Meum

2283 2350 2603 2404 desiderium
2633 2352 2948 2420 cruciﬁxum
2979 2361 3076 2406 est.

2352 2440 2542 2508 Quarti
2579 2443 2760 2496 saeculi
2788 2484 2802 2507 ,
2839 2458 2974 2498 sane
3017 2443 3409 2510 ﬂorentissimi,
3447 2456 3507 2499 ut
3542 2445 3716 2498 multo
3750 2443 3846 2513 plu

2282 2548 2372 2588 res
2423 2534 2826 2589 ecclesiasticos
2879 2536 3211 2604 scriptores,
3247 2537 3324 2590 ita
3356 2545 3411 2590 ct
3459 2535 3872 2608 lgnatianornm

2283 2631 2450 2680 testes
2486 2626 2768 2682 habemus.
2807 2625 3008 2681 Eorum
3046 2628 3258 2697 primus
3296 2629 3429 2683 mihi
3463 2630 3684 2698 quidem
3720 2629 3848 2682 vide

2284 2723 2373 2771 tur
2409 2715 2537 2780 ille,
2590 2717 2843 2787 quisquis
2890 2722 3024 2785 est,
3049 2721 3145 2788 qui
3181 2718 3480 2792 Dionysius
3531 2721 3874 2791 Areopagita

2281 2807 2446 2878 vulgo
2481 2810 2831 2877 nominatur;
2871 2827 2979 2866 non
3015 2811 3176 2882 longe
3209 2812 3356 2867 enim
3404 2813 3474 2867 ab
3509 2813 3668 2867 initio
3702 2814 3878 2883 hujus

2281 2901 2381 2954 aevi
2415 2916 2539 2956 eum
2577 2903 2868 2972 scripsisse
2904 2905 3101 2958 sentio.
3139 2902 3234 2960 Ille
3267 2913 3451 2960 autem
3487 2904 3628 2959 libro
3663 2904 3739 2959 De
3784 2907 3877 2960 di—

2279 2991 2414 3044 vinis
2438 2994 2761 3058 nominibus,
2798 2995 2866 3049 de
2901 3011 3088 3051 amore
3121 2996 3411 3067 disputans
3438 3039 3453 3063 ,
3489 3006 3544 3051 et
3577 2997 3873 3068 Origencm

2280 3073 2517 3154 sequens
2545 3124 2560 3146 ,
2614 3086 2684 3139 ita
2721 3086 2962 3157 loquitur
3000 3105 3013 3140 :
3049 3087 3243 3142 Καίτοι
3276 3088 3423 3156 ἔδοξὲ
3457 3107 3566 3142 τισι
3601 3089 3709 3143 τῶν
3744 3087 3887 3145 καθ’

2279 3175 2425 3246 ἡμᾶς
2461 3175 2750 3248 ἱερολόγων
2800 3178 2893 3231 καὶ
2945 3178 3215 3252 Θειτότερον
3265 3175 3404 3234 εῖναι
3438 3181 3497 3235 τὸ
3534 3181 3629 3236 τοῦ
3663 3183 3872 3255 ἔρωτος

2277 3267 2446 3338 ὄνομα
2479 3268 2570 3320 τοῦ
2605 3269 2702 3339 τῆς
2735 3271 2973 3342 ἀγάπης·
3010 3272 3211 3344 γράφει
3243 3272 3299 3325 δὲ
3335 3273 3426 3325 καὶ
3459 3276 3488 3327 ὁ
3522 3274 3662 3338 θεῖος
3696 3275 3870 3343 Ἰγνά-

2274 3376 2386 3422 τιος
2410 3377 2423 3389 ⁸
2473 3360 2526 3412 Ὀ
2558 3361 2699 3430 ἐμὸς
2731 3363 2878 3430 ἔρως
2909 3364 3292 3434 ἐσταύρωται.
3342 3365 3524 3422 Visum
3550 3377 3628 3424 est
3673 3369 3850 3439 aliqui

2275 3451 2370 3506 bus
2406 3461 2602 3507 nostra
2649 3456 2825 3508 a'tatis
2863 3457 3033 3509 sacris
3084 3458 3434 3527 scriptoribus
3469 3461 3667 3515 amoris
3703 3477 3868 3530 quam

2277 3545 2554 3600 charitatis
2577 3564 2763 3602 nomen
2789 3549 3021 3604 divinius
3050 3567 3182 3604 esse.
3216 3549 3415 3606 Scribit
3449 3564 3624 3607 autem
3648 3564 3696 3607 et
3727 3555 3868 3607 dioi-

2281 3654 2380 3692 nus
2439 3637 2685 3710 Ignatius
2714 3656 2732 3694 :
2771 3659 2789 3692 ι
2818 3641 3153 3722 Αηιοιχηιειιδ
3177 3645 3466 3714 cruciﬁxus
3507 3655 3605 3700 est.
3629 3665 3648 3698 ι
3683 3644 3870 3715 Hujus

2283 3741 2466 3786 autem
2502 3731 2604 3785 viri
2641 3733 2798 3803 longe
2832 3733 3161 3803 doctissimi,
3199 3735 3246 3791 si
3281 3736 3437 3792 initio
3471 3737 3636 3808 hujus
3671 3739 3866 3793 saeculi

2273 3836 2462 3877 revera
2518 3823 2820 3892 scripserit,
2861 3835 2921 3879 ut
2953 3826 3320 3892 arbitramur,
3357 3829 3862 3886 luculentissimnm

2272 3913 2647 3968 testimonium
2682 3924 2796 3981 est;
2851 3918 3105 3988 quisquis
3147 3929 3331 3975 autem
3367 3921 3563 3990 fuerit,
3600 3924 3717 3978 sive
3752 3924 3830 3979 hu

2269 4005 2381 4076 jus,
2417 4008 2531 4061 sive
2565 4009 2845 4078 sequentis
2879 4011 2978 4065 aevi
3014 4013 3272 4083 scriptor,
3307 4015 3461 4069 varia
3496 4015 3563 4071 de
3597 4016 3701 4071 hoc
3735 4017 3860 4087 ipso

2270 4096 2391 4152 loco
2426 4098 2711 4154 hominum
2745 4100 2955 4170 judicia
2989 4101 3402 4174 Ignatianorum
3439 4109 3856 4174 auctoritatem,

2270 4199 2331 4243 ut
2362 4188 2618 4259 deinceps
2653 4191 3039 4262 ostendemus,
3076 4195 3374 4264 plurimum
3423 4198 3859 4256 conﬂrmabunt.

2342 4276 2628 4336 Secundus
2673 4281 2836 4350 hujus
2889 4285 2988 4338 asvi
3041 4286 3198 4340 testis
3231 4299 3314 4340 est
3348 4285 3617 4342 Eusebius
3663 4288 3856 4343 Cresa-

2269 4369 2467 4426 riensis
2501 4371 2823 4442 episcopus,
2874 4375 2968 4444 qui
3005 4377 3208 4432 multos
3262 4375 3516 4449 Origenis
3548 4377 3857 4448 discipulos

2267 4463 2425 4518 vidit.
2463 4463 2513 4518 Is
2546 4475 2725 4520 autem
2761 4482 2884 4521 cum
2921 4468 3168 4539 singulos
3202 4472 3524 4526 nominatim
3560 4486 3854 4527 recensere

581 4548 774 4620 τόνησε
822 4549 1199 4621 πρεσϐευτάς,
1236 4553 1395 4622 plane
1448 4563 1506 4608 ut
1558 4557 1699 4624 apud
1756 4558 2021 4627 lgnatium
2065 4578 2166 4618 no-

2278 4572 2376 4610 non
2413 4565 2614 4627 posset,
2639 4559 2731 4627 qui
2768 4560 2961 4629 primis
2995 4561 3307 4630 apostolij
3326 4565 3692 4620 successionis
3709 4571 3853 4617 tem-

582 4651 757 4699 st‘rum
780 4642 1009 4711 epistola
1050 4643 1116 4696 ad
1156 4641 1488 4714 Smyrnaeos,
1532 4649 1906 4719 χειροτονῆσαι
1940 4653 2164 4726 θεοπρε-

583 4728 835 4801 σ6ευτήν,
867 4739 922 4786 et
951 4731 1018 4786 ad
1057 4731 1459 4802 Magnesianos,
1508 4739 1883 4810 χειροτονῆσαι
1916 4742 2164 4799 διάκονον

579 4823 660 4886 εἰς
689 4821 750 4874 τὸ
783 4822 1116 4894 πρεσϐεῦσαι
1138 4826 1254 4877 ἐκεῖ
1271 4824 1404 4878 Θεοῦ
1427 4827 1744 4899 πρεσϐείαν·
1774 4832 2040 4890 habemus
2065 4852 2160 4891 eos

581 4913 786 4984 legatos
835 4929 866 4967 a
917 4913 1212 4985 Peregrino
1255 4917 1556 4987 appellatos
1588 4923 2063 4995 νερτεροδρόμους,
2102 4938 2160 4984 ut

579 5004 720 5072 apud
755 5002 1042 5074 lgnatinm,
1066 5007 1599 5078 χειροτονῆσαίτινα,
1634 5011 1692 5079 ὃς
1724 5014 2010 5086 δυνήσεται
2045 5019 2160 5072 Θεο-

575 5095 774 5167 δρόμος
809 5095 1108 5151 καλεῖσθαι.
1147 5098 1204 5152 Si
1237 5101 1365 5156 huic
1393 5102 1720 5172 conjectura:
1749 5106 1902 5162 locus
1935 5109 2025 5175 sit,
2059 5111 2158 5168 has

573 5185 834 5254 epistolas
861 5202 999 5256 quas
1026 5187 1370 5245 defendimus
1399 5193 1569 5260 probe
1611 5196 1764 5250 novit
1806 5195 2152 5270 Peregrinus,

573 5275 669 5346 qui
699 5285 824 5330 ante
851 5277 1174 5349 martyrium
1208 5279 1398 5351 lgnatii
1430 5292 1611 5352 natus,
1637 5296 1762 5355 post
1788 5289 2024 5345 medium
2049 5308 2151 5348 Ste-

573 5367 684 5424 culi
718 5368 946 5422 secundi
976 5369 1213 5428 ﬂammis
1240 5389 1298 5428 se
1319 5375 1486 5430 dedit.

617 5457 814 5515 'Tertii
871 5462 1090 5532 quidem
1142 5468 1326 5522 saeculi
1371 5469 1668 5540 scriptores
1704 5473 2149 5544 ecclesiasticos,

573 5551 875 5621 prmsertim
918 5552 1157 5623 Graecos,
1190 5559 1390 5628 quibus
1422 5564 1661 5618 maxime
1687 5575 1799 5619 tum
1849 5577 2012 5622 notus
2050 5568 2153 5623 fuit

576 5641 634 5697 ὃ.
671 5641 931 5714 lgnatius,
963 5647 1227 5705 habemus
1255 5667 1386 5707 sane
1428 5658 1748 5725 superstites
1783 5661 2150 5728 perpaucissi-

573 5750 724 5801 rnos;
757 5751 990 5806 quorum
1015 5743 1321 5811 praecipuus
1343 5741 1628 5816 Origenes,
1664 5749 1854 5804 eodem
1879 5767 1988 5820 quo
2019 5755 2150 5808 scri-

574 5827 678 5885 bsit
707 5825 950 5894 lgnatius
987 5848 1100 5888 aevo
1139 5844 1324 5902 natus,
1349 5846 1400 5892 et
1441 5839 1606 5896 rebus
1634 5839 1952 5908 theologicis
1982 5843 2148 5899 innu-

2267 4649 2492 4718 poribus
2527 4651 2821 4717 antistites,
2855 4660 2950 4706 aut
2983 4655 3330 4724 evangelistte
3364 4654 3614 4722 fuerant,
3649 4671 3849 4710 eorum

2263 4740 2528 4794 duntaxat
2562 4742 2784 4796 nomina
2819 4759 3104 4800 recensere
3129 4747 3338 4812 statuit,
3369 4763 3605 4818 quorum
3642 4762 3850 4802 monu-

2267 4833 2466 4886 mentis
2501 4834 2814 4902 apostolica:
2859 4837 3122 4892 doctrinae
3159 4839 3382 4894 traditio
3427 4840 3495 4894 ad
3528 4855 3628 4896 sua
3665 4855 3848 4910 usque

2261 4933 2505 4993 tempora
2542 4923 2838 4982 ferebatur.
2876 4927 3022 4983 Hist.
3051 4932 3233 4986 eceles.
3267 4973 3282 4999 ,
3319 4932 3356 4986 ι.
3394 4948 3477 4998 ιιι,
3514 4947 3564 4986 c.
3602 4931 3691 4997 57,
3727 4932 3797 4986 58
3824 4949 3844 4987 :

2288 5016 2472 5089 Ωσπερ
2505 5013 2596 5071 οὖν
2624 5019 2815 5090 ἀμέλει
2848 5020 2941 5074 τοῦ
2990 5022 3251 5091 Ἰγνατιου
3274 5027 3331 5077 ὲν
3365 5019 3453 5089 αἷς
3474 5023 3845 5096 κατελέξαμεν

2257 5109 2568 5175 ἐπιστολαῖς
2591 5151 2605 5175 ,
2661 5113 2753 5165 καὶ
2801 5114 2894 5167 τοῦ
2929 5115 3246 5188 Κλήμεντος
3278 5119 3338 5171 ἐν
3383 5121 3448 5189 τῇ
3484 5118 3841 5190 ἀνωμολογψ

2260 5201 2397 5275 μένῃ
2429 5203 2579 5274 παρὰ
2611 5205 2795 5260 πᾶσιν.
2835 5205 2988 5272 Quod
3022 5211 3223 5278 factum
3248 5218 3325 5264 est
3347 5211 3400 5264 in
3417 5210 3652 5281 epistolis
3675 5209 3843 5281 Igna-

2257 5294 2318 5346 tii
2343 5311 2474 5363 quas
2503 5297 2880 5364 recensuimus,
2903 5310 2951 5354 et
2977 5300 3255 5356 Clementis
3273 5302 3370 5356 illa
3399 5306 3464 5356 ab
3494 5301 3733 5356 omnibus
3753 5320 3841 5358 re-

2257 5395 2426 5455 cepta.
2478 5385 2749 5444 Eusebius
2799 5391 2984 5460 igitur,
3037 5409 3203 5448 unam
3255 5393 3590 5462 Clementis,
3645 5395 3836 5464 plures

2253 5473 2447 5546 lgnatii
2483 5480 2743 5549 epistolas
2777 5485 3147 5553 proponebat,
3184 5496 3244 5541 ut
3277 5488 3662 5558 antiquissima
3698 5503 3835 5557 apo-

2252 5570 2458 5624 stolicaa
2511 5573 2881 5629 successionis
2927 5576 3167 5646 scripta,
3219 5587 3274 5633 et
3320 5581 3694 5649 apostolorum
3729 5580 3835 5635 do-

2252 5664 2442 5718 ctrinm
2476 5665 2820 5722 traditionem
2844 5669 3201 5724 continentia.
3227 5669 3337 5726 Illa:
3356 5683 3537 5727 autem
3560 5673 3828 5744 epistolae,

2251 5771 2389 5824 quas
2425 5766 2705 5829 tantopere
2753 5760 2993 5816 laudavit
3028 5761 3299 5818 Eusebius
3325 5806 3340 5829 ,
3378 5765 3667 5836 ipsissimae
3700 5777 3830 5822 sunt

2251 5864 2387 5913 quas
2434 5866 2536 5906 nos
2583 5851 2886 5917 habemus,
2920 5863 2974 5910 et
3026 5854 3392 5913 defendimus.
3449 5855 3640 5915 Tradit
3678 5857 3829 5912 enim
