4136 6406
318 426 387 481 8!
1119 435 1170 493 ι.
1210 422 1933 496 Punsonn‘vmmcm
1976 437 2395 499 IGNATIANE.
2438 471 2507 483 —
2540 442 2722 498 PARS
2750 441 2791 498 ι.

3536 446 3605 501 8'3

326 543 469 601 Hist.
504 548 716 615 eccles.,
755 548 796 605 1.
834 566 921 615 tn.
958 567 1009 609 c.
1048 554 1428 626 56,lgnatium
1462 573 1562 628 per
1596 560 1778 614 Asiam
1816 558 1919 614 sub
1946 562 1993 618 Α
2025 559 2205 613 adhuc
2241 560 2471 614 Arimini
2497 561 2740 632 synodus
2774 560 3031 617 hazreret.
3060 562 3165 618 hoc
3194 573 3297 626 est,
3327 564 3472 620 circa
3507 581 3600 620 an-

319 638 741 694 accuratissima
780 643 1081 699 satellitum
1117 648 1366 702 custodia
1400 648 1649 713 ductum,
1677 651 1919 721 singula-

318 746 439 785 rum
476 731 771 788 civitatum
808 752 951 804 quas
985 738 1272 809 ingressus
1304 750 1390 797 est
1421 742 1682 798 ecclesias
1708 759 1919 801 sermo-

316 822 477 875 nibus
512 833 570 877 et
603 826 1089 886 cohortationibus
1122 833 1501 900 conﬁrmasse,
1538 844 1701 907 atque
1740 837 1916 908 inpri-

242 901 261 922 ⁸
312 914 420 968 mis
453 918 749 995 npnuisse
772 960 788 985 ,
826 931 887 976 ut
921 924 990 979 ab
1023 925 1325 983 haresibus
1359 940 1621 985 caverent
1653 940 1769 985 tum
1803 933 1917 1001 pri-

309 1021 462 1060 mum
498 1012 733 1068 exortis.
762 1025 815 1069 et
838 1015 1333 1087 invalescentibus;
1366 1023 1753 1095 hortatumque
1770 1040 1913 1094 esse,

308 1106 369 1151 ut
425 1103 816 1169 apostolorum
874 1111 1157 1168 traditioni
1211 1118 1476 1173 tenaciter
1540 1122 1914 1193 adbaererent,

306 1205 507 1258 quam,
546 1199 783 1253 cautelae
817 1203 1017 1271 gratia,
1054 1207 1221 1261 etiam
1258 1210 1481 1281 scriptis
1514 1215 1778 1269 mandare
1813 1232 1911 1270 ne-

304 1286 621 1378 cessarium
690 1290 872 1347 duxit.
918 1294 1104 1361 Quare
1147 1317 1269 1356 cum
1324 1302 1573 1378 Smyrnae
1616 1318 1783 1375 esset,
1826 1313 1912 1365 in-

302 1376 452 1443 quit,
488 1390 739 1448 quatuor
772 1383 1039 1455 epistolas
1073 1394 1325 1464 scripsit,
1364 1376 1437 1453 ad
1469 1398 1757 1470 Ephesios,
1797 1403 1911 1460 Ma-

301 1471 610 1563 gnesianos
633 1516 649 1538 ,
686 1474 997 1538 Trallianos
1025 1527 1039 1549 ,
1086 1484 1398 1556 Romanos;
1435 1508 1464 1546 a
1501 1492 1715 1550 Troade
1764 1504 1908 1563 tres,

302 1564 372 1656 ad
411 1562 928 1641 Philadelphenses,
966 1577 1033 1631 ad
1071 1577 1384 1651 Smyrnaaos
1409 1626 1422 1649 ,
1460 1596 1514 1640 et
1549 1586 1804 1656 privatim
1840 1562 1908 1643 ad

298 1650 702 1749 Polycarpum.
742 1662 871 1721 Haec
892 1668 1079 1724 omnia
1102 1650 1519 1743 diligentissime
1550 1650 1616 1731 ex
1642 1679 1775 1749 ipsis
1793 1682 1909 1748 epi-

298 1747 487 1813 stolis,
526 1760 591 1805 ut
644 1754 843 1822 opinor
868 1797 882 1819 ,
920 1758 1237 1818 observavit
1282 1764 1582 1837 Eusebius;
1619 1747 1906 1840 epistolam

295 1841 454 1895 enim
492 1846 563 1899 ad
600 1844 876 1916 Ephesios
902 1850 1155 1923 Smyrnae
1184 1858 1443 1927 scriptam
1470 1858 1641 1917 fuisse
1676 1862 1791 1931 ipsa
1825 1870 1908 1920 te-

296 1942 486 1989 statur
524 1953 538 1989 :
580 1937 870 1997 Unanimis
900 1946 1169 2001 vobiscum
1200 1966 1312 2020 ego,
1336 1962 1387 2005 et
1413 1970 1566 2023 quem
1598 1957 1819 2011 misistis
1850 1957 1905 2011 in

294 2029 405 2084 Dei
441 2032 698 2087 honorem
728 2036 785 2088 in
820 2034 1131 2108 Smyrnam,
1174 2043 1310 2097 unde
1336 2054 1386 2099 et
1419 2048 1593 2101 scribo
1616 2051 1777 2107 vobis.
1821 2052 1903 2108 Ad

292 2119 624 2194 Magnesios
662 2144 675 2180 :
715 2126 971 2183 Salutant
997 2149 1085 2186 vos
1113 2132 1324 2203 Ephesii
1354 2155 1387 2191 a
1416 2137 1668 2209 Smyrna,
1690 2147 1827 2199 unde
1854 2156 1905 2200 et

290 2215 479 2306 scribo
502 2217 675 2274 vobis.
707 2218 789 2274 Ad
823 2220 1134 2282 Trallianos
1172 2246 1186 2281 :
1224 2228 1412 2284 Saluto
1456 2250 1545 2286 vos
1585 2253 1617 2288 a
1649 2235 1901 2306 Smyrna.

289 2305 382 2399 id
423 2306 711 2399 Romanos
749 2331 763 2365 :
802 2312 989 2369 Scriba
1036 2328 1211 2372 autem
1242 2322 1386 2375 vobis
1424 2324 1535 2379 hazc
1570 2344 1603 2380 a
1650 2305 1900 2399 Smyrna.

292 2394 443 2499 Tres
468 2398 717 2469 reliquas
752 2404 1019 2473 epistolas
1065 2407 1277 2466 Troade
1320 2413 1559 2484 scriptas
1602 2394 1791 2487 fuisse,
1833 2440 1902 2478 ex

292 2490 438 2557 ipsis
490 2492 706 2559 pariter
758 2506 929 2564 patet.
967 2499 1049 2553 Ad
1095 2500 1584 2574 Philadelphenses
1622 2530 1636 2565 :
1685 2511 1902 2570 Salutat

290 2596 385 2632 tos
414 2583 655 2637 charitas
674 2587 987 2656 multorum,
1014 2594 1106 2661 qui
1141 2595 1194 2647 in
1234 2594 1462 2663 Troade,
1491 2602 1627 2655 unde
1655 2613 1706 2657 et
1727 2608 1900 2661 scribo

289 2672 443 2726 vobis
466 2692 564 2743 per
602 2677 865 2734 Burrum.
899 2682 981 2736 Ad
1020 2684 1367 2757 Smyrnzeos:
1405 2689 1623 2748 Salutat
1656 2715 1743 2752 vos
1775 2701 1901 2754 cha-

289 2765 435 2858 titas
465 2767 726 2834 fratrum,
755 2773 847 2841 qui
874 2775 932 2826 in
965 2774 1189 2842 Troade,
1210 2780 1350 2835 unde
1372 2792 1423 2835 et
1444 2785 1616 2839 scribo
1646 2790 1786 2842 vobis
1809 2806 1901 2858 per

290 2855 559 2912 Burrum.
591 2862 671 2916 Ad
706 2862 1069 2937 Polycarpum
1110 2889 1123 2923 :
1161 2871 1301 2937 Quia
1343 2878 1509 2945 igitur
1537 2882 1779 2937 omnibus
1809 2855 1898 2940 cc-

288 2948 476 3003 clesiis
517 2967 623 3004 non
660 2955 813 3020 potui
851 2957 1115 3023 scribere,
1155 2973 1369 3031 propter
1399 2980 1604 3037 repente
1649 2975 1899 3046 navigare

288 3058 464 3137 mea
514 3041 728 3137 Troade
768 3047 823 3100 in
874 3047 1198 3120 Neapolim,
1244 3065 1300 3110 ut
1341 3059 1584 3117 voluntas
1633 3041 1894 3137 praecipit,

288 3134 494 3187 uribes
535 3135 665 3189 aliis
694 3138 951 3195 ecclesiis.
990 3139 1257 3201 Observat
1293 3147 1586 3218 Eusebius,
1624 3134 1893 3227 Ignoti-uni

2024 660 2155 704 num
2188 650 2395 707 Christi
2426 650 2532 705 360
2576 654 2811 720 scripta,
2856 651 2961 707 hoc
3002 652 3162 709 nobis
3207 653 3419 710 illustre
3452 665 3609 710 testi—

2021 742 2267 795 monium
2302 743 2527 812 praebet.
2569 742 2641 797 De
2677 744 2916 812 synodis,
2942 761 2995 813 p.
3024 743 3167 799 922:
3206 746 3463 813 Ἰγνάτιος
3483 742 3596 809 οὖν,

2018 834 2046 886 ὁ
2079 833 2217 904 μετὰ
2250 836 2375 898 τοὺς
2424 835 2755 899 ἀποστόλους
2806 838 2863 888 ὲν
2910 837 3205 909 Ἀντιοχείᾳ
3240 837 3596 897 κατασταθεὶς

2018 925 2337 991 ἐπίσκοπος,
2359 927 2451 980 καὶ
2489 928 2699 999 μάρτυς
2732 926 2825 981 τοῦ
2860 928 3097 999 Χριστοῦ
3133 931 3444 1000 γενόμενος,
3464 932 3589 1001 γρά-

2016 1036 2134 1089 φων
2168 1020 2297 1092 περὶ
2329 1021 2422 1073 τοῦ
2455 1020 2662 1093 Κυρίου
2699 1020 2937 1093 εἴρηκεν*
2958 1019 3065 1088 Εἷς
3082 1023 3277 1090 ἱατρός
3290 1024 3420 1077 ἐστι
3452 1039 3589 1091 σαρ-

2015 1114 2183 1179 κικὸς
2227 1114 2326 1167 καὶ
2372 1113 2808 1183 πνευματικὸς,
2855 1114 3106 1185 γενητὸς
3154 1116 3251 1170 καὶ
3286 1115 3588 1187 ἀγένητος,

2013 1204 2084 1257 ἐν
2109 1202 2399 1274 ἀνθρώπῳ
2434 1205 2596 1271 Θεὸς,
2630 1206 2701 1259 ἐν
2746 1205 2979 1270 θανάτῳ
3022 1205 3132 1275 ζωὴ
3165 1206 3422 1276 ἀληθινὴ
3446 1249 3459 1271 ,
3496 1208 3594 1262 και

2012 1296 2081 1350 ἐκ
2113 1298 2343 1365 Μαρίας
2374 1299 2473 1351 καὶ
2506 1298 2575 1351 ἐκ
2610 1298 2781 1353 Θεοῦ.
2820 1297 3063 1369 Ignatius
3106 1299 3273 1370 igitur
3321 1302 3434 1370 qui,
3472 1310 3592 1370 post

2013 1390 2302 1459 apostolos,
2320 1390 2615 1444 Antiochia:
2635 1388 3241 1459 episcopusjconstitutus
3258 1398 3362 1456 est,
3378 1398 3427 1443 et
3445 1405 3591 1441 mar-

2012 1490 2097 1551 tyr
2124 1480 2327 1536 Christi
2359 1481 2491 1550 fuit,
2536 1481 2769 1536 scribens
2809 1480 2875 1534 de
2903 1479 3132 1536 Domino
3173 1481 3310 1535 dixit
3338 1496 3357 1535 .·
3394 1500 3411 1532 ι
3446 1480 3592 1535 Unus

2008 1572 2244 1626 medicus
2288 1582 2387 1639 est,
2429 1573 2665 1627 carnalis
2716 1583 2765 1626 et
2806 1572 3143 1644 spiritualis,
3168 1573 3344 1642 factus
3389 1582 3440 1627 et
3484 1589 3590 1626 non

2009 1663 2205 1733 factus,
2229 1664 2285 1717 in
2310 1665 2521 1719 homine
2545 1664 2704 1728 Deus,
2732 1665 2785 1717 in
2812 1672 2978 1718 morte
3007 1665 3116 1718 vita
3146 1680 3287 1729 vera,
3316 1674 3365 1719 et
3390 1679 3455 1717 ea:
3477 1663 3592 1717 Ma-

2009 1753 2091 1805 ria
2120 1763 2169 1806 et
2199 1768 2264 1805 ex
2277 1752 2573 1815 Deo.sllrec
2599 1753 2744 1808 enim
2776 1754 2939 1808 verba
2968 1769 3031 1809 ex
3056 1754 3300 1824 Epistola
3323 1755 3390 1809 ad
3415 1754 3591 1825 Ephe-

2009 1844 2122 1899 sios
2154 1853 2284 1899 sunt
2323 1846 2649 1914 transcripta
2672 1886 2688 1911 ,
2726 1860 2892 1917 quam
2940 1844 3229 1915 scripsisse
3260 1860 3368 1901 non
3404 1846 3586 1900 larva-

1938 1912 1980 1967 B
2009 1946 2121 1991 tum
2156 1937 2394 2006 aliquem
2420 1912 2687 2007 lgnatium
2708 1978 2722 2001 ,
2744 1912 2843 1992 sed
2867 1912 3068 1991 verum.
3096 1937 3273 2003 illum,
3313 1938 3589 2007 apostolo-

2008 2045 2129 2085 rum
2162 2044 2560 2092 successorem,
2598 2037 2653 2083 et
2675 2038 2971 2100 martyrem
3004 2038 3237 2083 testatur
3260 2027 3318 2083 S.
3351 2029 3589 2083 Athana-

2007 2123 2142 2176 sius.
2176 2120 2322 2175 Idem
2371 2122 2533 2191 paulo
2582 2129 2750 2191 post:
2795 2121 2852 2174 Ὀ
2890 2121 3158 2193 μακάριος
3205 2121 3463 2191 Ἰγνάτιος
3495 2123 3587 2194 ὀρ⁹

2005 2212 2112 2276 θῶς
2148 2211 2351 2285 ἔγραψε
2377 2252 2390 2273 .
2425 2212 2651 2282 γενητὸν
2683 2213 2843 2265 αὑτὸν
2877 2212 3050 2281 λέγων
3079 2214 3169 2267 διὰ
3200 2213 3297 2284 τὴν
3331 2215 3530 2286 σάρκα,
3556 2214 3585 2265 ὁ

2003 2304 2112 2375 γὰρ
2135 2303 2368 2375 Χριστὸς
2391 2301 2527 2373 σὰρξ
2560 2302 2795 2371 ἐγένετο·
2831 2304 3094 2373 ἀγένητον
3125 2304 3206 2367 δὲ,
3236 2305 3318 2357 ὅτι
3358 2304 3431 2374 μὴ
3475 2303 3583 2357 τῶν

2004 2396 2325 2466 ποιημάτων
2358 2395 2452 2448 καὶ
2484 2394 2727 2467 γενητῶν
2762 2397 2928 2461 ἐστιν,
2963 2396 3100 2451 ἀλλὰ
3122 2396 3247 2461 Υἱὸς
3267 2400 3332 2451 ὲκ
3348 2396 3579 2468 Πατρός.

2003 2488 2161 2542 Recte
2188 2489 2408 2557 scripsit
2430 2489 2612 2541 beatus
2637 2485 2907 2557 Ignatius,
2932 2489 3130 2558 factum
3153 2506 3273 2542 eum
3309 2490 3487 2542 dicens
3518 2489 3580 2541 ob

2003 2597 2245 2646 carnem;
2276 2582 2518 2638 Christus
2561 2585 2697 2638 enim
2733 2598 2857 2636 caro
2885 2582 3059 2651 factus
3102 2591 3210 2645 est;
3238 2598 3342 2635 non
3379 2582 3581 2650 factum

2002 2683 2211 2742 autem,
2252 2677 2392 2747 quod
2437 2693 2540 2730 non
2578 2678 2647 2730 sit
2682 2692 2746 2731 ea:
2782 2675 3077 2739 creaturis,
3103 2682 3151 2727 et
3190 2675 3258 2729 iis
3281 2690 3398 2745 qua:
3436 2673 3580 2742 facta

2001 2777 2145 2835 sunt,
2173 2771 2262 2822 sed
2288 2767 2463 2823 Filius
2490 2786 2519 2824 ε
2546 2766 2729 2822 Patre.

2071 2862 2213 2919 lluic
2268 2864 2434 2917 etiam
2484 2863 2689 2919 smculo
2746 2861 2804 2917 S.
2852 2861 3095 2917 Joannes
3151 2861 3579 2932 Chrysostomus

2001 2955 2360 3011 ascribcndns
2393 2964 2476 3009 est
2513 2974 2524 3008 :
2571 2956 2856 3026 presbyter
2895 2953 3041 3009 enim
3072 2952 3357 3007 ordinatus
3388 2953 3581 3007 Antio-

1999 3048 2139 3104 Chia:
2178 3062 2325 3102 anno
2368 3046 2494 3111 586,
2528 3045 3006 3115 Constantinopoli
3049 3044 3340 3114 episcopus
3384 3058 3580 3099 conse-

1999 3147 2184 3195 cratus
2206 3148 2291 3195 est
2319 3153 2465 3194 anno
2497 3138 2621 3195 598.
2658 3138 2797 3191 Dum
2832 3146 3011 3193 autem
3066 3137 3370 3191 Antiochiae
3411 3144 3583 3203 esset,

293 3225 351 3279 ίι)
385 3227 625 3295 CPiSlOIa
663 3230 729 3284 ad
771 3230 1047 3301 Ephesios
1079 3235 1325 3294 Onesimi
1375 3243 1619 3312 ipsorum
1654 3225 1896 3318 instaris
1922 3252 1966 3309 ο
1998 3232 2319 3302 praeclaram
2394 3231 2449 3285 in
2520 3230 2578 3285 S.
2644 3229 2838 3300 lgnatii
2895 3228 3215 3299 martyrium
3272 3227 3575 3282 orationem

296 3320 663 3387 meminisse,
698 3323 755 3377 in
797 3324 1030 3395 epistola
1066 3330 1131 3383 ad
1168 3331 1482 3404 Magnesios
1520 3338 1743 3396 Damam
1781 3346 1896 3415 epi-

295 3424 528 3479 scopum
565 3415 918 3483 nominasse,
958 3419 1012 3473 in
1060 3422 1291 3492 epistola
1338 3427 1404 3481 ad
1440 3426 1751 3488 Trallianos
1790 3434 1895 3490 Po-

294 3500 425 3568 lybii
459 3505 732 3562 antistitis
766 3511 1109 3567 mentionem
1143 3514 1373 3585 iecisse;
1399 3535 1540 3589 quos
1574 3539 1768 3580 omnes
1798 3542 1893 3582 ea-

292 3595 551 3650 rumdem
607 3596 987 3658 Ecclesiarum
1051 3606 1338 3679 episcopos
1390 3622 1593 3669 nostrae
1650 3617 1893 3687 epistola:

292 3696 627 3755 agnoscunt.
652 3689 795 3746 Dicit
826 3709 953 3748 eum
989 3695 1292 3770 Polycarpo
1327 3703 1676 3763 Antiochense
1704 3707 1895 3767 Eccle-

291 3778 389 3830 siae
408 3795 632 3849 gregem
657 3786 1098 3857 commendasse,
1125 3806 1460 3865 rogasseque
1495 3808 1553 3853 ut
1575 3802 1727 3855 omni
1758 3817 1892 3859 cura

288 3877 344 3923 et
367 3870 659 3940 diligentia
689 3875 843 3931 illum
882 3877 1067 3937 fovere
1097 3884 1278 3952 vellet,
1308 3889 1454 3957 quod
1478 3890 1531 3944 in
1557 3892 1786 3963 epistola
1822 3897 1891 3952 ad

287 3977 418 4015 eum
454 3963 586 4019 data
622 3968 876 4036 pluribus
908 3985 1184 4044 narratur.
1220 3977 1401 4051 Pergit
1436 3984 1685 4051 ulterius,
1721 4000 1776 4043 et
1811 3992 1891 4055 εἰς

288 4055 557 4123 ἐπίδειξιν
605 4060 717 4115 τῶν
758 4065 1067 4135 εἰρημένων
1090 4109 1106 4134 ,
1141 4084 1207 4125 ex
1242 4074 1470 4142 epistola
1511 4078 1577 4131 ad
1612 4077 1890 4140 Romanos

483 4151 706 4243 longam
764 4156 927 4226 ῥῆσιν
993 4163 1273 4232 excerpit,
1326 4177 1386 4221 ut
1449 4168 1567 4237 ipse
1618 4171 1886 4243 loquitur,

289 4239 435 4340 nostri
485 4240 656 4305 λέξιν·
701 4245 834 4299 Ἀπὸ
881 4247 1083 4321 Συρίας
1137 4253 1297 4325 μέχρι
1357 4256 1576 4331 Ῥώμης
1626 4239 1890 4336 Θηριομαί-

290 4347 393 4398 χω,
428 4341 567 4400 etc.,
601 4351 727 4405 quae
763 4341 1002 4396 versioni
1038 4354 1239 4401 nostra:
1274 4346 1484 4403 Latinzr
1516 4367 1743 4421 prorsus
1766 4372 1891 4411 con-

288 4423 550 4491 veniunt,
588 4429 726 4483 adeo
760 4440 821 4486 ut
855 4433 972 4489 haec
1008 4440 1316 4494 accuratior
1346 4442 1417 4497 sit
1442 4442 1884 4502 Eusebianorum

291 4514 607 4580 translatio,
642 4535 806 4588 quam
842 4523 927 4577 vel
977 4522 1401 4599 llieronymiana
1434 4534 1520 4588 vel
1555 4534 1882 4594 Ruﬂiniana.

288 4602 472 4658 Aliam
509 4608 678 4662 etiam
714 4627 781 4665 ex
824 4611 1068 4683 Epistola
1104 4592 1523 4693 ad'Smyrnaaos
1557 4592 1883 4684 sententiam
1917 4592 1963 4648 Β

291 4699 670 4767 transcripsit,
705 4720 827 4772 quat
861 4708 917 4761 in
952 4712 1158 4766 nostris
1193 4715 1477 4771 codicibus
1501 4720 1725 4775 totidem
1762 4738 1885 4777 ver-

287 4784 613 4882 bisexstat.
668 4792 913 4866 Denique
960 4802 1026 4855 ad
1065 4804 1499 4863 conﬁrmandam
1542 4812 1883 4882 superiorem

285 4879 356 4933 de
392 4881 480 4936 his
516 4888 912 4957 narrationem,
949 4893 1233 4966 Polycarpi
1261 4907 1317 4952 et
1348 4897 1535 4955 lrcuiei
1572 4879 1885 4960 tristimonia

286 4972 523 5039 profert,
560 4979 629 5031 de
664 4981 866 5049 quibus
900 4995 1026 5040 ante
1074 4988 1347 5058 diximus,
1383 5000 1436 5047 et
1475 5005 1663 5063 postea
1699 4997 1885 5052 dicen—

283 5066 421 5119 dum
455 5068 585 5122 erit.
625 5069 750 5128 llazc
784 5087 913 5131 sunt
945 5080 1014 5133 ab
1044 5079 1286 5139 Eusebio
1316 5086 1451 5140 adeo
1486 5087 1773 5159 diligenter
1801 5091 1885 5145 lu-

284 5159 625 5230 culenteque
656 5169 926 5235 exposita,
962 5179 1022 5225 ut
1046 5171 1280 5230 Dallzeus
1314 5176 1429 5246 ipse
1453 5178 1655 5234 dixerit
1684 5179 1885 5235 :Fate-

283 5267 414 5341 mur
450 5250 743 5310 Eusebium
782 5260 904 5315 illas
947 5265 1201 5333 epistolas
1235 5284 1533 5337 agnoscere,
1562 5282 1612 5325 et
1643 5288 1737 5341 pro
1768 5291 1883 5327 vere

282 5340 599 5409 Ignatianis
628 5347 817 5404 habere
846 5370 865 5406 :
891 5370 1053 5423 neque
1077 5357 1481 5414 dissimulamus
1514 5380 1602 5416 eas
1620 5340 1649 5430 ,ν
1667 5364 1731 5417 de
1759 5366 1881 5434 qui-

284 5437 385 5489 bus
420 5437 515 5491 ille
540 5441 694 5494 verba
726 5443 882 5511 facit,
919 5446 1014 5501 has
1038 5449 1182 5516 ipsas
1219 5451 1384 5519 fuisse
1430 5456 1617 5520 rideri,
1648 5473 1765 5527 qute
1801 5457 1881 5510 his

280 5530 446 5584 hodie
483 5534 786 5588 nominibus
817 5539 1288 5609 circumferuntur,
1320 5547 1501 5615 quales
1527 5566 1614 5602 eas
1646 5567 1881 5604 reveren-

279 5620 543 5677 dissimus
572 5624 821 5681 Usserius
838 5628 1028 5685 Latine
1044 5650 1065 5697 ;
1081 5636 1476 5692 eruditissimus
1491 5638 1705 5695 Vossius
1734 5642 1883 5697 Crte-

282 5729 360 5778 ce,
398 5728 466 5765 ex
501 5714 655 5769 libris
691 5717 787 5771 ille
818 5720 1149 5790 Anglicanis,
1175 5726 1259 5779 hic
1293 5727 1543 5782 Mediceis
1577 5731 1877 5785 ediderunt.

262 5786 270 5835 ⁵
352 5803 602 5863 Eusebio
638 5812 889 5865 succedit
923 5812 1280 5883 Athanasius,
1318 5836 1445 5875 vere
1480 5837 1709 5893 magnus
1734 5865 1748 5891 ,
1784 5823 1879 5893 qui

278 5894 336 5953 in
370 5897 607 5968 epistola
656 5899 725 5955 de
773 5902 999 5970 synodis
1044 5905 1275 5965 Arimini
1324 5921 1376 5967 et
1422 5911 1708 5979 Seleuciae,
1744 5913 1868 5968 dum

2001 3325 2212 3387 habuit,
2241 3325 2294 3378 in
2326 3340 2434 3393 qua
2464 3322 2630 3377 verba
2663 3323 2804 3391 ejus,
2840 3336 2963 3390 qua:
2995 3328 3125 3374 sunt
3154 3319 3207 3371 in
3240 3318 3481 3387 Epistula
3508 3319 3576 3373 ad

2002 3412 2282 3468 Romanos
2339 3413 2579 3468 adducit.
2632 3410 2789 3465 Tom.
2830 3409 2896 3473 V,
2933 3418 3072 3464 orat.
3118 3409 3206 3473 70,
3263 3424 3388 3479 pag.
3446 3407 3571 3463 504:

2011 3505 2274 3568 Ἀκούσας
2306 3505 2414 3577 γὰρ
2464 3505 2546 3558 ὅτι
2579 3497 2731 3567 οὗτος
2764 3502 2926 3557 αὐτὸν
2957 3500 3057 3569 τῆς
3089 3498 3357 3569 τιμωρίας
3388 3500 3417 3551 ὁ
3448 3498 3574 3570 τρό-

1997 3614 2097 3661 πος
2150 3598 2319 3668 μένει,
2368 3596 2508 3665 Ἐγὼ
2560 3594 2679 3648 τῶν
2740 3595 2959 3661 θηριων
3019 3593 3265 3645 ἐκείνων
3296 3591 3571 3659 ὀναίμην,

1995 3688 2167 3758 ἔλεγε·
2204 3687 2431 3742 τοιοῦτοι
2480 3688 2588 3759 γὰρ
2622 3688 2671 3740 οἱ
2705 3685 2937 3758 ἐρῶντες
2961 3703 2974 3717 ·
3009 3686 3144 3756 ὅπερ
3192 3682 3259 3737 ἂν
3293 3682 3574 3753 πάσχωσιν

1995 3781 2135 3853 ὑπὲρ
2185 3780 2292 3833 τῶν
2351 3779 2643 3852 ἐρωμένων
2704 3776 2821 3848 μεθ’
2883 3776 3075 3847 ἡδονῆς
3120 3775 3381 3846 δέχονται.
3437 3772 3574 3828 Cum

1993 3876 2133 3929 enim
2157 3874 2466 3939 audivisset,
2493 3870 2631 3943 quod
2660 3871 2745 3924 hic
2764 3887 2880 3925 eum
2903 3870 3151 3940 supplicii
3177 3868 3363 3922 modus
3394 3885 3573 3923 mane-

1993 3976 2094 4033 ret,
2132 3985 2150 4018 t
2178 3966 2395 4020 Utinam
2425 3980 2517 4034 ego
2547 3963 2656 4017 illis
2682 3963 2859 4017 bestiis
2887 3962 3064 4032 fruar,
3091 3980 3111 4013 ι
3138 3960 3429 4031 inquiebat.
3464 3960 3572 4014 Ta-

1992 4058 2066 4114 les
2088 4060 2226 4113 enim
2250 4067 2377 4111 sunt
2397 4059 2488 4127 qui
2515 4066 2699 4110 amant
2723 4072 2741 4120 ;
2762 4055 3019 4126 quidquid
3034 4070 3128 4123 pro
3147 4054 3212 4107 iis
3229 4070 3361 4123 quos
3388 4064 3571 4108 amant

1991 4152 2290 4221 patiantur,
2322 4167 2441 4203 cum
2472 4148 2734 4217 voluptate
2759 4147 2958 4216 ferunt.
2983 4144 3127 4200 Idem
3156 4160 3351 4199 rursus
3379 4145 3434 4198 in
3454 4161 3560 4199 ora

1990 4245 2139 4298 tione
2168 4243 2271 4312 ipsi
2300 4241 2604 4312 antiquitus
2630 4240 2913 4304 attributa,
2946 4237 3100 4303 Quod
3123 4254 3257 4291 unus
3295 4234 3493 4290 Veteris
3520 4248 3569 4290 et

1994 4335 2133 4390 Novi
2164 4334 2486 4389 Testamenti
2516 4332 2794 4403 legislator
2825 4332 2917 4398 sit,
2954 4330 3071 4385 haec
3094 4329 3278 4393 habet,
3315 4336 3449 4382 tom.
3480 4328 3565 4390 Vl,

1989 4442 2110 4497 pag.
2150 4426 2256 4482 645
2293 4443 2305 4479 :
2355 4425 2454 4478 Διὰ
2486 4424 2643 4478 τοῦτό
2674 4440 2758 4486 τις
2790 4422 2897 4475 τῶν
2930 4418 3191 4493 ἀρχαίων,
3240 4416 3570 4487 Ἱγνάτιοςδὲ

1988 4519 2159 4591 δνομα
2192 4518 2343 4588 αὐτῷ
2366 4558 2380 4581 ,
2415 4510 2568 4579 οὗτος
2605 4514 2870 4587 ἱερωσύνῃ
2906 4514 2998 4568 καὶ
3036 4511 3318 4585 μαρτυριῳ
3350 4509 3573 4581 διαπρέ-

1989 4614 2118 4683 ψας,
2138 4610 2469 4665 ἐπιστέλλων
2503 4609 2610 4663 τινὶ
2644 4610 2782 4681 ἱερεῖ
2812 4607 2985 4675 ἔλεγε,
3004 4604 3210 4671 Μηδὲν
3241 4603 3387 4656 ἄνευ
3419 4601 3570 4670 γνώ-

1982 4724 2102 4776 μης
2135 4720 2250 4758 σου
2284 4702 2554 4774 γινέσθω·
2586 4700 2742 4771 μηδὲ
2773 4699 2855 4754 σὺ
2884 4699 3030 4752 ἄνευ
3062 4694 3298 4767 γνώμης
3333 4693 3481 4747 Θεοῦ
3515 4710 3570 4746 τι

1987 4801 2225 4868 πρᾶττε.
2292 4797 2582 4866 Propterea
2642 4794 2865 4865 quidam
2912 4808 2978 4847 ea:
3031 4790 3302 4860 antiquis,
3361 4788 3570 4840 nomine

1988 4890 2268 4962 Ignatius,
2295 4887 2591 4943 sacerdotio
2621 4894 2671 4940 et
2704 4884 2968 4953 martyrio
3002 4887 3181 4935 clarus
3203 4922 3217 4945 ,
3250 4881 3306 4933 in
3342 4878 3569 4946 epistola

1986 4984 2055 5036 ad
2082 4982 2403 5036 sacerdotem
2431 4979 2710 5051 quemdam
2733 4977 2868 5031 dixit
2894 4992 2913 5029 :
2950 4995 2968 5027 ι
2994 4973 3147 5027 Nihil
3170 4974 3283 5026 sine
3309 4970 3568 5024 sententia

1990 5086 2081 5131 tua
2120 5077 2247 5141 fiat;
2282 5090 2444 5144 neque
2483 5084 2539 5125 tu
2572 5073 2685 5125 sine
2723 5068 2984 5124 sententia
3022 5066 3121 5121 Dei
3156 5064 3448 5135 quidquam
3484 5063 3570 5131 fa-

1987 5171 2117 5223 cias.
2154 5188 2173 5220 ι
2214 5166 2345 5233 Qua:
2372 5165 2599 5219 totidem
2623 5162 2807 5217 verbis
2847 5162 2900 5215 in
2944 5158 3173 5230 cpistola
3211 5156 3277 5210 ad
3310 5155 3570 5225 Polycar-

1986 5277 2113 5332 pum
2150 5260 2451 5314 etiamnum
2478 5264 2715 5312 exstant.

2056 5353 2243 5407 Eidem
2278 5367 2393 5406 aevo
2418 5347 2705 5403 tribuenda
2737 5352 2867 5401 sunt
2902 5342 3215 5400 testimonia
3266 5340 3324 5395 S.
3375 5339 3540 5393 Hiero

1986 5447 2157 5518 nymi,
2209 5444 2305 5513 qui
2360 5457 2506 5496 anno
2540 5440 2608 5493 M
2656 5436 3004 5506 imperatoris
3056 5434 3386 5499 Theodosii,
3420 5434 3569 5488 circa

1984 5556 2191 5597 annum
2231 5537 2448 5592 Domini
2500 5535 2638 5598 595,
2681 5531 2999 5601 Catalogum
3042 5530 3360 5599 scriptorum
3404 5526 3568 5581 eccle-

1984 5634 2325 5688 siasticorum
2366 5644 2425 5684 se
2464 5625 2844 5695 composuisse
2876 5630 3129 5687 testatur,
3165 5622 3217 5674 in
3258 5636 3369 5689 quo
3402 5618 3569 5673 Cuia.

1984 5728 2101 5797 logo
2142 5726 2257 5779 haec
2284 5722 2447 5777 habet
2476 5737 2488 5773 :
2522 5718 2792 5791 Ignatius,
2819 5716 3159 5770 Antiocheam
3193 5713 3444 5768 Ecclesia:
3468 5722 3568 5765 ter-

1986 5821 2113 5882 tius,
2149 5824 2265 5887 post
2298 5817 2516 5869 Petrum
2552 5810 2851 5882 apostolum
2884 5808 3187 5878 episcopus,
3219 5812 3568 5859 commovente

1987 5913 2397 5967 persecutionem
2424 5906 2657 5977 Trajano
2685 5905 2987 5960 damnatus
3014 5903 3082 5955 ad
3102 5901 3317 5956 bestias.
3343 5896 3588 5951 Romam.‘

3514 6014 3543 6067 ὁ
