4136 6390
607 404 679 457 33
1665 399 1719 452 S.
1765 399 2117 457 lGNATlUS.
2152 433 2216 441 —
2254 398 2783 458 PROLEGOMENA.
3806 398 3873 449 Μ

608 522 815 575 uinctus
845 518 1101 573 mittitur.
1128 518 1364 589 Cumque
1406 522 1660 591 navigans
1698 520 1981 591 Smyrnam
2022 523 2191 574 venis-
2224 528 2266 583 Α
2296 524 2419 576 vina
2446 525 2811 578 incarnatione
2842 522 3179 585 sententiam,
3207 527 3263 573 ut
3285 535 3569 590 cognoscas
3600 520 3665 573 de
3692 537 3876 573 susce-

605 620 685 665 set
714 611 802 664 ubi
844 610 1173 679 Polycarpus
1220 611 1437 665 auditor
1478 610 1707 665 Joannis
1736 613 2008 680 episcopus
2038 621 2186 677 erat,

604 705 816 773 scripsit
837 719 997 757 unam
1015 703 1295 772 epistolam
1320 704 1387 756 ad
1416 702 1694 773 Ephesios,
1727 704 1952 757 alteram
1975 704 2044 756 ad
2072 703 2190 757 Ma-

604 798 903 866 gnesianos,
937 798 1148 849 tertiam
1172 798 1241 849 ad
1281 795 1597 859 Trallenses,
1625 806 1872 866 quartam
1896 800 1964 849 ad
1993 795 2189 849 Roma-

603 906 699 943 nos
727 906 746 944 :
775 902 823 943 et
865 890 985 943 inde
1007 892 1279 959 egrediens
1307 890 1518 959 scripsit
1556 890 1625 942 ad
1660 889 1959 959 Philippeos
1984 931 1999 955 ,
2031 898 2079 943 et
2119 890 2189 942 ad

602 980 927 1051 Sntyrnazos,
960 990 1009 1035 et
1038 982 1250 1050 proprie
1278 982 1346 1034 ad
1390 980 1745 1051 Polycarpum
1767 1022 1782 1047 ,
1819 984 2188 1036 commendans

601 1073 687 1128 illi
707 1075 1117 1129 Antiochensem
1147 1074 1465 1139 Ecclesium,
1519 1084 1573 1130 et
1620 1077 1829 1145 reliqua
1877 1076 2188 1131 Eusebiana

602 1163 722 1219 fere
744 1164 952 1230 omnia,
988 1166 1155 1220 tacito
1180 1164 1401 1221 Eusebii
1430 1169 1673 1230 nomine,
1704 1168 2073 1237 transcripsit,
2094 1168 2190 1221 ad-

601 1272 779 1327 eoque
830 1272 930 1311 sua
969 1256 1117 1312 fecit.
1171 1257 1287 1313 lmo
1327 1258 1511 1313 libello
1558 1258 1822 1313 Adversus
1858 1258 2187 1325 Helvidium,

601 1364 766 1420 quem
797 1357 926 1404 ante
950 1348 1266 1420 Catalogum
1292 1351 1534 1419 scripsit,
1553 1351 1701 1405 circa
1733 1366 1961 1414 annum,
1993 1361 2053 1404 ut
2071 1353 2191 1421 Opi-

602 1454 706 1495 nor
736 1438 864 1507 583,
899 1440 967 1495 ad
1011 1438 1217 1495 fontem
1250 1441 1498 1496 veritatis
1547 1457 1874 1512 provocans,
1921 1442 2187 1511 lgnatium

601 1540 867 1603 tanquam
900 1542 1148 1587 veterum
1202 1534 1533 1602 scriptorum
1577 1534 1877 1603 principem
1919 1534 2185 1589 nominat.

602 1626 862 1698 Nunquid
904 1645 1008 1682 non
1031 1646 1247 1699 possum
1277 1629 1372 1683 tibi
1397 1640 1565 1683 totam
1601 1641 1831 1685 veterum
1870 1632 2189 1699 scriptorum

602 1721 791 1774 seriem
812 1737 1151 1787 commovere,
1178 1720 1473 1793 lgnatium,
1494 1723 1873 1794 Polycarpum,
1900 1724 2185 1792 Irenamm,

601 1813 879 1869 Iustinum
919 1824 1209 1885 martyrem
1231 1855 1246 1880 ,
1288 1816 1583 1887 multosque
1611 1818 1746 1871 alios
1788 1818 2107 1887 apostolicos
2137 1829 2186 1872 et

2292 624 2385 683 pta
2438 626 2635 669 natura
2689 616 2817 685 quid
2868 616 3109 669 senserit.
3160 614 3425 667 Audivisti
3467 615 3607 666 enim
3656 631 3877 681 prorsus

2294 706 2568 778 Ignatium
2611 709 2789 770 illum,
2843 710 2935 778 qui
2976 708 3041 760 de
3079 706 3225 761 Petri
3272 706 3491 759 dextera
3530 708 3877 775 pontiﬁcatus

2292 802 2522 871 gratiam
2567 802 2817 869 suscepit,
2856 810 2906 853 et
2946 808 3063 868 pcst
3099 799 3534 851 administratam
3582 796 3877 850 Ecclesiam

2290 895 2675 947 Antiochenam
2727 893 2977 962 martyrii
3023 909 3273 945 coronam
3321 892 3539 959 adeptus
3582 900 3680 944 est.
3736 889 3878 944 Cum

2291 997 2401 1041 tam
2438 986 2799 1041 honorificam
2853 986 3098 1039 auctoris
3147 986 3482 1039 mentionem
3535 983 3779 1048 fecisset,
3811 998 3876 1037 ex

2290 1079 2535 1149 epistolis
2562 1079 2682 1147 ejus
2710 1078 3025 1132 testimonia
3057 1077 3282 1146 subiicit
3314 1096 3327 1130 :
3368 1076 3474 1129 Τοῦ
3506 1076 3660 1144 ἁγίου
3707 1077 3876 1143 Ίγνα-

2288 1172 2404 1225 τίου
2466 1171 2766 1223 ἐπισκόπου
2832 1170 3159 1239 Ἀντιοχείας
3208 1169 3301 1223 καὶ
3353 1169 3624 1240 μάρτυρος
3666 1169 3732 1221 ἐκ
3778 1169 3877 1238 τῆς

2292 1264 2428 1334 πρὸς
2472 1263 2815 1335 Σμυρναίους
2863 1262 2960 1331 (ila
3010 1261 3333 1330 legendum,
3386 1278 3495 1314 non
3551 1260 3877 1330 Ῥωμαίους)

2304 1358 2644 1427 Ἐπιστολῆς.
2699 1356 2757 1411 S.
2789 1356 3014 1426 Ignatii,
3063 1356 3291 1423 episcopi
3314 1354 3629 1407 Antiocheni
3655 1363 3705 1407 et
3737 1369 3887 1405 mar—

2292 1452 2424 1520 tyris
2448 1466 2510 1503 ea:
2539 1450 2785 1518 Epistola
2840 1450 2909 1502 ad
2949 1447 3273 1517 Sntyrnteos.
3339 1446 3874 1515 Πεπληροφορημέ-

2288 1560 2435 1608 νους
2469 1541 2706 1609 άληθῶς
2752 1544 2838 1607 είς
2878 1540 2986 1594 τὸν
3005 1542 3225 1607 Κύριον
3270 1538 3461 1608 ἡμῶν,
3489 1539 3635 1592 ὄντα
3674 1539 3745 1591 ἐκ
3780 1536 3871 1606 τέο

2288 1650 2435 1698 νους
2466 1634 2642 1686 Δαϐὶδ
2675 1633 2823 1686 κατὰ
2851 1632 3063 1701 σάρκα,
3101 1632 3237 1685 Υίοῦ
3272 1632 3419 1685 Θεοῦ
3448 1632 3597 1685 κατὰ
3626 1631 3879 1697 θεότητα

2290 1726 2387 1779 καὶ
2414 1726 2689 1795 δύναμιν,
2712 1726 3149 1795 γεγεννημένον
3176 1725 3414 1791 άληθῶς
3445 1725 3514 1777 ἐκ
3543 1723 3877 1791 Παρθένου,

2283 1819 2768 1887 ,βεϐαπτισμένον
2794 1820 2913 1873 ὑπὸ
2954 1818 3223 1872 Ἰωάννου
3260 1818 3361 1871 ἵνα
3389 1815 3675 1884 πληρωθῇ
3708 1815 3879 1869 πᾶσα

599 1909 899 1979 eloquentes
918 1910 1079 1977 viros,
1104 1910 1193 1979 qui
1218 1909 1469 1963 adversus
1505 1908 1812 1974 Ilebionem,
1850 1922 1899 1965 et
1944 1910 2183 1964 Theodo-

2287 1908 2639 1975 δικαιοσύνη
2672 1910 2772 1963 ὑπ’
2809 1908 2997 1961 αὐτοῦ
3019 1947 3033 1973 ,
3068 1907 3309 1975 ἀληθῶς
3339 1907 3459 1961 ὑπὸ
3493 1908 3752 1959 Ποντίου
3787 1910 3891 1959 Πι-

600 2008 715 2053 tum
754 2000 1072 2070 Byzantium
1097 2043 1112 2067 ,
1142 2009 1192 2055 et
1239 2000 1576 2056 Valentinum
1614 2002 1725 2057 hcec
1751 2004 1932 2055 eadem
1965 2004 2193 2057 sentien—

599 2103 677 2148 tes
722 2096 877 2164 plena
923 2095 1198 2163 sapientia:
1229 2094 1498 2148 volumina
1542 2095 2188 2164 conscripseruntﬂdem

600 2185 657 2238 in
698 2184 756 2239 S.
791 2184 1107 2240 Matthaeum
1141 2202 1154 2237 :
1190 2184 1437 2255 Ignatius
1468 2187 1631 2239 etiam
1674 2196 1922 2256 quartam
1982 2189 2190 2241 addidit

597 2293 817 2331 causam
853 2296 950 2331 cur
983 2296 1015 2332 a
1046 2279 1369 2349 desponsata
1394 2289 1674 2349 conceptus
1718 2285 1809 2347 sit,
1844 2299 1863 2331 ι
1890 2290 1947 2334 ut
1980 2291 2187 2350 partus,

578 2370 859 2439 inquiens,
888 2370 1002 2440 ejus
1045 2371 1310 2425 celaretur
1352 2372 1586 2427 diabolo.
1628 2391 1647 2424 ι
1692 2366 1758 2427 Et
1786 2374 1917 2443 quid
1947 2375 2015 2430 de
2053 2375 2190 2429 scri-

596 2462 706 2530 ptis
736 2461 929 2533 Ignatii
982 2464 1159 2517 nostri
1192 2464 1448 2527 senserit,
1482 2466 1646 2518 etiam
1679 2481 1805 2519 cum
1836 2468 2059 2528 erravit,
2092 2482 2185 2521 os-

596 2554 795 2620 tendit,
827 2555 961 2608 Adv.
996 2554 1317 2625 Pelagianos
1350 2556 1387 2609 l.
1424 2572 1484 2609 ιιι
1513 2555 1810 2625 :Ignatius,
1831 2560 1910 2611 vir
1931 2559 2187 2628 apostoli-

598 2660 692 2698 cus
722 2655 773 2699 et
802 2658 1030 2716 martyr,
1064 2648 1247 2700 scribit
1293 2649 1548 2701 audacter
1586 2665 1603 2701 :
1654 2669 1672 2699 ί
1706 2649 1877 2720 Elegit
1933 2650 2184 2705 Dominus

597 2738 890 2806 apostolos,
915 2740 1005 2809 qui
1030 2756 1185 2809 super
1207 2756 1384 2793 omnes
1409 2740 1641 2795 homines
1661 2754 1958 2811 peccatores
1978 2752 2148 2797 erant.
2164 2764 2181 2794 ι

610 2828 785 2885 Verba
818 2832 966 2885 enim
998 2846 1106 2885 non
1136 2841 1264 2887 sunt
1291 2831 1505 2902 lgnatii,
1540 2835 1633 2890 sed
1663 2834 1950 2900 Barnabze,
1992 2837 2045 2890 in
2091 2851 2189 2889 cu-

594 2920 689 2990 jus
714 2920 955 2990 Epistola
978 2923 1281 2977 etiamnum
1312 2934 1548 2981 exstant.

670 3011 861 3077 Quinti
911 3014 1097 3069 saeculi
1143 3014 1357 3083 primus
1392 3016 1550 3072 testis
1581 3027 1666 3073 est
1711 3019 1772 3075 Β.
1809 3020 2186 3077 Theodoretus

596 3105 891 3175 episcopus
916 3106 1065 3177 Cyri,
1094 3108 1188 3177 qui
1216 3116 1271 3163 et
1294 3110 1454 3164 tertio
1475 3120 1528 3165 et
1559 3122 1758 3183 quarto
1788 3116 2027 3185 generali
2054 3131 2187 3170 con-

595 3198 727 3253 cilio
756 3196 1024 3252 interfuit.
1061 3199 1154 3254 Ille
1195 3211 1397 3267 autem,
1430 3219 1554 3258 eum
1602 3214 1768 3261 testes
1798 3207 2184 3263 ecclesiastica:

596 3289 863 3343 doctrina;
899 3292 1234 3359 posteriores
1257 3306 1661 3361 enumerasset,
1685 3298 1800 3351 haec
1832 3299 1897 3352 de
1927 3301 2183 3355 vetustis-
2211 3273 2253 3329 ο

595 3382 756 3436 simis
776 3381 1003 3448 addidit,
1028 3383 1188 3451 epist.
1206 3385 1271 3439 ad
1288 3387 1596 3453 monachos
1614 3387 2182 3457 Constantinopolita-

595 3489 719 3537 nos,
754 3491 808 3543 p.
838 3475 975 3528 1027
1012 3494 1025 3529 :
1057 3477 1165 3529 Kal
1186 3479 1235 3529 oi
1259 3478 1466 3533 τούτων
1488 3479 1855 3551 πρεσϐύτεροι
1904 3481 2180 3547 Ἰγνάτιος,

594 3566 692 3619 καὶ
727 3566 1105 3639 Πολύκαρπος,
1144 3570 1237 3622 καὶ
1270 3570 1582 3642 Εἰρηναῖος,
1633 3571 1728 3624 καὶ
1765 3571 2066 3635 Ἰουστῖνος,
2092 3575 2183 3626 καὶ

605 3657 920 3723 Ἱππόλυτος
942 3701 957 3725 ,
993 3654 1070 3713 ὧν
1119 3663 1169 3714 οἱ
1203 3663 1420 3726 πλείους
1471 3665 1572 3717 οὐκ
1604 3665 1905 3736 ἀρχιερέων
1940 3667 2185 3737 προλάμ-

590 3765 756 3803 πουσι
793 3752 950 3821 μόνον
973 3792 987 3816 ,
1025 3752 1162 3805 ἀλλά
1197 3754 1289 3806 καὶ
1324 3753 1432 3807 τῶν
1486 3755 1780 3827 μαρτύρων
1831 3757 2182 3828 διακοσμοῦσι

591 3844 957 3915 χορόν.Αιᾳιιε
983 3844 1065 3899 his
1092 3848 1439 3915 antiquiores,
1458 3846 1725 3917 Ignatius,
1750 3860 1800 3903 et
1828 3848 2177 3919 Polycarpus,

590 3941 641 3985 et
659 3931 899 3987 Irenteus
912 3976 922 3997 ,
936 3946 985 3989 et
1001 3933 1273 3999 Justinus,
1288 3948 1337 3990 et
1353 3936 1697 4009 Hippolytus,
1711 3958 1934 4011 quorum
1950 3943 2182 4012 plerique

591 4038 696 4077 non
731 4026 883 4078 modo
925 4027 1067 4079 inter
1097 4030 1373 4098 pontiﬁces
1404 4031 1708 4099 prwlucent,
1758 4033 1849 4085 sed
1885 4042 2183 4102 martyrum

590 4114 755 4165 etiam
778 4115 996 4169 chorum
1017 4129 1301 4173 exornant.
1331 4118 1475 4175 Idem
1513 4120 1689 4190 Epist.
1742 4124 1807 4175 ad
1842 4121 2181 4176 Florentium

589 4206 913 4272 Patricium,
944 4225 1067 4280 pag.
1108 4211 1212 4266 966
1252 4228 1265 4263 :
1313 4212 1497 4266 Ταῦτα
1534 4215 1592 4267 δὲ
1620 4218 1755 4286 ἡμῖν
1785 4216 2090 4287 παρέδοσαν
2120 4217 2179 4268 οὐ

591 4299 754 4371 μόνον
800 4302 850 4352 οἱ
888 4301 1176 4357 ἀπόστολοι
1220 4306 1313 4359 καὶ
1360 4308 1667 4378 προφῆται,
1702 4307 1837 4359 ἀλλὰ
1883 4308 1976 4359 καὶ
2018 4310 2067 4360 οἱ
2115 4309 2183 4362 τά

590 4393 800 4447 τούτων
840 4396 1247 4467 ήρμηνευκότες
1280 4400 1715 4470 συγγράμματα,
1760 4399 2036 4467 Ἰγνάτιος,
2074 4401 2181 4451 Εὑ-

593 4488 845 4553 στάθιος,
885 4490 1227 4556 Ἀθανάσιος,
1268 4491 1579 4556 Βασίλειος,
1625 4492 1952 4563 Γρηγόριος,
2000 4492 2181 4545 Ἰωάν-

590 4600 719 4652 νης,
760 4583 853 4636 καὶ
899 4584 949 4635 οἱ
994 4583 1142 4637 ἄλλοι
1188 4584 1290 4655 τῆς
1337 4584 1663 4655 οἰκουμένης
1700 4584 2002 4655 φωστῆρες.
2050 4584 2181 4639 Htec

589 4674 741 4729 nobis
792 4676 1063 4730 tradidere
1100 4692 1202 4730 non
1243 4677 1473 4746 apostoli
1505 4677 1658 4729 modo
1692 4685 1741 4729 et
1779 4678 2062 4745 prephetar,
2095 4695 2181 4732 ve-

589 4781 711 4817 rum
752 4767 916 4819 etiam
952 4767 1016 4830 ii,
1065 4768 1156 4835 qui
1191 4767 1381 4820 horum
1427 4766 1592 4821 libros
1643 4769 1977 4836 interpretati
2029 4779 2174 4837 sunt,

590 4854 864 4927 Ignatius,
885 4857 1849 4932 Eustathius,Athanasius,Basilius,
1870 4859 2173 4930 Gregorius,

589 4948 846 5013 Joannes,
885 4961 935 5005 et
976 4951 1180 5021 reliqua
1205 4952 1345 5005 orbis
1380 4953 1604 5005 lumina.
1654 4953 1850 5021 lgnatii
1884 4964 2062 5007 autem
2099 4963 2178 5008 te-

589 5043 849 5097 stimonia
899 5042 1167 5099 adversus
1211 5046 1527 5100 haereticum
1575 5045 1979 5114 producturus,
2026 5046 2171 5100 Dial.

589 5134 884 5188 Immutab.
934 5136 1013 5189 sic
1045 5136 1112 5190 de
1163 5137 1279 5205 ipso
1310 5136 1615 5205 praefatur:
1666 5136 1947 5202 Ἐπιδείξω
1998 5138 2054 5191 δέ
2095 5156 2175 5193 σοι

584 5228 676 5281 τδν
718 5227 1073 5298 πανεύφημον
1123 5229 1221 5298 τῆς
1260 5229 1585 5299 Ἐκκλησίας
1616 5229 1951 5293 διδάσκαλον,
1989 5232 2080 5285 καὶ
2115 5233 2176 5285 τὸ

585 5320 797 5374 ἐκείνου
851 5320 978 5391 περὶ
1027 5320 1129 5390 τῆς
1172 5321 1321 5385 θείας
1371 5322 1836 5393 ἐνανορωπήσεως
1885 5324 2170 5396 φρόνημα,

584 5411 672 5465 ἴνα
696 5412 841 5483 γνῷς
877 5412 999 5465 τίνα
1043 5413 1170 5483 περὶ
1212 5414 1311 5485 τῆς
1343 5414 1639 5485 ληφθείσης
1676 5414 1892 5479 ὲδὸξασε
1925 5417 2169 5484 φύσεως·

581 5506 829 5577 ἀκήκοας
858 5506 916 5559 δὲ
945 5506 1162 5570 πάντως
1200 5507 1456 5575 Ἰγνάτιον
1487 5511 1712 5573 ἐκεῖνον,
1744 5507 1803 5571 ὃς
1836 5508 1924 5561 διὰ
1951 5510 2050 5578 τῆς
2079 5509 2174 5562 τοῦ

587 5596 823 5665 μεγάλου
859 5597 1068 5669 Πέτρου
1094 5598 1273 5665 δεξιᾶς
1299 5599 1400 5669 τῆς
1430 5600 1844 5671 ἀρχιερωσύνης
1879 5602 1977 5673 τὴν
2017 5603 2174 5673 χάριν

592 5688 834 5756 ἐδέξατο,
871 5691 964 5744 καὶ
1004 5690 1103 5763 τὴν
1147 5692 1469 5763 Ἐκκλησίαν
1523 5695 1838 5766 Ἀντιοχέων
1872 5695 2057 5758 ἰθύνεις
2084 5696 2173 5749 τὸν

587 5783 680 5837 τοῦ
712 5786 1009 5857 μαρτυρίου
1040 5785 1300 5854 στέφανον
1332 5786 1644 5857 ἀνεδήσατο.
1683 5786 1969 5841 Ostendam
2000 5798 2174 5841 autem

589 5869 685 5922 'ibi
713 5871 1103 5927 celeberrimum
1132 5871 1386 5929 Fcclesiw
1424 5875 1717 5947 doctorem,
1744 5885 1791 5931 et
1820 5876 1967 5930 illius
1993 5877 2056 5931 de
2084 5878 2169 5931 di—

2293 2001 2481 2055 λάτου
2508 2002 2603 2057 καὶ
2640 2000 2897 2069 Ἡρώδου
2923 2000 3245 2069 τετράρχου
3272 2000 3696 2067 καθηλωμένον
3723 1997 3880 2066 ὑπὲρ

2294 2092 2462 2161 ἡμῶν
2476 2094 2655 2161 σαρκί
2662 2136 2675 2149 .
2694 2093 2861 2147 Plane
2885 2093 3252 2161 cumulateque
3276 2108 3554 2161 persuasos
3572 2092 3634 2144 de
3650 2090 3880 2148 Domino

2294 2194 2494 2249 nostro,
2520 2187 2608 2254 qui
2640 2195 2716 2239 est
2751 2202 2816 2240 ea;
2844 2202 3025 2256 genere
3055 2184 3225 2237 David
3261 2184 3545 2237 secundum
3568 2199 3804 2245 carnem,
3828 2191 3877 2236 et

2294 2276 2471 2330 Filius
2490 2276 2585 2330 Dei
2602 2278 2888 2330 secundum
2905 2277 3240 2333 divinitatem
3258 2285 3307 2329 et
3325 2274 3636 2343 potentiam,
3654 2275 3883 2343 quivere

2293 2377 2450 2421 natus
2478 2379 2642 2421 estea:
2668 2368 2899 2439 Virgine,
2928 2369 3230 2437 baptizatus
3258 2385 3289 2421 a
3311 2366 3519 2421 Joanne
3542 2376 3599 2420 ut
3623 2368 3797 2420 omnis
3814 2366 3879 2419 ab

2291 2462 2403 2529 ipso
2427 2460 2642 2529 justitia
2676 2461 3015 2531 impleretur;
3048 2477 3163 2515 rere
3221 2459 3316 2515 sub
3364 2458 3559 2514 Pontio
3601 2458 3788 2512 Pilato
3829 2468 3879 2512 et

2294 2552 2501 2606 Herode
2534 2555 2800 2607 tetrarcha
2826 2571 2920 2623 pro
2949 2554 3094 2607 nobis
3134 2554 3191 2606 in
3234 2570 3393 2607 carne
3420 2552 3730 2621 cruciﬁxus.
3768 2550 3878 2604 Τοῦ

2289 2645 2451 2699 αὐτοῦ
2490 2647 2553 2698 ὲκ
2592 2646 2692 2716 τῆς
2736 2646 2903 2716 αὐτῆς
2937 2644 3274 2715 Ἐπιστολῆς.
3306 2643 3559 2713 Ejusdem
3602 2660 3667 2697 ea:
3694 2644 3880 2697 eadem

2290 2736 2535 2804 Epistola
2556 2752 2573 2789 :
2596 2738 2654 2790 Tl
2676 2736 2785 2805 γὰρ
2816 2736 3053 2805 ὠφελεῖ,
3084 2736 3251 2803 εἴπερ
3274 2751 3351 2804 με
3382 2734 3616 2787 ἐπαινεῖ
3635 2750 3743 2799 τις,
3771 2732 3882 2787 τὸν

2287 2828 2356 2881 δὲ
2388 2831 2609 2897 Κύριον
2639 2847 2758 2898 μου
2787 2828 3175 2897 βλασφημεῖ,
3212 2827 3293 2895 μὴ
3338 2826 3647 2897 ὁμολογῶν
3688 2828 3882 2881 αὐτὸν

2288 2923 2669 2991 σαρκοφόρον
2688 2939 2700 2951 ·
2735 2925 2767 2975 ὀ
2791 2920 2859 2975 δὲ
2892 2921 3065 2974 τοῦτο
3085 2920 3171 2989 μὴ
3206 2920 3399 2989 λέγων
3431 2920 3671 2985 τελείως
3689 2918 3882 2972 αὐτὸν

2288 3012 2542 3080 ἤρνηται
2578 3011 2661 3076 ὠς
2703 3012 3091 3079 νεκροφόροικ
3132 3009 3274 3075 Quid
3320 3019 3499 3063 autem
3547 3010 3793 3078 prodest,
3830 3009 3878 3063 si

2286 3104 2404 3172 quis
2433 3120 2515 3155 me
2546 3103 2745 3164 laudet,
2773 3102 3062 3155 Dominum
3105 3112 3280 3155 autem
3320 3118 3495 3156 meum
3524 3102 3876 3170 blasphemet,

2288 3210 2392 3246 non
2436 3194 2686 3262 conﬁtens
2731 3208 2848 3245 eum
2898 3208 3110 3245 carnem
3154 3191 3404 3261 gestare?
3444 3190 3596 3255 Quod
3630 3190 3719 3259 qui
3769 3205 3878 3242 non

2287 3287 2589 3355 proﬁtetur,
2623 3285 2778 3354 plane
2810 3285 2985 3354 ipsum
3026 3292 3200 3354 negat,
3245 3292 3303 3335 ut
3332 3283 3559 3335 cadaver
3593 3281 3881 3348 circumfe-

2287 3389 2505 3430 rentem.
2533 3376 2639 3428 Τοῦ
2673 3374 2837 3429 αὑτοῦ
2890 3376 2953 3428 ὲκ
2987 3374 3087 3443 τῆς
3118 3375 3289 3443 αὐτῆς
3333 3373 3668 3442 Ἐπιστολῆς.
3716 3371 3879 3439 Ejus-

2285 3472 2401 3523 dem
2450 3486 2513 3523 επ
2547 3470 2727 3523 eadem
2772 3468 3017 3538 Epistola
3047 3482 3064 3518 .°
3099 3470 3169 3521 Et
3196 3467 3306 3535 γὰρ
3340 3465 3420 3531 τῷ
3452 3464 3653 3518 δοκεῖν
3685 3463 3880 3523 ταῦτα

2285 3559 2550 3628 ἐπράχθη
2594 3559 2713 3617 ὑπὸ
2748 3559 2852 3613 τοῦ
2886 3558 3105 3626 Κυρίου
3144 3557 3333 3626 ημῶν,
3369 3553 3537 3625 κάγὼ
3564 3554 3642 3620 τῷ
3673 3554 3879 3606 δοκεῖν

2283 3651 2521 3719 δέδεμαι
2545 3668 2557 3680 ’
2611 3652 2668 3703 τί
2707 3649 2775 3703 δὲ
2808 3649 2905 3703 καὶ
2937 3649 3197 3719 ἐμαυτὸν
3242 3648 3491 3702 ἔκδοτον
3532 3645 3759 3698 δέδωκα
3794 3644 3879 3709 τῷ

2286 3744 2535 3807 θανάτῳ,
2573 3742 2721 3811 πρὸς
2754 3742 2895 3809 πῦρ,
2936 3741 3084 3808 πρὸς
3123 3740 3447 3809 μάχαιραν,
3492 3740 3640 3806 πρὸς
3672 3739 3878 3805 (inpia;

2285 3836 2421 3889 ἀλλ’
2444 3838 2471 3887 ὁ
2501 3835 2679 3905 ἐγγὺς
2705 3835 3022 3903 μαχαίρας,
3058 3834 3239 3901 ἐγγὺς
3258 3832 3405 3885 Θεοῦ
3428 3848 3441 3862 ·
3474 3832 3666 3900 μόνον
3696 3831 3765 3883 ἐν
3796 3830 3878 3895 τῷ

2286 3926 2529 3993 ὀνόματι
2584 3924 2786 3993 Ἰησοῦ
2819 3925 3096 3992 Χριστοῦ,
3126 3928 3214 3989 εἰς
3244 3925 3308 3977 τὸ
3332 3921 3672 3992 συμπαθεῖν
3711 3919 3878 3985 αὐτῷ

2285 4019 2483 4071 πάντα
2532 4018 2831 4088 ὑπομένω,
2878 4017 3066 4073 αὐτοῦ
3108 4035 3186 4087 με
3230 4016 3715 4085 ἐνδυναμοῦντος
3764 4017 3879 4069 τοῦ

2284 4112 2517 4165 τελείου
2533 4110 2866 4179 ἀνθρώπου,
2880 4111 2952 4164 ὄν
2965 4128 3122 4177 τινες
3147 4110 3507 4180 ἀγνοοῦντες
3525 4109 3870 4177 ἀρνοῦνται.

2288 4204 2347 4258 Si
2382 4206 2521 4258 enim
2557 4206 2797 4274 opinione
2848 4214 3055 4258 tantum
3078 4206 3187 4259 ha'c
3213 4221 3245 4257 a
3270 4204 3495 4257 Domino
3519 4214 3696 4256 nostro
3723 4214 3875 4271 gesta

2288 4308 2435 4363 sunt,
2469 4314 2563 4365 ego
2602 4313 2803 4367 quoque
2848 4299 3092 4367 opinione
3136 4298 3341 4351 vinctus
3366 4313 3504 4350 sum.
3552 4294 3661 4349 Cur
3691 4306 3871 4348 autem

2284 4402 2333 4445 et
2377 4393 2635 4460 meipsum
2680 4392 2839 4443 morti
2888 4391 3112 4455 tradidi,
3157 4390 3225 4442 ad
3266 4392 3460 4459 ignem,
3500 4390 3569 4441 ad
3602 4388 3867 4457 gladium,

2287 4485 2356 4537 ad
2385 4485 2620 4537 bestias?
2669 4482 2858 4536 Verum
2896 4484 2985 4553 qui
3024 4484 3227 4536 vicinus
3262 4482 3461 4552 gladio,
3496 4481 3695 4533 vicinus
3720 4478 3866 4542 Deo;

2286 4576 2458 4629 solum
2504 4577 2559 4627 in
2607 4576 2815 4629 nomine
2850 4574 2979 4627 Jesu
3017 4573 3251 4639 Christi,
3309 4584 3367 4627 ut
3406 4574 3711 4643 passionum
3747 4571 3867 4639 ejus

2283 4673 2458 4725 socius
2488 4672 2637 4741 ﬁant,
2673 4671 2853 4724 omnia
2902 4670 3157 4734 sustineo,
3198 4669 3311 4737 ipso
3349 4683 3428 4723 me
3467 4664 3863 4723 corroborante,

2278 4766 2488 4819 homine
2532 4766 2803 4833 perfecto,
2866 4779 3019 4833 quem
3072 4760 3240 4829 aliqui
3286 4760 3588 4829 ignorantes
3648 4766 3863 4824 negant.

2280 4855 2391 4911 Has
2437 4867 2547 4910 tres
2581 4857 2801 4927 ῥήσεις,
2844 4856 2913 4909 ab
2960 4854 3055 4908 illo
3099 4862 3225 4907 ante
3263 4866 3438 4904 annos
3478 4848 3592 4902 fere
3635 4847 3783 4899 mille
3812 4856 3869 4899 ct

2278 4949 2543 5003 ducentos
2566 4958 2871 5016 excerptas,
2902 4946 2953 4997 in
2979 4945 3167 4999 eadem
3194 4942 3435 5011 Epistola
3463 4940 3530 4994 ad
3553 4938 3869 5008 Smyrnmos

2278 5043 2581 5095 etiamnum
2642 5040 2893 5109 legimus.
2953 5036 3135 5105 Pergit
3188 5035 3247 5089 Β.
3290 5033 3669 5087 Theodoretus
3713 5029 3866 5083 τΤοῦ

2278 5133 2441 5188 αὑτοῦ
2482 5136 2545 5185 ἐκ
2580 5133 2678 5202 τῆς
2708 5132 2843 5203 πρὸς
2884 5131 3166 5198 Ἐφεσίους
3214 5126 3553 5194 Ἐπιστολῆς.
3606 5123 3864 5192 Ejusdem

2277 5243 2341 5280 ea:
2372 5226 2614 5296 Epistola
2661 5224 2729 5277 ad
2778 5224 3051 5293 Ephesios.
3108 5223 3170 5273 Ὀ
3204 5221 3314 5289 γὰρ
3349 5219 3493 5284 Θεὸς
3540 5216 3710 5285 ἡμῶν
3746 5217 3864 5282 ’1η-

2277 5318 2431 5383 σοῦς
2462 5316 2717 5384 Χριστὸς
2740 5314 3114 5383 ἐκυοφορηθη
3142 5312 3259 5367 ὑπὸ
3293 5312 3524 5379 Μαρίας
3556 5309 3680 5362 κατ’
3706 5310 3865 5361 οὶκοο

2274 5414 2492 5481 νομίαν
2527 5412 2698 5475 Θεοῦ,
2731 5412 2799 5465 ἐκ
2829 5411 3171 5479 σπέρματος
3190 5410 3308 5479 μὲν
3340 5407 3536 5472 Δαϐὶδ,
3572 5408 3639 5460 ἐκ
3667 5406 3859 5459 Πνεύ-

2270 5523 2459 5575 ματος
2495 5504 2563 5557 δὲ
2589 5505 2781 5573 ἁγίου,
2807 5504 2874 5569 ὃς
2900 5504 3212 5572 ἐγεννήθη,
3254 5503 3354 5555 καὶ
3379 5501 3727 5566 ἐϐαπτίσθη,
3746 5499 3860 5555 ἶνα

2275 5598 2343 5651 τὸ
2385 5595 2607 5663 θνητὸν
2653 5596 2823 5665 ἡμῶν
2865 5597 3218 5665 καθαρισθῇ.
3278 5596 3414 5665 Dens
3479 5604 3655 5649 noster
3700 5594 3856 5647 Jesus

2277 5693 2522 5747 Christus
2552 5696 2609 5747 in
2633 5693 2821 5747 Maria:
2854 5705 3003 5747 utero
3034 5703 3269 5765 gestatus
3305 5704 3405 5757 est,
3442 5692 3725 5747 secundum
3762 5690 3856 5743 Dei

2275 5786 2748 5854 dispensationem,
2806 5802 2870 5839 ea:
2910 5788 3106 5839 semine
3156 5787 3367 5856 quidem
3415 5785 3613 5851 David,
3655 5784 3743 5836 sed
3790 5796 3857 5835 ex

2279 5878 2485 5933 Spiritu
2511 5888 2695 5934 sancto
2725 5896 2741 5933 :
2765 5881 2853 5936 aui
2887 5888 3043 5933 natus
3074 5889 3148 5934 est
3188 5889 3235 5935 et
3268 5879 3589 5933 baptizatus.
3624 5887 3679 5930 ut
3715 5891 3855 5931 mor-
