4136 6398
294 435 365 490 SS
1085 433 1111 487 J
1122 474 1134 487 .
1180 430 1545 487 PEARSONH
1581 431 1882 487 VlNDlCl/I

1983 432 2355 490 iNATIANJE.
2388 467 2456 475 —
2494 436 2672 491 PARS
2711 422 2756 489 Ι.

3462 433 3549 491 86‘

296 555 486 607 talitas
521 560 709 607 nostra
734 560 1076 623 purgaretur.
1157 551 1262 604 Τοῦ
1302 550 1465 604 αὑτοῦ
1500 553 1562 603 ὲκ
1589 550 1685 620 τῆς
1712 550 1880 619 αὐτῆς

1983 550 2078 604 καὶ
2113 550 2457 619 προσφορὰς
2485 553 2596 605 οὐκ
2625 550 3039 618 ἀποδέχονται,
3075 546 3270 603 διὰτὸ
3292 546 3379 617 μὴ
3411 553 3552 619 ὀμο-

303 642 653 711 Ἑπιττσ).ἧς.
716 640 971 709 Ejusdem
1022 656 1086 693 ea:
1138 641 1321 693 eadem
1360 639 1625 709 Epistola.
1666 641 1791 693 Ἔτι
1826 642 1880 693 ol

292 736 418 786 κατ’
454 732 649 800 ἄνδρα
683 732 858 800 κοινῇ
881 730 1101 796 πάντες
1134 732 1202 784 ἐν
1234 730 1309 800 τῇ
1343 731 1535 801 χάριτι
1567 730 1635 795 ἐξ
1669 732 1880 799 ὀνόμα-

290 842 395 888 τος
428 822 810 891 συνέρχεσθε
856 823 925 876 ἐν
962 820 1071 891 μιᾷ
1109 822 1339 884 πίστει,
1384 822 1479 874 καὶ
1527 821 1617 873 ἐνὶ
1678 819 1880 887 Ἰησοῦ

290 914 557 982 Χριστῷ,
593 914 747 968 κατὰ
794 912 991 980 σάρκα
1036 913 1105 966 ἐκ
1150 911 1364 980 γένους
1397 910 1602 973 Δαϐὶδ,
1650 910 1729 975 τῷ
1774 908 1882 975 Υἱῷ

289 1008 401 1061 τοῦ
445 1008 787 1075 ἀνθρώπου,
826 1005 926 1059 καὶ
961 1005 1073 1071 Υἱῷ
1104 1004 1210 1057 τοῦ
1256 1004 1421 1057 Θεοῦ.
1462 1002 1731 1073 Siquidem
1772 1004 1883 1056 sin-

290 1099 408 1169 guli
450 1114 634 1151 omnes
672 1099 910 1151 universe
943 1098 1001 1150 in
1042 1097 1217 1167 gratia
1250 1096 1565 1149 nominatim
1597 1096 1882 1148 convenitis

290 1193 349 1241 in
391 1206 503 1241 una
540 1189 648 1257 fide
680 1200 730 1242 et
762 1191 819 1242 in
848 1207 954 1243 uno
980 1188 1110 1243 Iesu
1142 1188 1375 1252 Christo,
1429 1189 1714 1241 secundum
1762 1205 1883 1241 car-

292 1299 412 1335 nem
450 1298 519 1335 ea:
551 1298 739 1351 genere
764 1282 970 1347 David,
1001 1282 1145 1336 Filio
1194 1282 1444 1346 hominis,
1483 1292 1529 1333 et
1572 1279 1710 1334 Filio
1762 1280 1881 1335 Dei.

290 1374 403 1427 Τοῦ
443 1373 615 1427 αὑτοῦ
654 1376 719 1427 ὲκ
754 1375 852 1445 τῆς
908 1376 1080 1445 αὐτῆς
1124 1375 1459 1445 Ἐπιστολῆς.
1522 1373 1773 1444 Ejusdem
1821 1390 1885 1427 ea:

288 1465 481 1516 eadem
532 1462 805 1532 Epistola.
868 1464 973 1530 Εἷς
1028 1466 1223 1531 ἱατρός
1268 1464 1399 1517 ἐστι
1450 1464 1734 1533 σαρκικύς
1784 1465 1884 1517 καὶ

290 1557 726 1624 πνευματικὸς,
762 1556 1051 1625 γεννητὸς
1080 1556 1150 1621 ἐξ
1177 1555 1528 1626 ἁγεννήτου,
1561 1557 1631 1609 ἐν
1660 1555 1884 1624 ἀνθρώ-

289 1662 387 1709 πῳ
422 1646 594 1711 Θεὸς,
637 1648 707 1699 ὲν
740 1647 972 1709 θανάτῳ
1010 1646 1121 1715 ζωὴ
1169 1646 1459 1713 ἀληθινὴ,
1511 1646 1607 1698 καὶ
1649 1645 1716 1698 ἐκ
1762 1648 1885 1698 Μα-

283 1740 430 1807 ρίας
478 1740 581 1792 καὶ
624 1740 695 1793 ἐκ
741 1740 919 1805 Θεοῦ,
981 1740 1213 1807 πρῶτον
1253 1739 1555 1807 παθητὸς,
1604 1740 1701 1792 καὶ
1754 1740 1886 1791 τότε

287 1831 561 1899 ἀπαθὴς,
614 1832 854 1899 Ἰησοῦς
896 1830 1150 1900 Χριστὸς
1194 1835 1226 1885 ό
1254 1833 1467 1899 Κύριος
1506 1829 1691 1899 ἡμῶν.
1740 1828 1883 1884 Unus

1981 641 2185 710 λογεῒν
2211 642 2323 710 τὴν
2354 643 2738 710 εὐχαριστίαν
2766 641 2961 710 σάρκα
2986 641 3137 695 εἶναι
3160 640 3265 694 τοῦ
3286 642 3553 710 Σωτῆρος

1982 733 2151 803 ἡμῶν
2196 733 2397 800 Ἰησοῦ
2434 733 2714 801 Χριστοῦ,
2766 734 2880 801 τὴν
2918 731 3071 800 ὑπὲρ
3112 731 3229 785 τῶν
3256 732 3554 801 ἁμαρτιῶν

1982 826 2150 895 ἡμῶν
2192 824 2525 889 παθοῦσαν,
2569 823 2649 891 ἣν
2682 824 3037 893 χρηστότητι
3088 824 3121 875 ό
3153 821 3352 890 Πατὴρ
3391 822 3551 891 ἤγει-

1975 935 2108 986 ρεν.
2172 916 2545 969 Eucharistias
2610 926 2660 969 et
2718 914 3007 968 oblationes
3069 929 3174 967 non
3226 913 3549 978 admittunt,

1982 1010 2121 1079 quod
2188 1024 2293 1061 non
2349 1008 2701 1077 confiteantur
2748 1006 3128 1060 eucharistiam
3184 1020 3395 1057 carnem
3442 1021 3553 1058 esse

1985 1100 2282 1155 Saluatoris
2320 1100 2483 1152 nostri
2511 1098 2639 1153 Iesu
2668 1098 2889 1164 Christi,
2923 1113 3040 1168 quae
3075 1112 3170 1165 pro
3198 1096 3425 1166 peccatis
3457 1111 3553 1148 no-

1982 1189 2108 1241 stris
2144 1204 2303 1255 passa
2349 1197 2448 1253 est,
2487 1204 2646 1257 quam
2679 1186 2841 1240 Pater
2884 1185 3201 1255 benignitate
3243 1202 3342 1239 sua
3378 1186 3551 1239 susci-

1986 1282 2133 1332 tavit.

2058 1372 2347 1427 Secundus
2395 1371 2560 1440 hujus
2614 1373 2799 1428 szeculi
2849 1373 3008 1429 testis
3035 1382 3121 1428 est
3148 1370 3425 1437 Gclasius,
3457 1372 3551 1441 qui

1985 1466 2129 1521 circa
2159 1480 2361 1519 annum
2395 1464 2523 1530 492,
2564 1464 2807 1535 pontifex
2832 1464 3112 1520 Romanus
3141 1470 3376 1527 creatus,
3408 1463 3552 1517 circa

1984 1557 2088 1611 496
2119 1556 2411 1611 defunctus
2442 1566 2545 1612 est.
2599 1557 2647 1612 ls
2674 1559 2820 1611 enim
2864 1558 2918 1612 in
2952 1558 3058 1612 line
3084 1557 3206 1611 libri
3238 1556 3314 1609 De
3345 1556 3551 1609 duabus

1986 1648 2194 1700 naturis
2235 1648 2287 1701 in
2314 1648 2524 1703 Christo
2561 1648 2672 1717 jam
2711 1648 2930 1702 tandem
2981 1662 3011 1700 a
3040 1646 3336 1716 pontiﬁciis
3383 1646 3549 1715 agniti

1985 1750 2039 1793 et
2084 1740 2315 1809 recepti,
2362 1740 2756 1794 catholicorum
2808 1738 3120 1794 testimonia
3162 1738 3551 1807 magistrorum

1986 1831 2304 1901 subjiciens,
2338 1846 2368 1884 a
2399 1840 2586 1887 nostro
2617 1833 2820 1900 pariter
2864 1845 2929 1886 ac
2970 1830 3033 1886 B.
3058 1830 3432 1887 Theodoretus
3458 1845 3553 1884 or-

288 1932 373 1975 est
402 1922 642 1976 medicus
674 1922 907 1978 carnalis
938 1934 986 1976 et
1011 1924 1291 1992 spiritalis,
1318 1925 1520 1993 genitus
1545 1939 1609 1977 ex
1633 1925 1884 1993 ingenito,
1918 1941 1962 2000 Β
1988 1924 2153 1977 ditur.
2216 1922 2419 1993 Ignatii
2464 1924 2693 1993 episcopi
2740 1933 2790 1977 et
2840 1924 3093 1993 martyris
3129 1923 3442 1977 Antiocheni
3488 1937 3555 1975 ea;

288 2016 348 2069 in
400 2017 620 2070 homine
647 2016 824 2083 Deus,
857 2019 910 2069 in
941 2027 1107 2070 morte
1148 2018 1260 2071 vita
1326 2032 1473 2081 vera,
1506 2028 1555 2069 et
1606 2032 1670 2070 ex
1704 2015 1882 2069 Maria

289 2117 346 2161 et
366 2123 433 2161 ex
460 2108 590 2172 Deo,
616 2110 845 2177 primum
870 2109 1333 2178 patibilis,ettunc
1368 2109 1700 2179 impatibilis,
1727 2108 1881 2163 Iesus

292 2199 549 2253 Christus
580 2201 840 2254 Dominus
884 2213 1081 2255 noster.
1119 2201 1181 2254 Et
1226 2203 1308 2256 ha:
1353 2211 1467 2255 tres
1505 2202 1786 2255 sententia:
1826 2204 1882 2256 in

292 2292 493 2347 eadem
542 2293 615 2347 ad
667 2292 933 2362 Ephesios
984 2293 1223 2363 Epistola
1283 2294 1462 2348 adhuc
1517 2293 1880 2362 reperiuntur.

297 2383 488 2455 Pergit
513 2401 685 2455 porro
708 2386 1172 2443 B.Theodoretus:
1200 2386 1306 2439 Τοῦ
1330 2386 1492 2440 αὑτοῦ
1524 2389 1588 2439 ὲκ
1616 2386 1717 2456 τῆς
1745 2387 1883 2457 πρὸς

296 2476 677 2546 Τραλλιανοὺς
723 2479 1063 2549 Ἐπιστολῆς.
1135 2478 1389 2549 Ejusdem
1441 2496 1506 2533 ea:
1535 2477 1781 2548 Epistola
1812 2480 1881 2532 ad

300 2565 640 2621 Trallianos.
697 2568 1025 2638 Κωφώθητε
1076 2570 1207 2635 σῦν,
1260 2570 1405 2624 ὅταν
1453 2570 1629 2639 χωρὶς
1676 2570 1881 2639 Ἰησοῦ

293 2661 560 2727 Χριστοῦ
582 2663 726 2731 ὑμῖν
742 2661 909 2729 λαλῇ
930 2680 1039 2728 τις,
1066 2663 1171 2716 τοῦ
1204 2664 1271 2717 ἐκ
1303 2664 1516 2732 γένους
1536 2662 1714 2716 Δαϐὶδ
1726 2704 1741 2727 ,
1776 2662 1882 2716 τοῦ

296 2752 368 2803 ἐκ
400 2752 673 2820 Μαρίας,
712 2753 779 2819 ὃς
811 2753 1051 2821 άληθῶς
1083 2755 1373 2823 ἐγεννήθη
1395 2796 1409 2820 ,
1461 2755 1645 2824 ἐραγέ
1683 2772 1747 2809 τε
1783 2755 1883 2808 καὶ

295 2844 468 2898 ἔπιεν
517 2843 793 2912 άληθῶς,
847 2845 1098 2913 ἐδιώχθη
1145 2846 1245 2899 ἐπὶ
1295 2848 1551 2900 Ποντίου
1598 2844 1880 2911 Πιλάτου,

295 2933 651 3002 ἐσταυρώθη
686 2936 781 2989 καὶ
816 2935 1099 2999 ἀπέθανε,
1128 2938 1482 3001 ,ϐλεπόντων
1512 2935 1631 2989 τῶν
1661 2936 1881 3005 ἐπιτει-

295 3044 406 3091 ων,
473 3028 571 3080 καὶ
630 3028 1037 3095 ἐπουρανίων,
1088 3031 1183 3082 καὶ
1238 3030 1664 3098 καταχθονίων.
1717 3028 1884 3083 Obtu-

297 3127 416 3171 rate
430 3135 590 3171 aures
614 3130 815 3171 vestras
828 3120 1038 3189 quando
1062 3121 1327 3188 quispiam
1354 3120 1497 3172 vobis
1514 3119 1749 3188 loquitur
1763 3120 1878 3172 sine

296 3205 430 3261 Iesu
463 3208 705 3273 Christo,
731 3210 821 3277 qui
848 3219 923 3261 est
956 3225 1023 3263 ea:
1051 3224 1232 3278 genere
1253 3209 1444 3273 David,
1477 3210 1565 3278 qui
1594 3226 1659 3262 ex
1679 3208 1877 3275 Maria,

1988 2012 2233 2083 Epistola
2259 2014 2327 2066 ad
2352 2012 2626 2083 Ephesios.
2693 2032 2710 2063 ι
2751 2010 2896 2066 Unus
2928 2012 3159 2067 medicus
3185 2021 3284 2078 est,
3318 2011 3554 2065 carnalis

1983 2117 2031 2161 et
2062 2106 2383 2176 spiritualis,
2416 2108 2587 2175 factus
2620 2115 2669 2159 et
2704 2123 2809 2159 non
2837 2106 3032 2174 factus,
3069 2106 3126 2158 in
3154 2106 3364 2158 homine
3388 2103 3551 2169 Deus,

1983 2198 2038 2251 in
2070 2206 2235 2251 morte
2271 2198 2381 2251 vita
2426 2206 2644 2260 azterna,
2685 2212 2750 2249 e1:
2778 2195 2955 2249 Maria
2985 2205 3037 2249 et
3070 2212 3136 2250 ex
3165 2196 3296 2256 Deo,
3325 2196 3555 2264 primum

1981 2287 2248 2357 passibilis
2277 2298 2325 2340 et
2347 2287 2712 2356 impassibilis,
2739 2285 2996 2340 Dominus
3022 2295 3197 2339 noster
3221 2284 3377 2339 Iesus
3402 2283 3559 2337 Chri-

1983 2388 2118 2434 stus.
2146 2399 2164 2431 ι
2230 2378 2298 2432 Et
2322 2389 2436 2449 post
2460 2395 2631 2449 pauca
2663 2393 2679 2430 :
2740 2397 2757 2428 ι
2790 2377 3021 2448 Singuli,
3056 2378 3246 2447 inquit,
3276 2378 3377 2430 viri
3413 2392 3559 2428 com-

1984 2471 2211 2523 muniter
2254 2486 2429 2524 omnes
2477 2486 2542 2524 ea:
2582 2470 2758 2540 gratia
2813 2484 2879 2523 ea:
2923 2468 3132 2522 nomine
3188 2470 3456 2523 convenite
3499 2469 3557 2521 in

1983 2576 2144 2614 unam
2190 2560 2385 2629 ﬁdem,
2435 2568 2486 2614 et
2530 2560 2587 2613 in
2628 2576 2732 2614 uno
2780 2558 2908 2613 Iesu
2960 2559 3211 2625 Christo,
3270 2559 3557 2614 secundum

1984 2666 2196 2704 carnem
2242 2666 2306 2704 ea:
2355 2667 2538 2720 genere
2578 2650 2773 2716 David,
2821 2650 2965 2709 Filio
3011 2650 3274 2718 hominis,
3329 2660 3379 2705 et
3410 2651 3557 2705 Filio

1985 2743 2103 2797 Dei.
2152 2762 2170 2795 ι

2058 2851 2472 2909 Observandum
2519 2866 2701 2911 autem
2749 2865 2851 2923 est,
2878 2857 3018 2913 duos
3048 2857 3212 2927 hujus
3259 2857 3358 2912 aevi
3393 2865 3559 2911 testes

1987 2943 2387 3002 Theodorctum
2414 2956 2469 3002 et
2491 2947 2793 3014 Gelasium,
2827 2950 3205 3004 tantummodo
3231 2964 3330 3019 pro
3360 2948 3555 3017 seipsis

1985 3037 2161 3107 loqui,
2194 3039 2288 3094 sed
2318 3040 2487 3093 totius
2524 3041 2705 3109 quinti
2741 3041 2930 3095 saeculi
2955 3041 3222 3111 judicium
3270 3040 3427 3095 nobis
3473 3056 3559 3093 re—

1986 3138 2352 3196 prmsentare;
2406 3129 2815 3195 auctoritatem,
2859 3130 3097 3195 scilicet,
3147 3129 3554 3199 lgnatianoru-m

1985 3229 2116 3273 tunc
2170 3220 2427 3289 temporis
2489 3221 2629 3275 inter
2678 3236 2870 3275 omnes
2916 3229 3031 3275 tum
3086 3220 3385 3274 catholicos
3442 3228 3555 3273 tum

294 3299 389 3365 qui
425 3313 541 3350 vere
562 3308 721 3351 natus
740 3308 967 3365 est,t'ere
990 3300 1214 3353 comedit
1238 3310 1284 3352 et
1313 3299 1465 3364 bibit,
1501 3300 1591 3367 qui
1614 3301 1708 3353 sub
1734 3298 1872 3352 Pon-

1989 3312 2270 3366 haereticos
2283 3286 2464 3366 ratam
2496 3322 2550 3367 et
2579 3313 2739 3367 ﬁxam
2770 3312 2960 3368 fuisse.
2988 3311 3123 3366 Nam
3151 3321 3210 3366 ut
3237 3328 3304 3368 ex
3335 3312 3559 3367 Socrate

297 3391 375 3445 tio
400 3390 585 3444 Pilato
613 3408 801 3459 passus
833 3400 933 3456 est,
972 3392 1260 3459 cruciﬁxus
1298 3401 1347 3444 et
1380 3403 1640 3457 mortuus,
1661 3392 1886 3445 videnti-

295 3481 395 3534 bus
439 3482 764 3548 caelestibus,
817 3480 1154 3535 terrestribus
1193 3492 1242 3534 et
1282 3482 1488 3551 inferis.
1528 3481 1652 3535 Haec
1701 3482 1886 3535 omnia

292 3588 410 3627 uno
441 3574 570 3629 loco
596 3589 665 3627 ex
694 3575 874 3628 tribus
905 3572 964 3628 S.
994 3573 1187 3644 lgnatii
1218 3574 1462 3644 epistolis
1494 3572 1888 3627 B.Thcodore~

294 3676 390 3721 tus
423 3667 696 3721 adversus
726 3666 812 3720 sui
857 3668 1121 3735 temporis
1152 3668 1437 3722 haereticos
1484 3667 1756 3735 excerpsit
1804 3674 1886 3718 at-

292 3774 407 3828 que
432 3759 744 3829 congessit.
780 3758 927 3814 Idem
962 3758 1094 3812 alibi
1126 3774 1342 3822 rursus,
1366 3758 1580 3828 Dialog.
1604 3756 1881 3825 Inconfus.

291 3867 348 3920 p.
378 3851 491 3905 86:
528 3851 638 3904 Τοῦ
697 3852 854 3919 ἁγίου
911 3851 1168 3919 Ἰγνατίου
1211 3852 1507 3904 ἐπισκόπου
1560 3850 1885 3920 Ἀντιοχείας

293 3942 390 3994 καὶ
437 3942 719 4012 μάρτυρος
758 3946 824 3995 ἐκ
854 3943 953 4013 τῆς
997 3942 1134 4014 πρὸς
1166 3943 1501 4014 Σμυρναίους
1545 3941 1882 4011 Ἐπιστολῆς.

293 4029 355 4085 S.
379 4030 586 4101 Ignatii
602 4033 917 4087 Antiocheni
948 4036 1179 4104 episcopi
1208 4046 1255 4089 et
1282 4036 1533 4103 martyris
1560 4050 1623 4087 ea:
1642 4032 1886 4102 Epistola

292 4126 365 4176 ad
396 4124 727 4194 Smyrnteos.
774 4125 920 4195 Ἐγὼ
952 4127 1063 4196 γὰρ
1096 4127 1192 4181 καὶ
1221 4131 1371 4197 μετὰ
1406 4126 1520 4194 τὴν
1547 4124 1886 4180 ᾶνάστασιν

290 4215 366 4266 ἐν
395 4217 582 4284 σαρκὶ
614 4217 803 4271 αὐτὸν
834 4217 968 4271 οῖδα
1013 4218 1113 4271 καὶ
1155 4220 1414 4273 πιστεύω
1446 4218 1618 4271 ὄντα·
1656 4216 1753 4270 καὶ
1788 4215 1887 4269 ὅτε

294 4308 447 4374 πρὸς
476 4309 624 4375 τοὺς
655 4311 787 4377 περὶ
841 4310 1069 4378 Πέτρον
1114 4311 1319 4379 ἦλθεν,
1353 4312 1466 4380 ἔφη
1499 4309 1728 4375 αὐτοῖς·
1766 4308 1883 4363 Λά-

294 4400 881 4467 6ετε,ψη.1αφήσατέ
904 4418 997 4470 με,
1030 4403 1128 4455 καὶ
1164 4401 1318 4455 ἴδετε
1349 4401 1441 4455 ὅτι
1467 4404 1578 4455 οὐκ
1609 4400 1723 4469 εἰμὶ
1758 4399 1889 4453 δαι-.

290 4492 511 4559 μόνων
542 4493 886 4561 ἀσώματον,
922 4495 1019 4547 καὶ
1050 4495 1230 4561 εὐθὺς
1265 4495 1449 4549 αὐτοῦ
1491 4494 1748 4563 ἥψαντο,
1785 4496 1882 4548 καὶ

294 4584 697 4638 ἐπίστευσαν.
733 4584 845 4655 Ego
892 4587 1031 4639 enim
1059 4596 1176 4655 post
1218 4588 1675 4652 resurrectionem,
1710 4588 1882 4656 ipsum

298 4676 355 4727 in
386 4693 547 4728 carne
592 4678 703 4730 scio
746 4687 794 4730 et
826 4679 979 4732 credo
1020 4695 1130 4731 esse
1161 4698 1180 4733 :
1218 4688 1268 4732 et
1304 4679 1516 4749 quando
1562 4683 1629 4730 ad
1669 4694 1754 4733 eos
1792 4678 1881 4747 qui

297 4785 417 4821 cum
442 4753 610 4821 Petro
644 4778 819 4834 erant,
853 4772 1014 4835 venit,
1046 4772 1183 4823 dixit
1216 4773 1290 4825 eis
1329 4789 1347 4825 :
1374 4772 1635 4840 Accipite,
1671 4771 1897 4840 palpate.

298 4874 400 4923 me,
424 4869 476 4911 et
507 4860 697 4922 videte,
727 4863 851 4929 quia
879 4878 981 4914 non
1008 4879 1126 4916 sum
1145 4862 1466 4919 damonium
1496 4865 1878 4933 incorporeum.

298 4950 369 5003 Et
417 4952 606 5003 statim
654 4955 827 5020 ipsum
879 4955 1165 5023 tetigerunt
1208 4964 1257 5008 et
1307 4956 1668 5009 crediderunt.
1774 4956 1882 5009 Τοῦ

296 5045 466 5097 αὑτοῦ
498 5048 562 5097 ἐκ
594 5047 693 5116 τῆς
717 5047 885 5116 αὐτῆς
919 5047 1255 5117 Ἐπιστολῆς.
1301 5047 1555 5117 Ejusdem
1601 5064 1665 5102 ea:
1702 5048 1880 5102 eadem

298 5134 572 5203 Epistola.
626 5137 790 5190 Μετὰ
820 5136 888 5189 δὲ
920 5136 1035 5205 τὴν
1065 5137 1405 5192 ἀνάστασιν
1448 5139 1543 5193 καὶ
1578 5139 1883 5208 συνέφαγε

297 5230 397 5283 καὶ
432 5228 727 5283 συνέπιεν
758 5229 984 5295 αὐτοῖς,
1020 5230 1100 5295 ὡς
1140 5230 1439 5299 σῳκικῶς
1485 5232 1581 5284 καὶ
1622 5246 1884 5299 πνευμα-

296 5319 477 5385 τικῶς
518 5320 826 5391 ἡνωμένος
884 5322 965 5387 τῷ
997 5324 1201 5391 Πατρί.
1260 5322 1390 5377 Post
1442 5326 1882 5379 resurrectionem

299 5423 479 5466 autem
526 5430 635 5466 una
678 5430 800 5467 cum
846 5415 921 5468 eis
968 5423 1018 5467 et
1057 5416 1281 5468 comedit
1330 5425 1378 5469 et
1422 5417 1585 5482 bibit,
1630 5425 1882 5487 tanquam

298 5504 595 5558 carnaliter
622 5514 672 5559 et
714 5506 1072 5575 spiritualiter
1110 5509 1289 5561 unitus
1341 5507 1515 5563 Patri.
1549 5509 1614 5562 Et
1665 5525 1877 5571 rursus,

295 5595 447 5649 Dial.
480 5598 753 5667 impatib.,
778 5612 833 5667 p.
862 5598 966 5651 154
988 5615 1000 5649 :
1026 5598 1131 5651 Τοῦ
1166 5600 1322 5667 ἁγίου
1368 5600 1625 5667 Ἰγνατίου
1656 5602 1880 5654 ἐπισκό-

297 5707 402 5742 που
443 5689 772 5759 Ἀντιοχείας
820 5690 915 5743 καὶ
971 5690 1263 5762 μάρτυρος,
1296 5692 1361 5743 ἐκ
1401 5692 1499 5761 τῆς
1533 5692 1668 5762 πρὸς
1701 5691 1881 5763 Σμυρ-

294 5782 478 5846 ναῐους
540 5782 885 5852 Ἐπιστολῆς.
952 5782 1011 5836 S.
1047 5783 1249 5853 lgnatii
1296 5786 1524 5854 episcopi
1572 5786 1879 5840 Antiocheni

300 5888 349 5932 et
378 5878 655 5945 martyris,
691 5891 756 5928 ex
777 5873 1017 5944 Epistola
1046 5876 1113 5928 ad
1133 5873 1452 5945 Smyrntcos.
1482 5878 1881 5947 Ebzaftort'ac

1987 3416 2040 3457 et
2065 3404 2392 3470 Sozomeno,
2424 3404 2770 3459 Theodoreto
2798 3413 2853 3459 et
2882 3404 3113 3460 Leontio
3152 3404 3385 3473 aliisque
3424 3417 3557 3458 con-

1989 3507 2128 3563 stat;
2170 3497 2409 3551 haeretici
2440 3498 2535 3567 qui
2574 3497 2640 3551 ad
2672 3498 2842 3555 linem
2859 3497 2960 3550 aevi
2991 3496 3172 3566 quarti
3204 3496 3553 3564 antiquorum

1986 3586 2207 3642 Patrum
2239 3589 2532 3643 consensui
2566 3588 2918 3658 acquiescere
2959 3594 3320 3652 recusarunt,
3363 3586 3553 3655 quinto

1988 3679 2169 3732 statim
2200 3688 2255 3733 et
2276 3681 2651 3750 sequentibus,
2684 3695 2781 3736 eos
2803 3679 2994 3735 Patres
3030 3688 3291 3749 tanquam
3319 3678 3553 3733 arbitros

1988 3770 2363 3836 admiserunt,
2414 3772 2509 3841 qui
2557 3781 2682 3826 ante
2726 3772 3049 3827 divisionem
3079 3811 3094 3836 ,
3142 3771 3256 3826 sive
3303 3778 3553 3825 exortum

1988 3862 2278 3931 cujuslibet
2329 3863 2601 3918 haereseos
2649 3864 3019 3934 scripserant:
3060 3863 3206 3919 unde
3239 3866 3374 3919 tales
3402 3873 3555 3920 cata-

1987 3954 2115 4024 logi,
2155 3955 2348 4024 quales
2382 3956 2525 4024 apud
2558 3955 2961 4013 Theodoratum
2998 3967 3051 4012 et
3076 3956 3353 4013 Gelasium
3402 3972 3555 4027 repe-

1986 4047 2225 4114 riuntur,
2273 4046 2509 4103 confecti
2552 4058 2701 4105 sunt.
2734 4048 2809 4105 De
2834 4065 2942 4120 qua
2968 4065 3027 4104 re
3052 4058 3236 4119 postea
3259 4049 3366 4104 erit
3395 4050 3556 4106 nobis

1986 4139 2368 4194 disserendum
2412 4139 2598 4196 latius.
2634 4139 2690 4194 In
2722 4141 2809 4196 his
2836 4141 2999 4212 igitur
3026 4141 3353 4197 Theodoreti
3384 4141 3557 4197 dialo-

1987 4231 2070 4300 gis
2113 4231 2455 4286 orthodoxus
2504 4230 2830 4285 sententiam
2876 4231 3080 4301 promit
3126 4231 3555 4297 catholicorum,

1985 4332 2047 4377 ut
2071 4322 2353 4378 Eranistes
2390 4323 2774 4378 haereticorum
2824 4322 2974 4377 illius
3022 4325 3142 4377 aevi.
3189 4322 3327 4377 Cum
3374 4334 3559 4377 autem

1985 4416 2327 4470 orthodoxus
2388 4432 2456 4470 ex
2520 4415 2823 4484 Scripturis
2884 4414 3165 4485 copiosius
3224 4416 3558 4486 disputasset

1984 4507 2180 4575 quaerit
2215 4506 2523 4573 Eranistcs,
2578 4508 2709 4578 quid
2757 4507 2966 4577 antiqui
3003 4505 3261 4562 Ecclesiae
3306 4508 3558 4563 doctores

1912 4634 1958 4689 Ι)
1987 4598 2282 4664 senserint,
2330 4598 2607 4665 celebres,
2660 4596 2890 4660 scilicet,
2927 4605 2982 4650 et
3027 4596 3344 4662 indubitati;
3398 4606 3560 4667 negat

1985 4688 2131 4741 enim
2162 4704 2220 4743 se
2249 4699 2595 4759 recepturum
2636 4688 2837 4759 ἄνδρας
2866 4688 3112 4757 ἀσήμους
3143 4688 3175 4759 ἢ
3204 4687 3556 4758 ἀμφιϐόλους,

1985 4782 2234 4834 obscuros
2266 4790 2360 4833 aut
2399 4782 2697 4851 ambiguos.
2742 4779 3044 4849 lnterrogat
3090 4778 3254 4850 igitur
3294 4779 3557 4834 orthodo-

1986 4887 2109 4936 xus,
2152 4887 2220 4925 an
2244 4861 2627 4938 Athanasium,
2659 4866 3004 4941 Gregorium,
3030 4870 3404 4935 Ambrosium,
3430 4870 3557 4927 Fla-

1984 4965 2231 5028 vianum,
2273 4962 2539 5018 Joannem
2577 4964 3028 5033 Chrysostomum
3078 4977 3179 5031 pro
3208 4962 3408 5019 talibus
3454 4964 3555 5019 ha-

1985 5056 2142 5123 beat;
2194 5056 2432 5112 admittit
2484 5058 2585 5111 hos
2618 5072 2811 5111 omnes
2853 5069 2909 5112 et
2951 5057 3193 5126 ipsorum
3243 5056 3554 5113 testimonia

1989 5147 2304 5216 Eranistcs;
2351 5159 2463 5203 tun.
2496 5165 2627 5203 vero
2657 5148 2947 5219 lgnatium,
2978 5148 3266 5213 Irenaeum,
3296 5148 3555 5221 Hippoly-

1986 5248 2099 5294 tum
2129 5250 2183 5295 et
2205 5241 2557 5308 Methodium,
2602 5243 2850 5311 aliosque
2886 5255 2947 5296 se
2975 5240 3365 5309 producturum
3403 5257 3555 5296 asse-

1984 5332 2082 5395 rit;
2128 5334 2279 5386 valde
2320 5334 2550 5402 cupienti
2583 5333 2714 5386 mihi
2762 5333 2919 5387 etiam
2950 5331 3060 5385 hazc
3091 5332 3393 5386 testimonia
3425 5348 3551 5401 pro-

1982 5438 2160 5489 pones,
2189 5424 2364 5492 inquit
2389 5425 2766 5478 haereticorum
2803 5422 3022 5478 nomine
3050 5422 3349 5480 Eranistos.
3379 5424 3555 5495 Atque

1983 5519 2057 5570 ita
2097 5518 2315 5571 demum
2348 5518 2619 5585 prolixum
2671 5518 2805 5573 satis
2850 5518 3155 5587 catalogum
3202 5500 3579 5588 antiquorum.

1982 5606 2205 5660 Patrum
2256 5608 2390 5661 texit
2433 5608 2773 5663 orthodoxus
2823 5624 2892 5663 ex
2932 5618 3086 5680 parte
3133 5610 3552 5679 catholicorum,

1981 5706 2035 5751 et
2060 5707 2313 5765 tanquam
2339 5698 2604 5767 τηλαυγὲς
2632 5698 2919 5768 πρόσωπον
2950 5708 3153 5769 septem
3185 5700 3571 5771 longiusculas.

1983 5788 2282 5841 sententias
2320 5803 2384 5840 cx
2427 5788 2603 5842 tribus
2636 5787 2826 5857 lgnatii
2866 5789 3040 5845 nostri
3078 5790 3322 5859 epistolis
3366 5805 3555 5851 cxcer-

1983 5889 2102 5951 ptas
2149 5880 2372 5951 reliquis
2418 5882 2705 5952 praeponit.
2760 5883 3033 5941 Adversus
3082 5883 3197 5942 haec
3245 5881 3587 5953 tcstituoniy
