4136 6408
591 408 658 464 8'7
1619 410 1675 464 S.
1709 410 2054 469 IGNATIUS.
2095 443 2162 453 —-
2194 408 2726 467 PROLEGOMENA.
3770 405 3846 459 δδ

591 539 661 577 ne
697 522 908 578 hiscere
937 521 1154 593 quidem
1212 538 1269 579 se
1297 523 1539 593 potuisse
1600 522 1799 581 fatetur
1854 524 2154 581 Eranistes.
2186 534 2233 590 Α
2260 524 2651 577 devorationem
2697 524 2819 587 mei,
2867 531 2916 575 et
2955 522 3276 592 deprecabor
3327 542 3391 578 ne
3434 525 3572 594 forte
3634 524 3737 590 (ut
3784 535 3847 574 ut

590 612 747 669 Unde
794 614 963 685 liquet
1006 624 1062 670 et
1109 615 1473 672 orthodoxum
1554 626 1607 672 et
1669 617 2007 684 Eranistem,
2058 620 2161 675 hoc

587 714 674 761 est
690 718 824 768 .tum
854 706 1155 763 catholicos
1204 716 1318 764 tum
1362 710 1649 766 haareticos
1694 710 1841 766 illius
1883 712 2004 778 aevi,
2040 711 2160 781 epi-

586 800 758 854 stolas
797 799 1010 871 lgnatii,
1055 816 1193 871 quas
1244 801 1623 868 defendimus,
1665 818 1765 874 pro
1793 803 1937 859 veris
1980 811 2035 858 et
2076 803 2161 858 in-

586 891 849 947 dubitatis
889 892 1133 963 episcOpi
1168 892 1494 949 Antiocheni
1527 895 1745 964 scriptis
1773 894 2050 951 habuisse.

662 983 814 1039 Sexti
867 985 1054 1039 saaculi
1106 984 1320 1055 primus
1367 985 1520 1040 testis
1571 984 2043 1055 S.Ephraemius,
2094 1001 2160 1042 ex

583 1076 789 1131 comite
833 1075 1064 1131 orientis
1106 1076 1417 1145 patriarcha
1467 1075 1927 1145 Theopolitanus,
1976 1085 2037 1131 ut
2081 1077 2157 1131 ιο-

584 1166 773 1237 quitur
806 1166 1072 1234 Photius,
1120 1168 1174 1222 id
1227 1175 1311 1223 est
1354 1168 1765 1235 Antiocheuus;
1810 1168 1899 1223 cui
1943 1168 2158 1238 episco-

582 1262 737 1331 patui
787 1261 935 1316 circa
976 1275 1181 1316 annum
1212 1260 1317 1316 529
1352 1261 1603 1317 admotus
1644 1270 1751 1320 est.
1797 1260 1899 1319 Hic
1924 1262 2068 1317 enim
2104 1261 2160 1315 in

582 1354 725 1410 libro
761 1354 834 1409 De
857 1353 1042 1409 Sacris
1074 1353 1371 1408 Antiochiae
1401 1353 1623 1424 legibus,
1671 1355 1755 1424 (ut
1790 1354 2037 1424 loquitur
2076 1355 2160 1410 iu-

580 1456 793 1516 terpres
825 1444 1152 1521 Photianus)
1182 1445 1249 1501 de
1289 1445 1505 1501 articuli
1544 1445 1717 1501 Graeci
1762 1462 1864 1501 usu
1895 1446 2159 1502 adversus

582 1537 911 1593 Severiauos
972 1522 1289 1606 disputans,
1340 1538 1518 1607 primo
1566 1535 1625 1593 S.
1653 1535 1983 1607 Scriptum,
2033 1537 2158 1594 dein

584 1628 686 1685 SS.
706 1628 931 1684 Patrum
962 1628 1289 1684 testimoniis
1318 1628 1490 1682 utitur
1521 1637 1572 1682 et
1602 1628 1744 1683 inter
1775 1642 1891 1695 eos,
1954 1637 2013 1683 ut
2039 1629 2156 1684 ﬁeri

581 1719 816 1786 solebat,
848 1718 907 1775 S.
936 1717 1204 1791 lgnatium
1234 1717 1473 1788 primum
1504 1719 1752 1773 nominat
1780 1738 1794 1773 :
1831 1719 1940 1773 Καὶ
1982 1722 2010 1772 ό
2038 1720 2157 1772 θεο-

582 1812 748 1883 φόρος
776 1811 835 1868 δι
862 1811 1121 1881 Ἰγνάτιος
1160 1810 1254 1865 xui
1285 1810 1495 1883 μάρτυς
1513 1851 1527 1876 ,
1556 1811 1882 1884 Σμυρναίοις
1912 1812 2155 1869 ἐπιστέλ-

2262 616 2529 671 nonnullis
2568 616 2820 686 fecerunt)
2861 616 3081 669 timeant
3110 616 3367 687 attingere
3402 632 3593 691 corpus
3624 630 3846 679 meum;

2262 710 2495 780 quinimo
2535 709 2580 763 si
2614 707 3023 775 cunctabantur,
3073 724 3166 778 ego
3217 709 3320 762 vim
3357 708 3579 778 faciam,
3619 724 3714 778 ego
3758 723 3846 760 me

2260 800 2516 870 ingeram.
2535 798 2900 869 Date,quteso,
2918 800 3152 863 veniam;
3183 815 3275 870 ego
3300 801 3419 854 noui
3439 800 3565 871 quid
3589 799 3846 869 expediat

2262 893 2431 947 mihi:
2463 908 2601 946 nunc
2627 892 2822 961 incipio
2861 909 2972 947 esse
2995 891 3191 947 Christi
3227 891 3542 962 discipulus.
3581 889 3844 946 Facessat

2260 984 2465 1037 invidia
2494 982 2572 1038 vel
2595 984 2815 1037 humani
2846 984 3090 1053 a/fectus,
3122 984 3197 1039 vel
3225 985 3474 1055 nequitia:
3511 982 3845 1053 spiritualis,

2260 1084 2319 1127 ut
2348 1072 2532 1129 Iesum
2567 1074 2840 1129 Christum
2887 1090 3088 1128 merear
3143 1074 3388 1142 adipisci.
3423 1074 3603 1144 Ignes,
3628 1090 3844 1139 cruces,

2261 1166 2462 1235 bestiis,
2499 1166 2851 1237 dispersiones
2893 1167 3125 1233 ossium,
3163 1168 3639 1237 discerptionesque
3680 1181 3847 1219 mem-

2262 1255 2496 1321 brorum,
2544 1274 2607 1311 ac
2654 1259 2817 1312 totius
2858 1259 3092 1329 corporis
3136 1274 3323 1328 ptenw,
3364 1268 3414 1313 et
3450 1259 3629 1312 omnia
3669 1258 3725 1310 in
3757 1272 3843 1310 me

2261 1364 2424 1401 unum
2471 1349 2735 1420 supplicia
2777 1350 2979 1405 diaboli
3021 1360 3136 1405 arte
3170 1351 3395 1422 quwsita
3444 1349 3842 1419 compleantur,

2260 1441 2545 1497 dummodo
2573 1441 2757 1497 Jesum
2787 1443 3059 1499 Christum
3093 1460 3296 1499 merear
3334 1444 3579 1513 adipisci.
3616 1461 3634 1493 ι
3676 1441 3843 1497 Chri-

2259 1534 2465 1589 stianus
2504 1551 2607 1589 non
2642 1535 2921 1591 mediocris
2971 1536 3062 1590 sed
3103 1536 3395 1605 perfectus,
3439 1534 3686 1589 sacerdos
3732 1550 3843 1586 non

2258 1627 2379 1682 vilis
2410 1628 2500 1683 sed
2534 1645 2791 1696 summus,
2830 1638 3035 1700 martyr
3060 1647 3161 1684 non
3188 1630 3359 1699 segnis
3394 1629 3483 1683 sed
3512 1628 3839 1697 prwcipuus,

2260 1718 2423 1787 dixit,
2457 1739 2475 1771 ι
2507 1719 2664 1775 Nunc
2692 1723 2889 1791 incipio
2921 1739 3032 1779 esse
3056 1723 3257 1779 Christi
3286 1722 3603 1791 discipulus.
3629 1740 3650 1773 ι

2332 1808 2551 1867 Tertius
2580 1811 2745 1882 hujus
2777 1813 2966 1868 saeculi
2995 1813 3150 1870 testis
3179 1822 3264 1869 est
3286 1812 3478 1869 Jobius
3505 1812 3839 1879 monachus,

578 1905 707 1971 λων,
741 1904 942 1976 ὁμοίως
983 1903 1249 1976 κέχρηται
1281 1905 1359 1975 τῷ
1408 1905 1615 1977 ἄρθρῳ.
1655 1904 1837 1959 Etiam
1884 1905 2148 1979 Ignatius1

2260 1904 2353 1974 qui
2385 1906 2647 1961 adversus
2682 1904 2945 1961 Severum
2995 1907 3235 1978 scripsit.
3287 1904 3339 1961 ls
3378 1907 3525 1962 enim
3573 1907 3628 1960 in
3669 1920 3842 1977 opere

577 2000 661 2053 uir
686 2000 894 2053 divinus
923 2007 974 2052 et
1007 2007 1233 2067 martyr,
1266 1997 1547 2069 epistolam
1587 1999 1656 2051 ad
1682 1998 1985 2069 Smyrnazos
2019 2003 2155 2055 scri-

580 2093 736 2161 bens,
782 2094 1029 2150 similiter
1066 2096 1296 2151 articulo
1346 2098 1537 2152 utitur.
1586 2096 1839 2164 Pbotius,
1892 2099 2151 2156 Biblioth.

575 2200 730 2240 num.
757 2185 885 2243 228.
936 2185 1083 2243 Loca
1123 2203 1247 2258 qua:
1292 2204 1359 2245 ex
1401 2204 1466 2244 ea
1513 2188 1755 2257 Epistola
1804 2205 2156 2264 excerpserat

575 2274 637 2331 S.
665 2275 1040 2347 Ephraamius,
1086 2280 1272 2335 omisit
1317 2280 1646 2349 epitomator
1689 2281 1949 2351 Pbotius;
1997 2296 2155 2342 erant

575 2377 758 2422 autem
788 2368 926 2435 haec,
962 2378 1023 2424 ut
1052 2370 1290 2425 arbitror
1317 2389 1331 2426 :
1359 2371 1585 2437 Δοξάζω
1626 2374 1866 2442 Ἰησοῦν
1895 2378 2155 2446 Χριστὸν

574 2456 683 2512 τὸν
714 2457 887 2523 Θεὸν,
952 2458 1193 2529 gloriﬁco
1244 2457 1429 2513 Jesum
1480 2458 1752 2516 Christum
1802 2461 2008 2527 Deum;
2065 2473 2147 2520 et:

572 2547 778 2607 Πάντα
822 2550 1129 2621 ὑπομένω,
1179 2552 1364 2606 αὑτοῦ
1407 2569 1483 2622 με
1523 2553 2003 2625 ἑνδυναμοῦντος
2046 2556 2151 2612 τοῦ

572 2642 807 2697 τελείου
859 2641 1173 2712 ἀνθρώπου
1230 2643 1575 2713 γενομένου.
1641 2645 1832 2701 Omnia
1881 2648 2149 2715 sustineo,

574 2735 688 2804 ipso
727 2750 807 2788 me
846 2734 1170 2803 fortiﬁcante
1203 2737 1294 2806 qui
1336 2737 1597 2807 perfectus
1646 2738 1800 2792 homo
1844 2740 2018 2809 factus
2048 2753 2147 2795 est.

573 2825 728 2883 Licet
758 2827 904 2881 enim
938 2827 1202 2883 articulus
1234 2828 1327 2883 τοῦ
1358 2830 1425 2885 ad
1459 2831 1750 2902 γενομένου
1784 2832 1965 2903 potius
2004 2831 2151 2889 refe-

570 2929 744 2987 ratur,
786 2937 951 2992 quam
994 2919 1304 2993 ἀνθρώπου,
1343 2923 1512 2979 alium
1554 2932 1736 2979 tamen
1778 2925 1832 2979 in
1879 2927 1980 2981 hac
2029 2927 2150 2997 epi-

571 3014 708 3069 stola
761 3014 962 3078 locum,
1011 3014 1227 3084 opinor,
1282 3017 1554 3086 respicere
1604 3034 1715 3072 non
1764 3018 1963 3088 potuit.
2043 3017 2148 3076 Sed

569 3116 628 3161 ct
658 3106 802 3160 idem
848 3106 1302 3177 S.l‘3phraemius,
1349 3109 1401 3162 iu
1461 3110 1691 3178 cpistola
1732 3112 1797 3164 ad
1844 3109 2148 3168 Zenohium

572 3200 867 3269 quemdam
924 3201 1312 3257 scholasticum
1365 3210 1417 3256 et
1462 3203 1841 3274 Acephalum,
1898 3206 2148 3275 probavit

570 3295 833 3350 articulos
871 3296 1081 3351 naturis
1112 3296 1313 3352 Christi
1347 3297 1623 3352 adhibitos
1664 3314 1772 3351 non
1812 3298 2015 3353 inferre
2060 3298 2148 3353 di-

568 3387 837 3442 visionem
886 3388 1133 3457 unitatis,
1184 3388 1247 3442 ἕκ
1275 3406 1335 3441 τε
1366 3389 1473 3443 τῶν
1513 3390 1882 3459 εὐαγγελικῶν
1934 3390 2148 3459 φωνῶν,

569 3480 661 3534 xui
696 3483 761 3532 ὲκ
786 3478 895 3534 τῶν
923 3480 1319 3545 ἀποπολικῶν,
1370 3480 1463 3535 xui
1507 3480 1570 3553 δὴ
1610 3482 1704 3535 xui
1733 3483 1797 3535 ὲκ
1830 3482 1941 3536 τῶν
1975 3501 2151 3553 μακα-

570 3570 702 3644 ρίων
736 3571 985 3643 πατέρων
1022 3572 1201 3644 ἡμῶν,
1251 3574 1512 3643 Ἰγνατίου
1558 3572 1653 3627 τοῦ
1691 3573 1979 3647 θεοφόρου,
2019 3577 2148 3629 Ἰου-

566 3661 704 3730 λίου,
737 3663 831 3717 xui
873 3664 1187 3718 Ἀθανασίου
1224 3666 1318 3721 xui
1352 3666 1696 3739 Γρηγορείων
1725 3667 1817 3720 xui
1845 3667 2143 3721 Βασιλείου.

571 3755 707 3813 Tum
746 3772 811 3812 ea:
834 3758 1171 3828 euangelicis,
1204 3769 1313 3813 tum
1352 3777 1417 3815 ea:
1441 3760 1745 3830 apostolicis
1772 3760 1961 3825 verbis,
1995 3771 2148 3832 atque

564 3850 725 3903 etiam
768 3865 833 3904 ea:
878 3849 1046 3905 beatis
1093 3850 1346 3907 Patribus
1393 3854 1614 3921 nostris,
1658 3853 1871 3925 Ignatio
1910 3854 2145 3924 Dei/ero,

565 3939 740 4008 Julia,
795 3941 1132 4010 Athanasio,
1194 3943 1462 4015 Cregoriis
1523 3955 1573 4001 et
1632 3946 1860 4000 Basilio.
1913 3944 2143 4001 Photius

566 4034 793 4091 ibidem.

641 4125 929 4183 Secundus
973 4127 1139 4197 hujus
1172 4127 1272 4182 aevi
1307 4128 1465 4183 testis
1503 4137 1588 4183 est
1618 4127 1805 4183 Gildas
1837 4127 2147 4183 Badonicus

566 4234 633 4272 ex
662 4218 944 4273 Britannia
982 4229 1192 4286 nostra,
1233 4219 1327 4289 qui
1358 4234 1501 4275 anno
1543 4220 1648 4273 564
1687 4220 1974 4289 epistolam
2006 4218 2145 4273 scri-

566 4312 676 4382 psit
700 4311 775 4365 De
801 4312 1010 4367 excidio
1043 4311 1366 4373 Britannice,
1402 4311 1456 4363 in
1487 4324 1591 4379 qua
1624 4310 1738 4363 Imc
1773 4310 1933 4362 habet
1966 4322 1981 4360 :
2011 4307 2145 4371 Quis

566 4414 796 4458 vestrum
825 4444 840 4471 ,
886 4413 945 4456 ut
990 4401 1050 4457 S.
1077 4414 1283 4471 martyr
1328 4400 1596 4472 Ignatius,
1657 4400 1953 4454 Antiochia!
1997 4400 2145 4452 urbis

566 4498 874 4566 episcopus,
930 4506 1047 4567 post
1096 4495 1443 4551 admirabiles
1499 4495 1553 4548 in
1601 4492 1814 4548 Christo
1860 4504 2035 4558 actus,
2082 4492 2143 4547 ob

2258 1996 2337 2052 De
2359 1998 2749 2063 incarnatione,
2776 1998 2937 2069 cujus
2957 2007 3215 2069 excerpta
3258 1999 3419 2055 nobis
3448 1999 3679 2054 Photius
3724 2008 3843 2053 tra-

2256 2088 2413 2156 didit,
2446 2087 2699 2145 Biblioth.
2734 2105 2889 2144 num.
2916 2089 3045 2155 222,
3101 2091 3218 2146 haec
3264 2091 3453 2146 habuit
3497 2106 3514 2144 :
3559 2088 3696 2160 Φησὶ
3727 2088 3841 2161 γὰρ

2254 2182 2283 2234 ό
2312 2179 2567 2251 θεοφόρος
2623 2180 2879 2251 Ἰγνάτιος
2931 2182 3058 2252 τρία
3110 2182 3289 2236 λαθεῖν
3330 2183 3423 2235 τὸν
3466 2183 3705 2255 ἄρχοντα
3739 2181 3839 2235 τοῦ

2255 2272 2446 2335 αίῶνος
2476 2272 2669 2327 τούτου
2692 2313 2707 2339 ,
2741 2273 2839 2343 τὴν
2878 2274 3175 2345 παρθενίαν
3203 2274 3421 2348 Μαρίας
3440 2318 3458 2343 ,
3489 2276 3590 2345 τὴν
3635 2273 3839 2345 σύλλη-

2251 2364 2343 2433 ψιν
2384 2364 2480 2419 τοῦ
2514 2365 2721 2437 Κυρίου
2744 2405 2759 2431 ,
2792 2365 2887 2420 xui
2920 2365 3019 2439 τὴν
3064 2366 3389 2439 σταύρωσιν.
3427 2367 3572 2423 Ναηι
3613 2369 3720 2422 tria
3748 2368 3836 2421 di-

2254 2458 2405 2511 vinus
2434 2454 2683 2525 Ignatius
2716 2457 2897 2513 δαισαίί
2926 2458 3083 2527 hujus
3113 2460 3404 2530 principem
3431 2460 3653 2515 latuisse
3689 2476 3836 2514 com-

2253 2555 2532 2613 memorat,
2559 2548 2915 2617 virginitatem
2942 2546 3153 2617 Marica,
3183 2551 3569 2620 conceptionem
3592 2549 3835 2615 Domini,

2251 2649 2300 2693 et
2334 2640 2749 2708 cruciﬁxionem.
2791 2640 3003 2707 Quibus
3034 2642 3216 2698 verbis
3245 2659 3309 2698 ea
3340 2660 3462 2714 qua:
3501 2645 3553 2698 in
3587 2642 3835 2715 Epistola

2254 2729 2322 2784 ad
2352 2729 2627 2800 Ephesios
2665 2731 3018 2803 reperiuntur
3046 2735 3336 2803 expressit.

2321 2841 2561 2909 Quartus
2618 2844 2867 2913 ejusdem
2920 2846 3109 2902 szeculi
3166 2848 3324 2903 testis
3375 2848 3444 2903 ad
3494 2848 3661 2905 linem
3715 2851 3832 2921 jam

2249 2935 2525 3004 vergentis
2573 2946 2658 2991 est
2694 2935 2960 2994 Leontius
2994 2938 3367 3011 Byzantinus,
3422 2942 3461 2997 l.
3526 2942 3603 2999 De
3649 2946 3830 3011 sectis,

2251 3034 2354 3079 act.
2382 3026 2417 3080 '5
2452 3044 2466 3080 :
2513 3026 2793 3096 Ἐγένοντο
2830 3028 2887 3081 δὲ
2931 3032 2989 3084 ὲν
3023 3033 3136 3095 τοῖς
3177 3031 3387 3103 χρόνοις
3428 3036 3549 3097 τοῖς
3583 3034 3691 3088 ἀπὸ
3732 3036 3836 3105 τῆς

2248 3118 2555 3190 γεννήσεως
2596 3118 2692 3174 τοῦ
2730 3121 2966 3193 Χριστοῦ
3008 3123 3169 3195 μέχρι
3209 3125 3310 3196 τῆς
3357 3125 3634 3195 βασιλείας
3674 3129 3834 3181 Κων-

2252 3209 2532 3263 σταντίνου
2576 3209 2885 3265 διδάσκαλοι
2912 3212 3006 3266 xui
3040 3214 3276 3285 πατέρες
3316 3214 3425 3268 οἶδε
3445 3232 3460 3245 ο
3504 3215 3768 3285 Ἰγνάτιος
3802 3217 3834 3268 ὁ

2253 3300 2541 3373 θεοφόρος,
2576 3303 2863 3374 Εἰρηναῖος
2882 3344 2897 3369 ,
2944 3305 3222 3371 Ἰουστίνος
3250 3305 3539 3377 φιλόσοφος
3565 3308 3659 3361 xui
3691 3308 3836 3380 μάρ-

2252 3408 2386 3457 τυς,
2441 3392 2674 3464 Κλήμης
2720 3393 2814 3446 xui
2869 3392 3179 3459 Ἱππόλυτος
3235 3395 3523 3450 ἐπίσκοποι
3575 3396 3829 3468 Ῥώμης,

2250 3486 2524 3550 Διονύσιος
2571 3488 2602 3541 ό
2645 3488 3035 3560 Ἀρεοπαγίτης
3055 3528 3069 3554 ,
3100 3490 3364 3554 Μεθόδιος
3392 3492 3689 3555 ἐπίσκοπος
3716 3492 3834 3545 Πα-

2249 3574 2449 3646 τάρων,
2487 3577 2784 3649 Γρηγόριος
2813 3579 2842 3630 ό
2874 3578 3312 3652 θαυματουργὺς,
3344 3581 3551 3653 Πέτρος
3576 3585 3605 3635 ό
3651 3581 3834 3647 Ἀλεξ-

2250 3668 2498 3739 ανδρείας
2548 3668 2844 3733 ἐπίσκοπος
2889 3670 2983 3725 καὶ
3014 3672 3242 3742 μάρτυς.
3283 3671 3544 3727 Craterum
3579 3675 3832 3742 tempori-

2250 3755 2345 3810 bus
2367 3758 2496 3823 illis,
2526 3774 2642 3828 quis
2665 3776 2698 3812 a
2720 3759 2919 3814 Christi
2951 3760 3252 3817 Nativitate
3274 3780 3436 3834 usque
3459 3763 3528 3817 ad
3549 3765 3834 3833 imperium

2252 3850 2586 3905 Constantini
2609 3862 2973 3918 numerantur,
3004 3856 3058 3907 hi
3100 3856 3340 3909 doctores
3368 3865 3416 3910 et
3453 3856 3643 3910 Patres
3666 3857 3835 3910 exsti-

2253 3951 2460 3997 terunt:
2484 3941 2725 4013 Ignatius
2751 3944 3105 4016 Theophorus,
3121 3946 3642 4016 Irenwus,!lustinus
3664 3949 3835 4018 philo-

2249 4036 2442 4104 sophus
2464 4045 2512 4089 et
2536 4047 2761 4107 martyr,
2786 4038 3025 4093 Clemens
3052 4051 3099 4093 et
3127 4038 3447 4111 Hippolytus
3471 4042 3700 4111 episcopi
3725 4040 3832 4096 Ro-

2249 4131 2432 4193 mani,
2478 4128 2761 4200 Dionysius
2802 4133 3152 4203 Areopagita,
3201 4133 3500 4187 Methodius
3554 4136 3831 4204 episcopus

2250 4220 2560 4276 Patarensis
2581 4263 2594 4282 ,
2626 4222 2904 4292 Gregorius
2947 4225 3325 4279 miraculorum
3367 4226 3602 4296 e/fector,
3637 4226 3831 4282 Petrus

2247 4314 2636 4369 Alexandrinus
2653 4318 2922 4387 episcopus
2944 4328 2991 4373 et
3013 4329 3237 4389 martyr.
3260 4318 3547 4374 Doctorem
3572 4330 3753 4375 autem
3777 4331 3833 4376 et

2248 4408 2464 4461 Patrem
2493 4409 2758 4477 lgnatium
2786 4408 3172 4481 Theophorum
3198 4413 3448 4467 nominat
3475 4424 3695 4484 propter
3726 4401 3834 4469 (ιο-⁸

2247 4499 2477 4551 ctrinam
2519 4500 2895 4569 apostolicam,
2926 4518 3091 4571 quam
3120 4501 3238 4570 ejus
3279 4502 3535 4574 Epistolas
3581 4507 3831 4562 contine-

567 4591 926 4646 testimonium
972 4590 1109 4660 ejus,
1161 4590 1369 4643 leonum
1415 4588 1571 4641 molis
1604 4587 1786 4641 Romae
1833 4587 2139 4655 confractus
2171 4609 2214 4663 υ
2246 4588 2395 4654 bant,
2428 4606 2549 4661 quae
2604 4594 2766 4648 toties
2806 4595 3070 4651 adversus
3117 4597 3402 4652 iuereticos
3440 4598 3824 4654 laudabantur.

564 4686 687 4742 est?
738 4683 904 4754 Cujus
951 4684 1139 4749 verba,
1188 4699 1309 4737 cum
1361 4683 1430 4735 ad
1482 4683 1780 4753 passionem
1840 4681 2138 4744 duceretur,

566 4777 841 4832 audientes
890 4776 972 4847 (si
1013 4776 1225 4847 quando
1276 4776 1450 4831 cultus
1502 4776 1660 4830 vestri
1710 4776 1898 4827 rubore
1949 4774 2141 4842 suffusi

565 4870 712 4926 sunt)
741 4886 842 4923 non
875 4868 1051 4922 solum
1091 4870 1145 4922 in
1175 4869 1568 4937 comparatione
1594 4868 1707 4935 ejus
1739 4882 1825 4919 vos
1857 4882 1956 4919 non
1986 4875 2143 4934 puta-

565 4964 688 5019 bitis
719 4962 1036 5027 sacerdotes,
1066 4962 1155 5015 sed
1184 4978 1246 5014 ne
1273 4961 1556 5014 mediocres
1578 4961 1785 5030 quidem
1813 4959 2140 5013 Christianos

564 5070 696 5109 esse.
734 5055 825 5107 Ait
853 5055 992 5107 enim
1028 5055 1083 5107 in
1112 5052 1376 5121 Epistola,
1422 5069 1580 5123 quam
1620 5052 1689 5105 ad
1715 5052 2007 5105 Romanam
2038 5049 2143 5102 Ec-

566 5149 783 5204 clesium
812 5148 998 5202 misit:
1029 5167 1047 5199 ‹
1081 5146 1119 5200 Α
1156 5146 1317 5217 Syria
1354 5163 1517 5216 usque
1550 5146 1772 5199 Romam
1805 5162 1924 5198 cum
1956 5144 2138 5197 bestiis

569 5250 712 5295 terra
754 5237 992 5306 marique
1036 5236 1315 5306 depugno,
1363 5237 1450 5290 die
1495 5246 1544 5290 et
1590 5246 1740 5291 nocte
1786 5250 2048 5288 connexus
2091 5243 2141 5287 et

565 5330 849 5399 colligatus
887 5329 1061 5382 decem
1107 5329 1394 5397 leopardis,
1442 5328 1702 5383 militibus
1761 5330 1900 5395 dico,
1941 5329 2010 5381 ad
2050 5345 2143 5381 cu-

565 5422 799 5476 stodiam
850 5421 1029 5486 datis,
1079 5424 1169 5492 qui
1219 5438 1283 5476 ea:
1332 5422 1593 5492 beneﬁciis
1658 5423 1852 5476 nostris
1901 5422 2140 5476 sazviores

567 5516 724 5584 ﬁunt.
773 5513 877 5568 Sed
920 5531 1011 5583 ego
1049 5532 1229 5569 eorum
1272 5516 1517 5584 nequitiis
1558 5516 1727 5584 magis
1767 5515 2015 5575 crudior;
2052 5531 2141 5567 nec

570 5617 746 5661 tamen
773 5607 831 5659 in
856 5606 953 5659 hoc
983 5606 1315 5677 justi/iectus
1356 5623 1494 5660 sum.
1546 5604 1589 5661 0
1623 5606 1885 5659 salutares
1923 5606 2139 5666 bestias,

567 5714 685 5769 qua:
726 5708 1099 5767 prceparantur
1140 5698 1269 5751 mihi
1292 5698 1313 5751 .'
1357 5698 1583 5761 Quando
1627 5698 1869 5751 uenient?
1932 5696 2142 5766 quando

565 5792 918 5848 emittentur?
959 5792 1171 5861 quando
1202 5792 1277 5845 eis
1317 5791 1427 5861 frui
1471 5790 1649 5845 licebit
1690 5790 1939 5845 carnibus
1972 5790 2138 5845 meis?

568 5901 698 5947 Guas
740 5902 832 5965 ego
875 5896 1061 5963 exopto
1120 5887 1350 5941 acriores
1406 5884 1635 5958 parari,
1690 5892 1740 5939 et
1786 5883 2021 5941 inuitabo
2074 5884 2141 5941 ad

2247 4681 2483 4748 Τούτους
2525 4684 2775 4749 ἅπαντας
2807 4688 2863 4741 ut
2897 4689 3013 4757 μετ’
3039 4690 3238 4753 αὐτοὺς
3263 4690 3551 4761 γενόμεναι
3589 4693 3829 4764 αἱρέσεις

2244 4774 2507 4844 δέχονται.
2540 4776 2651 4832 Hos
2675 4794 2851 4833 omnes
2876 4779 3096 4849 (inquit)
3122 4789 3315 4836 secuta:
3337 4782 3579 4852 deinceps
3606 4783 3828 4837 hmreses

2246 4869 2522 4936 recipiunt.
2544 4868 2927 4941 Proponehant
2948 4872 3111 4942 igitur
3133 4872 3323 4943 lgnatii
3349 4875 3608 4944 epistolas
3628 4875 3830 4931 Catho-

2242 4960 2354 5027 lici,
2379 4971 2637 5029 tauquam
2666 4963 2911 5019 doctoris
2931 4974 2984 5018 et
3004 4964 3187 5020 Patris
3212 4969 3413 5028 scripta
3447 4986 3460 5020 :
3488 4968 3829 5029 recipiebant

2243 5048 2482 5101 haeretici
2516 5062 2707 5101 omnes
2736 5057 2858 5116 post
2888 5048 3065 5116 ipsum
3089 5046 3285 5101 exorti.
3323 5047 3405 5099 Ab
3430 5045 3687 5100 omnibus
3722 5047 3823 5116 igi-

2243 5148 2333 5194 tur
2361 5139 2799 5209 agnoscebautur
2824 5138 3086 5207 epistolae,
3120 5154 3260 5207 quas
3285 5136 3651 5202 defendimus,
3702 5145 3820 5190 tum

2243 5233 2528 5290 catholicis
2575 5240 2690 5285 tum
2742 5231 3032 5286 haereticis.
3084 5230 3199 5285 lloc
3249 5231 3386 5285 adeo
3430 5230 3699 5284 disertum
3737 5239 3822 5285 est

2243 5330 2310 5383 de
2335 5327 2472 5383 sexti
2515 5326 2702 5381 saeculi
2746 5326 3016 5380 sententia
3070 5324 3471 5390 testimonium,
3506 5333 3565 5378 ut
3595 5337 3820 5377 necesse

2245 5436 2353 5473 non
2390 5420 2460 5474 sit
2482 5416 2748 5471 Joannem
2780 5416 3077 5470 Rhetorem
3130 5416 3374 5482 laudare,
3405 5415 3499 5485 qui
3531 5414 3634 5469 sub
3665 5411 3820 5467 Mau-

2245 5512 2371 5565 ritio
2400 5509 2653 5577 scripsit:
2681 5508 2813 5561 Τότε
2849 5508 2941 5561 xui.
2972 5506 3229 5575 Ἰγνάτιος
3261 5507 3597 5570 όθεσπέσιος
3630 5504 3814 5575 ἐπειδή

2243 5618 2326 5670 γε,
2362 5600 2437 5663 ὡς
2469 5597 2750 5662 ἐϐούλετο,
2802 5598 2969 5666 τάφον
3018 5601 3117 5664 τὰς
3163 5597 3272 5653 τῶν
3320 5597 3525 5669 θηρίων
3569 5594 3818 5665 ἐσχηκὼς

2244 5693 2516 5762 γαστέρας
2568 5692 2625 5743 ὲν
2674 5688 2751 5759 τῷ
2797 5691 2895 5761 τῆς
2960 5691 3175 5763 Ῥώμης
3229 5691 3603 5762 ἀμφιθεάτρῳ.
3673 5688 3817 5742 Tunc

2245 5786 2406 5841 etiam
2428 5781 2671 5853 Ignatius
2700 5781 2931 5847 divinus,
2968 5793 3267 5854 postquam,
3301 5794 3358 5852 ut
3394 5783 3504 5848 ipse
3550 5781 3733 5844 voluit,
3762 5782 3817 5833 in

2248 5875 2630 5948 amphitheatro
2658 5870 2917 5939 Romano,
2946 5876 3177 5945 ferarum
3216 5874 3413 5930 venires
3443 5889 3536 5927 vro
3578 5870 3815 5941 sepulcra
