4136 6404
292 422 363 475 89
1075 409 1127 464 J.
1169 398 1538 461 PEARSONll
1578 393 1901 453 VlNDlClIE
1941 384 2369 449 lGNATIANE.
2413 415 2481 424 —
2519 378 2702 435 PARS
2735 378 2777 433 l.
3493 363 3563 419 90

294 535 590 594 habuisset,
620 537 731 584 etc.
777 528 929 585 Licet
963 526 1116 590 illud,
1148 532 1206 578 ut
1244 522 1431 587 voluit;
1475 518 1542 575 ad
1574 515 1885 589 epistolam,
1917 518 1962 574 A
1990 526 2087 581 pen
2121 509 2323 577 facere;
2358 502 2446 556 sed
2482 500 2620 571 quod
2648 497 2740 552 ille
2774 492 3093 565 probaverit,
3124 488 3219 542 hoc
3252 492 3303 539 et
3343 481 3449 536 Deo
3478 496 3569 584 ac:

295 641 468 697 quam
518 620 747 690 scripsit
788 618 1038 691 lgnatius
1086 616 1156 671 ad
1182 613 1490 679 Romanos,
1533 606 1681 664 haud
1723 604 1889 660 dubie

297 694 619 780 referatur;
679 720 780 767 aut
827 708 1182 764 Auastasium
1236 704 1521 775 priorem,
1585 694 1891 753 Antiochia:

300 809 721 883 patriarcham,
761 803 908 858 libro
938 801 1016 855 De
1050 800 1208 854 rectis
1251 795 1495 853 veritatis
1535 787 1890 862 dogmatibus,

298 904 355 958 in
379 899 732 955 Bibliotheca
754 894 973 964 collegii
997 891 1172 949 nostri
1201 885 1564 955 Cantabrigiae
1594 897 1698 938 ms.
1730 894 1891 952 quem

296 992 355 1045 in
387 988 597 1043 exsilio
628 986 735 1042 sub
756 983 978 1039 Justino
1012 980 1253 1051 scripsit,
1296 977 1390 1033 ubi
1436 973 1593 1031 libris
1638 970 1895 1028 omnibus

297 1082 627 1146 destitutus,
682 1079 750 1134 de
776 1075 1001 1132 Christo
1055 1090 1124 1131 ex
1170 1070 1385 1143 Ignatio
1437 1077 1629 1124 nostro
1676 1065 1896 1120 locutus

296 1182 408 1239 σει,
461 1182 521 1225 ιιι
549 1169 754 1241 potuit,
792 1182 921 1223 cum
951 1164 1214 1237 epistolas
1241 1162 1308 1217 ad
1339 1173 1567 1216 manum
1596 1172 1706 1212 non
1729 1156 1899 1211 habe-

300 1274 383 1319 ret
417 1283 433 1317 :
477 1262 716 1333 Μορφὴν
768 1259 958 1314 δούλου
1003 1254 1402 1328 ἠμφιεσμένον,
1458 1251 1546 1305 ἵνα
1592 1249 1733 1322 λάθῃ
1765 1248 1900 1312 Θεὸς

300 1357 380 1411 ὢν
411 1355 509 1409 τὸν
542 1354 788 1426 ἄρχοντα
818 1350 915 1405 τοῦ
950 1349 1147 1412 αἰῶνος
1177 1347 1388 1410 τούτου,
1426 1345 1603 1415 forma
1631 1342 1768 1398 servi
1816 1341 1901 1393 in-

303 1450 537 1515 dutum,
590 1456 650 1500 ut
696 1445 836 1500 Deus
882 1444 1141 1499 exsistens
1183 1440 1372 1495 lateret
1411 1437 1703 1507 principem
1740 1434 1900 1503 hujus

303 1540 520 1597 seculi.

372 1653 497 1710 Non
528 1654 697 1725 longe
730 1652 801 1707 ab
832 1648 990 1704 initio
1022 1647 1240 1717 septimi
1279 1644 1467 1702 saeculi
1495 1642 1637 1697 alius
1661 1639 1902 1693 Anasta—

303 1747 423 1804 sius
455 1745 791 1813 monachus,
817 1741 1055 1805 Sinaita,
1089 1748 1144 1794 et
1177 1737 1575 1795 catholicorum
1603 1740 1659 1788 et
1688 1729 1904 1786 haereti-

305 1856 504 1896 corum
551 1836 806 1908 ejusdem
836 1834 938 1890 aevi
982 1832 1039 1887 in
1080 1828 1426 1901 agnoscendo
1468 1825 1676 1898 lgnatio
1709 1831 1903 1878 nostro

308 1946 648 1988 consensum
689 1928 892 1983 innuit.
936 1925 1104 1981 Libro
1137 1922 1285 1980 enim
1314 1934 1480 1991 quem
1529 1916 1771 1987 Ὁδηγόν
1800 1930 1836 1969 n

308 2024 565 2086 minavit,
599 2023 745 2076 inter
774 2016 1093 2075 testimonia
1124 2029 1248 2085 qua:
1274 2022 1404 2069 tunc
1439 2008 1702 2080 temporis
1728 2005 1906 2061 Theo-

311 2115 526 2171 dosiani
573 2121 629 2168 et
674 2110 946 2167 Gaianitse
982 2124 1052 2163 ex
1092 2104 1351 2160 Patribus
1389 2099 1757 2164 adducebant,
1801 2096 1907 2151 hoc

308 2207 402 2260 τοῦ
433 2204 600 2274 ἁγίου
639 2202 903 2272 Ἰγνατίου
930 2199 1233 2255 ἐπισκόπου
1271 2194 1623 2265 Ἀντιοχείας,
1652 2190 1711 2249 S.
1743 2190 1907 2262 Igna-

312 2300 373 2353 tii
403 2297 639 2367 episcopi
664 2294 987 2360 Antiochiae,
1023 2293 1226 2349 habet:
1269 2291 1497 2346 Ἐάσατε
1540 2284 1784 2361 μιμητὴν
1816 2299 1910 2353 γε·

311 2389 495 2443 νὲσθαι
529 2386 631 2441 τοῦ
665 2384 877 2449 πάθους
907 2382 1002 2438 τοῦ
1034 2380 1172 2438 Θεοῦ
1209 2400 1333 2455 μου.
1370 2379 1543 2438 Sinite
1581 2395 1663 2434 me
1702 2377 1910 2432 imitari

312 2486 615 2552 passionem
662 2478 767 2533 Dei
812 2478 944 2544 mei,
987 2491 1055 2530 ex
1097 2475 1361 2546 epistola,
1407 2473 1646 2540 scilicet,
1688 2471 1755 2526 ad
1800 2468 1912 2523 Ro-

314 2586 529 2626 manos.
564 2569 834 2640 Ejusdem
870 2568 1059 2624 saeculi
1090 2566 1368 2623 secundus
1402 2565 1579 2631 testis,
1606 2573 1660 2620 et
1686 2562 1910 2633 quidem

316 2661 824 2732 locupletissimus,
865 2670 953 2714 est
991 2658 1299 2712 Antiochus
1343 2656 1447 2712 sub
1495 2654 1747 2710 Heraclio
1788 2667 1911 2707 mo-

317 2758 527 2812 uachus
551 2754 908 2821 Palaestinus,
932 2748 1029 2822 qui
1058 2752 1125 2806 ad
1146 2750 1496 2806 Eustathium
1521 2748 1743 2818 scripsit
1765 2748 1914 2813 circa

316 2863 522 2905 annum
554 2845 687 2913 620,
712 2847 876 2915 eique
902 2844 1159 2899 homilias
1189 2857 1320 2899 suas
1346 2841 1639 2897 dedicavit.
1668 2840 1914 2906 Quarum

320 2943 421 2997 124
465 2956 596 3012 quae
653 2941 769 3011 agit
822 2936 900 2993 De
957 2937 1287 2992 veneratione
1353 2932 1719 2991 sacerdotibus
1776 2946 1917 3001 pra-

320 3036 533 3101 standa,
581 3034 704 3088 haec
743 3030 903 3086 nobis
932 3044 964 3084 e
995 3026 1055 3083 S.
1081 3027 1289 3099 lgnatio
1316 3026 1570 3096 decerpta
1611 3023 1815 3081 tradit:
1858 3023 1917 3076 Ὀ

323 3120 879 3208 θεοφόροςςίγνάτιος
904 3119 1233 3183 ἐπιστέλλει,
1260 3117 1435 3187 λέγων
1456 3134 1468 3144 ’
1491 3116 1579 3183 Τῷ
1607 3115 1920 3178 ἑπισκόπῳ

324 3203 675 3285 προσέχετε,
706 3214 811 3267 ινα
847 3210 948 3264 καὶ
975 3213 1008 3265 ό
1042 3208 1187 3275 Θεὸς
1210 3208 1373 3277 ὑμῖν.
1415 3207 1781 3275 Ἀντίψ-υχον
1803 3203 1921 3274 ἐγὼ
1947 3236 1988 3295 c

324 3307 403 3373 τῷ
420 3301 907 3372 ὑποτασσομένῳ
929 3300 1070 3371 (lege
1082 3298 1191 3352 τῶν
1215 3296 1690 3367 ὑποτασσομένων,
1706 3311 1773 3351 ne
1793 3309 1923 3350 cum

326 3398 627 3453 Tilmanno
662 3395 960 3464 interprete
994 3393 1066 3445 ita
1097 3390 1318 3454 reddas,
1349 3405 1555 3443 recreor
1586 3389 1644 3442 in
1680 3389 1924 3457 episcopo

327 3491 415 3559 qui
447 3488 583 3541 mihi
611 3486 935 3555 subrogatus
956 3482 1093 3552 est),
1126 3480 1459 3543 ἑπισκόπῳ,
1498 3478 1928 3547 πρεσϐυτέροις

329 3598 391 3637 τε
413 3581 518 3635 καὶ
537 3578 869 3643 διακόνοιςο
896 3574 1023 3645 μετ’
1048 3573 1246 3629 αὐτῶν
1268 3590 1371 3644 μοι
1398 3571 1463 3626 τὸ
1487 3571 1670 3642 μέρος
1695 3570 1925 3641 γένοιτο

329 3678 497 3745 ἔχειν*
526 3674 602 3727 ἐν
653 3669 797 3736 Θεῷ.
838 3667 1083 3739 Ignatius
1136 3666 1471 3736 Theophorus
1520 3680 1614 3734 per
1646 3663 1928 3733 epistolam

330 3769 463 3821 dicit
491 3782 509 3819 :
556 3783 579 3817 ι
608 3763 870 3833 Episcopo
899 3760 1177 3827 attendite,
1214 3769 1271 3813 ut
1297 3767 1346 3813 et
1372 3756 1513 3810 Deus
1540 3754 1706 3811 vobis.
1732 3754 1927 3808 Anima

332 3876 451 3913 mea
503 3873 603 3927 pro
647 3856 740 3921 iis,
778 3856 868 3925 qui
901 3854 1164 3923 episcopo,
1214 3849 1557 3921 presbyteris,
1594 3858 1644 3903 et
1688 3846 1929 3902 diaconis

331 3966 538 4006 morem
575 3956 805 4020 gerunt:
832 3961 955 3999 cum
988 3943 1101 3998 illis
1146 3941 1439 4012 portionem
1477 3938 1669 3995 habere
1700 3939 1833 3993 mihi
1874 3939 1931 3993 in

334 4044 450 4100 Deo
480 4013 814 4111 contingat.»
849 4036 977 4092 Haec
1001 4042 1183 4090 autem
1218 4034 1274 4089 in
1305 4032 1546 4104 Epistola
1570 4032 1639 4087 ad
1670 4013 1932 4102 Pol'ycar-

336 4151 471 4208 pum
501 4142 725 4189 exstant
750 4175 762 4186 .
796 4130 909 4186 Kal.
938 4124 1121 4192 αὖθις·
1157 4125 1399 4195 Μάρτυς
1441 4141 1566 4194 μοι,
1596 4124 1667 4178 ἐν
1693 4121 1739 4188 ᾧ
1768 4120 1933 4176 δέδε-

337 4246 466 4293 aut,
496 4227 591 4282 ὅτι
620 4225 740 4281 ἀπὸ
769 4221 998 4292 σαρκός
1031 4219 1414 4289 ἀνθρωπίνης
1456 4217 1571 4271 οὐκ
1614 4216 1807 4285 ἔγνων
1828 4231 1841 4245 ·
1867 4211 1936 4268 τὸ

338 4312 1035 4385 δὲΠνεῦμαέκήρυσσεν
1049 4308 1397 4382 λέγον-τάδε·
1437 4306 1626 4375 Χωρὶς
1660 4304 1766 4360 τοῦ
1804 4305 1935 4360 ἐπι-

338 4410 587 4465 σκόπου
618 4404 813 4476 μηδὲν
856 4402 1094 4457 ποιεῖτε.
1128 4399 1201 4454 Ει
1242 4414 1466 4454 rursus:
1504 4417 1523 4451 ι
1557 4396 1728 4453 Testis
1774 4397 1934 4462 mihi,

339 4504 395 4559 in
428 4518 535 4573 quo
566 4502 773 4555 vinctus
807 4513 949 4561 sum,
982 4495 1121 4567 quod
1150 4510 1215 4550 ea:
1243 4509 1400 4548 carne
1428 4492 1663 4546 humana
1711 4508 1815 4546 non
1842 4507 1939 4544 no-

1990 613 2215 675 ceptum,
2239 615 2305 654 ex
2333 596 2545 652 eadem.
2588 593 2646 645 Ὁ
2678 589 2769 644 τὸν
2803 588 3098 641 ἐπίσκοπον
3130 580 3304 651 τιμῶν
3337 576 3442 631 ὑπὸ
3474 572 3569 628 τοῦ

1989 664 2124 751 Θεοῦ
2158 664 2413 763 τιμᾶταιο
2450 689 2478 741 ὁ
2510 684 2684 756 λάθρα
2734 678 3031 735 ἐπισκόπου
3078 692 3133 729 τι
3184 669 3445 744 πράσσων
3493 664 3571 735 τῷ

1991 756 2228 857 διαϐόλῳ·
2252 778 2524 853 λατρεύει.
2546 777 2651 844 Qui
2670 774 2971 845 episcopum
3002 769 3246 827 honorat,
3278 779 3310 816 a
3339 760 3448 814 Deo
3479 756 3573 810 ho-

1993 849 2249 940 noratur;
2288 849 2378 944 qui
2419 870 2556 925 clam
2583 867 2824 937 episcopo
2865 859 3069 931 aliquid
3116 856 3267 927 facit,
3301 849 3574 906 diabolum

1996 969 2143 1032 colit,
2172 981 2239 1022 ex
2270 964 2483 1020 eadem.
2520 959 2841 1028 Ἀναγκαῖον
2890 952 2948 1006 δέ
2987 954 3135 1005 ἐστιν
3172 940 3575 1000 ὑποτάσσεσθαι

1997 1059 2091 1116 καὶ
2123 1057 2200 1129 τῷ
2232 1053 2630 1128 πρεσϐυτερίῳ,
2650 1050 2725 1114 ὡς
2757 1045 3074 1106 ἀποστόλοις
3106 1038 3279 1112 Ἰησοῦ
3316 1032 3576 1108 Χριστοῦ,

1998 1152 2097 1222 τῆς
2129 1128 2343 1211 ἐλπίδος
2376 1144 2575 1218 ήμῶν,.
2602 1182 2615 1197 .
2643 1181 2657 1194 .
2685 1181 2700 1195 .
2726 1180 2741 1193 .
2767 1179 2780 1192 .
2804 1136 2946 1192 κατὰ
2978 1134 3155 1188 πάντα
3183 1130 3379 1202 τρόπον
3413 1128 3580 1179 πᾶσιν

1999 1217 2288 1315 ἀρέσκεινο
2337 1217 2558 1309 οὒίγὰρ
2611 1232 2914 1307 βρωμάτων
2960 1227 3053 1283 καὶ
3120 1222 3379 1293 πομάτων
3444 1217 3582 1270 εἰσὶν

1999 1304 2232 1391 δίάκονοι
2256 1374 2271 1399 ,
2306 1331 2441 1387 ἀλλὰ
2463 1304 2805 1399 -Ἱέκκλήσίας
2836 1321 2970 1377 Θεοῦ
3005 1317 3306 1389 ὑπηρέται*
3342 1312 3458 1365 δέον
3492 1304 3584 1362 οὖν

2003 1431 2151 1482 ἐστιν
2186 1428 2385 1490 αὐτοὺς
2429 1419 2797 1495 φυλάσσεσθαι
2839 1416 2909 1470 τὰ
2959 1412 3278 1483 ἐγκλήματα
3309 1405 3385 1468 ὼς
3432 1401 3582 1475 πῦρο

2001 1521 2203 1593 ὁμοίως
2253 1494 2454 1581 πάντεξ
2506 1510 2955 1586 ἐντρεπὲσθωσαν
3006 1504 3131 1567 τοὺς
3182 1499 3463 1559 διακόνους
3512 1494 3586 1557 ὡς

2016 1588 2220 1685 ’ίησοῦν
2252 1609 2506 1682 Χριστὸν,
2542 1607 2636 1661 καὶ
2668 1605 2758 1659 τὸν
2790 1601 3087 1656 ἐπίσκοπον
3119 1595 3193 1658 ὼς
3227 1592 3318 1646 τὸν
3353 1588 3586 1659 πατέρα,

2002 1706 2128 1770 τοὺς
2167 1704 2223 1758 δὲ
2272 1700 2673 1775 πρεσϐυτέρους
2721 1696 2798 1759 ὡς
2851 1691 3125 1763 συνέδριον
3175 1682 3333 1749 Θεοῦ,
3370 1680 3464 1735 καὶ
3514 1677 3592 1741 ὡς

2004 1766 2199 1866 δεσμὸν
2248 1766 2560 1846 ἀποστόλων
2579 1805 2591 1818 ·
2665 1783 2834 1858 χωρὶς
2900 1779 3105 1835 τούτων
3169 1769 3464 1843 Ἐκκλησία
3528 1766 3593 1819 οὐ

1840 1858 1903 1970 2,:
1934 1895 1977 1951 B
2006 1885 2274 1942 καλεῖται.
2315 1882 2539 1937 Necesse
2573 1879 2740 1950 igitur
2774 1884 2850 1930 est
2889 1871 3055 1945 (non,
3086 1869 3329 1939 episcopo
3370 1858 3594 1929 subjecti

2005 1986 2064 2033 ut
2093 1978 2201 2032 sint
2245 1976 2404 2031 etiam
2442 1969 2755 2044 presbyteri,
2781 1976 2839 2020 ut
2865 1973 2914 2020 et
2942 1960 3170 2032 apostoli
3200 1957 3329 2011 Jesu
3359 1951 3593 2015 Christo,

2006 2069 2087 2125 uti
2121 2067 2357 2139 pessime
2382 2062 2669 2120 transtulit
2695 2057 3042 2118 Tilmannus,
3068 2051 3185 2120 sed)
3213 2045 3406 2116 subjici
3433 2044 3597 2098 etiam

2006 2159 2353 2233 presbyterio,
2392 2165 2450 2210 ut
2493 2150 2746 2224 apostolis
2787 2148 2915 2203 Jesu
2959 2143 3195 2207 Christi,
3234 2139 3325 2211 qui
3366 2144 3443 2191 est
3481 2148 3595 2203 spes

2009 2262 2192 2307 nostra
2211 2292 2225 2306 .
2250 2291 2263 2305 .
2284 2290 2299 2305 .
2320 2291 2332 2304 .
2356 2288 2370 2303 .
2395 2288 2409 2302 .
2434 2246 2578 2302 omni
2608 2243 2762 2297 modo
2785 2238 3026 2295 omnibus
3063 2235 3290 2305 placere.-
3316 2229 3439 2283 Non
3459 2226 3600 2280 enim

2010 2352 2132 2400 sunt
2183 2341 2572 2397 esculentorum
2617 2344 2666 2390 et
2730 2333 3129 2404 poculentorum
3195 2320 3465 2381 ministri,
3509 2316 3598 2371 sed

2012 2436 2267 2492 Ecclesia:
2297 2433 2395 2488 Dei
2429 2430 2585 2487 servi.
2616 2429 2831 2499 Oportet
2874 2424 3040 2493 igitur
3068 2436 3154 2473 eos
3183 2419 3352 2471 vitare
3376 2410 3601 2467 crimina

2011 2529 2228 2585 perinde
2273 2543 2334 2582 ac
2380 2527 2574 2597 ignem.
2625 2519 2891 2577 Similiter
2926 2524 2976 2570 et
3027 2527 3205 2569 omnes
3268 2511 3604 2562 revereautur

2013 2624 2287 2686 diaconos,
2328 2626 2387 2671 ut
2430 2615 2618 2671 Jesum
2660 2612 2955 2675 Christum,
2987 2618 3038 2661 et
3071 2604 3374 2674 episcopum
3404 2607 3461 2651 ut
3502 2612 3602 2665 pa-

2016 2725 2170 2780 trem,
2202 2711 2534 2783 presbyteros
2570 2715 2746 2761 autem
2776 2713 2833 2758 ut
2873 2697 3158 2757 concilium
3201 2693 3320 2760 Dei,
3344 2701 3393 2746 et
3424 2690 3605 2743 vincu-

2015 2807 2126 2861 lum
2165 2803 2549 2875 apostolorum.
2575 2796 2702 2854 Sine
2729 2797 2809 2850 his
2841 2792 3083 2847 Ecclesia
3109 2804 3211 2842 non
3244 2793 3497 2845 vocatur;
3539 2794 3605 2832 ex

2016 2898 2229 2954 eadem.
2258 2895 2481 2950 Lacuna
2516 2900 2703 2948 autem
2739 2886 2882 2959 apud
2915 2880 3247 2939 Antiochum
3280 2876 3437 2931 facile
3478 2886 3607 2941 sup-

2018 2993 2195 3064 pletur
2223 3006 2291 3046 ex
2330 2987 2565 3060 lgnatio.

2091 3084 2255 3141 Circa
2288 3081 2531 3136 medium
2570 3076 2735 3147 hujus
2761 3073 2861 3129 εεινί
2900 3069 3173 3141 praecipue
3206 3062 3410 3121 claruit
3436 3056 3600 3114 Μυῖα

2024 3190 2148 3230 mus
2173 3172 2364 3237 abbas,
2398 3167 2682 3226 confessor
2707 3173 2761 3219 et
2791 3170 3018 3233 martyr,
3058 3157 3153 3229 qui
3202 3152 3503 3225 Epistolam
3543 3148 3606 3204 ad

2026 3266 2310 3322 Romanos
2341 3259 2611 3333 agnoscit,
2638 3268 2873 3325 eamque
2904 3250 3089 3307 statim
3127 3256 3254 3303 ante
3285 3241 3607 3313 martyrium

2025 3358 2287 3428 scriptam
2330 3331 2656 3416 conﬁtetur;
2698 3348 2827 3401 licet
2870 3359 2934 3399 ea
2966 3339 3239 3397 sententia
3292 3337 3359 3391 de
3393 3331 3607 3401 scriptis

2026 3423 2220 3521 lgnatii
2260 3463 2293 3503 a
2323 3453 2439 3501 tota
2474 3439 2722 3498 Ecclesia
2770 3443 2986 3505 recepta
3017 3432 3193 3503 ipsius
3226 3425 3514 3484 sententiae
3543 3423 3608 3477 de

2024 3516 2424 3613 Areopagiticis
2462 3537 2624 3606 plane
2664 3534 3017 3601 repugnaret,
3060 3535 3296 3592 eumque
3338 3517 3406 3573 ad
3448 3516 3609 3570 miras

2027 3632 2342 3707 angustias,
2385 3638 2442 3684 et
2486 3624 2685 3695 etl'ugia
2733 3628 2891 3676 tanto
2934 3618 3053 3672 viro
3112 3627 3341 3685 prorsus
3393 3607 3611 3677 indigno

2030 3696 2503 3793 redigeret.7Nunc
2529 3715 2675 3770 enim
2707 3709 2978 3784 lgnatium
3004 3713 3303 3774 martyrem
3334 3696 3467 3752 facit
3494 3703 3612 3749 ante

2031 3787 2448 3873 Domitianum:
2505 3807 2654 3880 quod
2701 3805 2750 3861 si
2794 3816 2988 3859 verum
3029 3805 3195 3863 esset,
3225 3791 3461 3863 objectio
3491 3787 3601 3842 Dio

2033 3907 2280 3982 nysianis
2304 3903 2450 3959 facta
2478 3914 2709 3972 prorsus
2738 3900 3110 3951 evanesceret.
3142 3887 3250 3943 Sed
3280 3899 3405 3940 cum
3430 3896 3614 3937 omnes

2034 4004 2241 4060 scirent
2266 4014 2394 4055 eum
2420 3995 2524 4053 sub
2549 3991 2791 4063 Trojano
2817 3985 3141 4058 martyrium
3174 3979 3429 4044 subiisse,
3461 3988 3602 4045 agno

2036 4103 2319 4165 sceretque
2354 4091 2470 4162 ipse
2500 4088 2734 4158 scriptas
2774 4082 2947 4138 fuisse
2970 4079 3073 4135 sub
3115 4074 3397 4139 Onesimo,
3437 4068 3597 4123 Timo

2036 4189 2148 4244 tbei
2173 4200 2516 4248 successore,
2541 4196 2665 4237 cum
2697 4175 3030 4248 Dionysiana
3057 4168 3344 4225 Timotheo
3376 4162 3620 4219 dedicata

2038 4283 2180 4342 sint;
2216 4277 2520 4349 respondit,
2550 4285 2611 4330 ut
2642 4271 2844 4344 potuit,
2876 4268 3076 4340 primo,
3099 4263 3265 4319 verba
3291 4256 3481 4331 lgnatii
3516 4270 3622 4309 non

2042 4381 2217 4436 fuisse
2244 4378 2313 4434 ab
2345 4379 2466 4449 ipso
2498 4373 2763 4445 Dionysio
2791 4369 3017 4440 scripta,
3055 4365 3150 4421 sed
3187 4364 3255 4418 ab
3293 4361 3477 4431 aliquo
3504 4364 3609 4412 stu-

2039 4474 2198 4529 dioso
2249 4478 2441 4543 postea
2488 4469 2737 4531 inserta;
2796 4461 3064 4527 secundo,
3107 4458 3236 4528 quia
3300 4455 3407 4509 hoc
3458 4451 3624 4522 gratis

340 4598 543 4660 mim,‘
584 4593 817 4663 Spiritus
854 4600 1030 4644 autem
1058 4586 1395 4658 ρνωάὶσαυίε,
1422 4586 1535 4639 hac
1562 4584 1741 4638 dicem
1765 4597 1784 4635 ,-
1814 4580 1939 4637 Sine
1970 4582 2015 4638 ι)
2042 4567 2249 4621 dictum
2277 4577 2400 4619 esse
2437 4560 2710 4624 videatur,
2738 4555 2904 4610 verba
2945 4553 3078 4607 illa:
3112 4552 3277 4604 Amor
3322 4562 3466 4600 meus
3507 4559 3618 4597 cru.

340 4691 595 4759 episcopo
625 4685 760 4741 nihil
790 4685 970 4755 facite.
995 4702 1013 4736 ι
1044 4683 1179 4751 Qum
1206 4681 1434 4737 totidem
1462 4678 1686 4751 syllabis
1712 4677 1769 4731 in
1809 4675 1937 4747 Epi-

343 4783 494 4839 stola
535 4780 607 4836 ad
656 4776 1141 4846 Philadelphenses
1184 4774 1477 4844 leguntur.
1514 4768 1636 4842 Χρὴ
1666 4763 1761 4822 οὖν
1808 4767 1937 4821 ἄνευ

341 4872 447 4931 τοῦ
480 4870 785 4925 ἐπισκόπου
823 4866 986 4939 μηδὲν
1018 4863 1284 4939 πράσσειν
1316 4863 1486 4934 ἡμᾶς.
1526 4858 1744 4929 Oportet
1776 4858 1941 4926 igitur

346 4982 447 5024 nos
487 4964 622 5018 nihil
653 4964 768 5015 sine
809 4961 1049 5029 episcopo
1081 4958 1274 5027 facere,
1307 4970 1375 5010 ex
1412 4952 1655 5023 Epistola
1684 4950 1752 5004 ad
1784 4948 1943 5003 Tral-

344 5062 552 5116 lianos.
589 5056 767 5107 Ὅπου
793 5053 903 5125 γὰρ
936 5050 999 5104 ἂν
1033 5052 1175 5121 φανῇ
1212 5047 1529 5110 ἐπίσκοπος,
1566 5045 1682 5097 ἐκεῖ
1711 5042 1773 5095 τὸ
1806 5040 1943 5111 πλῆ-

345 5152 447 5213 Θος
480 5150 627 5221 ῆτωο
665 5145 855 5218 ὥσπερ
884 5145 1019 5197 ὅπου
1037 5142 1103 5197 ἂν
1132 5138 1410 5212 ὀνομασθῇ
1446 5137 1679 5210 Χριστὸς
1711 5132 1940 5207 ’Ῑησοδςν

346 5245 474 5301 ἐκεῖ
507 5244 543 5313 ή
577 5239 838 5311 καθολικὴ
883 5236 1179 5308 Ἐκκλησία
1220 5233 1628 5302 ἐπισυνάγεται.
1671 5229 1771 5285 Ubi
1804 5229 1946 5283 enim

348 5335 716 5404 conspicietur
748 5334 930 5386 adesse
974 5330 1271 5399 episcopus,
1316 5328 1388 5380 ibi
1418 5324 1707 5379 multitudo
1739 5323 1808 5376 sit
1837 5338 1856 5375 :
1886 5330 1945 5376 ut

349 5430 448 5485 ubi
478 5429 789 5482 nominatur
818 5423 1064 5480 Christus
1102 5421 1282 5485 Iesus,
1308 5418 1382 5473 ibi
1410 5416 1675 5472 catholica
1710 5413 1948 5469 Ecclesia

350 5521 591 5589 cogitur,
635 5532 703 5571 ex
750 5514 994 5585 Epistola
1043 5513 1112 5567 ad
1163 5510 1501 5580 Smyrnams.
1555 5507 1670 5560 Οὐκ
1703 5504 1823 5571 ἐξὸν
1853 5497 1948 5557 οὖν

350 5616 509 5666 ἐστιν
543 5609 712 5681 χωρὶς
743 5607 838 5661 τοῦ
874 5605 1173 5659 ἐπισκόπου
1224 5603 1348 5657 οὔτε
1384 5599 1620 5671 βαδίζειν
1653 5599 1725 5669 (l.
1757 5596 1950 5668 βαπτί-

353 5702 475 5769 ζειν
508 5717 574 5755 ex
612 5716 714 5755 ms.
746 5698 1069 5765 Oxoniensi)
1101 5695 1224 5748 οὔτε
1270 5695 1495 5763 ἀγάπην
1527 5695 1703 5746 ποιεῖν
1725 5708 1738 5721 ’
1776 5689 1888 5743 ἀλλ’
1920 5688 1949 5741 ὃ

352 5793 429 5848 ἂν
461 5792 668 5854 ἐκεῖνος
700 5786 979 5858 δοκιμάσῃ
1001 5825 1016 5849 ,
1052 5782 1210 5837 τοῦτο
1260 5782 1354 5837 καὶ
1403 5779 1484 5851 τῷ
1532 5777 1651 5848 Θεῷ
1700 5776 1948 5848 ἀρεστόν.

358 5882 487 5939 Non
518 5886 682 5955 igitur
707 5885 831 5941 licet
862 5883 978 5938 sine
1006 5880 1249 5952 episcopo
1282 5878 1359 5935 vel
1392 5876 1688 5949 baptizare,
1725 5872 1803 5929 vel
1832 5889 1952 5947 aga-

2038 4658 2229 4728 ci/ixus
2274 4665 2385 4722 est,
2430 4651 2630 4722 saapius
2678 4648 2846 4704 fuisse
2889 4645 2957 4700 ab
3000 4642 3208 4715 Ignatio
3243 4649 3356 4694 tum
3403 4639 3458 4690 in
3507 4650 3626 4690 sere

2040 4727 2206 4806 mone
2239 4757 2355 4804 tum
2395 4746 2453 4801 in
2484 4742 2704 4813 scriptis
2746 4746 3012 4808 usurpata
3059 4732 3380 4797 hariolatur,
3427 4727 3627 4797 Diony-

2042 4845 2298 4913 siumque
2327 4854 2440 4895 non
2479 4836 2549 4893 ad
2582 4836 2680 4890 has
2719 4830 3004 4903 epistolas,
3048 4827 3144 4883 sed
3175 4824 3241 4879 ad
3282 4823 3389 4877 alia
3426 4821 3628 4888 scripta

2042 4911 2384 5006 respesisse,
2440 4939 2496 4987 et
2565 4916 2835 4983 ratidnem
2897 4921 3116 4994 qualem
3168 4915 3385 4987 qualem
3455 4911 3627 4969 addit.

2044 5032 2354 5104 Τεκμήριον
2386 5028 2443 5082 δέ
2492 5026 2553 5081 τὸ
2588 5024 2665 5097 μὴ
2714 5017 3106 5095 προσκεῖσθαι·
3143 5009 3367 5082 Γράφει
3395 5006 3462 5062 δέ
3484 5022 3629 5070 τισι,

2044 5097 2287 5183 τουτέστι
2332 5119 2652 5193 Ῥωμαίοις,
2687 5114 2803 5169 ἀλλ’
2837 5110 3023 5175 ἁπλῶς
3045 5127 3059 5141 ο
3106 5110 3157 5163 Γ
3153 5104 3333 5175 ράφει
3367 5097 3569 5193 δὲκαὶ
3599 5100 3633 5159 d

2045 5215 2201 5281 θεῖος
2228 5190 2537 5282 Ἰγνάτιος.
2577 5204 2754 5274 Hujus
2786 5203 2863 5257 rei
2878 5200 3136 5255 indicium
3167 5211 3297 5259 esse,
3321 5191 3459 5263 quod
3490 5190 3630 5259 apud

2047 5280 2364 5376 Dionysium
2395 5317 2499 5355 non
2529 5297 2801 5353 addantur
2829 5292 2934 5357 illi,
2987 5290 3055 5343 ad
3092 5304 3219 5358 quos
3246 5284 3431 5340 scribit
3466 5280 3634 5352 lgna.

2051 5375 2420 5457 tiusrscilicet
2469 5390 2735 5454 Romani;
2776 5387 2866 5441 sed
2908 5381 3225 5452 simpliciter
3269 5378 3471 5432 dictum
3513 5375 3631 5429 sit:

2056 5497 2250 5561 Scribit
2298 5496 2476 5542 autem
2518 5485 2727 5538 divinus
2768 5477 3039 5550 Ignatius.
3089 5473 3291 5543 Aperte
3339 5469 3506 5540 igitur
3554 5478 3635 5521 te~

2052 5594 2227 5642 statur
2252 5580 2546 5645 Maximus,
2570 5575 2735 5631 etiam
2765 5588 2890 5628 cum
2922 5585 2987 5625 ea
3015 5566 3367 5623 confessione
3398 5562 3632 5618 nimium

2051 5684 2413 5749 premeretur,
2460 5670 2519 5725 S.
2560 5666 2831 5738 lgnatium
2881 5661 3144 5732 epistolas
3183 5672 3324 5728 quas
3368 5655 3635 5709 habemus

2054 5772 2157 5829 sub
2198 5765 2462 5824 Onesimo
2493 5760 2803 5831 scripsisse,
2834 5764 2889 5811 et
2915 5753 3079 5809 verba
3118 5750 3251 5807 illa:
3285 5749 3450 5803 Amor
3488 5758 3632 5797 meus

2056 5862 2344 5933 cruciﬁxus
2402 5865 2511 5928 est,
2563 5853 2620 5910 in
2670 5849 2910 5925 Epistola
2958 5846 3027 5904 ad
3072 5843 3351 5903 Romanos
3397 5834 3633 5902 genuina
