4136 6436
563 433 624 489 91
1593 435 1648 488 S.
1694 434 2043 490 lGNATlUS.
2083 468 2147 476 -——
2189 433 2716 524 PROPEGOMENA.

3765 420 3843 476 9‘2

563 551 733 606 fuisse
773 551 998 620 scripta.
1042 549 1186 604 ldem
1221 550 1272 602 in
1309 550 1461 604 Locis
1510 553 1871 605 communibus
1934 552 2046 605 haec
2076 568 2141 604 ex
2173 559 2215 613 Α
2245 553 2531 622 quidquam
2567 567 2746 605 eorum
2783 567 2899 620 qua:
2947 551 3014 603 ad
3056 547 3351 601 Ecclesium
3387 541 3640 604 attinent,
3682 541 3840 592 citra

561 638 769 709 lgnatio
804 640 1045 708 excerpit
1073 659 1084 693 :
1118 639 1322 692 Τέλειοι
1355 640 1504 702 ὄντες
1537 640 1717 692 τέλεια
1752 643 2014 710 φρονεῖτε,
2053 639 2140 692 θέ-

561 731 742 788 λωσιν
801 735 908 804 γὰρ
957 735 1082 802 ὑμῖν
1136 726 1456 803 εὖπράττειν
1506 733 1636 795 Θεὸς
1689 734 1903 802 ἕτοιμος
1955 734 2032 794 εἰς
2084 733 2142 784 τὸ

561 824 840 895 παρέχειν.
881 823 984 888 Qui
1032 826 1251 892 perfecti
1290 825 1411 876 estis
1458 825 1688 891 perfecta
1730 824 1926 890 sapite;
1968 822 2142 875 volen-

561 916 700 970 tibus
742 917 882 970 enim
918 917 1060 970 vobis
1098 916 1222 969 bene
1267 933 1418 985 agere
1458 916 1596 969 Deus
1639 926 1858 984 paratus
1888 924 1964 967 est
2005 931 2142 983 prte-

560 1006 695 1074 bere,
719 1024 785 1062 ex
813 1007 1050 1077 Epistula
1082 1009 1148 1061 ad
1176 1007 1508 1076 Smyrnmos.

631 1098 774 1154 lluic
809 1100 1048 1169 adiungo
1098 1099 1446 1152 Theodorum
1494 1099 1902 1167 presbyterum,
1948 1098 2140 1152 Photiu

558 1188 614 1242 in
647 1189 826 1260 primo
858 1190 1046 1244 codice
1075 1188 1423 1241 Bibliotheca:
1449 1204 1560 1241 suae
1591 1198 1973 1252 memoratum,
2005 1205 2141 1257 quu-

560 1284 708 1334 niam
743 1297 866 1335 eum
904 1281 1073 1333 fuisse
1121 1280 1466 1333 Theodorum
1515 1278 1713 1331 Raithu
1757 1279 1976 1332 Maximi
2008 1297 2137 1350 syn-

561 1373 833 1426 chronum
872 1373 1120 1440 suspicor
1145 1391 1157 1424 :
1186 1371 1277 1441 qui
1320 1373 1520 1424 librum
1556 1372 1886 1440 singularem
1919 1386 1984 1424 ex
2014 1386 2140 1439 pro-

559 1461 707 1516 fesso
751 1464 1080 1532 composuit,
1128 1479 1238 1531 quo
1270 1463 1557 1516 ostendere
1589 1471 1819 1516 conatus
1862 1473 1977 1528 est,
2016 1462 2140 1515 licet

558 1555 852 1610 infeliciter
894 1556 1012 1610 sine
1053 1556 1239 1620 dubio,
1275 1564 1334 1608 ut
1383 1564 1437 1608 et
1484 1555 1773 1620 Maximus,
1817 1570 2138 1625 germanum

556 1661 678 1701 esse
726 1645 782 1702 ὃ.
817 1647 1058 1716 Dionysii
1107 1647 1445 1716 Areopagitae
1494 1662 1661 1715 opus,
1703 1655 1757 1699 et
1803 1645 2138 1714 argumentis

557 1735 614 1789 in
654 1737 991 1791 contrarium
1025 1738 1203 1792 allatis
1247 1747 1407 1807 prout
1452 1737 1626 1806 potuit
1668 1737 1966 1804 respondit,
2009 1750 2139 1805 quo-

556 1844 680 1882 rum
716 1844 908 1893 unum,
943 1837 1077 1882 teste
1113 1828 1330 1894 Photio,
1363 1829 1469 1883 huc
1505 1838 1624 1882 erat
1653 1847 1664 1880 :
1702 1827 1826 1890 Πῶς
1863 1827 2136 1897 μέμνηται

555 1919 657 1987 τῆς
706 1918 799 1971 τοῦ
835 1919 1091 1990 θεοφόρου
1142 1920 1401 1987 Ίγνατίου
1453 1918 1739 1987 ἐπιστολῆς
1787 1919 1819 1987 ή
1859 1915 2066 1986 βίϐλος
2114 1917 2142 1968 ὁ
2173 1902 2215 1957 Β

559 2012 657 2081 μὲν
697 2012 805 2084 γὰρ
854 2011 1127 2076 Διονύσιος
1177 2016 1290 2074 τοῖς
1339 2012 1446 2064 τῶν
1500 2011 1811 2064 ἀποστόλων
1863 1996 2139 2079 ἐνήκμασε

554 2104 796 2174 χρόνοις,
846 2103 1105 2172 Ἰγνάτιος
1155 2103 1210 2156 δὲ
1255 2103 1345 2156 ἐπὶ
1381 2102 1652 2174 Τραϊανοῦ
1686 2102 1774 2154 τὸν
1808 2100 1896 2154 διὰ
1934 2116 2141 2170 μαρτυ-

554 2194 669 2265 ρίου
704 2193 934 2264 ἧθλησεν
985 2195 1191 2262 ἀγῶνα,
1232 2194 1290 2256 ὃς
1324 2194 1418 2248 καὶ
1454 2194 1559 2265 πρὸ
1595 2192 1766 2264 βραχὺ
1818 2191 1914 2262 τῆς
1954 2190 2139 2243 τελευ-

551 2287 650 2356 τῆς
698 2286 898 2358 ταύτην
952 2287 1272 2358 ἐπιστολὴν,
1325 2283 1392 2358 ἦς
1440 2290 1472 2356 ἡ
1535 2286 1715 2357 βίϐλος
1773 2283 2136 2356 μνημονεύει,

551 2377 771 2447 γράφει.
811 2377 1086 2442 Quomodo
1117 2379 1282 2431 divini
1320 2377 1522 2447 Ignatii
1566 2377 1846 2447 epistolam
1884 2375 2016 2428 liber
2051 2375 2140 2428 ille

551 2471 729 2524 citat?
771 2468 1059 2539 Dionysius
1092 2472 1230 2524 enim
1271 2471 1635 2538 apostolorum
1677 2468 1995 2538 temporibus
2039 2469 2142 2537 ﬂo-

551 2564 682 2626 ruit,
716 2560 963 2631 lgnatius
997 2573 1173 2615 autem
1201 2563 1295 2616 sub
1332 2562 1567 2631 Trajano
1599 2563 1844 2631 martyrii
1877 2571 2139 2614 certamen

552 2652 794 2716 certavit,
825 2661 875 2704 et
903 2653 1064 2721 paulo
1095 2664 1217 2706 ante
1250 2663 1465 2706 mortem
1503 2653 1639 2706 hanc
1678 2655 1954 2722 epistolam
1981 2669 2140 2724 quam

551 2743 686 2797 liber
709 2743 797 2796 ille
823 2745 984 2808 citat,
1015 2747 1347 2812 conscripsit.

624 2834 749 2891 Haec
794 2848 972 2890 autem
1015 2853 1044 2890 e
1089 2835 1327 2888 Maximo
1371 2847 1423 2889 et
1479 2834 1766 2890 Theodoro
1821 2837 2138 2906 deprompta

552 2943 664 2982 non
714 2937 844 2983 sunt
893 2929 1127 2982 duorum
1183 2936 1396 2982 tantum
1455 2928 1739 2982 hominum
1789 2930 1932 2982 nuda
1979 2929 2136 2983 testi—

552 3019 767 3084 monia,
814 3020 908 3073 sed
956 3019 1201 3088 ejusdem
1254 3020 1437 3072 smeuli
1487 3021 1802 3073 communia
1857 3020 2137 3089 sull‘ragia.

551 3107 689 3162 Cum
734 3110 878 3162 enim
927 3109 1099 3178 priori
1140 3125 1256 3163 azvu
1293 3110 1531 3163 haeretici
1583 3111 1963 3163 auctoritatem
2007 3109 2137 3162 Dio-

551 3205 692 3276 nysii
724 3215 1001 3276 urgerent,
1031 3220 1151 3275 qua:
1180 3205 1400 3274 quidem
1434 3220 1580 3258 nunc
1621 3220 1649 3256 a
1693 3205 1980 3258 catholicis
2013 3204 2137 3273 reji-

552 3307 788 3365 ceretur,
817 3314 966 3352 nunc
991 3298 1358 3367 reciperetur;
1393 3298 1495 3352 hoc
1523 3297 1742 3351 demum
1770 3298 1970 3350 saeculo
1997 3297 2136 3350 inter

555 3389 708 3458 ipsos
736 3390 1037 3444 catholicos
1068 3391 1266 3443 acriter
1291 3390 1628 3458 disputatum
1653 3398 1756 3455 est,
1788 3404 1855 3441 an
1879 3402 1943 3442 ea
1974 3402 2137 3456 opera

549 3491 735 3537 essent
780 3483 882 3552 ipsi
931 3481 1272 3552 Areopagitae
1313 3481 1638 3535 tribuenda?
1687 3480 1791 3545 Qui
1837 3480 2136 3550 negabant,

551 3572 657 3627 huc
682 3574 825 3628 inter
853 3574 958 3628 alia
993 3582 1316 3644 argumento
1363 3573 1679 3635 utebantur,
1709 3581 1984 3626 auctorem
2015 3571 2139 3624 libri

550 3664 630 3718 De
671 3666 865 3719 divinis
919 3667 1220 3720 nominibus
1270 3665 1470 3719 cita‘ssc
1507 3665 1791 3732 epistulam
1840 3663 2028 3733 lgnatii
2071 3664 2138 3718 ad

549 3755 852 3824 Romanos,
881 3758 1022 3814 hanc
1047 3767 1229 3812 autem
1257 3758 1544 3826 epistolam
1570 3756 1672 3810 sub
1694 3755 1952 3825 Trojano,
1976 3756 2138 3824 paulo

549 3859 677 3905 ante
707 3860 936 3906 mortem
967 3851 1248 3921 martyris,
1279 3851 1540 3919 scriptam
1574 3842 1784 3904 fuisse?
1815 3865 1939 3903 eum
1975 3849 2138 3918 igitur

552 3943 647 4012 qui
679 3943 818 3998 hanc
848 3943 1058 4007 citavit,
1087 3959 1194 3994 non
1233 3941 1402 3996 fuisse
1433 3942 1838 4012 Areopagitam,
1878 3941 1971 4010 qui
2012 3958 2137 3995 eum

554 4033 817 4102 apostolis
857 4033 995 4085 vixit
1023 4042 1076 4086 et
1112 4032 1216 4085 sub
1256 4029 1567 4084 Domitiano
1609 4039 1860 4086 mortuus
1895 4039 1998 4085 est.
2032 4030 2138 4096 Qui

551 4123 891 4188 asserebant,
933 4122 1246 4177 fatebantur
1278 4121 1471 4189 lgnatii
1499 4121 1785 4190 epistolam
1821 4121 1984 4190 paulo
2014 4131 2139 4174 ante

550 4223 784 4270 mortem
815 4215 880 4268 ad
913 4213 1194 4268 Romanos
1226 4215 1485 4284 scriptam
1525 4213 1715 4273 fuisse,
1744 4221 1799 4266 et
1839 4213 1906 4266 ad
1940 4212 2137 4265 incitas

550 4307 778 4370 redacti,
793 4307 932 4361 mira
946 4306 1139 4375 ell'ugia
1154 4306 1732 4360 cutmniniscebantur.
1749 4303 1953 4358 Omnes
1974 4303 2140 4372 igitur

551 4397 833 4460 catholici,
869 4407 981 4452 tmn
1015 4397 1110 4466 qui
1147 4396 1464 4466 Dionysium
1514 4395 1857 4464 rejiciebant,
1890 4404 2005 4447 tum
2044 4393 2138 4463 qui

551 4487 919 4556 recipiebant,
965 4485 1158 4557 lgnatii
1194 4485 1370 4541 nostri
1404 4484 1665 4554 epistolas
1697 4493 1754 4537 ut
1802 4483 2137 4538 indubitatas

553 4580 948 4651 agnoscebant.

625 4670 814 4726 Octavi
864 4672 1044 4728 saeculi
1089 4672 1304 4742 primus
1335 4671 1492 4726 testis
1530 4679 1614 4725 est
1651 4670 1894 4725 Joannes
1935 4669 2136 4726 Dama-

554 4779 774 4828 SCenus,
808 4765 902 4834 qui
936 4765 1080 4818 circa
1113 4780 1318 4818 annum
1359 4763 1462 4817 740
1495 4764 1547 4817 in
1589 4763 1743 4834 Syria
1795 4762 1998 4817 ﬂoruit.
2038 4762 2137 4817 llic

555 4865 736 4910 autem
784 4872 909 4910 cum
944 4855 1044 4910 SS.
1084 4854 1308 4910 Patrum
1355 4855 1600 4925 insignes
1635 4855 1937 4910 sententias
1970 4855 2024 4908 in
2068 4856 2137 4909 li-

554 4948 686 5003 bros
714 4947 1108 5002 Parallelorum
1136 4949 1442 5018 congessit,
1475 4949 1785 5018 complures
1831 4964 1897 5002 ex
1929 4949 2138 5018 lgnatiu

555 5049 748 5094 nostro
813 5042 1178 5109 transcripsit.
1242 5040 1551 5093 Cardinalis
1613 5039 1827 5093 Carall‘a
1893 5041 2137 5095 codicem

555 5133 805 5188 Graecum
851 5149 976 5187 cum
1023 5131 1228 5186 Jacuhu
1270 5131 1430 5184 Billiu
1472 5133 1930 5197 communicavit,
1975 5149 2137 5202 quem

555 5225 649 5280 ille
689 5225 746 5278 in
792 5225 939 5280 hunc
969 5225 1191 5278 modum
1241 5225 1550 5290 transtulit,
1601 5224 1638 5277 l.
1681 5241 1729 5291 ι,
1759 5224 1909 5280 0.9:
1954 5223 2140 5278 Valen-

559 5317 698 5372 tibus
734 5317 882 5370 nobis
915 5317 1037 5371 bene
1081 5333 1252 5386 agere,
1296 5316 1438 5370 Deus
1480 5317 1548 5369 ad
1581 5317 1911 5386 largiendum
1956 5333 2138 5384 promi

556 5419 677 5480 ptus
703 5419 801 5477 est,
822 5425 886 5464 ex
918 5408 1158 5479 Epistula
1185 5410 1250 5464 ad
1281 5409 1612 5480 Smyrnmos,
1643 5425 1692 5465 c.
1723 5409 1810 5462 18.
1839 5409 1974 5463 Pace
2005 5409 2139 5462 nihil

556 5510 635 5555 est
682 5500 1056 5570 praestantius,
1098 5502 1152 5554 in
1198 5518 1302 5572 qua
1352 5501 1544 5554 bellum
1585 5517 1734 5554 omne
1776 5499 2034 5567 aboletur,
2072 5517 2140 5555 ex

558 5593 804 5664 Epistula
837 5594 906 5650 ad
945 5594 1232 5665 Ephesios,
1265 5595 1301 5648 Ι.
1330 5610 1401 5660 ιι,
1430 5610 1480 5648 e.
1507 5594 1594 5648 l5.
1639 5592 1826 5646 Facite
1865 5609 2041 5647 omnes
2083 5603 2140 5646 ut

557 5688 859 5756 episcopum
896 5687 1218 5756 sequamini,
1263 5686 1706 5756 quemadmodum
1748 5683 1990 5739 Christus
2036 5684 2142 5738 Pa—

562 5788 728 5844 trem;
758 5781 1178 5850 presbyterorum
1207 5779 1442 5840 chorum,
1471 5789 1525 5831 ιιι
1558 5777 1857 5846 apostolos;
1891 5778 2140 5831 diaconos

559 5883 739 5931 autem
771 5873 1049 5928 vereamini
1076 5889 1178 5929 non
1208 5889 1351 5929 secus
1386 5889 1446 5927 ac
1482 5871 1573 5926 Dei
1608 5871 1939 5926 mandatum.
1974 5869 2141 5926 Nemo

2244 645 2471 712 episcopi
2523 644 2895 696 auctoritatem
2943 643 3131 711 faciat.
3165 639 3246 691 Ea
3293 639 3449 706 firma
3497 634 3840 688 eucharistm

2244 752 2353 788 esse
2384 745 2673 800 censeatur,
2719 751 2836 804 qute
2884 734 2948 786 ab
2991 734 3245 801 episcopis
3283 731 3361 798 ﬁt.
3410 726 3509 780 Ubi
3549 727 3839 794 episcopus

2244 830 2568 896 apparuerit,
2612 829 2726 880 illic
2764 827 2947 897 vulgus
2987 828 3100 878 sit:
3141 822 3581 894 quemadmodum
3623 818 3714 870 ubi
3750 823 3841 869 est

2244 918 2512 986 Christus,
2558 919 2672 972 illic
2723 920 2885 972 etiam
2922 915 3187 970 catholica
3235 912 3480 966 Ecclesia
3529 918 3627 962 est.
3667 907 3840 960 Citra

2241 1013 2536 1080 episcopum
2580 1028 2670 1064 nec
2701 1011 2991 1079 baptizare,
3039 1024 3129 1060 nec
3171 1006 3417 1074 synaxim
3462 1003 3632 1071 facere
3664 1001 3838 1060 licet;

2241 1105 2330 1157 sed
2359 1105 2496 1174 quod
2526 1103 2614 1156 ille
2640 1104 2960 1172 probaverit,
2989 1102 3084 1154 hoc
3117 1100 3224 1153 Deo
3253 1113 3452 1167 quoque
3491 1104 3698 1164 gratum
3723 1097 3833 1144 est.

2243 1198 2346 1263 Qui
2373 1199 2670 1265 episcopum
2693 1197 2884 1248 honore
2911 1195 3088 1262 aﬁicit,
3113 1193 3158 1246 is
3182 1209 3213 1244 a
3238 1191 3346 1244 Deo
3375 1190 3686 1242 honoratur.
3717 1183 3838 1248 Qui

2241 1291 2377 1342 clam
2412 1290 2649 1356 episcopo
2691 1287 2894 1356 aliquid
2934 1286 3098 1355 facit,
3134 1285 3215 1335 hic
3258 1281 3458 1334 diaboli
3498 1279 3670 1331 cultor
3711 1284 3835 1336 est;

2240 1398 2303 1436 ex
2350 1380 2590 1449 Epistula
2630 1380 2694 1433 ad
2737 1378 3074 1448 Smyrnmos.
3110 1375 3311 1429 Ibidem
3343 1392 3355 1426 :
3393 1372 3582 1426 Omnes
3625 1368 3833 1438 perfer,

2241 1484 2296 1526 ut
2338 1484 2383 1526 te
2411 1488 2610 1542 quoque
2657 1471 2899 1524 Christus
2925 1483 2944 1520 :
2976 1469 3213 1522 omnibus
3247 1470 3302 1519 in
3351 1464 3607 1518 charitate
3651 1462 3824 1514 luere.

2240 1565 2514 1620 Prcecibus
2539 1566 2650 1618 sine
2675 1564 2786 1616 ulla
2818 1563 3204 1616 intermissione
3223 1559 3393 1612 stude.
3427 1556 3624 1610 Probas
3654 1555 3832 1608 disci—

2240 1659 2389 1729 pulos
2425 1660 2470 1711 si
2516 1657 2794 1722 amaveris,
2828 1655 2958 1708 nihil
2986 1655 3174 1724 gratia:
3207 1653 3301 1705 tibi
3345 1649 3641 1704 habendum
3689 1647 3829 1700 erit.

2242 1749 2430 1820 Itaque
2471 1750 2527 1802 in
2570 1749 2665 1801 hoc
2704 1748 2877 1816 potius
2923 1744 3181 1808 incumbe,
3213 1753 3271 1796 ut
3314 1758 3516 1795 morum
3558 1738 3833 1809 facilitate

2242 1852 2394 1912 atque
2453 1840 2730 1894 clementia
2785 1849 3116 1892 contumaces
3167 1835 3444 1904 subjicias.
3495 1832 3615 1886 Non
3669 1847 3832 1884 omne

2243 1935 2430 1990 vulnus
2460 1934 2638 1988 eodem
2669 1932 2957 2002 emplastro
2988 1930 3280 1984 curandum
3311 1937 3406 1982 est.
3443 1925 3691 1979 Febrium
3734 1940 3834 1976 ac-

2245 2026 2499 2078 cessiones
2531 2022 2923 2092 perfusionibus
2951 2021 3098 2074 sedo.
3136 2020 3428 2087 Propterea
3474 2032 3628 2069 carne
3658 2012 3832 2067 simul

2243 2126 2290 2168 et
2333 2115 2523 2181 spiritu
2565 2122 2796 2175 constas,
2829 2120 2886 2163 ut
2937 2125 3055 2178 quce
3111 2107 3278 2160 oculis
3327 2105 3421 2157 tibi
3469 2102 3832 2170 subjiciuntur

2243 2207 2512 2275 corrigas;
2557 2221 2674 2274 qua:
2713 2213 2888 2256 autem
2921 2209 3188 2271 aspectum
3225 2208 3374 2251 tuum
3415 2197 3626 2265 fugiunt
3670 2205 3826 2262 petas

2242 2309 2299 2353 ut
2349 2299 2442 2352 tibi
2477 2301 2806 2366 detegantur,
2847 2311 2947 2361 quo
2988 2293 3122 2346 nihil
3160 2292 3370 2344 omnino
3409 2289 3826 2357 prtetermittas;

2241 2406 2307 2444 ex
2345 2387 2584 2458 Epistula
2617 2387 2683 2441 ad
2733 2386 3094 2456 Polycarpum
3117 2425 3130 2449 ,
3161 2398 3210 2437 c.
3254 2382 3324 2437 35
3354 2399 3366 2434 :
3408 2379 3540 2434 Cum
3575 2379 3630 2432 in
3664 2377 3826 2431 rebus

2241 2483 2434 2535 divinis
2479 2483 2663 2549 firmus
2703 2497 2764 2533 ac
2807 2480 3050 2531 robustus
3101 2475 3270 2544 fuero,
3313 2485 3426 2526 tum
3469 2471 3824 2526 vehementius

2242 2575 2454 2627 timeam
2491 2584 2711 2642 oportet,
2737 2571 2928 2640 absque
2955 2570 3020 2622 iis
3061 2583 3294 2630 caveam,
3322 2566 3412 2635 qui
3441 2581 3520 2617 me
3549 2565 3823 2616 incassum

2240 2667 2459 2720 instant.
2490 2665 2594 2729 Qui
2636 2665 2774 2717 enim
2812 2679 2892 2715 me
2925 2660 3178 2724 laudant,
3217 2659 3384 2727 ﬂagro
3429 2671 3508 2708 me
3546 2655 3819 2723 afficiunt;

2240 2777 2304 2815 ex
2337 2760 2563 2828 epistola
2591 2759 2655 2811 ad
2687 2757 3010 2819 Trallianos,
3042 2756 3082 2807 ι.
3116 2769 3196 2817 Ill,
3223 2767 3270 2806 c.
3299 2750 3386 2804 50.
3416 2747 3826 2802 Mansuetudine

2241 2868 2369 2921 opus
2401 2851 2583 2916 habeo,
2618 2867 2708 2918 per
2733 2865 2891 2918 quam
2921 2849 3159 2917 princeps
3186 2845 3344 2914 hujus
3367 2842 3549 2897 surculi
3573 2840 3822 2893 diabolus

2239 2945 2522 3005 evertitur;
2559 2958 2624 2995 ex
2657 2941 2870 3005 eadem,
2897 2955 2946 2993 c.
2975 2940 3065 2993 94.
3097 2936 3265 2990 Nemo
3305 2945 3529 2988 vestrum
3567 2933 3821 2985 adversus

2240 3038 2541 3105 proximum
2570 3035 2852 3102 quidquam
2873 3031 3082 3084 habeat.
3112 3028 3190 3082 Ne
3220 3029 3541 3081 occasionem
3579 3024 3820 3095 gentibus

2239 3128 2397 3192 detis,
2426 3142 2486 3178 ne
2529 3139 2818 3192 paucorum
2855 3123 3143 3176 stultorum
3186 3119 3339 3188 culpa
3377 3119 3495 3187 ﬁat,
3529 3125 3583 3168 ut
3639 3114 3824 3166 multi-

2248 3217 2373 3271 tudo
2432 3223 2615 3268 sancta
2637 3228 2697 3264 ac
2725 3212 2902 3264 divina
2939 3210 3171 3279 quadam
3213 3211 3407 3262 virtute
3435 3205 3660 3274 pra‘dita
3705 3219 3822 3261 rna-

2242 3308 2426 3362 tedicis
2454 3308 2774 3374 impetatur;
2802 3318 2866 3357 ex
2895 3301 3104 3355 eadem.

2316 3397 2452 3451 lluie
2495 3396 2733 3465 adjungo
2760 3390 3081 3454 Antonium,
3115 3386 3456 3453 Damasceni,
3493 3394 3553 3438 ut
3583 3384 3820 3445 videtur,

2243 3483 2592 3553 discipulum,
2636 3481 2729 3552 qui
2779 3481 2834 3534 in
2885 3477 3100 3533 Melissa
3147 3487 3394 3532 nostrum
3443 3475 3631 3530 crebro
3664 3475 3819 3528 citat.

2256 3579 2435 3631 Ὀυδέν
2483 3580 2629 3630 ἐστιν
2678 3575 2897 3646 ἄμεινον
2949 3573 3200 3645 εἰρήνης,
3231 3575 3288 3624 ἐν
3390 3571 3497 3632 πᾶς
3527 3571 3554 3622 ὁ
3588 3567 3823 3637 πόλεμος

2242 3670 2586 3725 καταλύεται.
2614 3667 2768 3721 Nihil
2794 3676 2870 3720 est
2899 3682 3024 3735 pace
3057 3664 3263 3729 melius,
3295 3679 3400 3733 qua
3430 3677 3579 3716 omne
3625 3658 3823 3713 bellum

2240 3766 2548 3827 dirimitur;
2581 3779 2648 3816 ex
2684 3761 2930 3830 Epistula
2958 3759 3025 3813 ad
3081 3757 3368 3827 Ephesios.
3393 3758 3460 3810 Et
3482 3773 3564 3818 τις
3596 3752 3824 3809 δύναται

2240 3860 2299 3910 ὲν
2331 3855 2524 3926 ἁγνείᾳ
2559 3854 2740 3925 μένειν
2771 3853 2853 3914 είς
2901 3849 3063 3920 τιμὴν
3095 3849 3196 3918 τῆς
3231 3846 3430 3918 σαρκὸς
3462 3845 3554 3898 τοῦ
3588 3843 3820 3914 Κυρίου,

2241 3951 2298 4002 ὲν
2333 3943 2646 4016 ἀκαυχησίᾳ
2697 3941 2925 4014 μενέτω,
2962 3939 3054 3992 καὶ
3107 3940 3201 3992 ἐὰν
3253 3935 3466 4006 γνωσθῇ
3517 3935 3674 3989 πλέον
3725 3931 3822 3986 τοῦ

2240 4039 2559 4101 ἐπισκόπου,
2596 4034 2900 4106 ἔφθαρται·
2939 4032 3138 4103 πρέπει
3170 4029 3225 4082 δὲ
3277 4033 3388 4092 τοῖς
3440 4027 3676 4098 γαμοῦσι
3728 4025 3823 4078 καὶ

2238 4134 2360 4192 ταῖς
2392 4128 2769 4199 γαμουμέναις
2807 4125 2945 4196 μετὰ
2988 4122 3212 4194 γνώμης
3247 4120 3338 4174 τοῦ
3388 4121 3686 4174 ἐπισκόπου
3720 4119 3821 4187 τὴν

2239 4223 2433 4276 ἕνωσιν
2468 4219 2764 4283 ποιεῖσθαι,
2802 4219 2889 4270 ἵνα
2921 4219 2948 4271 ὁ
2981 4217 3156 4286 γάμος
3258 4215 3396 4268 κατὰ
3429 4214 3578 4276 Θεὸν,
3616 4213 3709 4267 καὶ
3746 4211 3821 4284 μὴ

2241 4316 2362 4368 κατ’
2397 4310 2675 4384 [αἰσχρὰν]
2709 4310 3020 4381 ἐπιθυμίαν.
3061 4309 3119 4362 Si
3173 4309 3290 4378 quis
3324 4309 3377 4360 in
3417 4307 3658 4360 castitate
3703 4323 3819 4361 ma-

2241 4422 2361 4458 nere
2387 4413 2557 4473 potest
2587 4404 2654 4455 ad
2684 4403 2928 4456 honorent
2961 4403 3137 4455 carnis
3161 4400 3393 4462 Domini,
3421 4399 3529 4450 sine
3552 4398 3822 4466 jactantia

2240 4504 2442 4566 pergat.
2471 4493 2538 4547 Et
2572 4495 2618 4547 si
2648 4494 2812 4549 videri
2843 4493 2950 4546 vult
2979 4493 3098 4563 plus
3129 4492 3389 4560 episcopo,
3414 4497 3688 4556 corruptus
3720 4499 3816 4540 est.

2166 4609 2213 4665 ι)
2244 4587 2398 4640 Decet
2433 4595 2609 4638 autem
2655 4585 2900 4638 ducentes
2930 4593 2979 4636 et
3023 4584 3210 4636 ductas
3256 4597 3374 4633 cum
3412 4580 3668 4633 sententia
3710 4581 3822 4649 epi-

2241 4678 2385 4746 scopi
2421 4676 2665 4728 unionem
2693 4675 2885 4742 facere,
2920 4682 2976 4727 ut
3011 4675 3209 4741 nuptiw
3242 4671 3373 4739 ﬁant
3405 4669 3687 4723 secundum
3723 4666 3822 4718 Do-

2240 4773 2461 4833 minum,
2493 4778 2674 4821 etnon
2715 4767 3003 4821 secundum
3051 4761 3301 4836 [turpem]
3341 4761 3714 4830 cupiditatem;
3754 4774 3818 4811 ex

2240 4862 2482 4932 Epistula
2531 4859 2595 4912 ad
2645 4857 3026 4929 Polycarpum.
3060 4856 3231 4925 Στῆκε
3267 4855 3343 4917 ὡς
3391 4853 3582 4923 ἄκμων
3618 4851 3818 4902 τυπτό-

2244 4971 2428 5026 μενος·
2471 4951 2704 5022 μεγάλου
2754 4948 2987 5019 ἁθλητοῦ
3039 4951 3153 5000 ἐστι
3186 4945 3435 5016 δέρεσθαι
3483 4944 3574 4997 καὶ
3623 4944 3816 5012 νικᾷν·

2245 5046 2477 5116 μάλιστα
2510 5043 2565 5095 δὲ
2614 5044 2798 5094 ἕνεκεν
2831 5039 2965 5092 Θεοῦ
3002 5039 3177 5091 πάντα
3211 5037 3354 5106 ἡμᾶς
3391 5034 3679 5103 ὑπομένειν
3710 5033 3818 5092 δεῖ,

2241 5140 2329 5190 ἵνα
2378 5136 2470 5188 καὶ
2525 5133 2690 5196 αὐτὸς
2735 5134 2884 5203 ἡμᾶς
2941 5129 3232 5200 ὑπομείνῃ.
3285 5125 3436 5180 Statu
3479 5127 3630 5195 quasi
3669 5126 3818 5177 incus

2241 5230 2364 5280 dum
2399 5226 2611 5280 cmderis
2641 5241 2655 5275 :
2687 5224 2919 5294 generosi
2959 5232 3033 5275 est
3073 5219 3286 5296 athleta:
3320 5219 3452 5273 credi
3489 5228 3537 5271 et
3578 5219 3820 5270 vincere:

2242 5319 2472 5370 ntaaime
2512 5324 2723 5384 propter
2764 5313 2932 5367 Deum
2972 5313 3120 5365 nobis
3156 5313 3334 5366 omnia
3375 5310 3627 5380 patienda
3675 5317 3817 5371 sunt,

2243 5421 2297 5461 ut
2329 5411 2436 5477 ipse
2467 5425 2559 5462 nos
2593 5409 2862 5476 patiatur;
2894 5422 2961 5461 ex
3007 5405 3216 5460 eadem.
3247 5403 3665 5475 Μακροθυμεῖτε
3704 5401 3818 5471 μετ’

2242 5501 2485 5572 ἀλλήλων
2509 5503 2565 5553 ἐν
2600 5500 2891 5570 πραΰτητι,
2918 5499 2992 5561 ὡς
3017 5501 3046 5551 ὁ
3077 5499 3208 5561 Θεὸς
3246 5496 3362 5568 μεθ’
3383 5495 3540 5567 ἡμῶν
3573 5495 3658 5548 διὰ
3694 5510 3822 5546 παν-

2242 5595 2352 5656 τός.
2391 5593 2665 5647 Patienter
2687 5593 2783 5646 alii
2812 5592 2946 5645 alios
2977 5609 3092 5644 cum
3124 5590 3525 5645 mansuetudine
3549 5586 3816 5657 patimini,

2245 5697 2299 5738 ut
2333 5701 2423 5736 nos
2447 5700 2648 5752 semper
2671 5683 2844 5746 Deus;
2869 5699 2931 5736 ex
2955 5683 3164 5736 eadem.
3192 5683 3234 5733 Χ
3245 5680 3393 5752 ρῄζω
3415 5679 3741 5751 πραΰτητος,
3761 5680 3819 5729 ὲν

2246 5773 2636 5850 ᾖκαταλύεται
2682 5783 2710 5832 ό
2743 5779 2925 5848 ἅρχων
2979 5777 3071 5830 τοῦ
3119 5776 3314 5840 αἰῶνος
3363 5776 3553 5829 τούτου
3609 5774 3818 5845 [διάϐο-

2246 5870 2332 5935 λος
2356 5871 2388 5941 1.
2420 5869 2711 5926 Clementia
2741 5887 2894 5946 egeo,
2935 5886 3037 5940 qua
3087 5869 3334 5924 evertitur
3373 5869 3611 5937 princeps
3659 5865 3819 5936 hujus
