4136 6400
316 410 388 468 95
1107 412 1136 467 J
1145 453 1157 465 .
1202 405 1575 466 PEARSONII
1612 403 1935 462 VlNDlCUE

2051 402 2396 458 ΝΑΤΙΑΝᾸΞ.
2431 434 2502 446 -
2539 401 2718 457 PARS
2755 400 2797 455 ι.
2890 367 2896 374 ’
3539 404 3607 462 94

317 530 506 588 stt-culi
556 528 907 603 [diabolus];
955 546 1019 586 ex
1070 530 1315 600 Epistola
1365 529 1431 583 ad
1479 527 1809 582 Trallianos.
1858 527 1922 578 Οἱ
1954 528 2438 596 Apersecutionem
2489 526 2839 589 excitaverat,
2884 522 2937 575 in
2969 519 3188 588 epistola
3239 519 3311 572 ad
3346 516 3607 571 Romanos

233 663 238 668 -
320 623 493 677 δοῦλοι
539 623 614 694 μὴ
649 623 938 694 ὲράτωσαν
973 621 1081 675 ἀπὸ
1115 620 1297 674 κοινοῦ
1331 618 1768 691 ὲλευθεροῦσθαι,
1805 618 1919 671 ἀλλ’

319 721 398 782 εἰς
430 717 594 781 δόξαν
628 717 768 771 Θεοῦ
812 717 974 771 πλέον
1023 715 1442 779 δουλευέτωσαν,
1478 714 1566 768 ἵνα
1616 713 1921 785 κρείττονος

319 809 642 883 ἐλευθερίας
683 809 793 864 ἀπὸ
833 808 968 862 Θεοῦ
1002 807 1258 878 τύχωσιν.
1297 806 1446 862 Servi
1477 823 1582 859 non
1626 806 1921 860 desiderent

319 921 354 955 α
376 906 655 956 communi
692 901 849 955 liberi
876 902 994 970 fieri
1011 916 1028 962 ;
1065 901 1157 954 sed
1183 901 1239 953 in
1269 899 1496 969 gloriam
1527 897 1625 952 Dei
1653 898 1772 967 plus
1810 913 1923 951 ser-

318 997 491 1058 viant,
527 1003 588 1048 ut
626 994 836 1048 meliori
876 993 1122 1047 libertate
1153 1009 1185 1045 a
1221 990 1326 1044 Deo
1355 991 1664 1061 potiantur;
1699 1006 1761 1043 ex
1794 987 1924 1057 Epi-

319 1085 464 1142 stola
499 1087 568 1140 ad
599 1085 989 1157 Polycarpum.
1015 1084 1364 1137 Σπουδάσατε
1401 1082 1475 1154 μὴ
1509 1079 1925 1135 ἀντιτάσσεσθαι

318 1179 402 1250 τῷ
435 1179 754 1249 ὲπισκόπῳ,
791 1179 878 1231 ἵνα
908 1173 1009 1247 ἦτε
1042 1175 1162 1247 Θεῷ
1194 1175 1644 1245 ὑποτασσόμενοι,
1679 1173 1772 1226 καὶ
1805 1173 1926 1226 ὅσον

323 1269 561 1340 βλέπετε
613 1267 854 1337 σιγῶντα
904 1267 996 1321 τὸν
1047 1267 1366 1331 ἐπίσκοπον,
1404 1264 1566 1318 πλέον
1616 1264 1777 1317 αὐτὸν
1828 1281 1924 1332 φο-

321 1359 536 1425 ϐεῖσθε,
585 1361 768 1414 πάντα
814 1359 925 1430 γάρ
973 1359 1035 1412 ὃν
1086 1358 1294 1430 πέμπει
1340 1360 1368 1411 6
1415 1356 1800 1425 οἰκοδεσπότης
1849 1356 1928 1417 εἰς

326 1452 471 1506 ίδίαν
505 1450 843 1522 οἰκονομίαν,
878 1449 1050 1514 οὕτως
1081 1451 1164 1502 δεῖ
1195 1451 1343 1521 ἡμᾶς
1375 1449 1538 1501 αὐτὸν
1569 1446 1821 1517 δέχεσθαι
1854 1446 1930 1509 ὼς

323 1543 497 1598 αὐτὸν
548 1543 643 1596 τὸν
678 1543 1003 1613 πέμπονταο
1042 1541 1133 1595 τὸν
1185 1537 1279 1595 οὖν
1314 1541 1611 1594 ἐπίσκοπον
1643 1539 1718 1602 ὡς
1768 1539 1930 1592 αὐτὸν

320 1638 421 1692 τὸν
454 1637 670 1710 Κύριον
705 1635 786 1688 δεῖ
808 1634 1198 1705 προσϐλέπειν.
1248 1633 1387 1688 Date
1437 1649 1652 1709 operam
1696 1649 1758 1686 ne
1799 1631 1931 1684 resi-

2024 622 2260 688 scripsit.
2289 619 2362 672 Ita
2396 621 2486 674 ille
2513 604 2734 689 quidem
2768 617 2931 672 simul
2961 625 3013 669 et
3045 613 3306 684 lgnatium
3331 619 3385 666 et
3414 610 3612 678 Diony-

2023 714 2166 770 sium
2209 711 2508 767 defendens
2532 753 2546 777 ,
2579 726 2765 780 quem,
2809 717 2867 763 ut
2898 706 3090 776 lgnatii
3128 704 3414 775 epistolam
3461 701 3613 755 vide-

2024 814 2127 872 ret,
2161 821 2270 860 non
2305 812 2432 858 ante
2465 803 2629 858 ﬁnem
2662 799 2878 872 imperii
2911 797 3131 867 Trajani
3165 796 3367 851 obiisse
3402 792 3538 848 vult.
3569 789 3616 844 E

2026 904 2214 952 contra
2254 894 2485 949 Photius
2515 894 2706 947 eodem
2753 889 2973 953 seculo,
3005 889 3135 942 dum
3167 893 3491 956 argumenta
3526 898 3613 936 re-

2026 989 2180 1061 petit,
2208 986 2410 1057 quibus
2438 983 2758 1039 Theodorus
2797 982 3079 1052 presbyter
3111 977 3413 1047 respondit,
3445 977 3616 1029 inter-

2028 1095 2135 1151 que
2163 1095 2226 1134 ea
2261 1077 2393 1152 illud
2431 1077 2497 1132 de
2535 1076 2730 1148 lgnatii
2759 1073 3004 1143 Epistola
3039 1071 3106 1125 ad
3139 1069 3418 1124 Romanos
3456 1066 3617 1136 paulo

2029 1183 2155 1229 ante
2184 1172 2510 1243 martyrium
2540 1171 2765 1241 scripta,
2797 1168 2966 1224 simul
2997 1175 3050 1222 et
3079 1163 3455 1220 defensionem
3483 1160 3614 1216 Dio-

2029 1265 2171 1337 nysii
2216 1265 2492 1318 intirmam
2524 1277 2646 1317 esse
2687 1260 2911 1323 indicat,
2957 1267 3012 1313 et
3053 1256 3338 1328 epistolam
3381 1269 3501 1309 eam
3548 1253 3618 1306 ab

2031 1358 2150 1422 ipso
2171 1355 2405 1428 lgnatio,
2430 1356 2596 1426 paulo
2627 1363 2754 1408 ante
2781 1352 3130 1423 martyrium,
3165 1350 3416 1419 scriptam
3449 1346 3620 1401 fuisse

2031 1451 2344 1513 conﬁrmat,
2384 1448 2574 1502 codice
2603 1447 2802 1516 primo.
2845 1444 3102 1514 Idemque
3144 1442 3331 1497 codice
3357 1438 3462 1494 228
3489 1439 3620 1493 dum

2031 1540 2362 1611 patriarcha:
2398 1537 2693 1607 Ephrtemii
2731 1534 3055 1591 sententiam
3104 1533 3220 1588 suis
3251 1531 3437 1586 verbis
3480 1529 3620 1584 reci-

2035 1642 2152 1690 tat:
2187 1633 2364 1704 ’Ὀπερ
2399 1626 2490 1683 οὖν
2525 1629 2740 1700 εἴρηται
2787 1627 2927 1680 κατὰ
2973 1625 3034 1679 τὸ
3085 1625 3267 1697 τρίτον
3307 1620 3620 1691 κεφάλαιον,

320 1731 491 1786 statis
536 1729 800 1799 episcopo,
829 1737 887 1781 ut
918 1727 1040 1780 sitis
1090 1726 1200 1780 Deo
1249 1726 1516 1796 subjecti:
1546 1733 1596 1778 et
1630 1740 1730 1795 quo
1762 1723 1930 1792 magis

2051 1725 2099 1780 ἑκ
2131 1742 2190 1777 τε
2226 1723 2331 1776 τῶν
2367 1719 2737 1790 εὑαγγελικῶν
2780 1717 2991 1788 φωνῶν,
3029 1716 3122 1770 καὶ
3157 1717 3221 1768 ὲκ
3255 1712 3362 1767 τῶν
3395 1713 3625 1766 ἀποστο-

327 1823 563 1876 ιαεὶιιιπι
591 1819 830 1875 videritis
877 1820 1200 1888 episcopum,
1252 1825 1402 1871 tanta
1451 1817 1622 1886 magis
1665 1831 1784 1869 eum
1825 1831 1933 1868 me-

2051 1814 2224 1878 tuubv,
2263 1813 2355 1866 καὶ
2391 1811 2456 1883 δὴ
2483 1810 2576 1864 καὶ
2600 1811 2665 1863 ὲκ
2696 1808 2805 1862 τῶν
2841 1805 3127 1878 μακαρίων
3163 1803 3414 1876 πατέρων
3447 1800 3624 1872 ἡμῶν,

330 1915 486 1969 tuite.
525 1913 899 1983 Quemcunque
946 1913 1090 1965 enim
1135 1912 1300 1964 mittit
1334 1908 1728 1980 paterfamilias
1764 1913 1824 1960 ut
1859 1908 1932 1960 rei

2051 1907 2308 1977 Ἰγνατίου
2360 1903 2454 1958 τοῦ
2507 1903 2767 1974 θεοφόρου
2792 1942 2806 1968 ,
2860 1899 2954 1953 καὶ
3001 1897 3256 1962 Ἰουλίου,
3311 1894 3404 1949 καὶ
3467 1891 3626 1952 Ἀθα-

326 2005 646 2059 domestice
673 2004 875 2072 prasit,
897 2002 975 2057 sic
1000 2003 1145 2056 decet
1170 2017 1262 2055 nos
1283 2002 1539 2070 excipere,
1564 2009 1623 2052 ut
1653 2000 1824 2068 ipsum
1849 1997 1938 2068 qui

327 2097 528 2149 mittit.
572 2094 900 2164 Episcopum
928 2093 1101 2163 igitur
1135 2103 1388 2162 tanquam
1423 2091 1711 2145 Dominum
1763 2090 1938 2158 ipsum

329 2194 546 2256 oportet
584 2187 888 2256 suspicere;
919 2199 986 2238 ex
1017 2182 1258 2252 Epistola
1289 2183 1356 2237 ad
1393 2181 1681 2251 Ephesios.
1723 2180 1939 2242 Πάντας

331 2276 579 2350 βάσταζε
612 2276 690 2340 ὥς
725 2294 785 2330 σε
818 2279 848 2330 6
878 2274 1104 2347 Κύριος,
1139 2274 1358 2327 πάντων
1391 2272 1588 2342 ἀνέχου
1623 2273 1680 2324 ὲν
1716 2269 1935 2340 ἀγάπῃ·

327 2369 492 2426 αἰτοῦ
532 2369 751 2423 σύνεσιν
786 2366 1008 2422 πλείονα
1040 2362 1109 2438 ἧς
1143 2365 1306 2435 ἔχεις.
1345 2364 1573 2418 Πάντων
1619 2362 1718 2425 τὰς
1751 2362 1941 2422 νόσους

331 2463 581 2534 βάσταζε
603 2479 619 2492 ·
655 2462 792 2515 ὅπου
820 2459 931 2532 γὰρ
983 2459 1185 2512 πλείων
1219 2458 1408 2523 κόπος,
1445 2456 1579 2509 πολὺ
1614 2454 1675 2507 τὸ
1725 2452 1937 2524 κέρδος.

333 2553 537 2611 Omnes
569 2553 733 2622 ferto,
758 2559 818 2605 ut
855 2559 903 2609 te
938 2549 1230 2613 Dominus;
1262 2562 1438 2601 omnes
1468 2546 1670 2599 sustine
1712 2544 1769 2597 in
1810 2544 1944 2596 cha-

332 2648 524 2700 ritate.
562 2643 790 2697 Postula
832 2643 1170 2712 prudentiam
1197 2640 1455 2709 majorem
1479 2655 1542 2692 ea
1572 2653 1730 2708 quant
1761 2635 1938 2712 habes.

333 2737 596 2794 Omnium
636 2707 847 2790 morbos
890 2742 1084 2802 porta;
1130 2731 1220 2788 ubi
1250 2707 1392 2784 enim
1441 2729 1561 2799 plus
1604 2727 1829 2793 laboris,
1868 2707 1943 2778 ibi

336 2830 478 2884 lucri
508 2827 775 2892 multum;
805 2843 874 2882 ex
902 2825 1146 2896 Epistola
1173 2824 1241 2878 ad
1271 2821 1654 2894 Polycarpum.

410 2942 572 3001 Nono
617 2941 824 2998 saeculo
872 2940 1098 3011 assigno
1147 2937 1424 2992 Andream
1485 2935 1938 3006 Hierosolymita-

337 3053 500 3104 num,
535 3034 884 3093 Cretensium
931 3031 1430 3100 archiepiscopum,
1473 3030 1569 3100 qui
1610 3027 1852 3083 Homilia
1889 3029 1944 3081 in

341 3128 706 3184 Naticitatem
736 3123 802 3179 Β.
839 3122 1072 3193 Virginis
1107 3122 1374 3187 secunda,
1417 3121 1561 3190 apud
1602 3119 1942 3175 Oxonienses

2041 1999 2249 2064 νασίου,
2301 1997 2395 2051 καὶ
2444 1993 2811 2067 Γρηγορείων,
2865 1991 2958 2045 καὶ
3008 1988 3313 2052 Βασιλείου,
3366 1985 3626 2056 διελέγχει

2039 2093 2166 2155 τοὺς
2213 2088 2491 2152 δυσσεϐεῖς
2541 2087 2616 2150 ὡς
2649 2086 2683 2157 ὴ
2716 2083 2826 2138 τῶν
2875 2081 3095 2155 ἄρθρων
3144 2080 3341 2152 χρῆσις
3392 2077 3631 2149 (πάντες

2039 2183 2149 2255 γὰρ
2170 2175 2314 2236 οὗτοι.
2343 2179 2555 2242 τούτοις
2584 2174 2908 2248 ἐχρήσαντο)
2929 2172 3188 2244 οὐδεμίαν
3221 2169 3394 2241 τομὴν
3427 2169 3461 2240 ἢ
3495 2168 3632 2222 διαί-

2044 2293 2194 2349 ρεσιν
2229 2274 2434 2327 ἐπινοεί
2466 2271 2565 2342 τῆς
2598 2267 2865 2331 ὲνώσεως.
2904 2265 3058 2332 Quod
3088 2265 3250 2334 igitur
3283 2263 3438 2316 tertio
3465 2261 3634 2328 capite

2042 2368 2242 2422 dictum
2291 2374 2402 2418 tum
2451 2377 2516 2416 cz
2557 2361 2770 2430 scriptis
2817 2357 3134 2427 euangelicis
3205 2353 3630 2424 apostolicisque,

2046 2472 2159 2516 tum
2188 2475 2252 2514 ea:
2284 2457 2450 2511 beatis
2483 2453 2740 2508 Patribus
2772 2452 2986 2514 nostris,
3026 2449 3239 2520 Ignatio
3270 2447 3491 2517 deifero,
3528 2445 3633 2499 Ju-

2043 2559 2137 2623 lio,
2162 2554 2476 2618 Athanasio,
2505 2549 2771 2618 Gregoriis
2798 2557 2845 2601 et
2878 2546 3108 2612 Basilio,
3138 2544 3398 2598 convincit
3420 2542 3632 2611 impios,

2043 2649 2180 2719 quod
2210 2644 2563 2701 articulorum
2590 2658 2715 2697 usus
2744 2641 2944 2706 (omnes
2981 2639 3120 2692 enim
3155 2637 3208 2689 hi
3235 2635 3343 2689 illis
3376 2635 3461 2687 usi
3491 2632 3634 2702 sunt)

2045 2739 2246 2793 nullam
2282 2736 2563 2791 sectionem
2589 2743 2682 2788 aut
2713 2733 3025 2785 divisionem
3050 2728 3277 2782 unitatis
3305 2725 3634 2787 subindicat,

2044 2833 2180 2889 satis
2215 2829 2456 2887 ostendit
2485 2843 2544 2883 se
2573 2824 2836 2896 epistolas
2874 2822 2998 2877 illas
3039 2819 3231 2884 lanatii
3263 2833 3360 2888 pro
3397 2816 3544 2872 veris
3585 2824 3639 2870 et

2045 2923 2300 2996 genuinis
2331 2921 2608 2975 habuisse.

2118 3017 2232 3072 Sub
2270 3015 2430 3070 initio
2473 3012 2671 3069 decimi
2721 3008 2905 3065 saeculi
2960 3006 3184 3062 Simeon
3234 3006 3262 3058 6
3300 3000 3635 3071 Λογοθέτης,

2043 3112 2140 3182 qui
2167 3111 2345 3165 dictus
2388 3117 2473 3163 est
2506 3106 2925 3175 Metaphrastes,
2977 3097 3305 3170 martyrium
3349 3093 3409 3149 5.
3446 3082 3640 3166 Ignatii

338 3238 481 3279 mss.
510 3221 632 3275 haec
656 3217 821 3273 habet
848 3235 862 3270 :
888 3189 986 3280 "(lg
1014 3215 1145 3288 φησί
1178 3232 1280 3268 που
1305 3189 1468 3284 ἅγιος
1493 3211 1652 3284 ἀνὴρ,
1687 3212 1942 3281 Ἰγνάτιος

2051 3206 2213 3276 longa
2256 3203 2508 3259 oratione
2550 3199 2872 3264 exornavit,
2918 3195 3219 3266 Epistolam
3265 3191 3332 3246 ad
3364 3189 3643 3245 Romanos

340 3317 520 3388 δνομα
562 3310 715 3382 αὕτῷ
739 3327 753 3341 ·
788 3307 901 3364 Kal
933 3284 1114 3362 taces
1145 3306 1251 3360 τὸν
1285 3305 1552 3374 ἄρχοντα
1593 3302 1702 3356 τοῦ
1735 3300 1947 3366 αἰῶνος

2055 3300 2230 3353 eidem
2260 3294 2512 3362 intexuit,
2547 3292 2735 3348 Irenaei
2779 3291 2944 3346 etiam
2977 3297 3032 3344 et
3067 3285 3354 3358 Polycarpi
3397 3284 3645 3341 testimo-

341 3409 565 3462 τούτου
605 3405 648 3473 ἠ
679 3399 974 3471 παρθενία
1017 3397 1278 3464 Μαρίας,
1313 3393 1412 3448 καὶ
1459 3397 1492 3448 ό
1527 3393 1704 3459 τόκος
1741 3388 1950 3458 αὐτῆς,

343 3502 567 3573 ὁμοίως
597 3497 700 3552 καὶ
727 3499 761 3549 ὁ
797 3493 1058 3557 θάνατος
1088 3490 1196 3544 τοῦ
1236 3488 1518 3557 Χριστοῦ,
1551 3488 1684 3555 τρια
1720 3483 1956 3555 μυστή-

335 3610 446 3664 ρια
484 3590 725 3663 φρικτὰ,
755 3588 933 3644 ἅτινα
971 3585 1042 3638 ὲν
1082 3583 1316 3652 ἠσυχίᾳ
1362 3580 1512 3634 Θεοῦ
1555 3578 1846 3647 ἐπράχθη.
1887 3575 1955 3630 Ut

345 3688 428 3740 ait
475 3694 697 3739 sanctus
740 3683 842 3748 vir,
887 3679 975 3734 cui
1025 3693 1210 3730 nomen
1262 3674 1509 3745 Ignatius
1547 3687 1566 3723 :
1603 3691 1622 3723 ‹
1654 3671 1955 3740 Principem

346 3778 514 3848 hujus
560 3775 746 3831 διεσαιὶ
797 3773 966 3826 latuit
1013 3769 1342 3840 virginitatis
1402 3765 1622 3830 Mariae,
1674 3774 1724 3818 et
1769 3774 1954 3834 partus

345 3876 488 3944 ejus,
521 3872 775 3926 similiter
799 3878 850 3923 et
881 3884 1024 3922 mors
1056 3864 1280 3929 Christi,
1309 3862 1414 3915 tria
1460 3858 1730 3913 tremenda
1761 3864 1958 3925 myste-

346 3969 460 4030 ria,
488 3979 611 4033 qua
635 3964 692 4016 in
728 3960 940 4015 silentio
968 3958 1064 4012 Dei
1104 3957 1248 4026 facta
1273 3961 1432 4017 sunt;
1458 3971 1477 4004 ι
1504 3966 1569 4006 ex
1600 3948 1845 4019 Epistola
1890 3945 1956 3999 ad

349 4057 653 4129 Ephesios.

433 4147 790 4218 Freculphus
860 4140 1249 4207 Lexoviensis,
1299 4137 1394 4208 qui
1444 4136 1591 4192 circa
1635 4135 1702 4188 A.
1749 4133 1812 4188 C.
1855 4131 1960 4189 840

352 4245 619 4314 scripsit,
661 4240 847 4296 omnia
887 4253 1012 4307 qua:
1061 4250 1093 4290 a
1136 4234 1195 4289 S.
1222 4231 1558 4302 Hieronymo
1599 4229 1666 4284 de
1715 4226 1961 4298 epistolis

355 4331 415 4386 S.
459 4329 664 4402 lgnatii
712 4329 768 4383 in
804 4325 1064 4396 Catalogo
1117 4323 1321 4392 scripta
1367 4327 1529 4385 sunt,
1575 4320 1631 4372 in
1672 4317 1959 4372 historiam

354 4439 521 4480 suam
579 4419 900 4482 transtulit,
941 4424 996 4471 et
1041 4413 1211 4469 tacito
1247 4412 1368 4482 ejus
1431 4409 1656 4465 nomine
1698 4423 1799 4477 pro
1845 4406 1962 4464 suis

356 4515 554 4572 haberi
573 4512 769 4568 voluit.
795 4507 1027 4564 Michael
1050 4505 1338 4578 Syngelus,
1365 4501 1458 4573 qui
1482 4499 1778 4570 aliquando
1800 4499 1962 4554 desti-

2054 3392 2148 3446 nia
2182 3390 2428 3460 protulit.

2127 3479 2427 3536 Undecimo
2479 3478 2679 3533 smculo
2741 3473 3138 3544 assignandum
3190 3479 3322 3540 puto
3364 3475 3642 3522 auctorem

2057 3570 2321 3624 Locorum
2352 3569 2711 3622 communium
2744 3582 2876 3622 mss.
2914 3565 2969 3618 in
3001 3561 3338 3616 Bibliotheca
3370 3558 3646 3612 Oxonien-

2057 3663 2139 3728 si,
2171 3661 2268 3730 qui
2311 3660 2638 3716 sententiam
2692 3658 2864 3722 illam,
2894 3655 3092 3708 τέλειοι
3121 3652 3275 3714 ὄντες
3305 3649 3486 3704 τέλεια
3515 3665 3647 3719 φρο-

2058 3759 2218 3822 νεῖτε,
2254 3772 2320 3810 ex
2349 3755 2589 3825 Epistola
2615 3754 2681 3809 ad
2709 3753 3020 3823 Smyrnaeos
3042 3750 3192 3804 citat.
3217 3747 3373 3802 Circa
3403 3747 3644 3801 medium

2060 3849 2223 3918 hujus
2247 3848 2430 3904 saeculi
2459 3846 2726 3901 Gervinus
2741 3844 2932 3907 abbas,
2962 3843 3101 3896 inter
3124 3837 3345 3892 XXXVI
3367 3838 3647 3893 volumina

2061 3943 2115 3996 in
2148 3940 2483 3995 Bibliotheca
2519 3938 2749 3994 abbatis:
2793 3932 3344 4001 Centnlensis,primo
3382 3930 3504 3984 loco
3543 3946 3645 4000 po-

2062 4036 2272 4092 nendas
2300 4032 2512 4089 curavit
2543 4031 2798 4101 epistolas
2839 4027 3054 4098 lgnatii,
3097 4035 3159 4079 ut
3197 4023 3439 4080 ostendit
3467 4022 3646 4076 Chro-

2063 4130 2172 4185 nici
2196 4126 2544 4183 Centulensis
2570 4123 2776 4178 Auctor
2799 4122 2892 4176 lib.
2926 4136 2999 4185 1v,
3029 4134 3150 4188 cap.
3175 4116 3265 4170 32.

2134 4222 2469 4278 Duodecimo
2525 4218 2728 4274 saeculo
2779 4215 2914 4269 vixit
2964 4211 3244 4267 Honorius
3292 4207 3646 4279 Augustodu-

2063 4317 2271 4382 nensis,
2299 4313 2394 4384 qui
2423 4313 2475 4367 in
2504 4311 2600 4366 lib.
2633 4309 2710 4363 De
2731 4305 3087 4362 luminaribus
3119 4302 3369 4355 Ecclesia:
3399 4301 3512 4354 haec
3546 4299 3649 4352 ha-

2065 4412 2155 4465 bet
2199 4427 2213 4462 :
2250 4407 2530 4478 Ignatius,
2573 4400 2912 4456 Antiochena:
2965 4395 3220 4450 Ecclesia:
3265 4402 3382 4463 post
3433 4391 3650 4445 Petrum

2067 4502 2363 4572 apostolum
2405 4497 2593 4552 tertius
2627 4495 2922 4564 episcopus,
2955 4490 3165 4559 scripsit
3195 4487 3447 4541 Ecclesia:
3475 4484 3650 4554 Ephe-

357 4609 603 4663 nabatur
633 4603 946 4674 patriarcha
982 4576 1658 4665 Constantinopolitanus,
1707 4599 1762 4646 ct
1794 4588 1958 4645 Nice-
1993 4605 2036 4660 ι)
2066 4599 2267 4650 siorum
2299 4589 2600 4662 epistolam,
2642 4586 2868 4640 alteram
2896 4582 2964 4636 ad
3013 4580 3408 4651 Magnesianos,
3442 4576 3653 4630 tertiam

355 4701 524 4772 phori
558 4710 869 4759 successor,
901 4694 957 4746 in
1001 4690 1266 4745 Encomio
1300 4686 1546 4758 Dionysii
1585 4682 1958 4752 Areopagitaa,

358 4795 426 4849 ad
460 4793 556 4846 illa
586 4789 790 4844 verba:
816 4786 1024 4858 Γράφει
1063 4783 1120 4835 δὲ
1166 4783 1196 4834 6
1217 4780 1359 4843 θεῖος
1393 4777 1683 4848 Ἰγνάτιοςο
1723 4776 1784 4828 Ὃ
1825 4773 1966 4842 ἐμὸς

357 4887 514 4956 ἔρως
553 4879 942 4946 ἐσταύρωται,
976 4873 1172 4929 Scribit
1207 4880 1384 4925 autem
1429 4871 1637 4923 divinus
1669 4866 1912 4938 lgnatius
1945 4878 1963 4916 :

366 4999 386 5030 ι
411 4978 581 5029 Amor
606 4986 750 5025 meus
774 4967 1062 5036 cruciﬁxus
1094 4972 1225 5031 est,»
1270 4966 1386 5017 haec
1414 4962 1574 5016 habet
1604 4979 1616 5012 :
1641 4959 1813 5012 Τοῦτο
1855 4956 1964 5026 γὰρ

360 5073 423 5126 τὸ
442 5069 609 5142 ῥητὸν
625 5068 653 5119 ὁ
674 5064 930 5136 θεοφόρος
946 5059 1227 5129 Ἰγνάτιος,
1251 5056 1459 5128 μέλλων
1484 5059 1540 5109 ὲν
1556 5053 1741 5126 Ῥώμῃ
1767 5069 1967 5123 μαρτυ-

364 5162 543 5238 ρικῶς
574 5158 851 5228 ἁθλήσειν,
882 5154 975 5208 καὶ
1010 5154 1121 5215 τοῖς
1152 5151 1335 5203 λέουσι
1372 5145 1508 5219 βορὰ
1559 5146 1702 5199 κατὰ
1736 5146 1836 5216 τὴν
1869 5145 1962 5198 τοῦ

362 5256 634 5329 τυράννου
654 5247 924 5322 Τραϊανοῦ
951 5244 1247 5317 πρόσταξιν
1267 5239 1811 5314 παραϐληθήσεσθαι.
1837 5240 1965 5311 περὶ

364 5350 426 5405 τὸ
449 5349 551 5418 τῆς
572 5343 737 5400 αὐτοῦ
759 5339 1082 5414 τυραννείας
1115 5336 1334 5391 ἔννατον
1356 5333 1474 5396 ἔτος
1508 5333 1648 5386 κατὰ
1682 5331 1788 5385 τῶν
1819 5332 1968 5385 εὐσε-

365 5443 651 5496 ϐεστάτων
715 5432 1058 5508 Χριστιανῶν
1109 5429 1354 5502 διωγμὸν
1412 5428 1727 5500 ἐγείραντος
1751 5468 1765 5492 ,
1831 5427 1966 5479 Ῥω-

369 5533 552 5606 μαίοις
597 5527 928 5584 ἐπιστέλλων
967 5526 1234 5596 γέγραφε.
1273 5520 1428 5574 Hanc
1469 5521 1606 5574 enim
1652 5519 1968 5573 sententiam

365 5628 540 5696 deifer
570 5624 848 5696 Ignatius,
880 5637 1001 5675 cum
1031 5619 1150 5687 jam
1189 5616 1372 5671 Romae
1401 5615 1718 5684 martyrium
1760 5613 1968 5667 subitu-

369 5737 484 5784 rus,
509 5728 560 5772 et
595 5727 850 5786 tanquam
885 5729 1005 5767 esca
1037 5710 1271 5764 leonibus
1309 5706 1669 5777 projiciendus
1691 5715 1844 5770 esset,
1886 5719 1968 5756 seu

365 5815 604 5866 cundum
636 5808 861 5877 Trajani
893 5806 1107 5877 tyranni
1146 5804 1431 5867 decretum,
1463 5801 1552 5870 qui
1579 5799 1734 5853 circa.
1770 5813 1969 5850 annum

366 5904 676 5981 tyrannidis
708 5919 818 5958 sua?
841 5915 1036 5956 nonum
1066 5897 1313 5952 adversus
1342 5894 1606 5966 piissimos
1637 5891 1966 5946 Christianos

2070 4686 2138 4738 ad
2189 4682 2522 4747 Trallenses,
2571 4684 2820 4749 quartam
2870 4673 2939 4727 ad
3001 4671 3300 4734 Romanos,
3351 4667 3539 4721 deinde
3586 4667 3656 4720 ad

2071 4771 2506 4842 Philadelphios,
2556 4777 2606 4821 et
2659 4765 2984 4836 Smyrnwos.
3029 4761 3134 4815 llic
3196 4775 3383 4829 passus
3431 4767 3504 4812 est
3559 4755 3652 4810 sub

2073 4867 2327 4922 Traiano.

2142 4884 2327 4932 atauo.

2142 4956 2257 5013 Sub
2287 4955 2443 5010 initio
2473 4951 2670 5008 decimi
2706 4950 2848 5005 tertii
2887 4945 3072 5004 saeculi
3111 4942 3330 4998 Nicctas
3364 4939 3658 4996 Choniatcs

2070 5053 2260 5108 eadem
2313 5049 2542 5119 protulit
2596 5048 2652 5102 in
2702 5045 2991 5107 Thesauro,
3020 5054 3142 5110 quae
3174 5045 3331 5091 antea
3366 5033 3467 5090 sub
3513 5032 3659 5086 Ana-

2074 5144 2230 5199 stasii
2261 5142 2486 5197 Sinaitaz
2508 5137 2730 5194 nomine
2761 5133 3144 5206 produximus.
3172 5125 3438 5196 Georgius
3475 5137 3658 5177 autem

2072 5236 2435 5307 Pachymeres
2466 5233 2532 5287 ad
2563 5229 2882 5301 Dionysium
2913 5221 3318 5292 Areopagitam,
3346 5217 3504 5288 Φέρει
3528 5213 3658 5284 γοῦν

2071 5331 2163 5383 τὸν
2215 5326 2508 5399 Σολομῶνα
2551 5323 2838 5394 μάρτυρα,
2883 5317 2976 5372 καὶ
3018 5315 3108 5368 τὸν
3161 5313 3333 5385 μέγαν
3379 5308 3657 5379 Ἱγνάτιον.

2072 5421 2328 5490 Ερίειοιεο
2379 5419 2545 5488 igitur
2576 5415 2642 5470 ad
2677 5413 2958 5468 Romanos
2999 5415 3311 5472 auctorem,
3337 5417 3498 5473 quem
3528 5400 3659 5455 citat

2075 5515 2404 5587 Dionysius,
2450 5524 2704 5580 magnum
2753 5505 3030 5577 Ignatium
3077 5500 3331 5571 appellat.
3385 5495 3658 5551 Robcrtus

2078 5586 2259 5663 autem
2307 5600 2708 5659 Lincolniensis
2755 5595 3085 5669 episcoltusf,
3133 5592 3218 5647 vir
3265 5591 3351 5646 sui
3401 5586 3659 5658 temporis

2077 5699 2455 5763 doctissimus,
2486 5691 3003 5749 Commentariorum
3032 5689 3089 5741 in
3117 5682 3358 5755 Dionysii
3387 5678 3659 5733 Ecclesia-

2077 5795 2266 5847 sticam
2318 5787 2672 5844 hierarchiam
2733 5798 2852 5852 cap.
2914 5781 2985 5847 ’5,
3037 5780 3151 5834 Ιιωο
3201 5792 3269 5831 ex
3308 5770 3549 5843 Epistola
3590 5769 3657 5823 ad

2082 5888 2392 5952 Smyrnaeos
2427 5879 2630 5938 Drofcrt
2665 5895 2677 5933 :
2714 5877 2807 5934 Est
2837 5876 2974 5932 enim
3000 5869 3343 5939 eucharistia,
3374 5861 3656 5922 secundum
