4136 6388
561 349 637 406 95
1604 367 1660 422 ὃ.
1701 367 2049 426 lCNATlUS.
2077 404 2145 414 —
2174 372 2711 436 PROLEGOMENA.
3757 391 3828 447 96

561 473 768 527 beatum
803 473 1089 547 Ignatium,
1122 497 1245 535 caro
1270 483 1564 542 Saluatoris
1588 493 1759 544 nostri
1782 493 1908 546 Iesu
1939 493 2141 550 Christi
2173 503 2218 559 Α
2250 496 2454 553 Filium
2509 500 2603 554 Dei
2631 503 2888 557 creatoris
2920 506 3122 571 mundi,
3154 507 3395 578 dicetque
3427 509 3566 578 quod
3607 520 3682 563 est
3712 508 3827 564 iiiis

557 582 653 634 pro
699 572 927 637 peccatis
960 576 1152 626 nostris
1198 593 1387 644 passa,
1424 598 1581 649 quam
1625 583 1939 655 benignitate
1978 587 2139 642 Pater

558 660 911 717 resuscitavit.
964 663 1033 718 Et
1082 667 1149 721 ad
1196 669 1395 724 librum
1445 673 1521 727 De
1573 676 1768 731 divinis
1815 680 2135 749 nominibus,

556 764 677 819 cap.
717 753 786 817 4,
821 754 984 808 tradit
1030 755 1300 828 lgnatium
1347 764 1420 819 ita
1463 768 1812 825 vehementer
1852 773 2134 842 dilexisse,

554 845 700 912 quod
722 848 927 916 aptavit
954 851 1116 906 etiam
1150 855 1288 909 tradi
1322 858 1483 914 malis
1508 863 1882 929 punitionibus
1908 867 2131 937 diaboli,

553 945 614 990 ut
646 938 766 1006 ipso
793 940 1095 1011 frueretur;
1129 961 1195 1000 ex
1228 947 1466 1018 Epistola
1498 955 1565 1008 ad
1602 954 1900 1013 Romanos.

623 1027 831 1085 Decimi
861 1035 1043 1102 quarti
1077 1040 1261 1092 Stcculi
1300 1042 1455 1097 testis
1496 1053 1579 1099 est
1605 1044 1943 1117 Nicephorus
1969 1050 2133 1108 Calli-

549 1125 687 1185 stus,
721 1123 831 1192 ’qui
877 1139 959 1181 ex.
989 1130 1261 1187 veteribus
1286 1131 1679 1193 Ecelesiasticao.
1717 1138 1969 1199 Historia:
1997 1148 2134 1203 scri-

546 1212 800 1278 ptorihus
829 1216 1063 1285 plurima
1093 1226 1388 1293 congessit,
1432 1230 1615 1284 omnia
1640 1247 1760 1301 quae
1786 1234 1854 1288 ab
1894 1236 2131 1295 Eusebio

546 1297 614 1352 de
650 1298 841 1372 lgnatii
873 1307 1117 1375 epistolis
1152 1314 1349 1383 scripta
1387 1328 1519 1373 sunt
1559 1321 1613 1375 in
1659 1297 1939 1381 historiam
1970 1344 2129 1387 suam

546 1396 859 1462 transtulit,
890 1399 984 1453 lib.
1036 1418 1115 1463 ιιι,
1152 1420 1271 1475 cap.
1307 1408 1394 1463 l9.
1422 1411 1631 1467 Auctor
1670 1416 1999 1477 Memorialis
2040 1425 2129 1478 hi-

544 1488 859 1557 storiarum,
893 1493 1015 1547 libri
1052 1496 1103 1549 in
1148 1497 1479 1559 Bibliotheca
1519 1505 1952 1581 Cantabrigiensi
1978 1533 2077 1574 ms.
2110 1540 2123 1575 :

544 1575 746 1633 Beatus
782 1592 960 1638 autem
995 1587 1303 1660 Dionysius,
1330 1596 1385 1648 in
1413 1599 1636 1654 scientia
1669 1614 1777 1657 tam
1802 1609 2122 1678 profundus,

542 1671 763 1725 adducit
800 1681 955 1745 quasi
980 1698 1075 1750 pro
1108 1690 1463 1757 auctoritate,
1499 1693 1563 1747 de
1595 1695 1659 1750 Β.
1702 1671 1917 1768 Ιφηάιὶο
1945 1703 2122 1759 dicens

541 1763 595 1815 in
637 1764 729 1820 lib.
766 1768 841 1824 De
882 1773 1086 1831 divinis
1127 1780 1479 1838 nominibus:
1563 1788 1729 1841 Amor
1758 1808 1899 1846 meus
1948 1798 2124 1850 cruci-

540 1853 824 1957 ﬁxus-est.
911 1863 1054 1919 Idem
1095 1868 1257 1923 etiam
1303 1873 1524 1929 adducit
1574 1877 1694 1933 loca
1746 1880 1802 1935 S.
1840 1881 2121 1957 Polycarpi

536 1952 593 1997 et
617 1944 672 1999 S.
700 1945 911 2017 lrenani,
937 1955 1210 2026 verbaque
1239 1960 1400 2015 etiam
1434 1977 1500 2017 ex
1543 1964 1785 2035 Epistola
1814 1970 1880 2023 ad
1921 1944 2122 2026 lioma-

539 2050 642 2090 nos
670 2038 737 2093 ab
770 2040 1007 2099 Eusebio
1036 2049 1358 2120 transcripta
1398 2053 1672 2113 Macarius
1699 2060 2119 2133 Chrysoeepha-

535 2126 622 2181 lus
650 2128 792 2184 inter
831 2136 1046 2192 codices
1078 2138 1411 2199 Baroeianos
1455 2145 1651 2202 Oxonii
1683 2167 1788 2207 ms.
1821 2154 1874 2206 in
1923 2170 2117 2224 magna

532 2218 847 2289 Alphabeto,
880 2227 994 2282 sive
1025 2230 1249 2297 Catena,
1275 2251 1438 2305 quam
1480 2238 1532 2292 in
1578 2257 1638 2295 ea
1670 2241 1830 2297 Lucae
1856 2261 1977 2314 qum
2006 2263 2115 2301 non

534 2322 661 2367 sunt
693 2316 743 2369 in
791 2317 1046 2376 Matthan
1092 2327 1332 2396 scripsit,
1378 2334 1627 2401 apposito
1675 2338 1895 2391 nomine
1925 2338 2116 2409 lgnatii

532 2400 648 2459 lucc
679 2406 911 2464 inseruit
946 2430 960 2466 :
1003 2415 1295 2490 Ἐγεννήθη
1334 2400 1455 2492 γὰργ
1477 2424 1567 2475 καὶ
1601 2424 1901 2498 ἐϐαπτίσθη
1938 2400 2022 2480 'lvva
2055 2429 2114 2482 τὸ

530 2492 722 2567 θνητὸν
754 2502 910 2571 ἡμῶν
944 2506 1269 2582 καθαρισῡῇ,
1295 2525 1451 2567 natus
1474 2526 1549 2569 est
1575 2520 1713 2571 enim
1739 2532 1784 2573 et
1813 2521 2112 2591 baptizatus

531 2597 589 2641 ut
618 2594 841 2647 mortale
872 2608 1113 2652 nostrum
1152 2604 1552 2672 puri/icaretur.
1577 2609 1877 2668 Gulielmus
1908 2614 2111 2670 Wode-

529 2678 650 2734 ford
678 2683 909 2755 Anglus,
949 2706 1015 2744 ex
1048 2696 1328 2751 academia
1362 2698 1663 2757 Oxoniensi
1700 2705 1985 2777 theologia:
2018 2710 2111 2765 do-

528 2778 666 2838 etor,
703 2785 893 2833 contra
932 2778 974 2833 Τ
979 2783 1239 2855 rialogum
1278 2788 1487 2845 Wicleli
1520 2793 1634 2848 lucc
1678 2794 1867 2866 lgnatii
1900 2801 2104 2857 laudat.

527 2862 875 2924 Considerate
904 2874 1135 2943 qualiter
1166 2878 1644 2955 Anthropomorphi
1674 2905 1707 2941 a
1744 2895 2107 2948 communione

523 2964 575 3009 et
610 2962 849 3017 oratione
877 2977 1180 3023 sanctorum
1212 2976 1492 3042 recedunt,
1525 2990 1801 3050 propterea
1836 2987 1975 3054 quod
1998 3004 2102 3043 non

522 3042 712 3099 habent
735 3053 973 3119 conﬁteri
994 3058 1372 3117 eucharistiam
1396 3084 1606 3122 carnem
1635 3088 1746 3126 esse
1772 3073 2104 3146 Saluatoris;

522 3148 591 3229 ex
648 3136 887 3207 Epistola
938 3147 1002 3200 ad
1058 3146 1343 3218 Ephesios.
1402 3156 1644 3229 Denique
1693 3162 1933 3222 Joannes
1982 3136 2103 3226 Tis:

522 3225 765 3298 sington,
794 3236 956 3291 etiam
988 3240 1217 3312 Anglus,
1250 3246 1301 3300 in
1330 3248 1669 3320 Con/essione
1692 3269 1876 3313 contra
1908 3261 2104 3318 Wicle-

521 3319 670 3387 fum,
720 3325 773 3379 in
824 3327 1159 3390 Bibliotheca
1208 3319 1501 3399 Usscriana
1555 3363 1655 3401 ms.
1702 3369 1711 3402 ε
1755 3350 2103 3411 Considerate

517 3415 747 3484 qualiter
778 3419 1302 3505 [Anthropomorphi]
1340 3452 1372 3487 a
1394 3443 1760 3496 communione
1785 3454 1835 3499 et
1862 3449 2101 3503 oratione

517 3524 820 3567 sanctorum
864 3520 1132 3587 recedunt,
1165 3536 1378 3595 propter
1421 3548 1522 3584 non
1570 3536 1811 3604 conﬁteri
1855 3542 2099 3597 euchari-

514 3601 676 3655 stiam
704 3621 914 3661 carnem
944 3627 1055 3666 esse
1085 3610 1406 3691 Saluatoris,
1433 3638 1591 3691 quam
1624 3624 1791 3680 Pater
1817 3645 1917 3683 sua
1953 3630 2097 3687 beni-

512 3694 715 3762 gnitate
750 3703 1098 3758 resuscitavit.
1138 3689 1567 3771 Contradicentes
1612 3719 1733 3771 huic
1791 3720 1929 3777 dono
1971 3742 2093 3794 per-

511 3796 828 3843 scrutantes.
848 3791 1043 3849 Decens
1075 3808 1152 3851 est
1179 3817 1211 3854 a
1240 3804 1435 3859 talibus
1465 3810 1719 3877 recedere,
1743 3822 1793 3867 et
1830 3832 1921 3870 nec
1951 3834 2095 3872 com-

511 3880 740 3934 muniter
795 3899 888 3937 nec
938 3891 1158 3943 seorsim
1205 3909 1323 3948 cum
1390 3900 1466 3953 eis
1536 3901 1715 3972 loqui,
1772 3923 1837 3962 ex
1900 3911 2090 3967 eodem

510 3968 654 4024 loco.

582 4061 783 4123 Praeter
818 4069 933 4126 haec
962 4082 1203 4130 veterum
1238 4082 1548 4140 testimonia
1590 4105 1692 4143 suo
1726 4107 1955 4164 qumque
1986 4112 2085 4151 sae-

509 4151 634 4206 culo
666 4156 964 4229 assignata,
1002 4174 1097 4220 aut
1126 4183 1190 4221 ex
1225 4170 1428 4227 Graecis
1468 4189 1562 4232 aut
1615 4180 1824 4239 Latinis
1859 4151 2091 4256 scripto-

508 4242 662 4299 ribus
708 4249 994 4321 producta,
1022 4267 1103 4312 est
1146 4268 1200 4313 et
1253 4264 1398 4319 aliud
1442 4283 1507 4322 ex
1558 4270 1794 4329 Arabico
1835 4242 2090 4347 deprom—

506 4340 694 4410 ptum;
732 4338 890 4408 cujus
924 4358 1048 4399 eum
1092 4364 1192 4405 nec
1234 4364 1428 4410 auctor
1461 4362 1593 4416 satis
1619 4374 1768 4418 certo
1790 4407 1802 4430 ,
1831 4383 1931 4423 nec
1958 4380 2090 4424 aetas

505 4424 641 4479 mihi
680 4428 942 4490 hactenus
968 4436 1223 4507 innotuit,
1263 4445 1392 4503 illud
1423 4464 1699 4519 postremo
1738 4456 1861 4512 loco
1892 4461 2088 4531 adjun-

2241 590 2387 657 ﬁlius
2428 592 2589 655 alius,
2624 602 2673 645 et
2702 594 2982 647 substituet
3010 611 3129 648 eum
3169 596 3283 649 loco
3314 598 3450 666 ejus,
3495 596 3560 651 de
3588 616 3689 668 quo
3732 616 3827 652 va-

2241 683 2452 735 ticinati
2495 693 2617 737 sunt
2652 686 2937 754 prophetae,
2967 703 3219 757 quemque
3260 691 3620 759 pra’dicarunt
3653 692 3823 745 disci-

2238 772 2370 841 puli,
2396 773 2658 842 palatium
2679 785 2757 828 est
2783 776 3006 829 diaboli.
3049 795 3068 829 ›
3104 776 3181 830 Ex
3210 779 3413 846 quibus
3441 781 3655 834 duobus
3685 780 3823 837 locis

2240 872 2482 930 apparet,
2516 860 2820 919 Jacobitam
2872 866 3028 920 illum
3078 866 3242 921 istam
3295 866 3487 938 lgnatii
3522 870 3820 926 editionem

2238 950 2519 1018 habuisse,
2550 971 2716 1024 quam
2774 971 2877 1013 nos
2922 974 2989 1013 ex
3025 958 3266 1014 Mediceo
3310 961 3497 1015 codice
3526 960 3821 1018 habemus.

2235 1042 2381 1099 Citat
2407 1046 2629 1115 quidem
2663 1048 2964 1118 Epistolam
2998 1050 3063 1104 ad
3095 1050 3492 1114 Antiochenos,
3522 1068 3647 1122 qum
3677 1054 3822 1108 inter

2234 1138 2450 1206 spurias
2503 1137 2637 1207 fuit;
2671 1143 2836 1196 verba
2888 1150 3069 1196 autem
3122 1142 3305 1212 priora
3356 1158 3424 1196 ex
3473 1142 3717 1213 Epistula
3748 1145 3821 1199 ad

2235 1226 2547 1300 Smyrnteos
2596 1247 2706 1287 non
2764 1234 3107 1304 interpolata,
3157 1235 3251 1289 sed
3303 1235 3535 1305 genuina
3583 1252 3816 1307 prorsus

2230 1332 2357 1376 sunt
2393 1324 2731 1393 deprompta.
2780 1324 2965 1395 Neque
2996 1327 3142 1380 enim
3172 1342 3237 1382 ea
3277 1327 3440 1381 habet
3474 1344 3597 1397 qua:
3622 1329 3692 1383 ab
3725 1330 3816 1383 in-

2229 1415 2555 1481 terpolatore
2587 1424 2715 1470 sunt
2752 1416 2977 1479 inserta,
3010 1416 3101 1470 τὸν
3124 1418 3464 1489 πρωτότοκον
3490 1419 3673 1489 πάσης
3704 1418 3816 1474 κτι-

2228 1519 2384 1567 σεως,
2419 1504 2509 1557 τὸν
2541 1505 2673 1558 Θεὸν
2706 1507 2897 1574 Λόγον,
2930 1508 3021 1560 τὸν
3060 1509 3318 1580 μονογενῆ
3348 1509 3495 1563 Υῑόν.
3528 1508 3673 1565 Usus
3712 1511 3815 1580 igi-

2227 1604 2317 1649 tur
2344 1605 2427 1650 est
2456 1596 2707 1653 Jacobita
2739 1600 2829 1653 ille
2854 1600 3091 1655 editione
3123 1601 3301 1666 tertia,
3329 1617 3437 1671 qua
3468 1602 3721 1670 genuina:
3757 1611 3814 1658 et

2224 1685 2485 1743 hactenus
2510 1691 2731 1762 integra!
2754 1690 2945 1763 lgnatii
2970 1694 3214 1763 epistola:
3232 1695 3651 1751 continebantur
3680 1712 3812 1752 cum

2231 1780 2443 1848 aliquot
2489 1783 2654 1837 etiam
2691 1784 2853 1851 ﬁctis,
2881 1786 3096 1855 qualem
3132 1787 3504 1844 Damascenus
3531 1797 3585 1843 et
3628 1790 3808 1844 Anto-

2154 1867 2195 1921 B
2224 1868 2349 1923 nius
2381 1873 2745 1941 usurpabant;
2781 1875 3024 1944 adeoque
3050 1883 3297 1944 testatur,
3320 1879 3580 1948 epistolas
3610 1878 3808 1951 lgnatii

2223 1960 2489 2027 genuinas
2551 1977 2659 2015 non
2705 1972 2917 2018 tantum
2969 1981 2999 2020 a
3049 1964 3253 2021 Graecis
3304 1976 3360 2022 et
3410 1966 3651 2035 Latinis,
3711 1971 3808 2025 sed

2221 2053 2383 2107 etiam
2434 2054 2502 2109 ab
2540 2054 2834 2121 Arabibus,
2870 2072 2979 2110 non
3028 2064 3239 2112 tantum
3269 2059 3590 2126 catholicis,
3621 2062 3719 2117 sed
3752 2070 3809 2117 et

2220 2142 2488 2200 haereticis
2518 2155 2761 2217 receptas
2785 2147 2976 2204 fuisse.

2829 2306 3057 2364 CAPUT
3095 2308 3181 2365 lll.

2214 2413 2540 2485 Argumenta
2568 2432 2662 2499 pro
2693 2415 2751 2471 S.
2784 2416 3018 2504 lgmtio,
3045 2421 3243 2501 partim
3275 2437 3309 2473 a
3335 2422 3803 2504 testibusnpartim

2287 2503 2319 2539 a
2351 2488 2664 2539 testimoniis
2689 2489 2950 2561 petitasA
2979 2492 3191 2543 testium
3216 2508 3452 2549 numero.
3478 2488 3802 2561 antiquitate

2284 2566 2333 2609 et
2368 2558 2517 2610 serie.
2554 2560 2591 2609 Α
2628 2559 3046 2633 testimoniorum
3095 2570 3205 2613 tum
3247 2561 3497 2633 generali.
3527 2558 3638 2615 tum
3670 2580 3799 2632 par-

2284 2627 2501 2680 ticulari
2530 2629 2871 2685 indicatione.

2281 2738 2417 2792 Cum
2471 2748 2546 2793 tot
2592 2741 2837 2795 omnium
2890 2742 3215 2797 smeulorum
3268 2744 3580 2800 testimonia
3617 2746 3796 2801 adduc

2209 2829 2472 2895 xerimus,
2496 2831 2631 2884 nihil
2658 2833 2905 2900 ulterius,
2933 2835 3078 2904 quod
3109 2835 3175 2889 ad
3206 2846 3585 2902 argumentum
3613 2849 3795 2894 exter-

2209 2936 2339 2973 num
2374 2922 2585 2987 attinet,
2611 2923 2909 2978 desiderari
2942 2940 3100 2993 posse
3121 2925 3406 2991 videatur;
3437 2928 3497 2980 τὸ
3528 2929 3636 3000 γὰρ
3664 2947 3792 2983 τοσ-

2205 3014 2381 3077 ούτοις
2436 3016 2700 3085 μάρτυσιν
2750 3016 3065 3093 ἀντιτείνειν
3112 3018 3496 3091 παραπληξίας
3529 3022 3789 3093 ἐσχάτης.

2209 3103 2307 3160 Τοι
2353 3108 2492 3161 enim
2537 3120 2585 3161 et
2630 3111 2796 3163 tantis
2836 3108 3051 3163 testibus
3090 3111 3353 3182 refragari
3399 3124 3649 3167 extrema:
3692 3117 3791 3168 de-

2130 3212 2175 3268 ρ
2208 3197 2418 3251 mentite
2454 3206 2553 3264 est,
2585 3207 2643 3252 ut
2686 3198 2927 3268 loquitur
2971 3198 3347 3257 Theodorelus
3389 3203 3606 3274 dialogo
3648 3220 3687 3257 ι.
3724 3204 3794 3261 Et

2207 3295 2386 3341 tamen
2420 3298 2667 3358 repertus
2715 3299 2799 3345 est
2846 3290 3177 3359 Blondcllus,
3222 3294 3315 3363 qui
3364 3294 3417 3348 in
3462 3294 3792 3351 Praefatione

2204 3381 2438 3435 rotunde
2467 3382 2665 3435 dixerit
2697 3399 2709 3433 :
2742 3381 2845 3436 Sed
2893 3383 3103 3453 plenam
3142 3385 3249 3439 illis
3282 3387 3409 3455 ipsis
3454 3404 3586 3456 quas
3619 3390 3790 3457 con/i--

2203 3482 2316 3527 ctas
2354 3483 2599 3541 putamus
2641 3473 2879 3543 epistolis
2914 3476 3072 3543 ﬁdem
3119 3475 3344 3530 habuere
3390 3477 3609 3532 Patres!
3641 3479 3786 3544 Quid

2203 3567 2356 3618 tum?
2400 3566 2501 3618 Ain
2534 3581 2683 3629 vero,
2713 3567 2839 3636 quid
2877 3568 3030 3620 tum?
3054 3566 3191 3622 Tum
3227 3578 3373 3624 certe
3402 3570 3667 3627 habemus
3696 3589 3785 3625 ar-

2202 3667 2519 3726 gumentum
2571 3674 2602 3712 a
2645 3658 2975 3714 testimoniis
3028 3661 3255 3729 petitum
3305 3662 3373 3716 de
3423 3664 3626 3732 scripto
3677 3663 3785 3718 viri

2202 3751 2487 3819 apostolici
2540 3751 2913 3807 ecclesiastico
2974 3751 3461 3824 locupletissimum
3527 3757 3783 3813 ﬁrmissi-

2197 3855 2457 3910 mumque
2477 3880 2492 3905 ,
2523 3851 2578 3896 et
2616 3841 2777 3912 quale
2819 3858 3099 3913 nunquam
3131 3844 3309 3899 adhuc
3332 3862 3663 3917 quemquam
3696 3847 3779 3903 fe-

2197 3930 2358 3998 fellit;
2392 3947 2568 4002 neque
2619 3934 2665 3988 si
2693 3943 2888 3989 czetera
2926 3936 3311 4004 respondeant,
3353 3953 3474 4006 qua:
3506 3938 3560 3992 in
3608 3954 3777 4009 argu-

2195 4032 2380 4076 mento
2416 4024 2628 4079 interno
2653 4024 2965 4092 all‘eremus,
2990 4026 3176 4081 fallere
3202 4030 3445 4097 potuisse
3474 4031 3777 4099 putandum

2193 4120 2295 4165 est.
2331 4110 2443 4166 lloc
2480 4124 2540 4166 ut
2564 4113 2857 4170 dilucidius
2888 4126 3168 4186 appareat,
3195 4133 3259 4172 ex
3294 4128 3419 4173 ante
3450 4122 3610 4175 dictis
3636 4136 3777 4174 non-

2192 4202 2341 4256 nulla
2370 4201 2803 4273 observabimus,
2844 4214 2898 4260 et
2943 4224 3107 4277 quam
3150 4225 3213 4262 ea
3244 4210 3351 4262 vim
3385 4210 3449 4263 ad
3484 4211 3642 4267 ﬁdem
3688 4212 3773 4266 la-

2192 4292 2443 4347 eiendam
2496 4294 2751 4362 habeant,
2786 4306 2899 4353 tum
2948 4315 3015 4354 ex
3063 4302 3294 4357 testibus
3338 4304 3492 4373 ipsis,
3539 4314 3653 4359 tum
3704 4322 3773 4361 ex

2191 4379 2435 4450 ipsorum
2469 4383 2796 4441 testimoniis
2820 4390 3235 4459 perpendemus.

2258 4474 2302 4527 A
2338 4474 2567 4532 testibus
2600 4493 2706 4532 non
2745 4496 2914 4535 unum
2947 4485 3217 4540 sumimus
3258 4496 3660 4555 argumentum.
3697 4487 3769 4545 Ut

1426 4518 1435 4519 ,
1958 4518 1976 4531 ,
2258 4518 2302 4527 .-
2339 4518 2567 4532 ,νυ-..μω
2600 4518 2706 4532 ..υ-ι
2747 4518 2914 4535 υιιυιιι
2947 4518 3217 4540 ουιιιιιυυο
3258 4518 3660 4555 αιδυιιιυιιιυιιι.
3701 4518 3763 4545 us

506 4518 739 4585 gendum
779 4527 985 4592 Ρυῑθνὶ,
1018 4537 1478 4600 quemadmodum
1529 4560 1559 4599 a
1612 4545 1730 4600 viro
1765 4548 1923 4604 docto
1956 4550 2083 4606 Ber-
2115 4566 2161 4622 ι)
2189 4574 2220 4614 a
2249 4576 2478 4616 numero
2512 4564 2857 4635 incipiamus,
2889 4580 3018 4625 sunt
3058 4572 3131 4625 illi
3166 4589 3298 4628 sane
3335 4578 3763 4647 quamplurimi;

506 4608 677 4647 nonin
724 4613 1016 4647 Πνηηςηηηε
1055 4638 1079 4647 ,ι
1130 4627 1306 4647 Α...ιε,-
1512 4634 1548 4647 ν.
1611 4636 1672 4647 ...η
1895 4644 1907 4647 _
2076 4646 2083 4647 ,

502 4608 677 4666 nardo
724 4613 1018 4675 Oxoniensi
1051 4638 1081 4676 e
1124 4627 1313 4683 codice
1360 4648 1465 4687 ms.
1510 4634 1573 4690 D.
1611 4636 1943 4708 Thevcnoti,
1994 4646 2088 4714 qui

1795 4736 1831 4803 i,
1874 4753 1919 4791 et

501 4800 677 4861 ptum,
712 4797 955 4870 mihique
1004 4797 1472 4871 communicatum
1519 4832 1621 4877 est.
1670 4822 1743 4879 Ita
1795 4828 1960 4899 igitur
1989 4830 2084 4887 lhn

502 4885 678 4946 Zorha
728 4891 977 4953 Jacobita
1018 4903 1098 4970 (si
1133 4905 1269 4963 bene
1304 4915 1554 4971 meminit
1582 4920 1794 4976 amicus
1833 4926 2080 4995 noster),

500 4979 623 5035 libri
658 4985 742 5038 sui
789 4988 1050 5047 Adversus
1084 4995 1357 5069 Eutychen
1390 5021 1510 5077 cap.
1542 5011 1576 5065 t
1606 5028 1617 5062 ε
1653 5012 1800 5067 Dicit
1834 4979 2081 5088 1,403.1;

498 5076 803 5142 patriarcha
850 5082 1214 5144 Antiochensis
1254 5098 1441 5152 tertius
1486 5118 1518 5153 a
1560 5101 1721 5157 Petro
1754 5076 1992 5177 apostolo
2026 5115 2081 5168 in

495 5166 718 5234 epistola
765 5188 863 5225 sua
910 5177 979 5228 ad
1014 5177 1381 5253 Smyrnenses,
1427 5192 1558 5246 dicit
1598 5166 1860 5271 (inquam)
1893 5218 1910 5256 :
1949 5222 1967 5255 ι

496 5270 584 5308 uos
630 5260 792 5314 etiam
841 5275 1004 5321 estote
1052 5278 1294 5340 persuasi
1338 5280 1392 5332 in
1436 5282 1662 5338 Domino
1715 5301 1894 5345 nostro
1946 5294 2075 5350 Jesu

499 5346 750 5422 Christo,
808 5360 899 5427 qui
945 5378 1009 5416 ex
1066 5369 1262 5424 snnine
1317 5371 1535 5430 Doridis
1584 5383 1849 5451 propheta:
1900 5392 2075 5456 quoad

497 5459 705 5513 Corpus,
739 5460 793 5502 at
820 5450 998 5509 Filius
1034 5457 1127 5513 Dei
1159 5462 1212 5515 in
1244 5468 1464 5523 ceritate
1492 5472 1627 5541 ejus,
1664 5487 1819 5531 natus
1855 5496 1919 5535 ex
1951 5482 2073 5538 Ma-

497 5536 579 5589 ria
627 5540 858 5611 virgine,
900 5556 950 5601 et
1002 5551 1303 5622 baptizatus
1349 5578 1380 5613 a
1410 5562 1651 5634 Joanne,
1699 5580 1749 5623 et
1784 5576 2070 5645 cruciﬁxus

493 5638 705 5698 propter
740 5649 832 5688 nos
861 5637 954 5690 sub
986 5645 1303 5714 prtefectura
1331 5649 1515 5708 Pontii
1548 5656 1735 5715 Pilati.
1782 5682 1800 5715 ι
1839 5663 1909 5719 Et
1931 5637 2070 5725 dicit

493 5720 654 5772 etiam
680 5724 732 5776 in
767 5724 1005 5796 Epistola
1037 5753 1135 5789 sua
1170 5740 1239 5792 ad
1266 5744 1639 5804 Antiochenses
1666 5769 1683 5805 .·
1717 5773 1735 5803 ι
1773 5754 1876 5819 Qui
1903 5760 2072 5814 credit

495 5826 633 5868 nunc
666 5815 717 5869 in
748 5818 979 5884 Christo.
1009 5837 1056 5881 et
1092 5846 1192 5885 non
1235 5834 1287 5887 in
1319 5837 1577 5896 oblatione
1623 5861 1717 5898 sua
1757 5847 1887 5911 (esse
1927 5853 2065 5909 eum)

2192 4668 2368 4722 neque
2408 4654 2515 4708 ulla
2547 4658 2746 4727 scripta
2775 4669 2883 4714 tam
2914 4662 3097 4718 brevia
3124 4674 3201 4719 tot
3226 4664 3465 4723 fautores
3489 4679 3542 4723 et
3567 4678 3762 4737 testes,

2191 4751 2273 4796 tot
2301 4756 2649 4814 excerptores
2691 4748 3112 4823 laudatoresque
3141 4756 3321 4812 adhuc
3347 4760 3557 4828 uspiam
3602 4775 3765 4818 nacta

2185 4843 2333 4888 sunt.
2366 4834 2461 4891 Est
2490 4838 2633 4891 enim
2676 4840 2759 4893 vel
2812 4858 2915 4896 una
2968 4842 3026 4899 S.
3076 4845 3373 4905 Clementis
3425 4852 3653 4922 epistola
3696 4857 3765 4910 ad

2184 4929 2497 4991 Corinthios
2530 4939 2730 5008 scripta
2760 4941 2846 4996 his
2873 4951 3078 5012 septem
3121 4944 3178 5000 S.
3212 4946 3404 5017 lguatii
3429 4950 3570 5005 haud
3598 4952 3763 5020 paulo

2182 5027 2481 5095 prolixior;
2514 5034 2812 5100 praesertim
2859 5036 2906 5090 si
2956 5035 3146 5092 folium
3192 5040 3324 5096 illud
3372 5059 3477 5100 ms.
3512 5051 3759 5103 excisum

2180 5119 2613 5186 consideremus,
2641 5126 2787 5192 quod
2833 5137 2956 5183 octo
3001 5129 3067 5183 ad
3098 5131 3383 5187 minimum
3422 5136 3669 5205 paginas,
3701 5148 3762 5194 ut

2180 5223 2326 5263 nunc
2349 5209 2598 5265 Clemens
2621 5214 2798 5271 editus
2827 5227 2931 5284 est,
2957 5231 3225 5290 exaequat.
3255 5221 3319 5277 Et
3350 5228 3599 5293 quamvis
3627 5227 3725 5282 Dal

2179 5299 2310 5355 heus
2362 5301 2429 5357 de
2480 5321 2710 5362 numero
2752 5310 2970 5365 testium
3022 5324 3280 5382 provocet
3326 5318 3393 5371 ad
3444 5318 3757 5378 testimonia

2175 5392 2382 5463 lgnalio
2414 5396 2483 5451 ab
2519 5396 2761 5467 Usscrio,
2795 5402 3061 5459 Clementi
3102 5422 3132 5461 a
3176 5407 3341 5464 Junio
3372 5411 3629 5480 prtulixa;
3658 5414 3758 5469 ob-

2175 5489 2499 5543 servandum
2550 5492 2627 5547 illi
2675 5495 2829 5564 prius
2874 5497 3009 5567 fuit,
3056 5501 3124 5555 ab
3166 5501 3514 5559 Armaehano
3543 5515 3753 5575 partem

2173 5578 2331 5651 longe
2360 5585 2651 5641 maximam
2686 5604 2809 5645 esse
2830 5595 3273 5664 praetermissam,
3306 5613 3335 5653 a
3365 5597 3530 5653 .Iunio
3558 5617 3751 5670 quam.

2171 5673 2437 5742 plurimos
2475 5694 2595 5734 esse
2626 5682 2912 5751 adductos,
2940 5689 3034 5756 qui
3074 5690 3284 5745 nullum
3317 5692 3561 5761 epistolte
3593 5696 3750 5749 testi-

2172 5766 2416 5820 monium
2462 5772 2779 5842 perhibent,
2816 5779 3004 5847 quales
3034 5792 3161 5836 sunt
3202 5780 3259 5837 S.
3293 5782 3526 5850 Paulus,
3557 5785 3749 5855 lgnatii

2171 5857 2542 5929 interpolator,
2572 5864 2822 5933 Ootatus,
2847 5869 3113 5934 RulIinus.
3141 5875 3498 5947 Augustinus,
3531 5878 3745 5935 Euche-
