4136 6446
335 399 410 455 97

1150 401 1201 459 J.
1224 398 1587 460 PEARSONII
1636 396 1961 461 VINDICUE
2001 397 2427 461 ῙΕΝΑΤΙΑΝᾸΞ.
2448 436 2511 447 -
2542 396 2724 461 PARS
2761 400 2802 462 l.

3558 409 3629 461 98

332 521 489 582 rius.
523 519 621 575 lvo
648 519 1033 586 Carnotensis,
1058 517 1324 583 Zonaras,
1347 517 1504 589 Ηυεο
1526 518 1594 573 de
1622 516 1681 571 S.
1710 516 1948 582 Victore,
1978 517 2026 577 Α
2055 514 2201 582 garis
2243 530 2366 569 aera:
2411 531 2615 570 annum
2662 534 2675 569 :
2715 514 2987 574 stantibus
3034 522 3181 574 enim
3233 518 3628 596 Hierosolymis

328 625 388 669 et
444 611 710 667 Albertus
741 611 1064 678 Studensis;
1109 611 1206 681 qui
1243 625 1434 666 omnes
1463 610 1794 665 Clementem
1827 607 1950 679 qui-

328 707 469 761 dem
516 706 730 775 aliqno,
764 706 1050 775 epistolam
1083 705 1235 759 nullo
1280 702 1440 759 modo
1473 702 1779 757 nominant.
1810 698 1950 755 Sunt

325 810 399 848 aII
422 804 534 852 tem
576 806 748 854 testes
778 798 975 864 nostri,
1006 796 1099 868 qui
1130 795 1376 866 epistolis
1406 795 1560 864 ipsis,
1593 809 1731 864 quas
1760 791 1943 848 defen-

322 888 572 954 dimus,
617 889 1022 960 suﬂ‘ragantur,
1056 890 1257 959 oppido
1300 888 1496 954 multi;
1539 896 1595 942 et
1641 888 1686 941 si
1723 900 1946 956 perpen-

320 980 455 1037 dam
477 1000 547 1039 us
576 1000 745 1054 quam
776 999 951 1054 pauca
981 991 1227 1039 veterum
1267 981 1768 1037 ecclesiasticorum
1807 978 1946 1035 scri-

328 1091 570 1139 ntorum
604 1090 770 1146 opera
800 1091 949 1131 nunc
976 1084 1216 1141 exstant,
1239 1090 1404 1144 quam
1432 1072 1608 1127 multo
1635 1072 1789 1141 plura
1820 1086 1945 1141 per-

333 1192 400 1234 ετ
420 1176 529 1224 unt
566 1177 665 1223 aut
693 1168 872 1224 adhuc
902 1183 1027 1224 cum
1058 1166 1243 1222 blattis
1269 1174 1324 1221 et
1352 1165 1514 1220 tineis
1554 1170 1795 1227 certant,
1831 1176 1940 1216 non

334 1281 386 1315 ιο
414 1274 651 1317 ssumus
692 1272 804 1314 non
854 1259 998 1314 hanc
1030 1260 1253 1314 testium
1289 1256 1487 1311 nubem
1539 1254 1673 1309 satis
1702 1254 1939 1323 amplam

328 1360 563 1423 putare,
594 1359 652 1406 et
680 1366 749 1405 ex
793 1351 879 1404 his
921 1365 1066 1420 quos
1108 1346 1461 1411 adduximus,
1505 1360 1697 1400 eorum
1744 1360 1939 1399 nume-

329 1459 487 1509 rum,
521 1459 668 1514 quos
699 1444 968 1498 adducere
995 1457 1103 1495 non
1137 1455 1429 1510 possumus
1460 1448 1550 1493 aut
1578 1437 1936 1507 negleximus,

329 1532 625 1589 inﬁnitum
656 1548 796 1603 pene
827 1533 1123 1587 aestimare.
1152 1530 1218 1585 Et
1248 1532 1362 1585 haec
1388 1529 1613 1583 omnino
1641 1528 1937 1597 premenda

325 1635 499 1680 erant
531 1629 803 1681 adversus
830 1624 1114 1689 Dallzcum,
1157 1624 1250 1695 qui
1282 1620 1685 1676 Hammondum
1716 1638 1777 1673 ne
1803 1638 1939 1691 qua-

326 1726 464 1770 tuor
490 1717 710 1787 quidem
740 1715 930 1771 Patres
956 1731 1024 1769 ea:
1057 1716 1200 1770 omni
1229 1714 1466 1777 secundi,
1505 1714 1648 1766 tertii
1675 1722 1723 1766 et
1755 1713 1935 1783 quarti

323 1808 525 1864 seculi
556 1810 715 1878 copia
747 1809 1025 1865 nominare
1071 1808 1304 1877 potuisse
1352 1817 1463 1861 tam
1511 1804 1651 1859 falso
1686 1820 1932 1875 pronun-

324 1901 513 1957 tiavit.

404 1990 695 2055 Secundo,
720 2007 771 2047 st
814 1991 1063 2046 animum
1103 1991 1169 2046 ad
1203 1990 1400 2046 seriem
1454 2000 1760 2060 temporum
1790 1989 1931 2043 refe-

324 2099 555 2147 ramus,
588 2092 647 2137 et
685 2084 755 2137 ab
792 2083 908 2152 ipsa
950 2091 1109 2137 aetate
1138 2098 1245 2151 qua
1282 2083 1519 2152 primum
1565 2082 1779 2151 scriptae
1809 2097 1933 2150 per-

325 2177 604 2231 hibentur
634 2176 916 2245 epistolaa,
946 2175 1012 2228 ad
1056 2189 1176 2228 eam
1218 2188 1326 2243 qua
1358 2174 1594 2243 primum
1630 2174 1929 2242 impressa,

324 2278 388 2322 et
440 2267 867 2337 erumpentibus
918 2265 1177 2321 Ecclesiae
1224 2266 1551 2333 discordiis,
1600 2267 1653 2319 in
1703 2266 1929 2320 dubium

324 2368 465 2414 sunt
490 2367 730 2425 vocatae,
763 2367 932 2413 testes
979 2366 1202 2413 nostros
1231 2357 1307 2412 ita
1339 2357 1638 2426 dispositos
1665 2372 1788 2412 esse
1833 2357 1931 2411 ob-

324 2467 648 2515 servemus,
682 2459 744 2505 ut
795 2464 920 2504 cum
972 2449 1186 2519 primus
1236 2449 1340 2519 ipsi
1382 2446 1441 2503 S.
1482 2447 1709 2518 lgnatio,
1750 2449 1930 2518 primo

324 2544 612 2599 secundus
648 2543 936 2597 familiaris
973 2541 1159 2607 fuerit,
1194 2553 1307 2596 tum
1343 2556 1504 2596 nemo
1534 2541 1647 2597 fere
1691 2542 1931 2610 reliquo-

326 2652 455 2689 rum
486 2636 583 2703 sit,
616 2634 714 2705 qui
769 2651 877 2689 non
921 2650 951 2688 a
1001 2634 1251 2703 sequenti
1298 2643 1391 2688 aut
1429 2635 1582 2689 nosci
1634 2643 1728 2688 aut
1760 2634 1927 2689 videri

326 2727 600 2797 potuerit,
632 2743 761 2782 cum
800 2728 854 2781 in
890 2742 1225 2797 unoquoque
1254 2725 1366 2783 fere
1412 2728 1614 2782 saeculo
1660 2742 1803 2781 nunc
1848 2726 1929 2783 bi-

328 2834 455 2881 nos,
488 2834 643 2873 nunc
675 2820 871 2884 trinos,
907 2834 1055 2873 nunc
1092 2825 1386 2887 quaternos
1414 2818 1921 2885 numeraverimus,

328 2909 633 2977 plurimum
673 2918 822 2964 certe
856 2908 1020 2961 etiam
1071 2908 1173 2963 hoc
1207 2908 1273 2961 ad
1313 2907 1639 2962 sententiam
1677 2917 1922 2962 nostram

328 2997 774 3053 conﬁrmandam
825 2997 987 3051 valet.
1039 2996 1123 3052 Ah
1168 2997 1269 3051 hac
1318 2996 1464 3051 enim
1517 2996 1733 3051 testium
1784 2999 1925 3053 serie

330 3091 529 3145 nullibi
566 3091 876 3161 interrupta
928 3105 1027 3160 pro
1061 3099 1213 3144 certo
1262 3089 1451 3144 haberi
1502 3088 1661 3143 debet
1690 3097 1785 3144 aut
1829 3105 1925 3145 ne-

328 3185 539 3240 minem
592 3200 839 3255 unquam
896 3185 1001 3238 hoc
1049 3184 1225 3253 ipsum
1275 3183 1419 3252 quod
1478 3183 1557 3237 illi
1607 3191 1923 3242 constanter

328 3276 650 3332 docuerunt
701 3292 963 3348 negasse,
1014 3277 1289 3331 neminem
1346 3277 1413 3331 de
1474 3278 1801 3332 auctoritate
1854 3274 1913 3331 S.

326 3367 527 3439 lguatii
560 3369 865 3433 dubitasse,
917 3375 1011 3422 aut
1061 3367 1107 3422 si
1157 3368 1280 3437 quis
1330 3383 1570 3438 unquam
1622 3368 1674 3422 id
1708 3367 1916 3435 fecerit,

326 3462 451 3531 ejus
474 3460 806 3516 sententiam
838 3460 907 3514 ab
932 3459 1056 3516 aliis
1092 3473 1305 3528 semper
1330 3473 1427 3528 pro
1458 3458 1628 3513 nihilo
1653 3459 1916 3513 habitam.

324 3551 678 3621 Quocunque
710 3551 858 3605 enim
912 3558 1157 3619 tempore
1198 3550 1433 3619 aliquem
1475 3548 1633 3603 aliter
1681 3548 1919 3604 sensisse

322 3643 454 3713 quis
499 3644 633 3697 velit
682 3641 922 3713 (qualem
974 3652 1155 3696 tamen
1205 3656 1305 3712 ego
1352 3640 1626 3695 neminem
1658 3639 1917 3711 agnosco)

321 3735 451 3805 ejus
486 3736 861 3804 importunam
908 3733 1308 3788 dubitationem
1350 3743 1403 3788 et
1440 3747 1503 3788 ea
1537 3747 1660 3802 quae
1685 3747 1919 3803 praeces-

320 3836 521 3882 serunt
566 3826 985 3896 improbabilem
1020 3824 1265 3890 reddent,
1297 3834 1350 3880 et
1375 3840 1437 3878 ea
1468 3840 1590 3894 qua:
1614 3833 1919 3894 sequuntur

321 3918 666 3983 testimonia,
697 3918 904 3972 nullius
948 3916 1091 3986 apud
1137 3916 1274 3971 alios
1314 3916 1572 3987 ponderis
1602 3924 1698 3970 aut
1726 3925 1919 3972 aucto-

319 4012 507 4067 ritatis
540 4010 712 4066 fuisse
739 4011 1072 4081 probabunt.
1094 4009 1231 4063 Cum
1259 4010 1424 4079 igitur
1445 4010 1618 4066 nostri
1642 4019 1914 4077 asserunt,

318 4103 647 4161 testimonia
693 4119 818 4173 qua:
864 4102 1172 4157 alIeruntur
1221 4118 1320 4173 pro
1373 4101 1704 4173 lgnatianis,
1763 4105 1914 4173 paria

319 4214 446 4253 esse
477 4198 571 4266 iis,
602 4212 728 4267 quae
755 4211 855 4266 pro
883 4196 1130 4266 epistolis
1172 4194 1468 4250 Clementis
1502 4204 1597 4249 aut
1631 4193 1916 4266 Polycarpi

321 4290 525 4345 adduci
575 4287 753 4343 solent
796 4296 893 4342 aut
938 4294 1195 4357 possunt,
1242 4301 1342 4356 ego
1386 4294 1566 4340 autem
1598 4287 1766 4341 multo
1793 4301 1912 4341 am-

320 4382 499 4452 pliora
555 4379 998 4448 illustrioraque;
1056 4376 1323 4443 Dallaeus,
1381 4377 1475 4447 qui
1530 4378 1911 4448 antiquissima

322 4474 533 4527 frustra
584 4479 782 4543 negat,
833 4472 977 4525 hanc
1024 4469 1494 4539 comparationem
1546 4469 1697 4524 nullo
1746 4470 1911 4525 modo

2052 616 2173 657 eam
2229 613 2508 659 exaratam
2556 622 2678 661 esse
2725 624 2833 661 non
2877 609 3163 677 dubitant;
3208 613 3297 666 cui
3348 616 3629 670 sententia:

2050 693 2213 748 etiam
2262 695 2443 750 illa-in
2492 697 2652 751 initio
2698 698 2952 769 Epistola:
2994 703 3190 768 verba,
3221 703 3298 757 Δι’
3331 707 3630 774 αἰφνιδίους

2048 786 2143 838 καὶ
2181 786 2513 859 ἐπαλλήλους
2554 790 2849 861 γενομένας
2875 794 3007 862 ἡμῖν
3037 795 3319 865 συμφορὰς
3352 797 3445 850 καὶ
3486 816 3629 869 παρ-

2048 878 2394 949 εμπτώσεις,
2441 890 2501 934 ut
2554 883 2884 952 aliquando,
2941 883 3054 939 Deo
3097 886 3345 955 volente,
3387 904 3451 942 ex
3486 892 3627 945 anti-

2046 971 2318 1039 quissimo
2352 973 2446 1028 illo
2469 989 2575 1029 ms.
2611 975 2895 1046 legendum
2932 978 3305 1045 ostendemus,
3338 980 3627 1052 sulfragari

2043 1064 2354 1118 videantur.
2404 1064 2523 1120 Jam
2562 1067 2687 1135 quis
2723 1068 2961 1137 primum
3017 1070 3145 1125 huic
3185 1072 3430 1141 epistola
3471 1075 3627 1129 testi-

2044 1155 2289 1209 monium
2321 1157 2635 1225 perhibuit?
2678 1157 2796 1213 Non
2848 1161 2925 1214 illi
2958 1177 3098 1231 quos
3138 1164 3371 1232 praefixit
3401 1164 3622 1230 Junius,

2042 1243 2286 1316 lgnatius
2332 1258 2387 1303 et
2431 1247 2703 1317 Justinus,
2749 1264 2941 1307 neuter
2982 1254 3128 1309 enim
3170 1271 3333 1312 verus
3376 1267 3488 1325 est;
3526 1260 3619 1313 sed

2042 1338 2373 1409 Dionysius,
2429 1356 2590 1409 quem
2646 1356 2757 1395 non
2806 1343 3149 1411 nominavit,
3204 1346 3620 1403 Corinthiorum

2042 1429 2334 1499 episcopus
2360 1471 2374 1494 ,
2430 1432 2662 1500 epistola
2696 1433 2764 1487 ad
2814 1433 3118 1500 Romanos,
3161 1435 3337 1492 Soteri
3369 1439 3626 1509 episcopo
3685 1464 3693 1474 -

2040 1532 2374 1592 nuncupata.
2402 1524 2471 1577 At
2497 1523 2653 1579 Soter
2683 1526 2964 1595 praefuisse
2998 1529 3201 1583 dicitur
3228 1530 3483 1586 Ecclesiae
3519 1533 3625 1587 Ro-

2038 1628 2210 1669 mamn
2236 1615 2299 1666 ab
2347 1624 2399 1668 α.
2436 1615 2503 1669 Ι).
2535 1616 2637 1672 178
2660 1619 2728 1671 ad
2765 1619 2887 1683 179,
2914 1619 3092 1689 inquit
3114 1621 3448 1678 Blondellus.
3483 1625 3624 1680 Ante

2038 1703 2203 1774 igitur
2252 1720 2303 1759 a.
2362 1706 2462 1760 178
2516 1709 2773 1779 scriptam
2817 1710 2991 1767 fuisse
3039 1712 3285 1785 Dionysii
3336 1717 3621 1785 epistolam

2038 1811 2148 1850 non
2178 1807 2420 1867 apparet.
2462 1799 2642 1866 Quare
2672 1804 2855 1871 plures
2889 1820 3054 1874 quam
3092 1815 3310 1862 centum
3337 1809 3465 1862 anni
3496 1820 3620 1864 sunt

1965 1876 2007 1931 Β
2034 1889 2226 1959 elapsi,
2255 1900 2546 1961 antequam
2574 1894 2891 1965 quisquam,
2924 1897 3071 1968 quod
3102 1900 3377 1967 novimus,
3410 1900 3468 1956 S.
3501 1901 3619 1959 Cle-

2038 1981 2235 2035 mentis
2282 1980 2536 2052 Epistolze
2580 1987 2954 2043 testimonium
2993 1991 3296 2060 perhibuit.
3345 1991 3388 2045 E
3431 2004 3619 2049 contra

2035 2072 2127 2140 qui
2165 2073 2404 2141 primum
2460 2074 2762 2146 lgnatianis
2817 2082 3194 2138 testimonium
3245 2086 3492 2155 perhibet
3536 2096 3621 2143 est

2037 2160 2095 2216 S.
2120 2162 2478 2235 Polycarpns,
2511 2166 2569 2220 S.
2613 2166 2820 2238 lgnatio
2852 2188 2960 2227 non
3001 2184 3214 2230 tantum
3248 2179 3619 2249 synchronus,

2033 2252 2129 2307 sed
2163 2261 2217 2307 et
2269 2254 2590 2321 familiaris,
2631 2260 2725 2329 qui
2785 2260 2886 2332 ipsi
2940 2262 3189 2336 Smyrnae
3237 2267 3448 2332 aderat,
3493 2285 3618 2324 cum

2032 2352 2272 2413 quatuor
2316 2348 2579 2417 epistolas
2633 2350 2761 2406 inde
2809 2354 3079 2423 mitteret,
3115 2357 3209 2426 qui
3248 2374 3410 2413 unam
3445 2360 3513 2415 ad
3561 2374 3620 2416 se

2032 2438 2239 2503 datam,
2272 2439 2338 2494 ad
2384 2441 2695 2513 Smyrnteos
2728 2459 2860 2500 suos
2907 2447 3069 2501 aliam
3116 2448 3331 2505 Troade
3378 2453 3620 2521 recepit,

2029 2529 2125 2599 qui
2156 2529 2297 2586 intra
2333 2548 2538 2602 paucos
2581 2549 2797 2592 menses
2844 2548 3052 2608 septem
3087 2542 3321 2613 collegit,
3350 2545 3539 2611 edidit,
3567 2555 3617 2600 et

2030 2636 2145 2677 sum
2172 2624 2494 2694 subjunctas
2522 2627 2963 2699 Philippensibus
2998 2633 3167 2688 misit.
3205 2634 3489 2693 Secundus
3520 2656 3617 2709 pro

2030 2714 2373 2772 Clementina
2406 2720 2559 2775 testis
2594 2720 2735 2776 forte
2776 2722 2957 2779 aﬂ‘erri
2993 2736 3208 2796 poterat
3234 2727 3615 2802 Ilegcsippus:

2029 2807 2097 2862 de
2124 2823 2186 2862 ea
2210 2810 2355 2863 enim
2389 2813 2637 2881 quredam
2681 2819 3153 2882 commemoravit,
3186 2820 3279 2876 sed
3310 2838 3431 2891 qum
3460 2824 3620 2894 igno-

2028 2914 2155 2954 rare
2204 2917 2305 2956 nos
2347 2904 2519 2958 voluit
2565 2903 2857 2962 Eusebius.
2904 2907 3233 2968 Anastasius
3272 2914 3493 2983 quidem
3525 2916 3619 2969 Bi-

2026 2988 2421 3048 liliothccarius
2443 2994 2526 3061 (ut
2553 2995 2699 3050 hunc
2722 2997 2869 3053 Junii
2892 2998 3153 3072 Catalogo
3176 3012 3367 3060 testem
3391 3008 3613 3079 addam)

2026 3080 2082 3134 in
2117 3079 2357 3136 Historia
2387 3084 2746 3141 ecclesiastica
2774 3090 2891 3144 hinc
2919 3091 2984 3145 de
3010 3090 3067 3147 S.
3096 3093 3375 3152 Clemente
3397 3098 3565 3154 refert
3594 3114 3611 3153 :

2028 3171 2206 3241 Hujus
2255 3176 2478 3242 epistola
2525 3178 2698 3247 fertur
2741 3182 2812 3234 ad
2856 3180 3162 3238 Corinthios
3212 3187 3406 3255 missa,
3455 3207 3613 3261 quam

2033 3271 2143 3317 tota
2176 3268 2382 3336 recipit,
2423 3278 2479 3321 ut
2534 3268 2859 3342 Hegesippus
2910 3283 3155 3341 testatur,
3188 3278 3450 3337 Ecclesia.
3506 3282 3614 3340 Sed

2027 3355 2132 3412 hoc
2161 3356 2447 3430 Hegesippi
2493 3364 2869 3419 testimonium
2913 3368 3108 3422 nullibi
3138 3380 3337 3441 exstat,
3369 3383 3423 3429 et
3464 3377 3613 3431 Ana-

2024 3450 2228 3504 stasius
2277 3450 2573 3523 Georgium
2628 3454 2940 3527 Syncellum
2982 3459 3072 3515 hic
3114 3462 3255 3517 male
3304 3467 3607 3523 transtulit.

2025 3542 2311 3614 Syncellus
2348 3546 2491 3600 enim
2520 3546 2685 3616 (alius
2728 3547 2877 3603 Junii
2908 3549 3173 3625 Catalogo
3216 3557 3373 3612 testis
3412 3559 3614 3615 adden-

2021 3633 2156 3703 dus)
2191 3634 2258 3690 de
2290 3634 2348 3691 S.
2378 3635 2659 3694 Clemente
2686 3639 2756 3693 ita
2784 3641 3027 3710 loquitur
3053 3662 3066 3697 :
3095 3645 3298 3699 Τούτου
3324 3648 3608 3723 ἐπιστολὴ,

2022 3727 2055 3797 ἡ
2091 3725 2189 3796 μία
2209 3727 2427 3797 γνησία,
2463 3730 2772 3801 Κορινθίοις
2817 3733 3041 3804 φέρεται
3083 3735 3159 3799 ὡς
3197 3738 3307 3791 ἀπὸ
3336 3740 3435 3811 τῆς
3478 3741 3610 3796 Ῥω-

2023 3815 2198 3885 μαίων
2235 3816 2560 3889 Ἑκκλησίας
2612 3823 2914 3891 γραφεῖσα,
2966 3824 3207 3889 στάσεως
3253 3828 3312 3879 ὲν
3360 3830 3610 3901 Κορίνθῳ

2022 3907 2308 3979 συμϐάσης
2340 3910 2483 3976 τότε,
2514 3911 2590 3976 ὡς
2631 3916 2901 3985 μαρτυρεί
2936 3915 3281 3989 Ἡγήσιππος
3302 3958 3317 3983 ,
3359 3920 3483 3991 ἥτις
3515 3922 3610 3976 καὶ

2020 3997 2460 4069 ἐκκλησιάζεται.
2515 4000 2621 4056 Sed
2661 4012 2714 4057 et
2764 4003 2817 4057 in
2872 4004 3067 4058 horum
3114 4006 3403 4061 verborqu
3439 4008 3609 4063 inter-

2018 4093 2327 4160 pretatione
2356 4090 2594 4149 Jacobus
2624 4094 2788 4162 Goar,
2822 4097 2917 4167 qui
2962 4097 3274 4169 Syncellum
3314 4109 3422 4155 tam
3466 4101 3609 4157 iule-

2018 4182 2195 4237 licitcr
2228 4185 2538 4251 transtulit,
2573 4200 2680 4239 non
2729 4187 2913 4242 minus
2960 4203 3126 4257 quam
3157 4191 3487 4247 Anastasius
3516 4208 3607 4248 er-

2016 4297 2178 4349 ravit.
2213 4295 2529 4350 Germanum
2552 4297 2666 4367 ejus
2697 4299 2767 4351 ad
2793 4297 3097 4354 Corinthios
3126 4303 3426 4371 epistolam,
3451 4307 3607 4374 quasi

2021 4404 2054 4441 a
2084 4386 2325 4441 Romana
2376 4387 2659 4452 Ecclesia,
2717 4390 2975 4445 tumultus
3024 4392 3305 4461 cujusdam
3359 4395 3605 4451 Corinthi

2022 4483 2195 4537 exorti
2234 4482 2528 4546 occasione,
2566 4484 2821 4552 scriptam
2854 4484 2919 4537 ab
2958 4484 3198 4540 Ecclesia
3233 4487 3386 4558 vulgo
3420 4493 3601 4559 recipi,

325 4565 588 4629 admittit,
620 4573 675 4617 et
708 4562 875 4617 nimis
901 4562 1071 4617 dilute
1099 4561 1361 4617 adversus
1403 4576 1523 4616 eam
1555 4561 1777 4633 integris
1807 4578 1911 4617 εω-
1946 4588 1990 4644 D
2018 4585 2066 4629 ει
2101 4592 2282 4629 coram
2324 4574 2533 4644 publice
2581 4575 2716 4646 legi,
2756 4585 2943 4629 auctor
2996 4586 3074 4631 est
3123 4576 3471 4650 Hcgesippus.
3524 4580 3595 4637 Its

324 4658 462 4712 culis
494 4665 724 4727 pugnat.
759 4653 1061 4710 Videamus
1110 4654 1277 4725 igitur
1323 4670 1393 4708 an
1442 4655 1546 4708 hoc
1592 4655 1662 4708 ab
1698 4670 1764 4710 eo
1793 4658 1917 4724 jure

325 4747 449 4811 ﬁat;
480 4755 535 4800 et
585 4745 849 4815 quoniam
891 4743 959 4799 de
1006 4742 1306 4813 Polycarpo
1359 4743 1600 4813 prudens
1651 4744 1795 4809 silet,
1848 4745 1917 4799 de

324 4837 608 4893 Clemente
638 4837 758 4891 solo
789 4836 855 4891 lis
882 4836 1002 4890 erit.
1037 4834 1377 4891 Testimouia
1401 4835 1454 4887 in
1480 4835 1583 4890 hac
1608 4852 1667 4891 re
1691 4852 1754 4891 ea
1782 4851 1916 4891 sane

325 4931 529 5000 optima
560 4939 713 4994 sunt,
747 4944 869 4999 quae
904 4929 971 4983 ad
999 4928 1171 4998 ipsam
1207 4929 1394 4999 scripti
1429 4937 1643 4984 aetatem
1669 4929 1915 4999 proxime

326 5022 672 5093 pertingunt;
724 5027 827 5075 hoc
876 5021 946 5075 ab
995 5033 1231 5091 utroque
1291 5029 1542 5075 nostrum
1588 5021 1910 5076 admittitur.

325 5113 703 5183 Scriptoribus
727 5113 953 5167 secundi
981 5112 1165 5168 saeculi
1203 5126 1312 5166 non
1353 5112 1537 5168 minus
1570 5112 1913 5168 auctoritatis

326 5204 581 5261 tribuunt
621 5201 815 5258 Patres
862 5202 1006 5259 tertii
1055 5203 1278 5271 saeculi,
1335 5218 1499 5274 quam
1550 5204 1912 5273 scriptoribus

326 5298 491 5369 primi
526 5296 723 5352 Patres
753 5296 1003 5352 secundi.
1053 5295 1114 5351 In
1159 5296 1493 5368 assignando
1519 5298 1717 5353 saeculo
1746 5296 1910 5351 fallax

326 5406 445 5447 esse
490 5398 674 5461 potest
719 5397 1143 5461 argumentum;
1180 5404 1291 5447 non
1334 5389 1500 5461 igitur
1552 5390 1778 5461 integris
1810 5406 1912 5445 sae-

326 5483 463 5537 culis
490 5481 730 5546 eminus,
759 5481 854 5536 sed
878 5481 1039 5536 annis
1067 5480 1319 5536 cominus
1348 5496 1669 5552 pugnemus.
1698 5480 1909 5551 Scripta

325 5587 402 5630 est
424 5576 680 5645 epistola,
704 5590 826 5645 qua:
859 5575 963 5630 sub
993 5572 1051 5629 S.
1083 5574 1379 5630 Clementis
1418 5575 1641 5629 nomine
1672 5575 1910 5631 circum-

324 5667 514 5735 fertur,
540 5679 669 5725 ante
698 5684 903 5723 annum
935 5668 1149 5723 Domini
1174 5668 1637 5739 septuagesimum
1669 5679 1906 5735 sextum,

323 5760 523 5815 fatente
550 5760 869 5824 Blondello;
909 5768 970 5815 ut
998 5760 1090 5814 alii
1117 5760 1456 5825 existimant,
1486 5762 1590 5817 sub
1615 5761 1773 5819 initio
1804 5780 1907 5819 un-

324 5854 449 5913 oerii
494 5852 841 5919 Vespasiani,
875 5852 928 5908 id
958 5860 1042 5910 est
1083 5852 1230 5910 circa
1280 5862 1740 5925 septuagesrmum
1780 5857 1878 5914 vul

2018 4667 2110 4722 ille
2141 4707 2154 4719 .
2184 4674 2243 4720 tu
2286 4675 2467 4720 autem
2519 4676 2711 4720 verte:
2758 4665 2937 4735 Hujus
2982 4668 3237 4736 epistola,
3277 4686 3394 4738 qua;
3440 4674 3600 4725 unica

2015 4758 2243 4828 genuina
2273 4765 2384 4824 est,
2419 4758 2489 4811 ad
2536 4755 2839 4811 Corinthios
2880 4757 3069 4827 fertur,
3107 4767 3357 4829 tanquam
3397 4760 3461 4813 ab
3496 4760 3595 4815 Ec~

2016 4850 2178 4904 clesia
2224 4847 2464 4903 Romana
2509 4850 2732 4918 scripta,
2770 4850 3027 4903 seditione
3064 4859 3187 4903 tunc
3232 4853 3501 4920 temporis,
3537 4864 3594 4906 ut
3645 4904 3651 4929 ξ

2017 4950 2242 4995 testatur
2284 4939 2633 5011 Hegesippus,
2680 4938 2923 4994 Corinthi
2971 4951 3126 5007 orta;
3179 4958 3296 5011 qua:
3338 4943 3500 4996 etiam
3528 4946 3594 4999 ab
3638 4936 3641 4941 ’

2014 5030 2256 5085 Ecclesia
2302 5031 2575 5100 recipitur,
2619 5031 2734 5084 hac
2776 5032 2922 5086 enim
2972 5032 3206 5103 Syncelli
3260 5032 3395 5085 nihil
3446 5034 3593 5088 aliud

2016 5133 2143 5178 sunt
2175 5138 2338 5191 quam
2385 5123 2621 5192 epitome
2666 5123 2861 5192 capitis
2904 5124 3004 5187 16,
3051 5124 3175 5178 libri
3226 5137 3288 5177 lli
3336 5123 3593 5180 Historia:

2014 5214 2350 5281 Eusebiame,
2387 5215 2547 5285 cujus
2576 5215 2742 5269 verba
2778 5223 2935 5278 sunt,
2968 5216 3059 5268 καὶ
3080 5216 3161 5268 ὅτι
3194 5214 3335 5268 κατὰ
3368 5221 3457 5270 τὸν
3498 5218 3597 5290 δη-

2011 5303 2269 5376 λούμενον
2291 5304 2361 5358 τὰ
2388 5305 2488 5376 τῆς
2521 5304 2823 5376 Κορινθίων
2861 5307 3114 5377 κεκίνητο
3152 5306 3414 5374 στάσεως,
3445 5310 3595 5377 ἀξιό-

2012 5414 2187 5467 χρεως
2234 5398 2443 5468 μάρτυς
2487 5399 2516 5449 ὁ
2556 5397 2916 5467 Ἡγήσιππος,
2949 5414 3106 5467 porro
3139 5401 3434 5468 supradicti
3466 5401 3593 5457 Cle-

2011 5489 2211 5545 mentis
2271 5498 2500 5558 tempore
2560 5489 2870 5543 seditionem
2926 5491 3063 5543 inter
3117 5489 3416 5546 Corinthios
3477 5510 3590 5549 esse

2010 5589 2364 5646 commotam,
2414 5580 2865 5634 luculentissimus
2922 5581 3069 5634 testis
3120 5591 3197 5635 est
3239 5581 3587 5654 Hegesippus.

2009 5672 2350 5727 Auctoritate
2398 5670 2562 5741 igitur
2616 5669 2905 5742 Hegesippi
2956 5673 3127 5728 utitur
3166 5675 3219 5729 in
3270 5675 3415 5732 hunc
3468 5688 3591 5732 tan-

2009 5761 2294 5816 tummodo
2325 5761 2485 5814 linem
2517 5775 2583 5815 eo
2624 5761 2729 5817 loci
2767 5761 3057 5829 Eusebius,
3090 5773 3148 5818 ut
3182 5766 3453 5834 ostendat,
3485 5767 3592 5822 sub

2011 5854 2326 5927 pontificatu
2379 5852 2683 5929 Clementis
2734 5854 3055 5912 seditionem
3104 5856 3353 5916 Corinthi
3411 5866 3588 5913 ortam
