4136 6442
517 375 584 426 09
1545 377 1600 432 S.
1642 377 1993 436 IGNATIUS.
2032 379 2669 437 —PROLEGOMENA.

3689 386 3788 438 100

516 509 664 559 esse;
700 507 876 562 neque
903 493 1048 550 aliud
1077 493 1378 564 quidquam
1402 495 1574 550 voluit
1608 495 1916 566 Syncellus.
1963 497 2095 553 Ter-

2208 499 2288 551 ἵνα
2323 499 2417 552 καὶ
2451 497 2613 561 αὐτὸς
2645 499 2793 570 ἡμᾶς
2827 497 3072 570 ὑπομένῃ
3098 509 3110 564 ς
3138 512 3279 570 satpe
3311 500 3474 556 etiam
3510 516 3668 557 suam
3691 518 3788 558 ex-

517 589 628 644 tius
658 604 757 658 pro
804 587 1142 642 Clementina
1191 590 1347 644 testis
1403 599 1486 644 est
1537 589 1793 656 [remi-us,
1824 591 2010 647 itidem
2045 600 2100 647 et

520 695 618 750 pro
666 679 995 750 lgnatianis;
1048 681 1139 735 sed
1186 679 1424 735 [renatus
1476 681 1723 750 pluribus
1775 698 1941 751 quam
2004 684 2102 737 tri-

521 772 689 842 ginta,
716 771 825 825 imo
858 787 992 840 pene
1041 772 1404 843 quadraginta
1449 774 1608 828 annis
1655 775 1724 828 ab
1754 775 1900 830 illius
1931 791 2095 845 quam

519 879 547 917 a
581 873 893 918 nostrarum
943 865 1238 934 scriptione
1273 867 1532 919 remotior
1578 865 1700 920 fuit.
1734 866 1974 932 Quartus
2005 885 2100 938 pro

518 957 796 1012 Clemente
838 957 1087 1011 Romano
1113 957 1268 1012 testis
1287 968 1367 1012 est
1396 958 1651 1014 Clemens
1672 958 2098 1027 Alexandrinus,

519 1051 611 1120 qui
643 1059 765 1120 post
797 1061 1028 1106 mortem
1066 1052 1349 1105 Commodi
1390 1053 1642 1121 scripsit,
1676 1064 1896 1113 centum
1931 1063 1983 1108 et
2016 1055 2100 1108 vi-

521 1143 654 1212 ginti
690 1143 758 1197 ad
805 1143 1092 1197 minimum
1149 1145 1306 1198 annis
1343 1156 1630 1214 postquam
1667 1147 1813 1200 edita
1861 1147 2102 1202 creditur

520 1236 751 1306 epistola
799 1235 1161 1290 Clementina.
1230 1236 1298 1291 At
1349 1253 1379 1290 a
1442 1238 1712 1308 martyrio
1766 1237 1960 1308 lgnatii
2023 1248 2103 1293 tot

521 1331 650 1383 anni
686 1345 795 1383 non
827 1329 1176 1392 elliuxerant,
1202 1333 1340 1384 'cum
1376 1329 1640 1401 Origenes
1669 1330 1963 1386 Clementis
1989 1332 2103 1386 dis-

521 1423 775 1491 cipulus,
827 1422 1325 1478 luculentissimum
1393 1423 1469 1476 illi
1535 1424 1906 1478 testimonium
1950 1404 2104 1492 pra:-

521 1514 676 1579 buit,
732 1513 988 1567 Homiliis
1025 1515 1079 1567 in
1117 1513 1356 1580 Lucam,
1403 1531 1542 1584 quas
1594 1517 1814 1584 scripsit
1853 1517 2101 1584 juvenis,

521 1617 658 1663 teste
687 1607 1036 1678 Hieronymo,
1074 1617 1198 1662 ante
1228 1609 1436 1663 virilem
1470 1617 1704 1670 aetatem,
1739 1609 1842 1663 hoc
1873 1619 1956 1664 est
2002 1611 2104 1664 sub

524 1700 724 1755 Severo
773 1701 854 1754 vel
907 1701 1225 1763 Caracalla,
1274 1717 1398 1756 cum
1451 1711 1596 1757 esset
1644 1703 1713 1756 90
1761 1720 1897 1772 pene
1946 1703 2105 1758 anuis

521 1793 745 1847 editioni
781 1792 1076 1862 lgnatianze
1113 1800 1271 1847 aetate
1300 1794 1678 1863 pr0pinquior,
1725 1811 1890 1864 quam
1928 1794 2104 1849 fuerat

2203 593 2410 660 primit,
2448 602 2507 645 ut
2553 593 2618 645 ad
2671 589 3016 662 Smyrnaaos:
3051 594 3236 647 Πάντα
3270 595 3524 668 ὑπομένω
3549 630 3564 654 9
3618 595 3789 650 αὑτοῦ

2207 701 2274 752 με
2339 683 2792 754 ὲνδυναμοῦντος,
2858 693 2914 739 et
2975 687 3208 754 gratiam
3273 688 3449 758 ipsam
3511 690 3794 758 patientia:

2204 776 2442 829 maxime
2476 775 2804 844 depraadicat
2837 795 2850 830 :
2918 777 2982 829 Ἡ
3032 778 3304 845 πίπιςώς
3322 780 3790 852 περικεφαλαία,ὴ

2203 869 2389 938 ἀγάπη
2424 866 2500 930 ὡς
2532 867 2680 938 δόρυ,
2718 870 2750 939 ἡ
2791 869 3036 941 ὑπομονὴ
3069 870 3144 934 ὡς
3199 872 3488 924 πανοπλία.
3537 873 3616 926 Ad
3650 872 3790 927 aedi-

2205 958 2513 1013 ﬁcationem
2549 959 2787 1028 denique
2836 958 3046 1015 faciunt
3095 962 3508 1018 exhortationes
3563 963 3793 1018 commi—

2203 1051 2567 1120 nationesque
2618 1066 2856 1118 omnes,
2925 1054 3127 1122 quibus
3192 1065 3302 1108 tam
3369 1053 3681 1123 frequenter
3729 1065 3791 1111 et

2204 1141 2399 1194 crebro
2434 1141 2607 1195 utitur
2632 1183 2646 1207 ,
2683 1143 2751 1196 ad
2786 1158 2949 1196 omne
3005 1142 3378 1198 Christianum
3425 1144 3683 1211 ofﬁcium,
3719 1148 3788 1201 ad

2204 1249 2395 1288 omnes
2429 1233 2647 1304 pietatis
2680 1245 2861 1303 partes
2913 1235 3114 1306 ubique
3165 1237 3450 1306 impellens
3487 1247 3546 1292 ut
3594 1239 3793 1294 ﬁerent

2203 1326 2337 1380 λίθοι
2371 1326 2500 1381 ναοῦ
2534 1328 2748 1400 Πατρὸς
2776 1329 3167 1400 ἡτοιμασμένοι
3219 1332 3298 1392 εἰς
3329 1329 3618 1402 οἰκοδομὴν
3651 1331 3792 1385 Θεοῦ

2206 1419 2440 1490 Πατρὸς,
2467 1420 2929 1489 quemadmodum
2965 1420 3080 1490 ipse
3115 1421 3181 1476 ad
3217 1420 3486 1490 Ephesios
3521 1423 3786 1493 loquitur.

2205 1509 2327 1574 Quo
2360 1511 2524 1564 etiam
2561 1511 2837 1580 pertinent
2870 1511 2961 1566 illa
3007 1528 3131 1582 qua:
3163 1515 3330 1569 toties
3364 1516 3430 1570 de
3465 1516 3814 1577 concordia,‘

2209 1604 2433 1670 unitate,
2469 1612 2524 1659 et
2557 1605 2867 1660 obedientia
2901 1607 3176 1677 episcopis
3203 1617 3255 1663 et
3275 1609 3613 1680 presbyterio
3646 1625 3790 1678 pra:-

2208 1697 2424 1760 standa,
2458 1712 2633 1766 usque
2668 1697 2735 1751 ad
2772 1698 3035 1752 invidiam
3072 1700 3350 1766 inculcat;
3383 1701 3588 1771 quibus
3621 1701 3789 1755 etiam

2209 1804 2340 1843 suos
2375 1788 2444 1843 ab
2477 1789 2829 1844 heterodoxis
2862 1790 3053 1844 eadem
3088 1806 3253 1860 opera
3289 1800 3531 1859 revocat,
3567 1807 3794 1846 eorum-

520 1885 894 1952 Clementime,
925 1902 1048 1940 cum
1091 1886 1352 1940 scriberet
1380 1885 1632 1940 Clemens
1667 1885 2092 1942 Alexandrinus.

2208 1894 2304 1948 que
2340 1878 2558 1944 fabulis,
2594 1896 2710 1950 quae
2744 1881 3060 1950 quaestiones
3115 1891 3372 1950 praestant
3417 1885 3587 1952 magis
3629 1900 3789 1953 quam

521 1976 588 2030 Et
608 1977 720 2046 jam
745 1979 869 2047 quis
893 1993 1001 2031 non
1033 1979 1194 2043 videt,
1225 1977 1420 2032 seriem
1448 1979 1668 2032 testium
1701 1979 1769 2033 ab
1797 1980 1916 2050 ipso
1949 1982 2102 2035 initio

524 2087 620 2140 per
654 2081 732 2125 tot
763 2072 960 2126 saecula
990 2073 1275 2127 deductam
1313 2071 1379 2126 ad
1430 2071 1590 2126 ﬁdem
1636 2072 1942 2128 faciendam
1981 2075 2104 2144 plu-

523 2163 721 2217 rimum
755 2165 976 2219 valere?

597 2253 936 2309 Testimonia
961 2255 1077 2321 ipsa
1104 2256 1250 2326 quod
1278 2255 1623 2321 attinet,sive
1645 2270 1707 2309 ea
1724 2254 2022 2326 generatim
2052 2264 2106 2310 et

519 2345 775 2401 universe
803 2347 948 2402 dicta
981 2357 1129 2411 sunt,
1163 2348 1279 2402 sive
1303 2347 1695 2416 particulatim,
1726 2357 1779 2402 et
1812 2347 2101 2413 distincte;

519 2439 704 2494 omnia
755 2451 906 2496 certe
964 2442 1211 2510 epistolis
1273 2442 1464 2505 bisce,
1532 2457 1669 2511 quas
1737 2439 2105 2495 defendendas

521 2535 887 2604 suscepimus,
921 2535 1176 2604 inprimis
1209 2543 1541 2604 congruunt,
1580 2550 1782 2603 easque
1805 2534 1887 2587 vel
1914 2549 1980 2588 eo
2008 2550 2107 2588 no-

521 2627 669 2681 mine
693 2628 920 2681 minime
937 2635 1220 2696 suspectas
1251 2627 1502 2680 reddunt.
1540 2626 1596 2679 S.
1625 2624 1978 2695 Polycarpus,
2011 2627 2105 2694 qui

521 2719 700 2788 primo
727 2720 866 2772 hanc
895 2719 1250 2788 epistolarum
1287 2718 1612 2788 συναγωγὴν
1648 2719 1834 2782 edidit,
1877 2717 1980 2771 hoc
2011 2734 2106 2772 eas

522 2811 817 2866 admodum
854 2811 1159 2866 honoriﬁco
1215 2812 1392 2881 elogio
1451 2812 1754 2881 insngnivit,
1812 2820 1868 2865 et
1900 2809 2107 2880 Philip-

522 2904 1045 2978 pensiumEcclesize
1078 2919 1406 2974 magnopere
1422 2902 1858 2958 commendavit:
1897 2903 1986 2969 Ἐξ
2009 2896 2104 2968 ὧν,

523 2999 798 3068 inquiens,
823 2997 1032 3068 μεγάλα
1049 2995 1391 3066 ὠφεληθῆναι
1427 2995 1744 3066 δυνήσεσθε.
1783 2996 2106 3067 Περιέχουσι

522 3091 629 3166 γὰρ
652 3091 855 3155 πίστιν,
877 3091 971 3143 καὶ
987 3090 1282 3161 ὑπομονὴν,
1303 3090 1393 3143 καὶ
1412 3091 1586 3142 πᾶσαν
1609 3089 1894 3160 οἰκοδομὴν
1914 3089 2012 3159 τὴν
2029 3089 2108 3151 εἰς

2205 1971 2616 2038 ωάίῙὶσαιὶοηεηι
2652 1971 2748 2025 Dei
2779 1989 2897 2042 qua:
2948 1974 3004 2026 in
3057 1974 3160 2043 fide
3206 1986 3303 2029 est.
3362 1973 3490 2030 Haac
3534 1975 3603 2030 de
3635 1979 3794 2031 testi-

2205 2064 2392 2118 monio
2428 2062 2486 2118 S.
2538 2063 2858 2136 Polyca‘rpi,
2908 2080 2976 2120 ex
3028 2082 3138 2136 quo
3171 2075 3339 2138 patet,
3395 2077 3601 2138 quanta
3663 2085 3790 2124 cum

2203 2157 2419 2212 ratione
2451 2173 2790 2226 asseramus,
2823 2140 2976 2214 illius
3009 2169 3169 2215 aetate
3220 2161 3486 2231 epistolas
3519 2178 3657 2232 quas
3689 2163 3794 2218 de-

2206 2248 2483 2303 fendimus
2515 2249 2813 2304 exstitisse.
2863 2247 3136 2306 Eusebius
3169 2251 3334 2305 etiam
3368 2253 3511 2308 duos
3562 2268 3796 2323 genera-

2206 2341 2284 2396 les
2330 2340 2687 2410 epistolarum
2737 2342 3087 2398 characteras
3144 2354 3328 2409 notat,
3376 2344 3443 2399 de
3498 2345 3796 2399 traditione

2209 2433 2529 2503 apostolica,
2565 2443 2619 2488 et
2653 2433 2956 2489 hazresibus
2991 2436 3088 2489 aavi
3124 2433 3413 2505 lgnatiani,
3450 2437 3653 2506 quibus
3686 2453 3794 2490 no-

2209 2535 2334 2581 strae
2367 2525 2574 2596 Optime
2607 2526 2968 2594 respondent;
2994 2527 3141 2596 quod
3177 2527 3266 2581 hic
3299 2528 3633 2582 monendum
3670 2537 3795 2581 tan-

2207 2629 2321 2672 tum
2357 2619 2511 2685 duxi,
2536 2634 2635 2672 nec
2669 2618 2902 2672 ulterius
2937 2619 3274 2689 urgendum;
3311 2618 3460 2689 quod
3495 2618 3793 2674 Eusebium

2207 2714 2470 2782 epistolas
2503 2724 2724 2771 nostras
2761 2716 2962 2770 vidisse
3005 2722 3169 2784 atque
3194 2713 3553 2782 descripsisse
3576 2711 3660 2767 vel
3685 2713 3793 2782 ipsi

2208 2805 2506 2860 adversarii
2530 2805 2826 2861 fateantur.

2279 2895 2387 2952 Nec
2423 2907 2636 2954 tantum
2692 2901 3001 2955 testimonia
3055 2915 3178 2970 quae
3225 2899 3504 2972 lgnatiana
3561 2914 3794 2970 genera-

2207 2995 2304 3050 tim
2339 3004 2393 3049 et
2428 2994 2685 3049 universe
2719 2993 3060 3060 describunt,
3081 2993 3328 3062 epistolis
3362 2993 3513 3047 hisce
3545 2992 3794 3061 apprime

2207 3096 2534 3158 congruunt,
2572 3085 2667 3141 sed
2715 3095 2769 3141 et
2823 3101 2887 3140 ea
2921 3101 3043 3156 quae
3091 3087 3458 3156 particulatim
3495 3103 3524 3141 a
3559 3087 3794 3142 testibus

521 3183 615 3238 τὸν
648 3181 850 3252 Κύριον
885 3182 1211 3252 ἀνήκουσαν,
1248 3191 1308 3236 ut
1342 3181 1567 3236 habetur
1602 3181 1787 3237 Graece
1821 3181 1964 3251 apud
2000 3179 2106 3233 Eu-

2209 3177 2492 3248 productis
2525 3193 2590 3232 ex
2625 3176 2835 3246 lguatio
2869 3187 3000 3232 sunt
3048 3187 3304 3248 excerpta
3339 3186 3393 3232 et
3428 3177 3482 3230 in
3540 3177 3791 3246 ipsorum

525 3273 759 3339 sebium,
795 3279 850 3326 et
883 3272 939 3326 in
974 3272 1140 3326 veteri
1193 3271 1388 3326 Latina
1447 3274 1740 3328 versione:
1779 3272 1864 3326 Ea:
1919 3272 2107 3343 quibus

524 3379 747 3434 magnus
789 3363 929 3418 vobis
961 3365 1061 3417 erit
1091 3363 1378 3432 profectus.
1413 3362 1696 3417 Continent
1739 3364 1878 3415 enim
1928 3363 2107 3430 ﬁdem,

523 3456 862 3526 patientiam,
914 3464 963 3508 et
1008 3471 1216 3509 onmem
1246 3454 1658 3523 asdiﬁcalionem
1705 3454 1774 3507 ad
1821 3453 2111 3508 Dominum

524 3558 764 3602 nostrum
822 3548 1188 3618 pertinentem.
1244 3547 1370 3600 Tria
1408 3547 1590 3617 itaque
1626 3545 1683 3600 S.
1720 3545 1881 3600 Pater
1915 3547 2108 3616 prmci-

523 3655 631 3709 pue
664 3639 895 3705 notavit,
931 3654 1053 3709 quae
1086 3639 1140 3692 in
1176 3638 1424 3709 epistolis
1472 3637 1772 3709 lgnatianis
1807 3653 1945 3707 quas
1978 3635 2108 3690 Plii-

525 3732 864 3802 lippensibus
897 3732 1048 3786 misit
1081 3731 1320 3785 maxime
1365 3731 1704 3797 eminerent;
1754 3729 1871 3784 haec
1924 3737 2106 3783 autem

526 3825 741 3895 singula
776 3824 830 3879 in
886 3825 975 3889 iis,
1029 3841 1168 3893 quas
1216 3839 1363 3878 nunc
1416 3823 1704 3887 habemus,
1758 3823 2105 3893 potissimum

525 3919 764 3974 elucent.
822 3916 960 3972 Nam
1017 3918 1130 3972 sive
1186 3917 1348 3971 ﬁdem
1385 3917 1438 3970 in
1475 3918 1656 3986 seipsa
1712 3927 1944 3986 spectes,
1986 3932 2105 3969 eam

526 4012 770 4082 lgnatius
805 4009 961 4064 miris
994 4008 1150 4063 effert
1195 4009 1484 4074 laudibus;
1541 4009 1606 4062 ad
1644 4009 1998 4079 Smyrnzcos:
2037 4010 2108 4062 Τὸ

525 4101 635 4172 γὰρ
667 4100 787 4152 ὅλον
823 4099 1003 4162 πίστις
1037 4097 1130 4151 καὶ
1162 4097 1372 4168 ἀγάπη,
1407 4089 1484 4152 ὧν
1515 4097 1666 4150 οὐδὲν
1714 4097 2102 4168 προκέκριται·

527 4191 597 4246 ad
655 4189 923 4260 Ephesios
979 4207 992 4242 :
1053 4188 1118 4240 Ἡ
1171 4189 1229 4242 δὲ
1303 4187 1492 4251 πίστις
1562 4187 1718 4258 ὑμῶν
1787 4189 2108 4256 ἀναγωγεὺς

529 4281 705 4354 ὑμῶν,
740 4295 876 4335 voce
908 4279 1178 4350 eleganti,
1215 4287 1269 4333 et
1300 4278 1730 4348 Lexicographis
1766 4279 1981 4348 ignota;
2018 4281 2107 4332 οῦ-

527 4375 637 4437 δεὶς
672 4372 853 4426 πίστιν
898 4371 1367 4442 ἐπαγγελλόμενος
1416 4371 1743 4442 ἁμαρτάνει·
1799 4371 1866 4424 ad
1918 4369 2105 4423 Phila-

527 4466 851 4535 delphenscs
879 4483 891 4518 :
929 4465 1113 4517 Πάντα
1145 4463 1280 4534 ὁμοῦ
1317 4463 1459 4516 καλά
1491 4465 1660 4528 ἐστιν,
1697 4462 1792 4516 ἐὰν
1825 4465 1882 4516 ὲν
1917 4463 2105 4534 ἀγάπῃ

2211 3272 2383 3326 libros
2417 3271 2520 3326 sub
2551 3271 2670 3341 ejus
2705 3270 2929 3325 nomine
2963 3273 3314 3341 transcripta,
3353 3272 3407 3324 in
3444 3271 3632 3326 codice
3683 3283 3792 3322 no-

2211 3373 2328 3420 stro
2364 3364 2585 3418 totidem
2622 3361 2736 3418 fere
2768 3363 2949 3418 verbis
3003 3364 3388 3433 reperiuntur;
3440 3374 3500 3418 ut
3531 3379 3596 3418 ex
3631 3379 3794 3419 accu-

2209 3468 2328 3512 rata
2355 3457 2644 3511 collatione
2689 3457 3033 3526 singulorum
3071 3457 3511 3512 testimoniorum
3547 3471 3669 3526 quae
3703 3465 3791 3509 at-

2211 3549 2436 3604 tulimus
2479 3564 2603 3604 cum
2639 3547 2881 3603 Mediceo
2907 3549 3096 3603 codice
3131 3549 3452 3618 planissime
3483 3549 3788 3618 apparebit.

2197 3644 2333 3698 Cum
2369 3650 2552 3696 autem
2575 3656 2767 3696 omnes
2803 3643 3089 3697 sententia:
3122 3657 3152 3696 a
3188 3642 3458 3696 veteribus
3492 3641 3792 3710 particula-

2208 3735 2304 3788 tim
2343 3734 2707 3803 transcriptaz,
2744 3743 3036 3804 antequam
3087 3735 3207 3789 alia:
3240 3735 3483 3804 epistolae
3519 3733 3788 3798 conﬁctge,

2209 3836 2304 3881 aut
2337 3826 2421 3880 ba:
2455 3825 2586 3895 ipsae,
2649 3826 2989 3893 interpolata:
3032 3835 3200 3891 sunt,
3257 3842 3324 3879 ex
3372 3835 3560 3880 nostro
3604 3825 3793 3880 codice

2209 3919 2512 3985 desumpta:
2544 3925 2875 3984 appareant;
2899 3929 3135 3985 cumque
3168 3926 3358 3985 postea
3393 3917 3602 3970 nullum
3639 3918 3793 3970 testi-

2209 4008 2456 4062 monium
2490 4006 2577 4060 vel
2609 4021 2674 4060 ex
2711 4004 2874 4073 ﬁctis,
2909 4007 2995 4061 vel
3046 4022 3113 4062 ex
3159 4009 3493 4063 assumentis
3543 4007 3791 4077 catalogo

2209 4109 2400 4156 nostro
2459 4101 2895 4166 adbibuerimus,
2934 4099 3140 4171 eosque
3195 4111 3362 4158 testes
3411 4105 3792 4159 tantummodo

2208 4192 2583 4258 citaverimus,
2618 4193 2714 4262 qui
2750 4193 3014 4262 antiquis,
3051 4194 3219 4258 veris,
3255 4203 3309 4248 et
3360 4195 3513 4264 puris
3545 4196 3792 4265 epistolis

2210 4285 2538 4350 utebantur;
2566 4299 2674 4339 non
2709 4293 2891 4355 potest
2924 4301 3033 4340 non
3069 4286 3184 4340 haec
3218 4286 3440 4341 testium
3475 4287 3793 4343 indeﬁciens

2211 4374 2488 4428 successio
2541 4389 2812 4431 summam
2863 4377 3112 4448 epistolis
3157 4378 3362 4433 nostris
3413 4377 3595 4443 ﬁdem,
3644 4379 3793 4447 quod

2211 4465 2279 4520 ad
2321 4474 2607 4521 externum
2653 4479 3035 4540 argumentum
3079 4471 3310 4536 attinet,
3360 4471 3672 4526 conciliare.
3710 4470 3794 4526 Illi

530 4558 837 4614 πιστεύετε·
879 4561 994 4616 sive
1030 4559 1151 4614 lidei
1189 4560 1433 4614 habitum
1469 4561 1523 4614 in
1558 4570 1782 4613 auctore
1817 4559 2103 4628 respicias,
2143 4584 2184 4638 υ
2213 4557 2360 4612 enim
2396 4559 2520 4626 ipsi,
2556 4559 2651 4630 qui
2686 4562 2753 4616 de
2788 4561 3145 4631 germanitate
3180 4571 3388 4630 septem
3435 4562 3792 4631 epistolarum

528 4652 668 4707 vivis
723 4652 858 4706 adeo
892 4653 1170 4707 coloribus
1205 4653 1408 4722 ubique
1442 4652 1691 4722 depictus
1723 4659 1826 4717 est,
1864 4661 1923 4706 ut
1955 4650 2111 4705 Owe-

529 4759 635 4798 nus
670 4751 888 4796 nostras
925 4742 978 4795 in
1013 4757 1077 4797 eo
1113 4758 1335 4798 suavem
1372 4743 1498 4798 ﬁdei
1534 4743 1786 4812 spiritum
1824 4753 2106 4814 agnoscat.

532 4833 662 4887 Inde
695 4832 824 4886 illa:
893 4832 1034 4902 Ἐγὼ
1076 4832 1134 4886 δὲ
1185 4833 1323 4905 μετά
1355 4833 1460 4904 τὴν
1504 4833 1802 4888 ἀνάστασιν
1847 4835 1906 4887 ὲν
1951 4835 2111 4904 σαρκὶ

532 4923 694 4978 αὑτὸν
727 4919 842 4976 οἶδα
871 4926 968 4979 καὶ
995 4923 1234 4978 πιστεύω
1267 4924 1394 4976 ὄντα
1426 4923 1517 4992 (ad
1543 4923 1819 4999 Smyrn.);
1853 4928 2036 5001 ’Ύδωρ
2055 4929 2112 4983 δὲ

534 5017 640 5082 ζῶν
669 5015 956 5086 ἀλλόμενον
979 5018 1036 5071 ὲν
1065 5017 1188 5087 ἐμοὶ
1216 5016 1416 5069 ἔσωθεν
1450 5033 1538 5086 μοι
1570 5016 1740 5085 λέγει’
1773 5018 1943 5091 Δεῦρο
1977 5022 2114 5093 πρὸς

531 5111 623 5164 τὸν
652 5111 872 5181 Πατέρα
899 5111 992 5181 (ad
1033 5109 1236 5179 Rom.).
1271 5108 1398 5164 Sive
1424 5111 1579 5163 tidem
1632 5125 1732 5177 pro
1775 5109 1988 5179 ohjecto
2020 5129 2115 5167 su-

532 5220 688 5270 mas,
741 5205 898 5258 multi
953 5205 1008 5258 in
1059 5203 1145 5257 bis
1188 5203 1433 5273 epistolis
1470 5204 1687 5258 articuli
1729 5205 1852 5260 ﬁdei
1879 5206 2115 5264 breviter

531 5298 894 5366 explicantur,
938 5297 1004 5351 de
1033 5295 1179 5360 Deo,
1215 5297 1282 5351 de
1325 5296 1540 5351 duabus
1585 5297 1640 5350 in
1680 5297 1899 5353 Christo
1952 5311 2114 5356 natu-

534 5392 628 5457 ris,
662 5392 730 5445 de
769 5389 903 5453 vita,
932 5399 985 5444 et.
1023 5399 1230 5451 morte,
1261 5401 1315 5445 et
1345 5391 1744 5446 resurrectione
1788 5390 2012 5458 Christi,
2045 5396 2111 5449 ad

532 5497 672 5552 quos
710 5482 920 5550 antiqui
966 5482 1154 5537 Patres
1187 5485 1348 5540 toties
1383 5484 1748 5554 appellarunt.
1787 5484 1867 5539 Ad
1895 5488 2112 5556 patien-

535 5577 662 5628 tiam
710 5583 765 5629 et
814 5575 1158 5629 tolerantiam
1209 5575 1578 5630 Christianam
1621 5577 1923 5645 saepissime
1972 5579 2112 5635 alios

533 5668 780 5738 impellit,
812 5678 872 5722 ut
908 5667 1218 5740 Srnyrnazos
1266 5686 1279 5721 :
1325 5669 1549 5742 Ἀμείϐῃ
1596 5671 1723 5740 ὑμῖν
1757 5670 1908 5733 Θεὸς,
1954 5670 2019 5725 δι’
2052 5673 2111 5727 ὃν

533 5759 710 5812 πάντα
739 5761 1096 5830 ὑπομένοντες
1125 5760 1288 5814 αὐτοῦ
1317 5761 1589 5826 τεύξεσοεο
1625 5772 1684 5816 ut
1707 5761 2064 5833 Polycarpum
2091 5782 2106 5817 :

531 5853 779 5909 Μάλιστα
822 5853 875 5907 δὲ
906 5854 1069 5909 ἕνεκα
1108 5854 1242 5908 Θεοῦ
1294 5855 1469 5910 πάντα
1505 5856 1793 5926 ὑπομένειν
1837 5857 1983 5927 ἡμᾶς
2008 5858 2105 5920 δεῖ.

2213 4652 2282 4706 ab
2310 4650 2546 4705 Eusebio
2580 4662 3009 4707 memoratarum
3068 4653 3412 4719 dubitabant,
3451 4655 3593 4710 banc
3622 4656 3796 4725 potis-

2212 4743 2412 4798 simum
2449 4742 2716 4798 rationem
2753 4743 3075 4812 aﬂ'erebant,
3101 4746 3246 4814 quod
3281 4747 3444 4800 verba
3481 4747 3790 4813 Athanasii,

2212 4834 2540 4890 Theodoreti
2600 4836 2942 4907 aliorumque
2974 4849 3220 4891 veterum
3274 4839 3327 4891 in
3364 4838 3592 4905 iisdem,
3629 4851 3794 4910 prout

2211 4936 2341 4982 tunc
2373 4927 2538 4981 etiam
2571 4927 2779 4994 Grzece,
2818 4927 2913 4984 sed
2949 4929 3310 4996 interpolataa,
3348 4932 3659 4996 exstabant,
3680 4947 3790 4986 non

2211 5029 2628 5087 comparerent;
2667 5030 2727 5074 ut
2779 5038 2842 5075 ex
2880 5022 2948 5076 iis
2997 5031 3234 5086 constat,
3266 5038 3388 5091 qua:
3421 5022 3474 5075 in
3516 5022 3794 5078 Protendo

2211 5096 2377 5163 latius
2400 5110 2770 5167 disseruntur.
2798 5113 2868 5166 At
2903 5113 2998 5181 qui
3029 5112 3350 5182 Catalogum
3381 5113 3601 5167 testium
3637 5128 3668 5167 a
3703 5129 3795 5168 no-

2213 5202 2298 5256 bis
2333 5201 2645 5257 confectum
2683 5204 2971 5274 inspiciet,
3009 5208 3192 5261 omnia
3237 5206 3556 5261 testimonia
3585 5221 3614 5260 a
3654 5216 3796 5261 vete-

2212 5295 2366 5350 ribus
2391 5305 2648 5365 excerpta
2684 5296 2739 5348 in
2793 5297 3042 5366 epistolis
3076 5298 3305 5365 nosuis,
3335 5297 3403 5350 ab
3438 5297 3590 5351 omni
3629 5313 3793 5353 assu-

2214 5396 2403 5441 mento
2434 5386 2648 5452 liberis,
2677 5388 2871 5443 iisdem
2909 5388 3023 5444 lere
3055 5390 3240 5444 verbis
3287 5390 3490 5444 diserte
3524 5390 3792 5446 contineri

2211 5477 2462 5544 reperiet.
2497 5473 2685 5546 Neque
2739 5493 2872 5533 vero
2914 5479 3089 5534 ullum
3135 5481 3203 5534 de
3256 5480 3529 5534 industria
3571 5489 3795 5550 praeter-

2214 5567 2498 5632 misimus,
2561 5578 2759 5637 praeter
2806 5571 3032 5625 unicum
3091 5571 3223 5626 illud
3269 5569 3328 5626 S.
3383 5570 3722 5643 Hieronymi,
3754 5572 3791 5624 l.

2215 5676 2299 5726 ιιι,
2337 5660 2595 5714 Adversus
2626 5661 2983 5733 Pelagianos:
3031 5663 3282 5735 Ignatius
3329 5666 3408 5718 vir
3471 5665 3791 5734 apostolicus

2213 5764 2260 5806 et
2291 5765 2498 5824 martyr
2541 5756 2723 5811 scribit
2756 5758 3014 5813 audacter
3043 5774 3058 5812 .'
3106 5777 3123 5810 ‹
3155 5758 3328 5830 Elegit
3383 5758 3639 5813 Dominus
3664 5774 3798 5821 apo-

2215 5846 2399 5916 stolas,
2437 5848 2526 5920 qui
2549 5866 2705 5918 super
2743 5867 2917 5907 omnes
2978 5853 3210 5907 homines
3263 5863 3787 5930 peccatorcserant.)
