4136 6392
295 352 389 406 ιιρι

1055 344 1104 398 ι.
1147 328 1516 396 PEARSONII
1572 331 1895 392 YlNDlCle
1940 318 2364 385 ΙΟΝᾹΤΙΛΝΛΕ.
2399 354 2468 365 -
2507 324 2686 378 PARS
2721 322 2761 375 Ι.

3473 313 3577 369 109..

296 473 524 529 Constat
556 468 713 524 enim
767 481 894 522 eum
949 464 1006 518 in
1068 465 1170 516 hac
1201 459 1470 516 sententia
1528 457 1743 512 citanda
1780 469 1893 507 me-
1922 459 1968 514 Α
2068 447 2135 499 At
2159 447 2226 500 de
2247 443 2440 515 lgnatii
2467 442 2718 511 epistolis
2771 447 3025 492 neutrum
3056 436 3256 488 horum
3285 431 3389 487 dici
3417 448 3578 500 posse

299 563 533 619 muriam
592 559 863 621 fefelisse,
923 565 979 608 et
1033 554 1304 623 lgnatium
1362 566 1462 619 pro
1521 548 1770 602 Barnaba
1801 561 1892 615 p0-

299 655 511 717 suisse;
549 652 608 705 in
659 651 826 718 cujus
856 645 1088 716 epistola
1117 659 1280 712 quam
1314 657 1458 696 nunc
1502 640 1790 701 habemus,
1826 652 1890 690 ea

301 746 467 802 verba
497 750 758 806 exstant;
818 748 874 793 et
911 753 978 790 ex
1011 749 1122 804 quo
1177 731 1442 802 Origenes
1476 739 1601 783 ante
1628 727 1894 799 Hierony—

301 853 454 894 mum
487 835 686 889 eadem
717 833 1078 901 produxerat.
1101 826 1496 893 Posuititaque
1533 821 1896 892 Hieronymus

303 935 580 1007 lgnatium
629 946 733 1002 pro
777 928 1054 992 Barnaba,
1103 935 1163 979 ut
1215 924 1345 978 alibi
1388 923 1639 977 Clemens
1673 919 1898 971 Alexan-

303 1030 506 1085 drinus
531 1025 847 1080 Barnabam
882 1036 982 1091 pro
1004 1019 1306 1076 Clemente.
1340 1017 1477 1070 Cum
1518 1015 1682 1084 igitur
1712 1010 1895 1065 omnia

305 1120 633 1177 testimonia
665 1115 918 1186 priorum
971 1111 1322 1173 saeculorum,
1347 1122 1413 1164 ex
1453 1105 1511 1160 S.
1544 1105 1751 1176 lgnatio
1783 1118 1899 1173 par-

302 1213 586 1272 ticulatim
639 1217 918 1277 excerpta,
967 1205 1095 1259 inde
1148 1202 1302 1257 libris
1351 1209 1594 1255 veterum
1648 1198 1894 1260 Patrum,

303 1317 578 1376 tanquam
612 1311 694 1357 tot
743 1301 928 1364 ﬂores,
964 1313 1190 1369 sparsa;
1224 1308 1460 1363 eumque
1495 1299 1620 1361 post
1672 1290 1771 1344 has
1795 1289 1902 1357 epi-

310 1400 484 1455 stolas
506 1404 802 1464 corruptas
830 1393 1079 1460 aliasque
1113 1388 1397 1449 confictas,
1423 1393 1501 1438 tot
1523 1394 1704 1437 tamen
1735 1381 1900 1435 etiam

310 1505 374 1544 ex
418 1488 584 1558 puris
636 1485 896 1547 adducta,
960 1482 1014 1534 in
1071 1479 1156 1533 his
1214 1475 1461 1545 epistolis
1518 1473 1740 1526 totidem
1791 1469 1903 1523 fere

312 1581 500 1636 verbis
531 1581 912 1646 compareant,
953 1572 1082 1642 jure
1133 1585 1197 1623 ac
1243 1567 1440 1620 merito
1474 1564 1691 1619 easdem
1726 1562 1902 1615 eidem

313 1667 373 1723 S.
408 1666 649 1737 lguatio,
679 1662 769 1718 cui
800 1662 878 1714 illi
927 1674 1122 1714 omnes
1179 1656 1510 1720 tribuerunt,
1551 1651 1904 1708 ascribeudas

311 1758 724 1815 contendimus.

385 1850 640 1918 Denique
671 1847 804 1900 hinc
834 1844 998 1898 etiam
1035 1849 1419 1911 argumentum
1466 1839 1530 1891 ad
1581 1835 1905 1891 asserendas

316 1943 374 1998 S.
413 1941 633 2012 lgnatio
686 1939 785 1992 bas
816 1937 1081 2006 epistolas
1120 1949 1227 1987 non
1275 1933 1395 1985 leve
1447 1931 1718 1994 elicimus,
1761 1928 1906 1996 quod

315 2035 471 2088 nulla
503 2031 867 2086 vetustiorum
899 2037 1203 2094 temporum
1228 2033 1438 2077 attatem
1462 2038 1572 2091 pra:
1595 2037 1653 2075 se
1679 2019 1905 2074 ferentia

313 2125 428 2195 jam
461 2122 668 2191 scripta
711 2127 962 2182 exstent;
1012 2119 1080 2172 de
1112 2129 1347 2184 quorum
1407 2113 1555 2167 veris
1587 2109 1906 2165 auctoribus

318 2224 416 2269 aut
447 2215 554 2268 hoc
585 2218 679 2266 aut
714 2210 898 2279 priore
951 2206 1152 2261 saeculo
1184 2205 1293 2258 ulla
1337 2219 1462 2258 cum
1506 2204 1718 2256 ratione
1747 2200 1908 2254 dubi-

318 2315 496 2360 tatum
524 2311 632 2367 est,
658 2301 791 2370 quin
821 2308 916 2352 aut
947 2315 977 2350 a
1009 2296 1286 2350 veteribus
1314 2311 1420 2349 non
1449 2293 1653 2347 fuerint
1684 2293 1908 2347 omnino

319 2398 532 2468 agnita,
564 2402 660 2447 aut
699 2393 743 2446 si
804 2392 945 2445 forte
1003 2391 1073 2443 ab
1127 2389 1402 2457 aliquibus
1457 2385 1640 2455 agnita
1671 2386 1799 2447 sint,
1841 2384 1909 2438 de

319 2487 518 2541 iisdem
552 2495 737 2539 tamen
798 2484 852 2536 in
911 2481 1153 2535 Ecclesia
1185 2479 1278 2533 Dei
1313 2479 1382 2532 ab
1417 2477 1540 2530 aliis
1565 2485 1659 2529 aut
1689 2474 1907 2529 dubita-

319 2590 437 2634 tum
470 2590 564 2633 aut
593 2562 932 2647 disputatum
971 2573 1151 2628 fuerit.
1194 2572 1252 2625 S.
1298 2569 1596 2625 Clementis
1618 2568 1907 2636 epistolam

320 2671 626 2726 secundam
659 2684 770 2722 non
799 2666 1048 2736 ejusdem
1081 2664 1327 2719 auctoris
1374 2676 1499 2716 esse
1556 2676 1678 2714 cum
1731 2660 1908 2728 prima

321 2763 520 2816 volunt
556 2760 660 2814 viri
692 2759 865 2822 docti,
903 2758 1033 2811 licet
1086 2765 1315 2825 utraque
1358 2753 1412 2806 in
1440 2751 1756 2806 Canonibus
1781 2764 1905 2818 aper

323 2853 537 2908 stolicis
573 2851 777 2920 pariter
803 2849 1086 2919 probetur,
1123 2856 1177 2900 et
1224 2847 1292 2900 ab
1342 2843 1646 2912 Epiphanio
1678 2842 1911 2910 aliisque

324 2955 685 3016 agnoscatur.
721 2945 791 2997 At
823 2945 929 2996 hoc
962 2941 1140 3011 primo
1165 2939 1430 2993 indicavit
1461 2934 1754 2996 Eusebius,
1783 2933 1908 2987 dein

325 3036 701 3106 Hieronymus
732 3044 785 3087 et
810 3033 1062 3110 Photius.
1093 3029 1337 3099 Dionysii
1369 3027 1708 3096 Areopagitas
1739 3026 1908 3079 libros

322 3130 474 3184 male
507 3138 664 3182 tanto
699 3127 818 3180 viro
872 3126 1164 3194 ascriplos,
1209 3131 1261 3176 et
1307 3122 1410 3176 sub
1455 3121 1574 3190 ejus
1603 3118 1822 3172 nomine
1856 3117 1911 3169 ti-

323 3235 447 3278 ctos
494 3224 610 3292 jam
634 3219 858 3290 plurimi
892 3215 1254 3279 contendunt,
1287 3221 1454 3280 atque
1495 3211 1636 3263 inter
1678 3222 1774 3261 eos
1807 3221 1914 3259 ma-

322 3318 477 3371 xime
509 3316 766 3370 Dallmus.
814 3311 920 3366 Sed
959 3312 1063 3364 hos
1096 3310 1242 3378 ipsos
1277 3308 1454 3376 prius,
1480 3306 1550 3359 ob
1581 3302 1915 3359 testimonio-

321 3427 451 3464 rum
482 3408 783 3472 defectum,
810 3405 1003 3475 rejecit
1033 3419 1158 3458 cum
1207 3406 1323 3457 suis
1374 3399 1678 3470 llypatius;
1711 3405 1763 3450 et
1794 3403 1915 3464 post

323 3518 455 3557 eum
492 3501 676 3564 multi,
713 3499 881 3554 etiam
941 3497 1013 3552 ob
1056 3496 1366 3560 materiam,
1409 3490 1753 3562 AreOpagitae
1795 3502 1915 3542 esse

324 3603 625 3664 negarunt,
687 3602 749 3646 ut
806 3591 1106 3645 ostendunt
1157 3588 1428 3642 Maximus
1468 3595 1522 3641 et
1570 3583 1912 3647 Theodorus,

324 3691 423 3757 qui
492 3688 716 3741 eosdem
783 3685 1078 3738 infeliciter
1149 3681 1443 3736 defendere
1510 3677 1688 3732 conati
1766 3685 1912 3730 sunt.

325 3780 548 3834 lle-rma:
578 3777 860 3833 Pastorem
910 3775 1154 3829 universi
1186 3775 1287 3827 hac
1311 3780 1469 3826 :etate
1516 3771 1628 3824 fere
1655 3768 1914 3823 condem~

325 3883 496 3938 nant;
546 3871 690 3926 idem
748 3870 905 3923 multi
957 3867 1208 3937 Origenis
1243 3881 1380 3927 aevo,
1415 3866 1534 3933 ipso
1565 3871 1722 3924 teste,
1776 3858 1917 3912 fece-

325 3970 482 4029 run't,
511 3976 573 4019 ut
626 3974 679 4018 et
733 3962 1094 4026 Tertulliani;
1147 3970 1200 4015 et
1248 3960 1293 4014 si
1325 3973 1512 4013 verum
1564 3963 1729 4018 esset,
1769 3951 1915 4023 quod

326 4059 511 4114 Latini
546 4067 738 4128 postea
771 4055 1135 4118 tradiderunt,
1172 4053 1372 4108 librum
1403 4065 1525 4104 eum
1583 4064 1613 4100 a
1663 4045 1745 4099 Pii
1779 4060 1916 4114 pou-

325 4151 498 4204 tificis
520 4149 694 4202 fratre
721 4146 990 4215 scriptum
1017 4143 1209 4206 fuisse,
1230 4150 1375 4196 esset
1401 4141 1519 4194 sine
1546 4133 1914 4192 controversia

324 4240 744 4312 supposititius.
783 4237 1053 4292 Prochori
1089 4235 1305 4288 libellus
1361 4231 1432 4284 De
1455 4232 1564 4284 vita
1596 4227 1654 4283 S.
1690 4225 1915 4280 Joannis

326 4333 480 4387 haud
505 4331 785 4384 immerito
838 4328 1112 4397 rejicitur,
1140 4334 1202 4380 ut
1232 4335 1286 4378 et
1340 4321 1590 4375 Historia
1627 4317 1917 4388 apostolica

325 4425 522 4478 Abduc
552 4420 862 4491 Babylonii,
892 4434 1055 4488 quem
1089 4427 1212 4486 post
1239 4415 1599 4485 llegesippum
1634 4412 1918 4480 scripsisse

327 4514 893 4570 observatGerardus
943 4510 1196 4575 Vossius,
1254 4509 1454 4562 addere
1502 4505 1674 4573 potuit
1703 4513 1756 4557 et
1793 4510 1915 4572 post
1949 4500 1991 4553 D

330 4607 640 4669 Bullinum,
678 4620 801 4657 nam
838 4604 1001 4657 verba
1057 4600 1342 4671 llcgesippi
1376 4599 1516 4668 apud
1557 4597 1784 4652 Abdiam
1847 4611 1915 4650 ex

332 4701 539 4756 Bullini
578 4698 935 4754 translatione
977 4704 1106 4749 sunt
1151 4693 1499 4760 transcripta.
1536 4690 1643 4743 Sed
1676 4689 1743 4742 de
1776 4697 1920 4742 utro-

331 4810 444 4864 que
478 4793 651 4846 altum
689 4789 830 4858 apud
888 4797 1096 4841 veteres
1131 4784 1429 4839 silentium.
1479 4781 1669 4836 Passio
1704 4779 1761 4836 S.
1816 4779 1921 4832 An-

331 4888 482 4940 dreae
513 4900 542 4937 a
574 4882 905 4952 presbyteris
927 4889 978 4934 et
1006 4877 1251 4932 diaconis
1277 4874 1644 4928 Ecclesiarum
1677 4871 1915 4935 Achaiaa,

331 4993 392 5036 ut
430 4981 646 5042 volunt,
679 4976 881 5043 scripta
944 4973 1126 5027 adhuc
1159 4969 1606 5029 controvertitur,
1663 4967 1756 5020 sed
1807 4974 1916 5018 tam

330 5067 552 5138 antiqui
581 5064 928 5132 maximeque
983 5059 1281 5115 venerandi
1317 5059 1678 5120 monumenti,
1729 5056 1772 5110 si
1832 5069 1919 5108 ve—

330 5176 464 5216 rum
490 5168 658 5222 esset,
701 5172 861 5211 nemo
912 5162 1153 5209 veterum
1185 5151 1456 5215 meminit,
1503 5165 1677 5218 neque
1711 5156 1836 5202 ante
1866 5146 1920 5200 fi-

333 5269 465 5307 nem
493 5251 676 5305 octavi
701 5247 884 5304 sazculi
920 5262 950 5300 a
997 5243 1257 5314 quopiam
1295 5251 1649 5295 memoratur.
1687 5237 1914 5311 Reliqua

332 5346 506 5398 etiam
564 5357 687 5411 qua:
744 5348 1068 5393 vetustatem
1129 5349 1400 5390 summam
1470 5348 1579 5401 pra:
1625 5346 1682 5385 se
1735 5328 1914 5382 ferunt

332 5437 572 5504 scripta,
627 5433 830 5498 ethoc,
867 5432 951 5484 vel
1008 5428 1347 5500 praecedente
1407 5425 1629 5488 saeculo,
1663 5422 1794 5476 viris
1829 5421 1918 5474 do-

334 5529 444 5582 ctis
481 5526 668 5594 spuria
701 5524 985 5587 videntur;
1029 5520 1114 5574 vel
1151 5519 1262 5571 alto
1286 5527 1449 5586 atque
1483 5515 1746 5569 diuturno
1779 5521 1918 5566 vete-

334 5638 463 5674 rum
496 5618 713 5673 silentio
738 5618 1092 5674 damnantur,
1152 5613 1236 5666 vel
1272 5627 1299 5664 a
1343 5622 1584 5664 veterum
1614 5607 1911 5678 aliquibus,

329 5716 428 5769 diu
459 5722 583 5767 ante
631 5721 814 5766 nostra
872 5720 1137 5778 tempora,
1189 5706 1413 5776 rejecta,
1465 5712 1559 5759 aut
1617 5703 1808 5758 saltem
1859 5702 1912 5755 in

327 5807 560 5862 dubium
594 5815 782 5861 vocata
812 5813 968 5859 sunt.

1999 541 2088 593 illa
2119 555 2242 609 qua:
2281 536 2611 591 adduximus
2647 531 2962 586 testimonia
3011 538 3067 584 et
3098 542 3220 597 qua:
3269 534 3457 594 postea
3496 523 3580 578 di-

1998 632 2166 687 cenda
2204 640 2331 684 sunt
2357 628 2502 681 clare
2526 626 2815 690 evincunt;
2870 639 2995 677 nam
3035 622 3146 675 alto
3194 618 3413 673 silentio
3443 633 3580 671 con-

1998 721 2246 776 demnari
2282 736 2389 772 non
2424 726 2675 787 possunt,
2712 732 2836 786 quae
2863 717 2930 769 ab
2954 714 3110 767 initio
3147 720 3382 780 recepta:
3416 718 3580 778 atque

1999 824 2349 878 summopere
2384 809 2618 862 laudata:
2658 817 2817 872 sunt;
2866 819 2918 861 et
2950 821 3018 858 an
3063 802 3120 858 S.
3148 803 3339 873 lgnatii
3393 816 3580 856 revera

1999 900 2248 970 genuinae
2277 909 2500 962 essent,
2567 913 2732 951 nemo
2793 905 3063 958 veterum,
3113 909 3276 948 nemo
3311 891 3584 947 recentio-

1999 1009 2123 1046 rum
2173 992 2456 1046 dubitasse
2504 1007 2562 1047 se
2615 993 2818 1046 diserte
2860 989 3035 1043 dixit:
3067 1002 3229 1040 nemo
3281 986 3499 1054 spurias
3530 992 3587 1037 et

2001 1085 2406 1140 commentitias
2432 1084 2599 1138 fuisse
2627 1083 2942 1152 suspicatus
2965 1089 3067 1142 est,
3088 1087 3380 1148 antequam
3408 1079 3585 1147 primo

2001 1178 2197 1244 aliquae
2237 1174 2430 1228 Latine
2462 1185 2590 1229 sunt
2631 1174 2912 1242 impressa:
2932 1171 3204 1225 veteribus
3240 1185 3463 1238 prorsus
3503 1167 3588 1220 in-

2001 1269 2260 1337 cognitze,
2299 1268 2417 1321 alize
2472 1267 2633 1320 etiam
2685 1264 2878 1319 Latine
2927 1272 3136 1318 tantum
3193 1263 3403 1331 primo,
3460 1259 3584 1315 dein

2003 1355 2212 1415 Graece,
2252 1357 2346 1408 sed
2384 1371 2509 1409 cum
2547 1355 2671 1410 aliis
2718 1355 2922 1424 juncta:
2948 1395 2961 1418 ,
3017 1368 3152 1422 quae,
3192 1349 3588 1406 recentioribus
3641 1361 3649 1370 ‘

2003 1455 2214 1500 tantum
2250 1447 2456 1501 Griecis
2491 1448 2691 1519 agnita:
2726 1456 2888 1510 sunt,
2926 1445 3143 1515 illtnque
3180 1446 3332 1514 ipsaa,
3370 1459 3400 1497 a
3433 1451 3588 1497 vete-

2003 1538 2157 1590 ribus
2192 1538 2454 1606 probatae,
2506 1537 2732 1591 nonnisi
2799 1536 2991 1590 multis
3025 1533 3357 1590 assumentis
3391 1541 3586 1587 conta-

2004 1630 2226 1682 minatae
2261 1637 2609 1698 apparerent.
2647 1629 2785 1683 Cum
2852 1628 3017 1698 igitur
3046 1627 3158 1695 jam
3196 1626 3412 1679 tandem
3448 1624 3590 1678 anti-

2005 1721 2285 1790 quissima:
2318 1720 2509 1789 lgnatii
2541 1721 2784 1789 epistolae
2818 1735 2846 1773 a
2884 1719 3232 1789 sequioribus
3267 1717 3377 1772 sint
3400 1714 3590 1770 discri-

1938 1816 1978 1868 Β
2010 1812 2226 1865 minata:
2261 1822 2424 1880 atque
2459 1812 2770 1881 disjunctze,
2798 1811 2867 1864 ab
2899 1810 3237 1864 assumentis
3273 1817 3437 1877 atque
3469 1821 3591 1861 cor-

2010 1900 2240 1968 ruptelis
2276 1900 2541 1960 liberatae,
2612 1900 2886 1967 nitorique
2921 1899 3155 1967 pristino
3190 1899 3477 1961 restitutae,
3514 1896 3590 1951 si-

2009 1991 2230 2058 mulquc
2278 1991 2734 2044 cumulatissimis
2791 1988 3234 2057 uniuscujusque
3286 1986 3472 2041 saeculi
3520 1993 3594 2040 te-

2009 2083 2287 2136 stimoniis
2336 2084 2708 2144 confit-mane,
2779 2096 2955 2149 neque
3002 2082 3294 2150 quisquam
3347 2087 3591 2132 veterum

2010 2185 2288 2243 appareat,
2342 2175 2434 2243 qui
2492 2174 2558 2228 de
2610 2188 2798 2226 earum
2855 2173 3232 2240 suppositione
3293 2170 3590 2239 quidquam

2009 2264 2310 2318 bariolatus
2357 2264 2465 2327 sit;
2535 2264 2680 2316 nulla
2734 2261 2877 2316 ratio
2931 2262 3015 2315 vel
3050 2260 3351 2330 excogitari
3389 2268 3589 2329 potest,

2011 2357 2080 2411 ob
2113 2372 2277 2426 quam
2312 2372 2501 2410 earum
2529 2357 2837 2409 veneranda
2877 2355 3173 2423 antiquitas
3207 2363 3260 2408 et
3294 2353 3594 2410 auctoritas

2011 2447 2193 2502 debita
2231 2447 2285 2499 in
2323 2448 2548 2499 dubium
2587 2445 2654 2498 sit
2689 2446 3032 2508 revocanda;
3075 2451 3168 2496 aut
3202 2442 3246 2496 si
3300 2442 3406 2495 ulla
3442 2457 3596 2495 exco-

2012 2539 2170 2605 gitari
2206 2539 2401 2607 possit,
2439 2553 2505 2590 ea
2542 2553 2606 2591 ex
2644 2537 2761 2605 ipsa
2797 2535 3152 2604 epistolarum
3210 2534 3436 2588 materia
3471 2533 3596 2587 elici

2011 2628 2192 2690 debet,
2229 2644 2392 2694 quam
2432 2629 2484 2680 in
2552 2627 2801 2696 sequenti
2865 2627 3253 2681 dissertatione
3312 2626 3382 2679 ab
3444 2625 3598 2679 omni

2011 2719 2330 2787 suspicione
2397 2719 2796 2772 liberabimus:
2867 2717 2968 2771 hac
3018 2718 3235 2770 interim
3287 2717 3597 2786 justissima

2014 2811 2442 2879 praesumptione
2478 2810 2718 2863 contenti
2742 2848 2756 2871 ,
2795 2817 2873 2861 tot
2907 2808 3315 2862 vetustissimos
3349 2808 3601 2862 doctissi-

2012 2918 2240 2973 mosque
2275 2903 2468 2956 Patres
2503 2919 2628 2956 cum
2667 2901 3006 2970 sequacibus
3041 2903 3095 2954 in
3159 2899 3456 2971 lgnatianis
3489 2916 3598 2955 non

2011 3007 2246 3057 errasse,
2285 2995 2379 3063 qui
2428 3003 2582 3048 tanto
2647 3008 2920 3047 consensu
2959 2994 3012 3046 in
3051 2993 3201 3047 nullo
3251 2993 3359 3046 alio
3394 2993 3594 3046 celebri

2012 3094 2067 3139 et
2112 3087 2338 3157 antiquo
2391 3087 2766 3142 ecclesiastico
2813 3087 3016 3156 scripto
3063 3101 3163 3140 nos
3219 3084 3478 3140 fefellisse
3511 3085 3602 3138 ha-

1938 3159 1984 3217 c
2017 3188 2207 3234 etenus
2241 3180 2565 3249 deprehensi
2601 3188 2751 3234 sunt.

2634 3289 2863 3345 CAPUT
2906 3289 2993 3344 IV.

2015 3384 2398 3506 Argumentum
2446 3385 2872 3438 adversariorum
2904 3401 2936 3435 a
2986 3383 3305 3436 testimoniis
3339 3381 3597 3434 adversus

2123 3458 2376 3506 anatiana
2405 3455 2744 3506 cxvunaitur.
2770 3453 3215 3506 Stichtmtetriam
3246 3468 3346 3503 non
3370 3468 3480 3503 esse
3497 3450 3597 3502 Ni—

2123 3458 2376 3523 ynatiana
2405 3455 2744 3523 expungitur.
2770 3453 3215 3506 Stichtmtetriam
3246 3468 3346 3523 non
3370 3468 3480 3503 esse
3497 3450 3602 3502 Νἰο

2089 3522 2296 3592 cepltori
2342 3522 2756 3593 patriarclue.Et
2793 3523 3149 3593 Nicephorum
3173 3531 3222 3574 et
3253 3522 3600 3593 Anastasium

2097 3591 2300 3665 Igitatii
2326 3591 2898 3665 epistolasadmisissc.
2927 3591 3599 3665 Stichometriteauctorem

2088 3661 2189 3720 non
2208 3661 2552 3718 condemnare
2576 3663 2775 3729 lgnatii
2804 3662 3078 3728 epistolas.
3106 3661 3355 3729 Defensio
3387 3676 3601 3728 respon-

2088 3738 2252 3792 sionis
2290 3735 2635 3787 Hammondi.
2667 3733 2790 3785 Non
2839 3734 3055 3800 probari
3088 3732 3500 3798 suppositionem
3537 3746 3602 3783 ex

2088 3807 2226 3861 nudo
2258 3805 2414 3858 titulo
2440 3803 2876 3871 apocryp/wrum.
2913 3801 3033 3853 Non
3057 3818 3119 3853 ex
3142 3801 3355 3871 reliquis
3383 3800 3600 3868 quicum

2089 3877 2302 3947 lgnatio
2347 3870 2718 3947 autumantur:
2770 3873 2847 3924 De
2899 3872 3111 3947 [lci-ma:
3145 3870 3369 3923 Pastore
3418 3871 3602 3924 veteris

2093 3940 2345 4000 Ecclesia:
2360 3944 2650 4012 judicium.
2677 3943 2975 3997 Cousensus
3004 3940 3292 4010 Nicephari
3321 3952 3368 3994 et
3402 3940 3602 3994 Gelasii

2089 4020 2293 4086 frustra
2337 4015 2660 4066 obtenditur.
2697 4013 2971 4086 Decretum
3002 4012 3095 4065 sub
3126 4012 3329 4086 fielasii
3387 4013 3599 4062 nomine

2091 4081 2291 4140 editum
2345 4086 2510 4152 ipsius
2556 4101 2665 4135 esse
2707 4101 2807 4136 non
2847 4084 3072 4134 ridetur.
3111 4081 3360 4152 Defensio
3401 4081 3602 4133 Usserii

2089 4160 2153 4210 ab
2179 4151 2558 4224 objectionibus
2606 4154 2800 4208 Dallwi
2827 4154 3145 4224 vindicatur.
3181 4151 3468 4224 Responsio
3503 4167 3602 4224 no—

2090 4239 2202 4279 stra
2237 4219 2372 4277 Villis
2415 4225 2739 4276 llammondi
2779 4233 2827 4276 et
2879 4221 3078 4276 Usserii
3131 4222 3499 4290 superaddita.
3535 4219 3602 4273 In

2091 4295 2465 4351 Stichometria
2496 4294 2588 4345 sub
2625 4292 2826 4363 lgnatii
2857 4294 3064 4345 nomine
3097 4309 3197 4344 non
3221 4291 3491 4363 epistolas,
3511 4291 3602 4344 sed

2090 4367 2316 4436 Διδαχήν
2333 4364 2602 4436 intelligi.
2627 4361 2696 4436 De
2714 4363 2966 4416 indiculis
2989 4377 3006 4414 :
3029 4366 3254 4436 itemque
3279 4362 3341 4436 de
3355 4361 3602 4436 didascao

2090 4432 2284 4500 liis,_ét'
2313 4434 2795 4489 Constitutionibus
2837 4433 3141 4502 apostolicis
3192 4433 3358 4485 brevis
3406 4432 3605 4484 disser--

2090 4519 2242 4560 latio.

2091 4598 2162 4652 Ut
2195 4599 2298 4651 hoc
2324 4605 2612 4650 externum
2643 4603 3029 4666 argumentum
3070 4610 3098 4647 a
3133 4592 3467 4648 testimoniis
3505 4607 3601 4661 pe-

2018 4693 2176 4745 titum
2217 4690 2326 4743 vim
2377 4705 2495 4743 eam
2552 4705 2659 4758 qua
2717 4689 2883 4757 pollet
2933 4688 3198 4749 obtineat,
3227 4695 3280 4739 et
3332 4685 3600 4738 illibatum
3641 4736 3643 4738 .

2019 4792 2396 4846 conservetur,
2433 4781 2575 4834 haud
2625 4780 2837 4833 meliori
2881 4779 3141 4832 methodo
3188 4779 3266 4830 uti
3310 4792 3398 4830 me
3440 4791 3604 4844 posse

2018 4875 2218 4937 sentio,
2249 4888 2415 4943 quam
2463 4873 2508 4924 si
2541 4887 2603 4926 ea
2638 4872 2848 4936 omnia,
2883 4886 3006 4940 qua:
3035 4867 3383 4924 adversarius
3416 4867 3481 4920 ad
3517 4866 3602 4935 ip-
3653 4855 3664 4878 ί

2019 4983 2140 5022 sum
2175 4965 2616 5020 labefactandum
2667 4963 3020 5034 excogitavit,
3053 4976 3217 5030 porro
3239 4959 3601 5014 examinanda

2017 5073 2340 5129 proponam.
2393 5058 2632 5110 Observo
2669 5064 2850 5109 autem
2894 5069 2955 5108 ea
2993 5054 3059 5106 ad
3104 5054 3208 5106 tria
3247 5050 3423 5118 capita
3451 5064 3603 5102 com--

2018 5153 2176 5206 mode
2215 5149 2424 5215 reduci,
2453 5157 2507 5202 ct
2547 5149 2599 5202 in
2643 5148 2788 5201 httnc
2823 5146 3070 5201 ordinem
3099 5140 3401 5198 luculenter
3429 5141 3598 5210 redigi

2017 5257 2202 5311 posse.
2238 5239 2445 5306 Primo,
2473 5239 2562 5293 ille
2593 5239 2756 5292 etiam
2785 5234 3098 5296 testimonia
3121 5232 3365 5296 adducit,
3395 5231 3600 5300 quibus

2019 5349 2176 5387 suam
2212 5335 2279 5387 de
2310 5332 2691 5402 suppositione
2715 5328 3070 5398 epistolarum
3106 5323 3438 5380 sententiam
3466 5337 3601 5377 con—

2019 5426 2218 5480 firmet.
2269 5424 2560 5489 Secundo,
2613 5431 2778 5477 testes
2830 5427 3084 5485 nostros,
3138 5417 3207 5471 ab
3252 5414 3598 5470 Hammondu

2019 5520 2172 5590 prius
2211 5519 2497 5582 adductos,
2520 5515 2925 5572 vetustissimos
2951 5512 3248 5580 pra-cipue,
3274 5510 3478 5580 rejicit;
3504 5516 3598 5562 aut

2020 5609 2324 5666 invalidum
2351 5611 2509 5679 plane
2535 5624 2724 5663 eorum
2751 5605 3126 5660 testimonium
3151 5604 3376 5659 reddere
3393 5602 3598 5672 sigilla-

2018 5707 2116 5759 tim
2149 5713 2400 5758 conatur.
2437 5701 2645 5763 Tertio,
2680 5709 3061 5768 argumentum
3099 5712 3128 5750 a
3159 5695 3469 5751 testimonio
3499 5709 3598 5747 ue-

2022 5795 2259 5863 gativum
2303 5791 2602 5846 fabricatus
2631 5801 2734 5850 est.
2771 5805 2875 5858 qua
2911 5788 3140 5858 probare
3183 5787 3393 5848 nititur,
3424 5788 3597 5839 nemi-
