4136 6432
546 344 649 399 105
1547 340 1603 394 S.
1646 336 1991 394 lGNA’l‘IUS.
2026 370 2093 381 -ο
2128 334 2660 394 PROLEGOMENA.
3712 339 3816 391 10.5

528 480 653 519 nem
701 458 1060 532 epistularum
1112 473 1251 529 quas
1294 455 1662 523 defendimus,
1696 473 1792 527 per
1849 458 2115 513 ducentos
2144 463 2188 519 Α
2220 474 2380 529 pares
2414 460 2637 513 habeas.
2680 456 2786 511 Sed
2821 471 2936 510 ecce
2964 464 3206 511 auctores
3244 458 3323 524 bi,
3353 465 3633 529 quotquot
3658 470 3813 529 sunt,

530 564 657 625 post
684 555 873 625 Ignatii
908 565 1141 607 mortem
1179 566 1354 606 annos
1380 551 1720 614 meminisse,
1752 559 1810 606 et
1836 552 1963 606 inde
1988 567 2114 606 con-

528 648 721 713 cludit,
749 648 819 701 ab
852 645 1061 715 lgnatio
1088 660 1196 698 non
1229 642 1789 713 fuisse'eonscriptas.

601 738 807 809 Incipio
839 755 868 792 a
900 739 1127 792 testibus
1145 736 1213 791 ab
1237 737 1553 791 adversario
1582 746 1774 791 contra
1798 744 2112 790 nostrorum

526 828 700 881 aciem
733 826 874 880 miro
912 825 1074 880 modo
1126 825 1432 894 productis,
1464 825 1546 879 vel
1582 826 1762 895 potius
1805 826 2109 881 subductis.

526 919 651 974 lllos
694 919 863 983 enim,
910 934 1012 972 non
1052 928 1161 971 tam
1193 917 1261 969 ad
1299 919 1726 972 constituendam
1775 920 2109 984 sententiam,

523 1027 685 1081 quam
727 1011 795 1064 ad
836 1010 1197 1080 depellendam
1246 1010 1509 1063 invidiam
1539 1010 1835 1065 adduxisse
1879 1025 1937 1065 se
1985 1009 2114 1064 fate-

527 1115 616 1159 tur
641 1122 653 1135 ο
691 1103 747 1157 in
781 1120 930 1159 eum.
976 1103 1208 1162 scilicet.
1251 1101 1439 1169 ﬁnem,
1469 1111 1529 1156 ut
1554 1103 1748 1172 probet
1780 1102 2110 1158 Salmasium

525 1210 580 1255 et
608 1201 952 1255 Blondellum
983 1214 1090 1254 non
1114 1197 1289 1253 fuisse
1322 1198 1556 1268 primos,
1589 1199 1685 1268 qui
1720 1201 1820 1253 bas
1846 1200 2111 1269 epistolas

525 1296 791 1349 conﬁctas
821 1302 1095 1363 putarent.
1129 1290 1384 1360 Quisquis
1410 1293 1545 1344 enim
1587 1302 1775 1345 auctor
1813 1292 2111 1346 Sticltome-

528 1387 667 1452 trite,
717 1400 883 1455 quam
925 1383 1166 1448 adducit,
1219 1382 1343 1451 fuit,
1386 1382 1481 1436 diu
1534 1392 1657 1435 ante
1705 1381 2033 1436 Salmasium
2063 1391 2111 1435 et

530 1477 869 1531 Blondellum
937 1476 1090 1530 uixit.
1164 1474 1405 1544 Opponit
1461 1475 1629 1544 igitur
1678 1475 2112 1529 Stichometriam

530 1569 895 1634 Hatnmondo,
948 1584 1180 1638 prorsus
1227 1568 1577 1624 inconcinne.
1636 1566 1812 1636 Hujus
1844 1583 1983 1632 vero,
2029 1567 2113 1619 in-

528 1664 668 1733 quit,
703 1663 1092 1733 Στιχομετρίας
1115 1662 1409 1716 auctoritas
1439 1677 1533 1713 cur
1564 1676 1664 1714 non
1698 1661 1833 1714 tanti
1857 1661 1996 1729 apud
2020 1676 2112 1714 nos

527 1772 638 1808 esse
653 1754 858 1821 debeat,
882 1756 1070 1824 quanti
1093 1771 1248 1809 suam
1276 1754 1377 1807 viri
1410 1753 1708 1807 doctissimi
1734 1769 1846 1807 esse
1866 1752 2108 1821 cupiunt,

530 1864 634 1901 non
654 1848 822 1902 video.
851 1847 921 1900 At
943 1846 989 1901 si
1020 1862 1127 1915 qua
1164 1846 1236 1901 sit
1285 1846 1434 1900 illius
1492 1844 1882 1898 Stichometriw
1922 1853 2112 1897 aucto-

529 1943 686 2005 ritas,
719 1955 783 1995 ea
812 1956 921 1993 non
952 1938 1319 2005 llammondo,
1352 1940 1448 1995 sed
1499 1937 1757 1993 Patribus
1798 1938 2116 2007 opponenda

529 2033 653 2099 fuit,
691 2034 760 2087 ab
792 2032 1140 2086 llammondo
1187 2041 1377 2086 contra
1427 2030 1761 2085 Salmasium
1784 2038 1839 2083 ct
1868 2027 2120 2081 Blonch-

530 2126 642 2179 lum
673 2125 977 2195 productis,
1010 2123 1339 2196 Polycarpo,
1365 2122 1593 2188 lrcnmo,
1627 2120 1872 2191 Origeni,
1897 2120 1983 2173 vel
2012 2120 2122 2173 sal-

528 2226 636 2271 tem
669 2216 923 2271 Eusebio.
956 2214 1277 2277 Athanasio,
1305 2214 1530 2279 Basilio,
1555 2212 1974 2283 Chrysostomo,
1995 2208 2122 2263 llie-

527 2326 781 2382 ronymo,
824 2306 1197 2375 'lheodoreto,
1248 2307 1489 2373 Gelasio,
1534 2307 1765 2376 aliisque
1793 2324 1806 2359 :
1834 2320 1941 2358 non
1974 2306 2119 2359 enim

526 2402 824 2473 quaeritur,
863 2418 931 2456 an
984 2401 1378 2456 Stichometrite
1431 2400 1744 2454 auctoritati
1782 2396 2117 2468 praeferenda

528 2496 601 2551 sit
622 2497 925 2549 auctoritas
954 2493 1307 2557 Hammondi,
1328 2492 1422 2547 sed
1453 2493 1561 2545 utri
1582 2492 1762 2561 potius
1791 2488 2121 2545 credendum

528 2586 620 2650 sit,
656 2583 930 2639 Salmasio
962 2585 1078 2639 sola
1131 2581 1510 2637 Stichomctria
1560 2588 1793 2646 armato,
1839 2594 1907 2633 an
1956 2576 2124 2632 llam-

530 2678 733 2732 mondo
758 2677 857 2730 SS.
887 2675 1134 2739 Patrum,
1166 2684 1221 2729 et
1244 2676 1494 2729 omnium
1527 2673 1853 2730 szeculorum
1883 2672 2120 2726 testimo-

532 2767 643 2823 niis
679 2768 907 2835 stipato.
943 2764 1118 2820 Nimis
1148 2764 1312 2833 igitur
1342 2762 1569 2818 subdole
1598 2763 1704 2818 hoc
1738 2759 2121 2815 testimonium

531 2859 755 2913 adducit
785 2856 1041 2916 Dallmus,
1069 2856 1137 2909 ad
1183 2854 1551 2924 depellendam
1593 2852 1846 2907 invidiam
1892 2858 2120 2916 tantum,

531 2965 643 3018 quo
674 2957 863 3019 postea
894 2949 961 3003 ad
991 2947 1427 3003 conﬁrmandam
1476 2945 1807 3001 sententiam
1837 2957 1995 2998 suam
2027 2956 2126 2997 sas-

535 3042 760 3111 pissime
804 3041 1017 3095 utitur:
1052 3048 1105 3094 et
1139 3053 1306 3110 quam
1359 3036 1639 3092 inﬁrmum
1675 3036 1904 3092 sitcum
1954 3034 2123 3104 probe

2216 554 2395 606 omnia
2420 552 2621 623 Ignatii
2664 552 2866 620 scripta
2897 551 2964 604 ad
2998 551 3302 620 apocrypha
3341 551 3671 621 relegarant.
3704 550 3815 606 Pro

2216 645 2382 700 unico
2419 646 2705 714 scriptore,
2748 643 2937 698 nescio
2971 658 3101 712 quo,
3139 653 3393 700 auctores
3436 645 3631 698 nescio
3674 654 3817 714 quot

2218 735 2469 804 Syncello
2522 735 2805 806 prteﬁxos;
2839 746 2894 791 et
2950 736 3042 790 ubi
3102 736 3308 791 nudum
3360 734 3552 805 lgnatii
3605 752 3812 790 nomen

2217 831 2483 900 scriptum
2516 837 2621 896 est,
2666 830 2844 883 omnia
2880 829 3001 900 ejus
3028 830 3231 899 scripta
3272 829 3378 900 legi
3419 829 3536 884 vult
3577 830 3667 883 vir
3711 830 3814 884 do~

2216 921 2518 977 ctissimus.

2289 1010 2360 1068 Ut
2391 1022 2575 1068 autem
2623 1012 2891 1082 majorem
2940 1011 3333 1067 Stichametrite
3402 1028 3518 1068 suae
3571 1014 3811 1083 jamjam

2214 1102 2580 1173 producenda:
2612 1104 2998 1158 auctoritatem
3046 1101 3321 1169 conciliet,
3351 1118 3572 1173 gravem
3606 1118 3810 1171 quere-

2216 1196 2324 1250 lam
2352 1197 2505 1265 prius
2528 1196 2788 1261 instituit,
2824 1195 2972 1265 quod
3001 1203 3113 1249 tam
3146 1194 3412 1249 immerito
3436 1195 3538 1247 viri
3559 1195 3709 1248 docti
3746 1196 3812 1250 de

2217 1286 2477 1343 Salmasii
2533 1288 2637 1356 ﬁde
2685 1286 3066 1351 dubitaverint,
3090 1302 3256 1357 quem
3294 1286 3465 1342 editio
3508 1284 3811 1357 Nicephori

2214 1378 2466 1435 Parisina
2498 1380 2567 1434 ab
2606 1380 2758 1434 omni
2788 1379 3101 1448 suspicione
3131 1378 3404 1433 liberavit.
3436 1376 3681 1444 Quinam
3712 1393 3812 1431 au-

2217 1482 2324 1529 tem
2361 1482 2490 1528 sunt
2516 1488 2580 1527 ex
2614 1472 2821 1527 nostris
2842 1470 3093 1541 partibus
3119 1470 3223 1524 viri
3254 1472 3425 1536 docti,
3458 1470 3553 1539 qui
3586 1472 3657 1524 de
3684 1469 3809 1525 Sal-

2215 1566 2376 1621 masii
2422 1566 2529 1621 ﬁde
2572 1576 2682 1619 tam
2724 1565 3001 1619 immerito
3029 1563 3393 1618 dubitarunt?
3425 1562 3587 1617 Certe
3642 1562 3810 1619 Usse-

2214 1659 2332 1713 rius
2366 1656 2821 1723 Stichometriam,
2852 1671 3019 1727 quam
3044 1654 3259 1725 Georgii
3285 1655 3518 1725 Syncelli
3549 1666 3605 1710 et
3631 1654 3809 1711 Theo-

2214 1750 2415 1821 phanis
2442 1750 2595 1820 operi
2643 1749 2920 1820 praeﬁxum
2971 1748 3027 1802 in
3082 1746 3472 1817 antiquissimo
3503 1747 3810 1817 exemplari

2221 1859 2281 1899 se
2332 1844 2609 1899 invenisse
2651 1849 2842 1896 narrat
2875 1841 2946 1897 cl.
2981 1839 3308 1907 Salmasius,
3363 1857 3473 1896 non
3526 1842 3807 1897 diversam

2219 1952 2344 1992 esse
2373 1937 2442 1991 ab
2468 1952 2556 2003 ea,
2582 1952 2747 2006 quam
2780 1937 2922 1990 inter
2946 1934 3091 1989 Petri
3112 1934 3301 1990 Pitbaei
3323 1936 3589 2006 Opuseula
3620 1935 3809 1992 Graece

2221 2039 2269 2084 et
2305 2026 2498 2083 Latine
2534 2029 2797 2084 habemus
2829 2028 3058 2093 editam,
3084 2029 3402 2083 existimare
3435 2044 3495 2083 se
3521 2027 3807 2097 professus

2220 2129 2323 2177 est.
2353 2120 2509 2187 Quod
2547 2137 2657 2176 non
2692 2130 2778 2177 est
2822 2122 3063 2177 hominis
3112 2122 3367 2177 Salmasii
3407 2122 3569 2178 ﬁdem
3589 2123 3809 2178 elevan-

2221 2215 2314 2277 tis,
2341 2216 2435 2271 sed
2471 2216 2655 2285 potius
2686 2214 3092 2279 conﬁrmantis,
3117 2224 3173 2269 et
3197 2230 3297 2269 sua
3334 2215 3654 2285 conjectura
3692 2216 3807 2271 suf—

2222 2306 2535 2373 fulcientis;
2564 2322 2730 2377 quam
2771 2323 2882 2361 non
2930 2307 3114 2361 minus
3153 2322 3317 2376 quam
3353 2304 3612 2364 Salmasii
3647 2310 3805 2364 ﬁdem

2222 2400 2406 2455 Editio
2456 2399 2707 2455 Parisina
2759 2408 2957 2470 postea
3010 2400 3375 2455 conﬁrmavit.
3427 2399 3806 2458 Hammondus

2222 2495 2387 2551 etiam
2422 2494 2489 2549 de
2516 2494 2841 2549 auctoritate
2878 2491 3266 2548 Stichometria:
3301 2494 3506 2548 nullam
3540 2496 3649 2550 sibi
3683 2513 3805 2550 cum

2225 2587 2496 2643 Salmasio
2528 2586 2678 2639 litem
2711 2584 2827 2639 fore
2879 2584 3163 2654 professus
3194 2594 3297 2651 est,
3323 2586 3582 2655 illamque
3618 2602 3648 2640 a
3676 2584 3806 2640 Wa-

2224 2681 2349 2735 lone
2381 2678 2660 2733 laudatam
2691 2676 2761 2731 ab
2792 2675 3041 2731 lndiculo
3068 2692 3098 2731 a
3126 2676 3341 2732 Pitbaec;
3356 2676 3503 2731 edito
3537 2693 3649 2731 non
3683 2693 3807 2747 pro-

2224 2773 2313 2829 cul
2341 2772 2537 2825 abesse
2569 2778 2717 2823 recte
2749 2768 2959 2837 colligi,
2998 2768 3082 2822 vel
3109 2784 3173 2823 ex
3202 2770 3362 2823 titulo
3389 2767 3610 2840 Georgii
3658 2785 3805 2825 asse-

2223 2862 2355 2919 ruit.
2391 2859 2509 2915 Non
2532 2861 2699 2931 igitur
2720 2860 2788 2914 de
2817 2859 2922 2915 ﬁde
2946 2857 3201 2915 Salmasii
3223 2858 3605 2918 Hammondus
3633 2862 3806 2932 magis

2224 2970 2389 3025 quam
2435 2953 2691 3008 Usserius
2719 2951 3027 3006 dubitavit:
3076 2951 3372 3007 ἀδέσποτθν
3422 2952 3804 3025 στιχομετρίαν

2225 3063 2345 3102 eam
2379 3054 2543 3102 vocat
2567 3045 2945 3110 meritissima,
2970 3045 3097 3115 quia
3129 3045 3304 3115 ipsam
3362 3046 3437 3100 ita
3495 3045 3803 3101 Salmasius

533 3133 794 3189 conscius
827 3141 994 3195 esset,
1040 3132 1111 3186 ita
1158 3131 1388 3185 omnino
1434 3129 1744 3201 proposuit,
1778 3136 1839 3183 ut
1884 3126 2118 3189 nescias,

2226 3140 2579 3211 produxerat,
2612 3154 2785 3209 neque
2807 3140 2856 3195 ei
2890 3139 3063 3194 ullum
3092 3148 3370 3195 auctorem
3402 3140 3799 3212 assignaverat.

537 3239 721 3285 utrum
762 3245 861 3299 pro
903 3237 1230 3299 argumento
1269 3226 1461 3281 haberi
1504 3225 1761 3289 voluerit,
1812 3236 2006 3277 necne.
2060 3218 2117 3274 Si

535 3322 754 3378 titulum
789 3320 983 3391 capitis
1013 3319 1222 3389 quarti,
1249 3318 1451 3388 quinti,
1475 3326 1533 3372 et
1565 3316 1907 3386 reliquorum
1941 3312 2117 3382 inspi-

534 3414 769 3477 ciamus,
804 3420 1194 3483 argumentum
1225 3417 1310 3464 est
1349 3410 1626 3478 primum;
1672 3405 1717 3461 si
1745 3413 1910 3475 caput
1955 3405 2119 3471 quin-

532 3516 650 3562 tum
672 3513 1005 3574 spectemus,
1034 3501 1246 3556 nullum
1269 3508 1388 3567 est;
1413 3499 1486 3554 ibi
1510 3499 1657 3553 enim
1687 3499 1924 3568 primum
1949 3494 2117 3561 aliud,

534 3594 808 3651 asilentio
852 3595 1186 3663 scriptorum
1231 3590 1733 3646 ecclesiasticorum
1770 3595 1897 3643 ante
1950 3586 2122 3642 Euse-

535 3687 687 3741 bium
717 3685 960 3741 ducitur.
1018 3682 1245 3753 Semper
1273 3690 1454 3736 tamen
1500 3689 1691 3751 postea
1736 3690 2119 3749 argumentum

538 3783 662 3846 hoc,
707 3779 825 3834 sive
862 3777 1123 3848 primum,
1161 3775 1278 3830 sive
1320 3775 1555 3839 nullum,
1604 3773 1829 3827 maximi
1878 3769 2029 3837 facit,
2068 3780 2122 3826 ct

536 3869 740 3939 ubique
792 3866 906 3922 fere
942 3866 1203 3920 inculcat.
1236 3866 1314 3919 Ae
1356 3879 1546 3918 revera
1601 3863 1647 3917 si
1685 3862 1789 3917 hoc
1827 3878 2120 3933 argumen-

536 3973 677 4025 tum,
703 3962 819 4016 sive
850 3960 1114 4030 primum,
1143 3959 1259 4013 sive
1283 3957 1519 4021 nullum,
1556 3956 1637 4010 illi
1683 3956 1967 4026 eripiatur,
1994 3954 2123 4009 reli-

537 4072 645 4127 qua
680 4054 862 4124 plane,
897 4068 1020 4120 quae
1048 4065 1150 4105 nos
1179 4058 1451 4119 spectant,
1490 4049 1638 4103 nulla
1668 4058 1849 4103 erunt.

610 4142 914 4197 Audiamus
939 4140 1106 4210 igitur
1135 4139 1437 4193 adversarii
1454 4146 1620 4193 testes
1649 4153 1756 4191 non
1781 4138 1899 4193 sine
1924 4152 2122 4207 pompa

540 4234 862 4306 pro'ductos.
900 4228 1033 4283 Ecce
1079 4239 1324 4283 auctores
1371 4228 1644 4295 habemus,
1674 4228 1872 4298 inquit,
1896 4238 1944 4281 et
1981 4228 2122 4281 mul-

542 4330 610 4382 tis
640 4334 764 4379 ante
792 4341 884 4378 nos
911 4321 1118 4378 stcculis
1148 4322 1388 4388 denatos,
1418 4331 1467 4377 ct
1515 4322 1578 4376 ab
1606 4323 1749 4375 omni
1778 4331 1962 4375 contra
1987 4322 2126 4375 hier-

542 4420 781 4474 archiam
840 4418 1141 4486 suspicione
1211 4426 1470 4482 semotas,
1514 4416 1605 4485 qui
1680 4416 1860 4469 omnia
1921 4412 2125 4485 Ignatii

2221 3233 2564 3289 Produxerat
2591 3248 2710 3287 eam
2743 3248 2809 3287 ex
2858 3247 2965 3287 ms.
2993 3232 3205 3299 codice,
3242 3241 3502 3302 tanquam
3548 3234 3653 3289 sibi
3703 3231 3801 3287 soli

2224 3326 2362 3391 viso,
2400 3324 2549 3379 nulla
2582 3324 2824 3379 auctoris
2864 3324 3258 3380 Stichometriw
3306 3325 3580 3379 mentione
3628 3324 3799 3389 facta;

2222 3416 2291 3471 de
2336 3415 2579 3471 tenebris
2637 3415 2805 3487 igitur
2836 3415 3198 3486 conqueritur
3246 3412 3628 3469 Hammondus
3661 3414 3801 3469 haud

2224 3508 2535 3574 immerito;
2564 3507 2657 3561 vix
2694 3508 2843 3562 enim
2887 3508 3150 3563 credibile
3192 3506 3317 3574 fuit,
3341 3508 3582 3563 voluisse
3613 3522 3805 3577 quem-

2223 3617 2389 3672 quam
2441 3599 2875 3655 Sticliometriam
2905 3602 2960 3655 in
2998 3616 3133 3657 mss.
3167 3600 3495 3666 latitantem,
3527 3610 3581 3655 et
3612 3598 3800 3655 incerti

2226 3692 2392 3758 tituli,
2441 3700 2635 3747 testem
2673 3692 3024 3761 citare,fcum
3065 3694 3257 3749 eadem
3292 3695 3348 3747 in
3380 3694 3622 3748 maxima
3661 3695 3797 3759 luce,

2223 3795 2278 3839 et
2320 3784 2424 3839 sub
2459 3782 2870 3853 speciosissime
2915 3784 3095 3847 titulo,
3144 3800 3254 3838 non
3290 3793 3501 3839 tantum
3538 3787 3799 3848 auctoris,

2225 3875 2323 3931 sed
2345 3876 2509 3930 etiam
2539 3874 2851 3945 interpretis
2882 3882 3197 3945 poneretur.
3224 3874 3481 3930 Ediderat
3512 3877 3661 3931 enim
3683 3890 3798 3930 eam

2224 3966 2413 4023 Graece
2461 3966 2529 4022 ad
2573 3966 2793 4023 Eusebii
2836 3968 2923 4023 sui
2968 3967 3175 4022 calcem
3221 3966 3492 4037 Iosephus
3538 3967 3797 4038 Scaliger,

2225 4059 2606 4130 Cbronologia:
2638 4058 2930 4129 Nicephori
2971 4059 3297 4129 patriarcha:
3336 4059 3801 4130 Constantinopo-

2226 4148 2381 4203 litani
2413 4147 2662 4204 suﬁixam
2695 4167 2708 4203 :
2738 4148 2985 4204 ediderat
3022 4150 3273 4204 eamdem
3296 4151 3400 4205 sub
3438 4151 3613 4220 ipsius
3646 4149 3799 4205 Nice-

2227 4239 2388 4309 phori
2426 4239 2651 4294 nomine
2678 4254 2744 4294 ex
2778 4239 2945 4294 veteri
2977 4241 3168 4295 codice
3197 4240 3462 4311 Carpensi
3490 4240 3683 4297 Petrus
3706 4240 3795 4294 Pi-

2228 4332 2425 4397 thzeus,
2472 4345 2599 4385 cum
2644 4332 2921 4387 Anastasii
2970 4332 3277 4403 Nicephoro
3320 4334 3573 4403 supparis
3609 4333 3796 4388 Latina

2229 4422 2695 4492 interpretatione,
2721 4439 2885 4493 quam
2920 4439 3021 4479 nos
3052 4433 3240 4493 postea
3276 4426 3419 4480 inter
3442 4426 3676 4480 Criticos
3712 4440 3797 4479 sa-

542 4514 747 4582 scripta
779 4510 1005 4563 rotunde
1041 4524 1103 4561 ac
1132 4508 1245 4561 sine
1275 4508 1388 4561 ulla
1424 4507 1757 4561 Ittcsitatione
1794 4504 1863 4559 ad
1902 4520 2118 4574 apocry-

2227 4530 2351 4570 cros
2381 4514 2645 4570 edendam
2668 4518 3008 4571 curavimus.
3041 4516 3328 4572 Monuerat
3348 4516 3589 4572 Joannes
3616 4516 3795 4572 Selde-

541 4607 646 4675 pha
688 4602 989 4673 relegarunt
1020 4602 1078 4654 in
1109 4597 1502 4655 Stichometria
1543 4597 1768 4668 Georgio
1799 4596 2044 4667 Syncello
2068 4598 2123 4651 in

542 4700 678 4753 libro
704 4695 1074 4767 antiquissimo
1098 4694 1344 4764 prce/ima.
1368 4693 1567 4758 Quaeso
1589 4700 1661 4757 te,
1677 4691 1761 4745 vir
1782 4689 2121 4756 doctissime,

541 4798 678 4858 quot
708 4796 963 4842 auctores
1015 4785 1183 4839 habes
1227 4784 1280 4837 in
1319 4783 1411 4837 illa
1464 4780 1840 4836 Sticltometria
1874 4778 2124 4851 Syncello

546 4877 802 4949 praeﬁxa?
849 4877 1110 4933 ostendas
1157 4889 1478 4938 numerum,
1512 4873 1632 4928 edic
1666 4873 1911 4928 nomina.
1935 4875 2017 4925 An
2047 4872 2121 4927 ita

544 4988 825 5037 numeras,
858 4967 1323 5041 quemadmodum
1358 4968 1449 5023 ille
1482 4968 1625 5037 apud
1656 4966 1948 5021 Plautum?

690 5078 830 5144 Quot
858 5079 1051 5132 erunt?
1075 5077 1209 5144 Ego,
1231 5088 1279 5132 et
1309 5077 1685 5142 Menwchmus,
1709 5088 1755 5132 et
1778 5075 2081 5133 Parasitus.

687 5149 813 5202 Jam
833 5150 924 5202 isti
948 5160 1069 5203 sunt
1101 5148 1312 5203 decem:
1339 5165 1462 5202 nam
1486 5148 1770 5203 Parasitus

692 5220 824 5275 Octo
853 5220 1124 5273 hominum
1155 5219 1319 5288 ofﬁcio
1352 5220 1612 5289 fungitur.

619 5329 1016 5395 Stichometria,
1068 5344 1235 5399 quam
1272 5330 1355 5386 vis
1388 5329 1642 5402 Syncello
1688 5332 1989 5403 praaﬁxam,
2029 5346 2124 5391 aut

548 5420 762 5475 nullum
794 5426 1004 5473 certum
1042 5428 1321 5475 auctorem
1358 5421 1541 5488 habet,
1575 5432 1670 5477 aut
1699 5424 1922 5480 unicum
1954 5436 2119 5483 certe.

548 5511 632 5566 An
664 5508 1037 5580 Nicephorum
1065 5520 1240 5577 tuum,
1267 5511 1313 5567 si
1342 5513 1504 5568 modo
1533 5514 1582 5569 is
1611 5515 1704 5579 sit,
1744 5531 1869 5570 cum
1914 5514 2123 5586 Ignatio

550 5614 645 5659 tuo
672 5600 965 5673 epistolico
998 5602 1369 5673 bieorporem,
1403 5615 1496 5660 aut
1541 5604 1897 5677 tricorporem
1949 5607 2127 5665 facis?

548 5693 709 5748 Certe
740 5693 793 5747 in
841 5692 1013 5748 multo
1046 5695 1230 5764 plures
1269 5697 1436 5751 dividi
1472 5707 1686 5767 oportet
1721 5700 1887 5755 istum
1931 5701 2121 5757 incerti

551 5787 683 5844 laris
716 5787 1161 5857 homuncionem,
1210 5799 1272 5846 ut
1319 5798 1485 5847 testes
1526 5792 1729 5850 nostris
1779 5793 1861 5848 vel
1894 5809 2126 5851 numero

2228 4622 2334 4662 nus
2355 4648 2369 4673 ,
2402 4606 2545 4662 libro
2585 4606 2661 4661 De
2704 4609 3030 4663 successione
3068 4609 3123 4662 in
3152 4610 3518 4679 pontiﬁcatum
3550 4609 3797 4664 Ilebrwo-

2227 4716 2365 4765 rum,
2402 4698 2691 4771 Nicephori
2717 4702 3226 4772 Chronograpbiam
3253 4718 3355 4757 ms.
3385 4712 3604 4758 exstare
3636 4704 3687 4757 in
3712 4702 3794 4754 Bi-

2224 4792 2497 4846 bliotheca
2551 4790 2888 4848 Londinensi
2926 4793 3141 4863 collegii
3188 4793 3493 4860 Sionensis,
3526 4796 3614 4849 cui
3659 4796 3795 4848 hanc

2223 4881 2388 4937 etiam
2422 4880 2850 4937 Stichometriam
2901 4882 3149 4939 suﬁixam
3198 4899 3321 4938 esse
3351 4893 3637 4940 testamur.
3678 4882 3791 4938 Non

2225 4973 2403 5043 potuit
2435 4974 2621 5043 itaque
2647 4991 2755 5029 non
2800 4975 2989 5029 mirari
3034 4973 3433 5040 Hammondus,
3465 4977 3511 5033 si
3540 4978 3655 5033 htec
3687 4990 3792 5031 tam

2224 5066 2444 5135 publice
2492 5075 2618 5121 nota
2647 5083 2713 5121 ex
2756 5068 2929 5121 nescio
2955 5084 3061 5137 qua
3102 5068 3306 5137 ofﬁcina
3337 5069 3659 5139 produceret
3681 5068 3791 5139 Sal;

2225 5158 2452 5214 masius.

2296 5251 2518 5306 Interim
2563 5251 2632 5307 de
2682 5251 3073 5309 Stichometria:
3129 5255 3455 5312 auctoritate
3494 5257 3644 5312 litem
3686 5269 3787 5310 non

2224 5342 2396 5397 movit
2450 5341 2721 5398 Salmasio
2767 5344 2849 5398 vir
2898 5345 3095 5400 doctus
3123 5364 3137 5400 :
3167 5347 3536 5417 suspicionem
3584 5358 3787 5403 tantum

2225 5434 2541 5505 parenthesi
2596 5435 2858 5503 inseruit;
2889 5452 3012 5507 quae
3050 5438 3270 5509 quidem
3301 5447 3424 5509 post
3458 5442 3786 5511 splendidam

2226 5526 2373 5580 illam
2409 5527 2706 5583 editionem
2761 5528 3068 5586 Parisinam
3124 5532 3293 5587 hauet
3322 5534 3486 5590 altius
3522 5554 3535 5589 :
3567 5544 3622 5590 et
3663 5548 3781 5590 cono

2226 5616 2424 5672 sultius
2451 5619 2677 5674 omnino
2718 5618 2939 5676 fecisset
2998 5620 3257 5689 Dallaeus,
3287 5625 3333 5679 si
3363 5640 3484 5679 eam
3515 5638 3785 5696 nunquam

2227 5708 2586 5776 nominasset,
2620 5720 2714 5765 aut
2739 5714 2931 5768 saltem
2977 5715 3030 5767 in
3062 5730 3126 5768 ea
3162 5716 3506 5786 triumphare
3549 5719 3685 5774 adeo
3713 5716 3787 5769 vi-

2229 5813 2324 5853 sus
2356 5812 2466 5854 non
2499 5797 2715 5856 fuisset.
2741 5799 2818 5856 Ita
2849 5803 2995 5857 enim
3024 5803 3269 5875 loquitur
3304 5827 3316 5861 :
3357 5806 3466 5861 Viri
3498 5809 3643 5864 docti
3662 5811 3786 5863 Στι-
