4136 6394
313 424 397 479 105

1055 423 1105 479 J.
1149 421 1516 479 PEARSONII
1552 417 1879 478 VINDICLE
1922 416 2343 477 IGNATIANE.
2382 451 2452 461 —
2482 422 2665 478 PARS
2692 422 2733 481 ι.

3425 433 3527 487 ωε

308 542 594 611 ιομετρίαν
616 543 915 599 ἀδέσποτον
935 555 1143 600 vocant.
1165 545 1346 600 Editio
1368 545 1421 599 Ν
1426 545 1667 616 icephoro
1691 545 1860 601 vindi-

1961 542 2083 597 dem
2117 542 2420 613 subjungit,
2464 544 2559 599 sed
2601 542 2898 616 Nicephori
2953 562 3076 603 esse
3123 563 3231 604 non
3266 549 3530 621 aliirmat;

305 647 392 700 cat,
429 636 758 705 amplissimo
780 637 909 702 viro,
931 639 1119 706 prima:
1137 640 1192 691 in
1214 639 1412 692 oriente
1430 638 1569 693 sedis
1599 638 1853 704 antistiti,

301 727 517 793 scriptori
535 727 853 796 gravissimo
872 738 1027 798 atque
1046 728 1499 799 eloquentissimo,
1522 738 1569 782 et
1588 729 1853 784 liberalis-

300 818 422 872 simis
443 816 621 871 Photii
633 817 891 874 laudibus
914 833 1122 874 ornato.
1145 820 1327 889 Hujus
1347 824 1487 875 enim
1503 822 1671 892 ipsius
1694 820 1855 877 Nice-

298 912 425 970 phori
467 922 543 965 est
585 911 684 966 illa
718 916 1121 983 Στιχομετρία,
1163 932 1266 969 non
1294 916 1511 970 alterius
1536 918 1851 988 cujusquam

296 1003 572 1057 recentioris
600 1018 620 1055 :
643 1002 805 1073 idque
842 1005 1011 1060 solide
1038 1016 1087 1060 et
1111 1007 1228 1077 fuse
1249 1007 1577 1063 demonstrat
1598 1010 1851 1063 eruditis-

292 1096 433 1147 simus
456 1093 632 1159 Goar;
657 1113 812 1165 quem
841 1098 1020 1164 adeat,
1043 1099 1092 1153 si
1123 1100 1241 1168 quis
1269 1100 1444 1154 adhuc
1474 1100 1696 1155 dubitet.
1727 1100 1847 1155 Non

291 1188 381 1259 iam
395 1187 455 1243 de
468 1184 753 1257 Salmasii,
769 1191 864 1246 sed
888 1191 1079 1248 Dallaei
1093 1193 1200 1247 tide
1212 1193 1382 1263 quaeri
1391 1201 1499 1249 tur.
1519 1192 1659 1260 Quid
1673 1194 1849 1250 enim?

290 1295 347 1333 an
366 1280 769 1338 eruditissimus
794 1284 939 1339 Goar
969 1284 1077 1340 hoc
1099 1284 1267 1339 solide
1281 1286 1609 1340 demonstrat
1628 1287 1847 1341 .’neuti-

288 1388 429 1443 quam
446 1389 458 1425 :
477 1388 544 1427 an
559 1374 678 1444 fuse
695 1378 722 1431 ἵ
734 1392 1085 1447 nequaquam
1103 1395 1117 1430 :
1134 1395 1201 1433 an
1216 1379 1443 1434 omnino
1471 1380 1801 1436 demonstrat
1821 1380 1847 1434 .’

288 1465 413 1520 nullo
439 1466 601 1521 modo
626 1485 640 1521 :
663 1484 736 1522 an
770 1470 821 1524 id
846 1470 991 1526 nude
1030 1470 1183 1536 dicit,
1205 1480 1300 1526 aut
1328 1470 1596 1527 afﬁrmat?
1623 1473 1848 1528 minime

286 1558 513 1627 gentiam.
542 1558 656 1615 imo
671 1563 870 1617 veroid
899 1563 1052 1631 dicit,
1068 1564 1213 1633 quod
1234 1575 1318 1619 est
1343 1565 1528 1620 Dallaei
1548 1566 1844 1621 asscrtioni

285 1650 419 1718 plane
449 1655 828 1720 contrarium;
861 1656 928 1711 ad
960 1657 1136 1726 prima
1168 1657 1312 1712 enim
1342 1660 1510 1715 verba
1561 1662 1843 1730 Στιχομε-

284 1742 423 1810 φίας
454 1744 565 1799 haec
594 1746 806 1803 diserte
834 1749 1063 1804 adnotat
1086 1769 1099 1804 :
1127 1748 1428 1804 Canonicus
1451 1766 1727 1803 sacrorum
1767 1751 1841 1802 li-

282 1834 467 1888 brorum
488 1836 809 1905 laterculus,
829 1841 899 1893 ad
910 1841 1399 1912 Chronographiam
1418 1842 1556 1895 nihil
1576 1852 1837 1912 spectans,

1957 648 2188 703 eamque
2236 633 2347 689 duo
2398 651 2531 691 mss.
2576 638 2939 693 vetustissimi
2980 639 3152 695 (Irasci
3200 639 3534 700 Oxoniensis

1954 736 2117 795 atque
2144 724 2509 782 Londinensis
2562 744 2670 782 non
2704 741 3029 800 agnoscunt.
3095 731 3402 789 Indiculum
3453 753 3538 789 re-

1950 831 2076 885 gum
2099 826 2150 869 et
2178 816 2513 870 sacerdotum
2532 817 2857 876 Anastasius
2875 838 2998 877 cum
3033 826 3390 894 sequentibus
3412 836 3538 896 post

1948 907 2244 966 Historiam
2276 924 2433 964 suam
2456 911 2574 965 sine
2594 911 3124 985 nomineNicephori
3146 917 3346 986 posuit,
3370 934 3532 988 quem

1952 1012 2057 1053 ms.
2087 999 2413 1056 Oxoniensis
2444 1015 2553 1056 non
2605 1002 2800 1069 habet;
2832 1002 3264 1062 Stichometriam
3294 1009 3535 1081 denique

1951 1089 2200 1145 Indicqu
2236 1094 2691 1161 patriarcharum,
2725 1096 2874 1151 nulla
2904 1096 3200 1169 Nicephori
3254 1105 3534 1160 mentione

1949 1181 2115 1249 facta,
2153 1182 2473 1255 subjungit;
2504 1201 2738 1256 eamque
2786 1187 3215 1246 Stichometriam
3249 1210 3352 1248 ms.
3387 1194 3535 1250 Oxo-

1949 1273 2160 1329 niensis
2174 1289 2283 1329 non
2296 1277 2563 1347 agnoscit.
2578 1277 2639 1333 In
2655 1287 2767 1335 tota
2790 1282 2956 1353 igitur
2970 1282 3072 1339 hac
3104 1285 3378 1358 farragine
3396 1291 3534 1347 nihil

1948 1380 2190 1434 unquam
2221 1384 2252 1421 a
2276 1369 2535 1439 quopiam
2564 1369 2875 1442 Nicephoro
2901 1376 3164 1431 tributum
3196 1389 3280 1435 est
3298 1421 3313 1445 ,
3336 1392 3533 1451 praeter

1946 1455 2369 1530 Chronologiam
2383 1461 2452 1516 ab
2472 1461 2683 1518 Adamo
2703 1465 2771 1520 ad
2797 1464 3159 1538 Theophilum
3181 1487 3193 1522 :
3219 1472 3286 1527 de
3319 1488 3427 1543 qua
3453 1484 3532 1529 ta~

1947 1564 2069 1603 men
2094 1549 2275 1607 adhuc
2295 1552 2440 1608 haud
2462 1553 2740 1611 immerito
2778 1558 3019 1615 dubitari
3042 1570 3242 1631 potest,
3260 1567 3525 1637 quidquid

1946 1639 2113 1706 Goer,
2139 1658 2303 1713 quem
2333 1644 2717 1703 doctissimum
2746 1651 2983 1721 appellat
3008 1652 3264 1723 vallatus,
3296 1658 3520 1715 dixerit.

2014 1735 2095 1790 Ad
2128 1751 2240 1790 rem
2270 1737 2444 1807 ipsam
2476 1740 2622 1810 quod
2656 1743 2874 1812 attinet,
2898 1748 3202 1805 asserlmus
3226 1765 3406 1822 neque
3431 1752 3529 1807 Ni-

1945 1826 2243 1896 cephorum
2286 1831 2675 1901 patriarcham,
2708 1849 2887 1906 neque
2924 1837 3277 1897 Anastasium
3324 1842 3526 1901 Biblio-

280 1925 461 1980 librarii
475 1929 759 2000 πάρεργον
774 1931 1077 2000 judicatur.
1096 1932 1259 1989 Teste
1281 1934 1447 2003 igitur
1465 1934 1839 1990 eruditissimo

1944 1917 2269 1989 thecarium,
2292 1938 2361 1978 ne
2381 1922 2773 1983 Stichometria:
2794 1930 3019 2000 quidem
3039 1942 3346 2003 auctorem,
3369 1939 3525 2008 quis-

280 2016 423 2081 Goar,
455 2016 831 2074 Stichometria
848 2038 879 2076 a
896 2022 1172 2079 Salmasio
1187 2024 1475 2094 producta,
1492 2025 1837 2081 Hammondo

280 2105 523 2173 objecta,a
550 2108 759 2165 Dallaeo
773 2110 1021 2181 defensa,
1040 2130 1144 2170 non
1180 2126 1262 2170 est
1286 2115 1578 2186 Nicephori
1606 2118 1835 2188 patriar-

278 2197 378 2252 cha:
412 2214 563 2269 opus,
599 2202 697 2257 sed
749 2204 962 2259 librarii
1002 2207 1297 2279 πάρεργον.
1334 2208 1521 2264 Fidem
1578 2210 1745 2278 igitur
1781 2210 1835 2264 in

280 2285 451 2344 Dallaeo
473 2292 837 2363 requirimus,
875 2294 1132 2353 Salmasii
1159 2315 1265 2353 non
1293 2309 1506 2355 tantum
1534 2301 1693 2356 tidem
1741 2300 1838 2355 sed

278 2390 324 2434 et
340 2383 644 2439 modestiam
671 2386 991 2453 laudamus,
1014 2389 1128 2459 qui.
1146 2390 1571 2447 Stichometriam
1603 2392 1835 2446 ἀδέσπο-

278 2490 351 2527 τον
399 2477 635 2543 tradidit,
666 2478 971 2549 Nicephori
1014 2496 1212 2537 nomen
1279 2499 1392 2538 non
1452 2486 1730 2555 apposuit,
1768 2486 1832 2541 ad

280 2567 508 2639 Sostigeri
527 2579 581 2625 et
605 2570 807 2626 Pitbaai
823 2572 1095 2630 editiones
1116 2589 1217 2630 nos
1236 2591 1345 2631 non
1368 2577 1660 2649 ablegavit,
1685 2580 1835 2651 quod

276 2674 374 2714 eam
398 2659 699 2732 Nioepboro
723 2664 956 2721 minime
985 2668 1330 2722 tribuendam
1366 2678 1602 2738 putaret.

335 2750 425 2807 Sed
458 2763 579 2823 post
620 2757 993 2814 eruditissimi
1024 2758 1170 2814 Goar
1196 2758 1385 2815 infelix
1414 2761 1828 2819 testimonium:

280 2839 344 2896 Eu
388 2845 496 2911 tibi,
538 2847 746 2917 inquit,
792 2850 1052 2919 majorem
1087 2852 1230 2905 omni
1274 2854 1575 2921 exceptione
1625 2864 1829 2922 testem,

279 2935 585 2992 Anastasium
619 2940 1126 3010 Bibliothecarium,
1158 2945 1419 2999 hominem
1456 2950 1582 3000 noni
1620 2948 1826 3015 surculi,

279 3028 525 3101 Nicephori
544 3052 855 3105 supparem.
881 3034 941 3090 Is
981 3039 1115 3091 enim
1147 3038 1202 3091 in
1227 3040 1541 3108 prwfatione
1572 3040 1831 3097 Historite

275 3125 641 3182 ecclesiasticas:
680 3148 702 3181 ‹
738 3128 881 3183 Huic
911 3147 1062 3196 sane,
1089 3132 1291 3201 inquit,
1318 3133 1463 3202 operi
1486 3142 1662 3187 ratum
1691 3135 1827 3187 duxi

274 3214 328 3269 Β.
362 3216 633 3288 Nicephori
674 3222 1262 3292 Constantinopolitani
1307 3224 1538 3294 episcopi
1587 3224 1827 3281 Chrono-

1938 2011 2064 2079 quis
2102 2020 2208 2078 est,
2240 2030 2485 2085 unquam
2516 2018 2807 2076 tradidisse
2834 2023 3097 2093 epistolas
3139 2025 3358 2098 lgnatii,
3386 2046 3525 2102 quas

1940 2118 2044 2159 nos
2080 2105 2470 2176 defendimus,
2529 2110 2703 2168 fuisse
2759 2117 3162 2185 supposititias.
3226 2119 3524 2193 Nicephori

1937 2195 2159 2251 eﬂ‘atum
2202 2209 2287 2254 est
2340 2203 2393 2255 in
2435 2203 2667 2273 epistola
2706 2207 2773 2261 ad
2807 2207 3048 2265 Leonem
3078 2228 3277 2284 papam
3312 2215 3520 2271 Roma-

1941 2303 2074 2343 num
2109 2290 2177 2346 de
2208 2297 2438 2364 receptis
2461 2295 2561 2351 SS.
2594 2296 2818 2354 Patrum
2848 2304 3107 2372 operibus
3131 2307 3392 2362 ;Πάντων
3412 2312 3523 2366 τῶν

1935 2380 2206 2450 ἐκκρίτων
2235 2386 2329 2438 καὶ
2362 2389 2647 2461 μακαρίων
2670 2393 2932 2467 Πατέρων
2962 2396 3034 2449 τά
3056 2414 3118 2451 τε
3148 2399 3394 2472 δόγματα
3429 2402 3522 2457 καὶ

1937 2474 2232 2544 πονήματα
2277 2479 2617 2553 ἀσπάζομαι,
2651 2484 2727 2547 ὡς
2769 2485 3119 2543 διδασκαλίαν
3154 2492 3521 2566 ἀνεπίληπτον

1935 2565 2030 2618 καὶ
2059 2571 2335 2641 σωτηρίας
2364 2572 2644 2644 Θεμέλιον·
2678 2578 2772 2631 καὶ
2802 2578 2896 2644 οὓς
2929 2583 2961 2651 ή
2992 2583 3251 2659 καθολικὴ
3290 2588 3518 2661 Ἐκκλη-

1936 2656 2026 2709 σία
2066 2661 2347 2730 προσίεται
2390 2665 2747 2740 ἀποδέχομαι,
2778 2673 2873 2725 καὶ
2915 2672 3010 2739 οὒς
3054 2656 3423 2749 ἀποτρέπεται
3457 2656 3521 2735 cit-

1934 2751 2332 2825 ποστρέφομαι.
2373 2756 2625 2814 Omnium
2669 2762 2956 2819 electorum
2995 2769 3370 2841 beatorumque
3406 2772 3519 2827 Pa-

1934 2849 2075 2896 trum
2103 2845 2356 2917 dogmata
2381 2860 2431 2904 et
2454 2853 2733 2922 opuscula,
2761 2865 2817 2909 ut
2844 2874 2963 2928 qua:
2982 2860 3046 2913 ab
3068 2864 3214 2916 omni
3243 2865 3520 2934 reprelien-

1930 2935 2076 2990 sione
2132 2938 2362 2994 alienam
2414 2943 2714 3000 doctrinam
2765 2950 3056 3022 salutisque
3112 2953 3517 3023 fundamentum

1930 3031 2254 3100 contineant,
2290 3035 2612 3105 amplector;
2635 3048 2684 3094 et
2713 3057 3047 3114 quoscunque
3068 3044 3305 3102 Ecclesia
3324 3050 3514 3104 catho-

1934 3118 2040 3174 lico
2088 3125 2300 3193 recipit,
2343 3128 2561 3198 recipio,
2592 3146 2926 3203 quoscunque
2963 3134 3060 3188 illa
3108 3147 3404 3205 aversatur,
3432 3156 3516 3193 re-

1922 3210 2078 3279 jicio.
2134 3214 2206 3269 At
2252 3215 2524 3288 lgnatium
2574 3221 2715 3277 inter
2766 3224 3053 3297 ἐκκρίτους
3084 3228 3177 3281 καὶ
3212 3230 3514 3304 μακαρίους

274 3314 514 3381 graphium
547 3332 881 3386 pru'ponere.
908 3342 926 3369 ι
982 3317 1259 3385 Qumritur
1303 3321 1370 3375 de
1417 3319 1819 3390 Stichometria,
1852 3276 1871 3330 ί

1934 3303 2180 3377 Πατέρας
2210 3274 2584 3379 ηυῖηοτοιιιηι,
2628 3322 2682 3369 et
2729 3274 2994 3385 epistblas
3047 3319 3188 3388 ejus,
3212 3274 3511 3393 Γιοηίιτνιιοῐιι

274 3408 527 3473 respondet
559 3409 806 3467 Dallmus
845 3411 912 3465 de
932 3411 1403 3483 Cbronographia,
1432 3414 1501 3469 ad
1533 3430 1699 3484 quam
1733 3417 1823 3471 illa

274 3497 401 3553 nullo
442 3501 597 3557 modo
639 3512 879 3574 spectat.
919 3502 1095 3572 Hujus
1146 3516 1323 3559 autem
1369 3503 1823 3577 Chronographiw

272 3604 375 3656 pars
407 3592 586 3648 ultima
615 3607 720 3663 est,
756 3596 960 3666 inquit,
984 3597 1076 3650 illa
1101 3614 1131 3651 a
1160 3598 1311 3651 nobis
1346 3598 1571 3653 laudata
1605 3598 1824 3655 Sticho-

273 3684 455 3749 Inetria,
482 3704 699 3758 eamque
722 3690 891 3743 editio
927 3689 1202 3743 Anastasii
1228 3690 1433 3745 exhibet
1465 3693 1520 3745 in
1551 3693 1693 3747 calce
1724 3693 1826 3747 Hi-

272 3779 440 3831 storia.
475 3779 542 3833 At
582 3782 894 3850 quomodo,
927 3798 1135 3853 quaeso,
1168 3782 1547 3839 Stichometria
1578 3802 1708 3855 pars
1739 3795 1824 3841 est

272 3862 722 3941 Chronographiae,
776 3889 900 3944 quae
944 3875 1014 3930 ab
1049 3889 1112 3930 ea
1159 3884 1275 3931 toto
1315 3877 1457 3932 caelo
1484 3878 1690 3934 distat?
1718 3880 1823 3935 As—

274 3968 371 4014 suts
403 3972 481 4017 est
522 3965 596 4018 illi
635 3966 866 4037 quidem
904 3968 957 4022 in
1003 3969 1290 4026 codicibus
1316 3969 1544 4037 Graecis,
1580 3973 1675 4027 sed
1711 3990 1822 4029 non

274 4053 418 4123 magis
441 4056 551 4125 ipsa
587 4075 721 4128 pars
750 4068 837 4115 est
867 4059 1355 4133 Chronographiaa,
1380 4079 1547 4134 quam
1569 4064 1824 4122 Chrono-

274 4148 463 4214 grapbia
514 4167 641 4221 pars
683 4163 769 4207 est
817 4153 1230 4211 Stichometriie.
1256 4157 1414 4228 Apud
1462 4158 1815 4215 Anastasium

273 4250 423 4295 autem
452 4260 513 4298 ne
532 4246 761 4314 quidem
789 4246 1261 4319 Chronographize
1291 4259 1375 4305 est
1404 4250 1689 4320 adjuncta,
1724 4254 1820 4308 sed

273 4330 315 4382 In
337 4334 465 4389 calce
491 4334 751 4392 Historia:
777 4340 1177 4406 Anastasianze,
1210 4343 1650 4412 patriarcharum
1676 4344 1820 4399 indi—

274 4423 375 4479 culo
403 4429 1137 4498 subjuncta.Anastasiusde
1176 4432 1469 4505 Nicephori
1504 4436 1815 4493 Chronolo-

272 4515 341 4584 gi:
359 4518 598 4590 loquitur,
629 4541 802 4595 quam
831 4541 983 4592 operi
1013 4541 1115 4582 suo
1146 4530 1502 4598 proposuisse
1537 4531 1648 4601 (vel
1682 4548 1819 4597 prse-

273 4611 578 4685 p05uisse)se
604 4617 769 4673 dixit.
800 4616 942 4684 Quid
960 4619 1063 4675 hoc
1087 4619 1155 4674 ad
1175 4619 1627 4690 Stichometriam,
1653 4642 1816 4695 quam
1853 4637 1894 4694 υ

272 4704 391 4768 operi
420 4722 515 4762 suo
536 4725 650 4765 non
682 4712 975 4781 praeposuit
1001 4712 1347 4779 Anastasius,
1380 4731 1547 4787 quam
1578 4718 1632 4771 in
1667 4719 1818 4774 calce

273 4789 411 4849 editio
449 4800 703 4856 exhibet?
733 4799 859 4857 Ideo
888 4801 1404 4875 Chronographiam
1447 4809 1816 4879 praeposuisse

274 4886 459 4945 δοάίιῆ
491 4892 844 4957 Anastasius.
881 4906 940 4949 ut
970 4894 1212 4953 Joannes
1258 4898 1546 4967 diaconus,
1590 4902 1686 4972 qui
1734 4918 1818 4956 ec-

272 4977 584 5039 clesiasticam
615 4985 915 5041 Historiam
943 4990 1249 5059 scripturus
1295 5003 1432 5058 erat,
1467 5011 1531 5047 ea:
1551 5011 1611 5048 ea
1641 5006 1815 5065 posset

271 5069 569 5141 aliquantulo
594 5095 849 5148 carpere;
878 5080 1010 5149 quid
1044 5092 1226 5138 autem
1269 5085 1486 5141 confert
1516 5086 1812 5143 Stichome-

273 5166 361 5219 tria
387 5168 447 5223 ad
481 5172 890 5229 ecclesiasticam
926 5174 1271 5230 Historiam?
1302 5178 1604 5248 Scripsisse
1648 5182 1812 5251 igitur

270 5252 601 5329 Nicephorum
620 5264 1049 5322 Stichometriam
1063 5268 1391 5326 Anastasius
1408 5274 1562 5328 testis
1578 5288 1688 5328 non
1704 5285 1805 5329 est.

327 5347 412 5406 Rei
441 5354 599 5425 hujus
628 5360 827 5417 veritas
859 5362 995 5417 satis
1027 5362 1327 5417 innotescit
1366 5379 1429 5418 ex
1474 5365 1592 5435 ipsa
1636 5364 1813 5421 farra-

271 5443 392 5511 gine,
430 5464 547 5520 quae
598 5452 831 5525 Georgio
878 5453 1132 5527 Syncello
1183 5458 1476 5529 subjuncta
1521 5472 1626 5530 est,
1659 5471 1712 5518 et
1743 5479 1809 5519 ex

270 5535 481 5607 quinque
533 5545 775 5620 partibus
831 5546 1107 5602 distinctis
1165 5558 1401 5619 constat,
1452 5550 1809 5626 Chronologia

271 5622 410 5695 bmi,
431 5616 751 5707 Genealogia,
782 5635 1029 5692 Indiculo
1052 5655 1231 5709 regum
1255 5649 1305 5694 et
1329 5616 1687 5709 sacerdotum,
1712 5616 1808 5701 in-

271 5717 424 5775 dicato
475 5728 924 5797 patriarcharum,
960 5738 1015 5784 et
1061 5727 1455 5788 Stichometria.
1486 5737 1807 5794 Anastasius

274 5816 457 5869 tantum
477 5817 949 5892 Chronographiam
974 5824 1191 5878 brevem
1218 5824 1287 5879 ab
1304 5825 1515 5882 Adamo
1537 5829 1601 5883 ad
1620 5828 1803 5886 Theo-

273 5900 452 5968 philum
491 5906 784 5982 Nicephoro
831 5915 1026 5972 tribuit
1056 5936 1069 5971 :
1101 5917 1472 5989 Genealogiam
1524 5919 1652 5978 huic
1687 5923 1802 5993 qui-

566 6008 801 6073 Pt'rnot
876 6012 994 6076 Gn.
1028 6010 1105 6074 V.

1926 3399 2193 3466 opuscula
2221 3400 2759 3472 irreprehensibilem
2791 3408 3098 3464 doctrinam
3143 3414 3509 3475 continentia.

1926 3488 1997 3542 ab
2026 3487 2269 3546 Ecclesia
2299 3495 2570 3551 catholica
2599 3513 2699 3567 per
2740 3499 2950 3570 aliquot
2988 3512 3114 3558 ante
3140 3502 3511 3575 Nicephorum
3583 3566 3587 3571 ,

1926 3581 2124 3636 saecula
2177 3594 2426 3655 receptas
2482 3587 2674 3656 fuisse,
2723 3591 2836 3660 jam
2880 3603 3008 3648 ante
3054 3598 3416 3653 ostendimus.
3449 3600 3507 3653 S.

1924 3669 2117 3743 lgnatii
2144 3674 2312 3745 igitur
2332 3681 2595 3748 epistolas
2619 3684 2824 3752 recepit
2845 3694 2900 3740 et
2926 3687 3213 3755 amplexus
3235 3700 3322 3745 est
3345 3689 3507 3747 Nice-

1923 3764 2153 3832 phorus.
2188 3764 2478 3837 Prmterea,
2510 3770 2881 3842 Nicephorum
2934 3778 3143 3834 scimus
3174 3778 3507 3853 Dionysiana

1923 3869 2025 3924 pro
2055 3857 2201 3912 veris
2231 3858 2574 3933 Areopagitae
2600 3864 2860 3933 operibus
2897 3867 3178 3934 habuisse,
3219 3887 3286 3927 ex
3316 3874 3508 3943 dispu-

1923 3945 2131 4001 tatione
2158 3962 2284 4003 cum
2324 3948 2507 4007 Leone
2536 3952 2813 4023 Armeno;
2848 3957 2989 4014 idem
3020 3963 3262 4019 sensisse
3294 3974 3504 4021 certum

1923 4047 2008 4091 est
2044 4038 2399 4096 Anastasium
2429 4058 2495 4098 ex
2547 4046 2719 4115 ipsius
2764 4050 3082 4118 praefatione
3120 4053 3189 4108 ad
3218 4054 3508 4128 Dionysia-

1924 4143 2015 4185 na.
2064 4131 2135 4186 At
2172 4132 2466 4205 Dionysius
2500 4134 2559 4190 S.
2586 4137 2781 4209 lgnalii
2816 4143 3102 4211 epistolam
3159 4158 3268 4202 tam
3304 4150 3507 4206 diserte

1923 4221 2129 4290 laudat,
2158 4234 2216 4279 ut
2241 4228 2332 4295 qui
2359 4244 2548 4283 verum
2576 4230 2895 4304 Dionysium
2927 4235 3098 4293 fuisse
3126 4241 3317 4308 sensit,
3348 4242 3507 4300 aliter

1922 4315 1990 4371 de
2030 4315 2239 4387 lgnatio
2262 4321 2467 4377 sentire
2505 4339 2615 4378 non
2651 4328 2930 4394 potuerit;
2963 4344 3142 4401 neque
3166 4336 3500 4405 quemquam

1925 4410 2182 4466 novimus
2211 4413 2303 4481 qui
2333 4415 2718 4487 Areopagitam
2746 4418 3009 4489 defendit,
3041 4423 3174 4493 quin
3212 4425 3355 4480 idem
3379 4427 3503 4483 licet

1922 4499 1990 4553 ad
2017 4505 2301 4571 angustias
2326 4507 2599 4572 redactus,
2622 4510 2787 4564 etiam
2815 4511 2874 4565 ὃ.
2904 4510 3172 4581 lgnatium
3193 4518 3499 4575 admiserit.

1993 4590 2288 4650 Auctorem
2325 4597 2489 4651 etiam
2528 4597 2935 4664 Stichometriw,
2980 4605 3234 4676 quisquis
3269 4618 3374 4675 est,
3405 4626 3501 4665 nc-

1924 4698 2116 4751 gamus
2143 4683 2202 4740 S.
2250 4685 2441 4757 lgnatii
2488 4690 2752 4758 epistolas
2802 4708 2942 4763 quas
2980 4696 3328 4755 defendimus
3369 4719 3501 4775 sup-

1920 4773 2193 4841 posititias
2254 4779 2660 4846 pronuntiasse.
2707 4780 2840 4852 Ejus
2889 4786 3110 4855 quidem
3163 4790 3330 4847 verba
3386 4773 3500 4850 haec

1922 4874 2071 4927 sunt,
2100 4875 2263 4935 prout
2290 4868 2345 4923 in
2369 4869 2608 4924 editione
2636 4870 2886 4930 Parisina
2914 4878 3281 4937 exhibentur:

2060 4982 2169 5066 ξςαὶ
2182 5052 2192 5066 '
2204 4981 2321 5066 ὅρα
2346 4983 2461 5066 ἰῆς
2494 4985 2648 5052 Νέας
2660 4990 2855 5066 ἐἰσὶνΔ
2869 4993 3205 5066 ᾀπόκρυςρα·

2060 5051 2311 5132 Ηερίοξος
2346 5055 2552 5132 μέτρου
2588 5051 2784 5128 στίχων
2817 5062 2967 5132 ,βψνη

2059 5122 2312 5204 Ηερίοξος
2348 5122 2599 5204 ,Ἰωάννου
2635 5122 2843 5204 σ’ἱίίχων¹
2864 5122 2978 5204 ἧχ’.

2058 5191 2311 5274 Ηςρίοδος
2343 5195 2533 5263 Θωμᾶ,
2555 5191 2768 5274 ’στίχων
2800 5191 2904 5274 lui.

2059 5261 2389 5347 [fidayféluov
2439 5261 2579 5347 Scotti:
2610 5261 2830 5347 Θωμᾶν,
2854 5261 3065 5347 ’στίχων
3098 5295 3197 5347 ,ατ.

2057 5333 2254 5404 Δίδαχὴ
2288 5337 2618 5400 ἀποστόλων,
2658 5333 2855 5404 στίχων
2888 5346 2953 5399 ct".

2058 5362 2254 5404 υιυυιχη
2288 5362 2618 5400 απυστυλων,
2658 5362 2741 5394 στι
2779 5362 2850 5396 ων

2058 5402 2373 5475 Κλήμεντος
2408 5406 2471 5458 λδ
2508 5409 2704 5478 στίχων

2068 5473 2346 5537 Ἱγνατίου,
2382 5476 2761 5537 Πολυκάρπου.
2846 5509 2850 5531 ‹

2068 5473 2346 5542 Ἰγνατίου,
2382 5473 2763 5549 Πολυκάρπουῖ
2787 5473 3059 5557 ’Ῐῐοιμένος
3107 5493 3198 5545 καὶ
3244 5493 3439 5565 Ἑρμᾶ.

1914 5562 2047 5630 Quae
2070 5565 2137 5620 ad
2169 5568 2374 5623 calcem
2403 5569 2679 5629 Anastasii
2712 5573 2965 5636 Historia:
3012 5581 3084 5637 ita
3134 5562 3321 5641 Latine
3345 5562 3485 5641 trod-

1912 5656 2149 5713 duntur:

2260 5750 2330 5805 Et
2364 5768 2481 5824 qua:
2509 5754 2647 5810 Novi
2668 5769 2790 5811 sunt
2827 5764 3149 5832 apocrypha.

1982 5858 2326 5937 itinerarium
2365 5864 2533 5937 Petri,
2566 5885 2756 5927 versus
2778 5873 2835 5937 2,
2861 5873 2984 5931 800.

1980 5928 2325 5990 ltinerarium
2365 5928 2613 6008 Joannis,
2643 5928 2836 6000 versus
2865 5928 2918 6013 9,
2946 5928 3070 6003 500.

3126 6046 3168 6107 ὃ
