4136 6426
596 427 694 484 107

666 546 1017 602 'ltinerarium
1042 541 1285 605 Thamar,
1322 553 1512 593 versus
1538 538 1589 601 l,
1626 535 1749 591 600.

676 600 1027 685 Evangelium
1060 600 1358 685 secundum
1388 600 1678 685 Thomam,
1701 623 1896 685 versus
1924 608 1979 672 'l,
2013 600 2137 659 300.

676 678 928 742 Doctrina
961 683 1359 753 apostolorum,
1389 694 1581 753 versus
1609 678 1733 733 9.00.

668 755 972 813 Clementis
998 749 1089 823 '(‘),
1127 769 1315 823 versus
1335 752 1391 816 2,
1424 749 1547 803 600.

678 828 872 896 lgnalii
901 839 953 880 et
977 822 1279 895 P'olycarpi.

676 921 753 974 Ex
792 921 877 973 his
920 934 1057 987 nego
1094 917 1207 969 ullo
1258 914 1421 968 modo
1458 912 1673 982 probari
1718 926 1879 981 posse
1925 910 2186 979 epistolas

607 1010 665 1067 S.
702 1011 895 1081 lgnatii
933 1008 1172 1062 Eusebio
1219 1006 1367 1060 visas
1401 1006 1469 1059 ab
1524 1014 1747 1058 auctore
1793 1002 2188 1057 Stichometria:

604 1117 702 1171 pro
728 1098 1092 1171 supposititiis
1132 1097 1345 1151 habitas
1395 1094 1583 1149 fuisse.
1635 1092 1853 1147 Nudum
1904 1092 2050 1147 enim
2104 1092 2193 1146 hic

605 1193 795 1265 lgnatii
825 1207 1025 1246 nomen
1062 1190 1307 1259 ponitur,
1340 1203 1517 1257 neque
1558 1188 1640 1242 vel
1691 1188 1757 1241 de
1798 1186 2066 1256 epistolis,
2106 1186 2194 1240 vel

605 1286 671 1340 de
696 1283 1080 1354 suppositione
1114 1280 1411 1350 quidquam
1452 1278 1776 1333 atlirmatur.
1819 1276 1889 1331 Ut
1918 1287 2100 1331 autem
2140 1277 2195 1331 id

606 1378 753 1448 quod
787 1377 979 1431 volunt
1012 1374 1242 1445 probent
1286 1372 1609 1435 adversarii,
1654 1386 1878 1425 necesse
1917 1378 2001 1423 est
2047 1378 2107 1423 ut
2136 1370 2190 1423 in

606 1470 757 1523 hunc
812 1468 1035 1522 modum
1093 1466 1375 1535 disputent
1429 1481 1444 1517 :
1505 1462 1782 1532 Quidquid
1849 1462 1917 1516 ab
1970 1470 2195 1517 auctore

611 1560 998 1615 Stichometria:
1023 1560 1091 1613 ad
1123 1558 1436 1629 apocrypha
1475 1557 1732 1620 refertur,
1772 1554 1823 1607 id
1856 1554 2025 1623 ipsius
2069 1568 2194 1608 sen-

604 1655 775 1709 tentia
833 1661 919 1706 est
959 1648 1391 1719 supposititium.
1434 1644 1689 1715 Epistolas
1737 1644 1930 1714 Ignatii
1979 1644 2048 1698 ab
2094 1659 2198 1697 au-

605 1754 758 1800 ctore
792 1740 1180 1797 Stichometriaz
1210 1738 1278 1793 ad
1316 1736 1623 1807 apocrypha
1675 1734 2007 1789 referuntur.
2052 1734 2181 1804 Epi-

606 1836 758 1889 stolas
783 1834 948 1903 igitur
980 1829 1172 1901 lgnatii
1206 1835 1335 1884 sunt
1362 1842 1428 1881 es
1469 1825 1737 1881 sententia
1784 1824 2027 1878 auctoris
2069 1822 2184 1877 Sti-

605 1927 906 1983 chometriw
924 1921 1303 1994 supposititiae.
1326 1918 1501 1988 Hujus
1527 1916 1824 1989 syllogismi
1841 1913 2183 1969 Hammondo

604 2028 793 2073 nostro
807 2016 1075 2085 majorem
1088 2010 1514 2082 propositionem
1529 2022 1661 2077 nega
1671 2021 1725 2060 re
1738 2048 1752 2072 ,
1773 2004 1996 2059 Usserio
2009 2005 2075 2057 de
2091 2004 2186 2057 mi-

566 2110 586 2132 ‘
607 2111 731 2165 nori
750 2111 927 2165 visum
949 2117 1033 2163 est
1053 2105 1411 2174 distinguere.
1433 2101 1543 2170 Ego
1563 2110 1813 2154 neutram
1834 2098 1942 2152 ulla
1975 2097 2187 2150 ratione

605 2202 831 2273 probari
856 2216 1014 2271 posse
1030 2197 1334 2262 contendo,
1370 2206 1424 2249 et
1442 2204 1731 2263 utramque
1748 2193 1954 2262 pariter
1977 2205 2185 2260 negan-

600 2303 727 2354 dam
755 2312 972 2359 censeo,
992 2304 1050 2349 ut
1072 2309 1139 2348 ne
1153 2292 1237 2347 vel
1261 2291 1455 2345 umbra
1488 2286 1796 2359 argumenti
1820 2285 2183 2353 relinquatur.

673 2387 859 2442 Primo
900 2386 1047 2440 enim
1087 2382 1395 2439 rectissime
1449 2376 1826 2432 Hammondus
1854 2385 2041 2430 noster
2073 2374 2189 2429 haec

601 2479 876 2534 Salmasio
911 2477 1156 2545 reposuit
1191 2493 1203 2528 :
1239 2472 1363 2527 Non
1397 2474 1476 2524 ita
1501 2471 1639 2523 vocis
1669 2469 1848 2533 istius,
1871 2467 2186 2536 ἀπόκρυφοι,

604 2571 928 2642 signiﬁcatio
977 2567 1287 2637 accipienda
1332 2574 1431 2630 est,
1482 2572 1540 2615 ut
1573 2562 1755 2615 statim
1808 2561 2049 2630 spurium
2094 2568 2187 2611 aut

604 2662 855 2732 κίϐδηλον
902 2670 993 2713 aut
1036 2658 1493 2728 ψευδεπίγραφον,
1539 2654 1793 2723 sequioris
1830 2654 1925 2707 (cvi
1974 2654 2191 2721 ﬁgmen-

603 2766 718 2809 tum
753 2755 843 2819 sit,
877 2751 1131 2823 quidquid
1164 2751 1332 2803 ubivis
1375 2751 1509 2801 inter
1557 2745 1856 2815 apocrypha
1903 2747 2188 2813 repositum

604 2847 927 2900 inveniatur.
966 2843 1109 2897 Nihil
1134 2843 1237 2897 hoc
1270 2840 1433 2895 eﬂ'ato
1467 2839 1649 2894 verius
1677 2847 1779 2892 est.
1817 2837 2040 2891 Fatetur
2068 2836 2191 2889 Dal-

598 2940 760 3002 laeus,
786 2954 893 2993 non
925 2952 1047 2992 esse
1077 2940 1197 2990 eam
1226 2934 1389 3003 hujus
1421 2933 1754 2986 nominis-ex
1782 2930 1949 3001 etymi
1976 2930 2059 2985 sui
2098 2944 2187 2982 ra-

606 3033 757 3086 tione
785 3030 931 3095 vim;
968 3028 1083 3083 vult
1126 3037 1307 3081 tamen
1352 3041 1416 3079 ea:
1445 3041 1545 3078 usu
1580 3024 1959 3086 ecclesiastico,
2002 3030 2059 3073 ut
2098 3022 2191 3090 qui

598 3124 741 3178 liber
782 3122 1109 3191 apocryphus
1156 3119 1355 3173 dicitur
1401 3119 1445 3171 is
1483 3118 1589 3187 fere
1625 3117 1804 3186 aliqua
1844 3116 2075 3168 istorum
2121 3114 2193 3166 ri-

1684 412 1743 467 S.
1780 410 2128 468 lGNATIUS.
2171 441 2239 450 —
2282 407 2817 465 PROLEGOMENA.

3778 418 3890 473 103

2216 540 2260 594 Α
2288 534 2697 603 aediﬁcationem
2734 532 2990 588 Ecclesia:
3019 536 3365 603 pertinentem
3409 536 3689 606 epistolam
3735 557 3889 595 com-

2289 629 2489 695 posuit,
2530 643 2647 696 quaz
2706 627 2846 679 inter
2897 628 3227 697 apocryphas
3295 627 3600 699 Scripturas
3666 633 3885 704 legitur.

2291 719 2558 773 Barnabas
2608 720 2755 773 enim
2812 718 3101 788 epistolam
3162 718 3336 775 fuisse
3383 724 3579 788 tradit;
3616 741 3724 779 non
3774 727 3887 796 ipsi

2292 810 2660 879 suppositam,
2709 818 2804 863 aut
2858 808 3139 877 spuriam;
3189 809 3257 862 ad
3310 810 3727 866 aediﬁcationem
3778 814 3889 868 Ec-

2291 901 2475 956 clesiae
2512 900 2846 970 pertinuisse
2889 902 3127 966 asserit;
3176 916 3284 954 non
3340 902 3526 972 itaque
3567 904 3889 959 haereticam

2292 992 2535 1063 putavit;
2579 991 2775 1046 lectam
2814 1000 2995 1046 tamen
3031 994 3171 1046 inter
3203 994 3545 1064 apocryphas
3578 996 3893 1066 scripturas

2292 1088 2475 1150 docet,
2505 1101 2605 1141 nec
2638 1086 2705 1139 ab
2740 1084 2984 1140 Ecclesia
3016 1085 3357 1154 repudiatam
3388 1087 3586 1142 innuit.
3639 1088 3785 1142 Idem
3828 1089 3888 1143 in

2294 1177 2525 1246 cpistola
2558 1177 2661 1231 110
2703 1194 2714 1229 :
2760 1176 2990 1246 Exigitis
3012 1178 3151 1230 enim
3184 1188 3240 1231 ut
3265 1178 3460 1231 librum
3491 1178 3740 1233 Chaldaeo
3772 1198 3892 1233 ser-

2295 1288 2445 1323 mone
2489 1271 2843 1338 conscriptum
2904 1270 2972 1323 ad
3022 1264 3278 1323 Latinum
3320 1271 3516 1340 stylum
3548 1272 3778 1334 traham,
3814 1272 3892 1325 lia

2297 1362 2447 1415 brum
2472 1363 2650 1430 utique
2688 1360 2886 1429 Tobiae,
2928 1380 3081 1432 quem
3140 1362 3351 1416 llebrtri
3385 1364 3447 1417 de
3476 1364 3716 1433 catalogo
3748 1362 3894 1417 divi-

2297 1468 2487 1504 narum
2517 1452 2923 1521 Scripturarum
2969 1463 3201 1507 secantes
3235 1455 3313 1507 his
3366 1471 3483 1524 qua:
3523 1456 3892 1525 hagiographa

2299 1544 2438 1613 (lege
2472 1545 2797 1615 apocrypha)
2836 1555 3152 1609 memorant,
3187 1546 3583 1615 manciparunt.
3614 1546 3895 1602 Emenda—

2299 1636 2503 1689 tionem
2534 1636 2675 1689 hanc
2715 1651 2839 1690 cum
2878 1637 3047 1689 multa
3080 1637 3211 1701 alia,
3245 1646 3357 1689 tum
3400 1639 3563 1691 verba
3599 1641 3891 1707 sequentia

2300 1728 2436 1782 satis
2460 1727 2790 1782 conﬁrmant
2814 1746 2825 1781 :
2852 1728 3098 1797 Arguunt
3123 1730 3260 1781 enim
3285 1745 3377 1782 nos
3402 1728 3749 1783 Hebrazorum
3769 1740 3893 1783 stu-

2300 1822 2411 1885 dia,
2449 1831 2500 1873 et
2531 1822 2796 1890 imputant
2828 1820 2975 1873 nobis
3002 1830 3190 1874 contra
3212 1838 3365 1875 suum
3390 1838 3641 1875 canonem
3674 1822 3891 1876 Latinis

2290 1914 2512 1968 auribus
2555 1915 2660 1966 ista
2702 1914 3013 1982 transferre.
3066 1912 3133 1967 Et
3186 1930 3381 1969 rursus
3430 1916 3661 1983 epistola
3706 1916 3801 1969 lli
3868 1940 3885 1977 ε

2290 2007 2444 2076 Apud
2498 2004 2749 2059 Hebraeos
2793 2006 2926 2058 liber
2958 2004 3150 2059 Iudith
3184 2008 3321 2059 inter
3343 2007 3705 2076 hagiographa
3744 2007 3891 2077 (lege

2290 2102 2488 2154 iterum
2520 2098 2843 2169 apocrypha)
2874 2098 3088 2168 legitur,
3117 2098 3270 2167 cujus
3293 2100 3587 2152 auctoritas
3617 2099 3685 2151 ad
3724 2099 3890 2151 robo-

2291 2192 2465 2245 renda
2495 2192 2614 2255 illa,
2646 2208 2762 2262 qua:
2788 2193 2843 2243 in
2884 2191 3270 2245 contentionem
3298 2192 3509 2245 veniunt
3543 2192 3715 2243 minus
3764 2192 3893 2243 ido-

2292 2301 2387 2338 nea
2424 2284 2726 2353 judicatur.
2771 2282 3023 2337 Chaldwo
3064 2294 3237 2337 tamen
3273 2299 3509 2335 sermone
3548 2284 3891 2351 conscriptus

2292 2378 2429 2429 inter
2446 2376 2701 2429 historias
2724 2385 3077 2445 computatur.
3108 2375 3291 2440 Quare
3321 2390 3388 2429 ex
3418 2389 3548 2428 voce
3582 2375 3725 2427 nuda
3750 2391 3854 2442 apo
3882 2408 3889 2413 -

2294 2469 2513 2539 crypha,
2542 2469 2680 2522 nihil
2712 2468 2860 2522 aliud
2894 2476 3040 2521 recte
3076 2466 3331 2533 infertur,
3375 2466 3467 2521 ubi
3505 2467 3571 2520 de
3605 2468 3761 2520 libris
3790 2484 3856 2520 ca

2296 2559 2506 2614 nonicis
2534 2558 2735 2628 agitur,
2767 2573 2931 2627 quam
2969 2558 3235 2627 scriptum
3269 2558 3492 2627 aliquod
3532 2574 3655 2611 esse
3702 2574 3732 2611 a
3785 2574 3888 2611 ca-

2295 2667 2436 2705 none
2466 2650 2523 2704 S.
2556 2650 2857 2719 Scriptura:
2888 2651 3298 2704 removendum.
3334 2650 3496 2704 Extra
3527 2652 3694 2721 igitur
3714 2668 3888 2705 cauo-

2297 2754 2418 2792 nem
2457 2736 2593 2791 Novi
2628 2735 2966 2792 Testamenti
3007 2740 3315 2794 certissime
3351 2741 3571 2811 ponitur
3605 2740 3882 2811 lguatius’;

2296 2842 2471 2895 neque
2495 2827 2794 2896 quidquam
2823 2829 2971 2883 aliud
2999 2846 3066 2884 ex
3096 2832 3148 2884 vi
3171 2833 3465 2886 verborum
3493 2830 3882 2887 Stichometriw

2295 2933 2389 2986 per
2426 2921 2792 2974 necessariam
2820 2923 3269 2991 consequentiam
3299 2923 3478 2992 colligi
3513 2932 3712 2993 potest.

2365 3006 2548 3073 Quare
2596 3009 2741 3079 quod
2774 3026 2840 3063 ex
2887 3009 3088 3065 Gelasii
3122 3014 3343 3067 decreto
3392 3015 3585 3083 arripit
3620 3013 3880 3081 Dallacus,

2296 3101 2455 3169 plane
2481 3112 2563 3155 est
2595 3102 3036 3174 ἀπροσδίονυσον.
3070 3104 3162 3159 Ille
3194 3107 3337 3160 enim
3370 3108 3653 3177 utriusque
3688 3106 3883 3163 Testa-

595 3217 802 3269 τίω-πη,
826 3215 1047 3268 (“borch
1085 3212 1237 3278 Fere,
1274 3210 1473 3281 inquit,
1509 3212 1613 3265 hoc
1638 3220 1723 3265 εει
1758 3207 2077 3279 aliquando,
2105 3206 2188 3260 νει
2215 3238 2258 3297 C
2299 3193 2466 3246 menti
2500 3209 2767 3249 canonem
2812 3197 2997 3263 tradit,
3041 3198 3206 3252 nullis
3258 3200 3485 3252 omnino
3543 3201 3881 3271 apocrypliis

590 3309 949 3380 plerumque,
989 3306 1136 3376 quod
1182 3320 1284 3359 nec
1322 3302 1666 3359 Hammondo
1707 3301 2052 3367 contradicit,
2085 3316 2186 3355 nec

601 3398 900 3469 quidquam
932 3397 1142 3466 probat.
1168 3395 1413 3449 Allirmat
1446 3396 1755 3465 apocrypha
1792 3393 1993 3463 opponi
2041 3393 2184 3461 apud

599 3500 795 3546 ueteres
835 3492 1116 3558 scriptores
1161 3488 1313 3542 libris
1352 3496 1401 3541 et
1451 3488 1648 3541 divinis
1690 3498 1741 3541 et
1788 3485 2180 3547 ecclesiasticis,

578 3585 697 3637 -hoc
722 3592 821 3650 est,
859 3581 1103 3635 omnibus
1133 3581 1287 3634 libris
1311 3580 1453 3649 apud
1486 3579 1784 3639 Ecclesium
1809 3579 1947 3631 notis
1971 3586 2021 3630 et
2061 3592 2185 3645 pro-

601 3676 765 3740 batis,
822 3674 965 3744 apud
1016 3674 1257 3743 aliquos,
1300 3673 1530 3738 scilicet,
1571 3682 1626 3726 et
1669 3670 1961 3740 aliquando
1986 3668 2184 3739 (nemi-

595 3780 723 3819 nem
758 3764 902 3818 enim
934 3764 1182 3817 nominat
1207 3771 1403 3832 rrzetcr
1437 3760 1834 3815 Tertullianum
1884 3768 2045 3828 atque
2079 3757 2184 3812 Ge-

590 3854 850 3923 lasium),
884 3860 1030 3923 quod
1071 3854 1299 3908 omnino
1341 3852 1478 3905 nihil
1522 3852 1739 3921 probat.
1789 3848 2066 3915 Quaeritur
2112 3863 2182 3902 an

584 3959 817 4013 semper
843 3959 912 3997 ex
948 3959 1050 3997 usu
1093 3942 1471 3998 ecclesiastico
1503 3941 1578 3994 ita
1604 3948 1875 4005 sumatur,
1911 3948 1972 3993 ut
2007 3953 2180 4008 oppo-

600 4047 764 4090 natur
788 4035 1045 4089 omnibus
1070 4035 1225 4091 libris
1262 4034 1330 4089 ab
1360 4033 1605 4089 Ecclesia
1648 4046 1873 4103 quoquo
1904 4031 2069 4086 modo
2096 4046 2181 4085 re—

598 4126 811 4195 ceptis?
838 4125 1112 4191 Quaeritur
1144 4140 1213 4177 an
1244 4124 1459 4193 quoties
1502 4122 1725 4192 aliquod
1770 4121 2036 4191 scriptum
2090 4120 2173 4176 di-

582 4221 744 4274 citur
772 4217 984 4272 Veteris
1028 4217 1110 4271 vel
1153 4215 1291 4269 Novi
1333 4215 1666 4270 Testamenti
1701 4214 2095 4285 apocryphum,
2128 4215 2181 4269 id

584 4311 784 4366 statim
822 4310 1081 4365 omnibus
1114 4309 1505 4364 ecclesiasticis
1551 4317 1880 4378 opponatur,
1911 4315 1964 4361 et
1991 4322 2022 4360 a
2070 4314 2182 4361 tota

580 4402 846 4459 Ecclesia
894 4417 993 4473 pro
1025 4402 1212 4471 spurio
1246 4411 1300 4456 et
1344 4401 1599 4455 haeretico
1632 4399 1948 4469 rejiciatur?
1975 4400 2181 4453 Auctor

600 4494 991 4549 Stichometriaz
1039 4496 1111 4549 ita
1158 4494 1447 4565 loquitur:
1489 4492 1588 4546 lla:
1624 4503 1747 4546 sunt
1797 4492 1990 4545 divina:
2034 4489 2181 4545 Scri-

2292 3288 2523 3355 additis;
2572 3290 2681 3344 imo
2730 3289 2943 3345 Veteris
2986 3286 3321 3347 Testamenti
3367 3296 3695 3366 apocryphis
3730 3310 3879 3347 non-

2290 3380 2456 3435 nullis
2509 3380 2561 3434 in
2616 3397 2883 3437 canonem
2930 3385 3185 3453 receptis,
3225 3386 3347 3440 aliis
3387 3401 3511 3440 cum
3545 3386 3879 3455 apocryphis

2288 3469 2427 3526 Novi
2462 3474 2519 3527 in
2562 3474 2818 3529 ultimum
2865 3486 3029 3546 caput
3077 3477 3315 3546 rejectis,
3360 3488 3413 3531 et
3448 3479 3587 3531 inter
3616 3478 3877 3531 haeretica

2289 3566 2493 3637 scripta
2524 3568 2739 3636 positis.
2776 3562 2931 3621 Unde
2966 3569 3075 3622 duo
3123 3568 3269 3623 facta
3310 3580 3457 3633 sunt,
3504 3569 3765 3639 primum,
3811 3578 3878 3623 ut

2288 3660 2599 3731 apocrypha
2650 3660 2894 3715 melioris
2944 3671 3088 3715 nota:
3141 3662 3205 3715 ad
3256 3661 3424 3717 Vetus
3453 3662 3874 3717 Testamentum

2286 3752 2637 3821 pertinentia,
2705 3752 2825 3806 sine
2866 3753 2977 3807 ulla
3034 3753 3410 3818 distinctione,
3446 3770 3543 3823 pro
3587 3757 3878 3810 canonicis

2289 3846 2618 3900 haberentur
2650 3845 2793 3915 (quas
2842 3844 2993 3899 labes
3032 3847 3210 3900 adhuc
3252 3847 3452 3900 canoni
3489 3845 3737 3901 Romano
3768 3851 3875 3901 ad—

2286 3938 2591 4007 harescit);
2637 3936 2961 4001 secundum,
3009 3947 3071 3991 ut
3104 3939 3315 4007 reliqua
3354 3938 3567 3994 Veteris
3590 3950 3644 3994 et
3684 3943 3875 3997 omnia

2283 4028 2419 4085 Novi
2449 4029 2782 4085 Testamenti
2812 4032 3123 4101 apocrypha
3153 4032 3529 4102 cum-scriptis
3572 4033 3872 4100 haereticis,

2285 4122 2494 4177 ﬁctitiis
2561 4131 2725 4192 atque
2774 4122 3050 4176 damnatis
3094 4133 3285 4177 contra
3336 4123 3593 4179 Veterum
3639 4124 3873 4181 Patrum

2284 4214 2614 4267 sententiam
2652 4213 3142 4271 confunderentur.
3183 4214 3533 4286 lniquissime
3567 4217 3731 4287 igitur
3766 4233 3873 4287 po-

2284 4306 2542 4371 stulatur,
2593 4314 2653 4359 ut
2698 4320 2765 4359 ex
2821 4305 2925 4360 hoc
2969 4307 3188 4361 decreto
3235 4309 3339 4362 sub
3383 4309 3605 4363 nomine
3660 4308 3870 4367 Gelasii

2283 4399 2429 4453 edito
2449 4396 2882 4452 'Stichometriam
2910 4400 3333 4468 interpretemur
3361 4419 3373 4454 :
3408 4417 3532 4455 cum
3566 4402 3620 4455 in
3647 4401 3871 4457 Sticho-

2282 4492 2501 4559 metria,
2535 4490 2672 4545 Novi
2706 4491 3027 4546 Testamenti
3055 4494 3354 4562 apocrypha
3381 4494 3653 4559 dicantur,
3688 4496 3739 4548 in
3765 4496 3868 4551 dc-

598 4596 791 4657 pturat,
829 4603 946 4657 qua:
984 4588 1308 4655 recipiuntur
1366 4586 1429 4639 ab
1475 4584 1716 4638 Ecclesia
1756 4593 1806 4637 et
1855 4584 2179 4637 canonizan—
2210 4582 2253 4637 ι)
2282 4592 2432 4638 creto
2459 4592 2669 4637 tantum
2698 4584 3015 4654 apocrypha,
3066 4586 3185 4639 sine
3234 4586 3342 4639 ulla
3384 4587 3759 4653 restrictione;
3808 4589 3863 4642 in

601 4690 707 4733 tur.
744 4679 811 4733 Et
835 4696 952 4749 qua:
974 4690 1094 4732 sunt
1127 4678 1450 4747 apocrypha,
1494 4676 1693 4731 Veteris
1734 4675 2071 4729 Testamenti.
2110 4674 2176 4728 Et

588 4788 715 4840 qua:
750 4771 889 4824 Novi
924 4782 1045 4825 sunt
1083 4771 1403 4840 apocrypha.
1454 4768 1553 4824 llic
1591 4770 1738 4823 nulla
1775 4768 1979 4822 mentio
2010 4767 2178 4821 libro-

600 4877 721 4913 rum
750 4861 1271 4926 ecclesiasticorum,
1298 4868 1426 4928 puta
1457 4858 1737 4929 Cypriani,
1768 4856 1975 4920 Basilii,
2004 4855 2177 4925 Chry-

600 4954 852 5015 sostomi,
893 4968 921 5005 a
961 4967 1195 5021 quorum
1225 4952 1511 5005 consortio
1548 4950 1788 5020 lgnatius
1832 4958 1886 5003 et
1918 4948 2174 5020 Polycar-

602 5060 704 5115 pus
764 5046 1181 5114 ablegarentur;
1214 5045 1308 5098 sed
1346 5042 1555 5097 Veteris
1588 5052 1797 5097 tantum
1823 5051 1880 5096 et
1910 5040 2043 5096 Novi
2074 5040 2177 5095 Te-

603 5135 974 5190 stamentiuta
1011 5134 1310 5205 Scriptura:
1344 5152 1555 5190 canone
1596 5136 1972 5204 rcjicerentur.
2008 5134 2076 5189 Ut
2114 5133 2170 5187 S.

603 5227 967 5299 Hieronymus
1009 5228 1239 5298 epistola
1282 5227 1431 5282 106:
1481 5226 1583 5280 Hic
1636 5227 1882 5299 prologus
1930 5226 2174 5296 Scriptu-

602 5336 807 5385 rarum,
860 5321 1013 5389 quasi
1056 5319 1321 5390 galeatum
1359 5320 1677 5389 principium
1714 5320 1952 5373 omnibus
1998 5320 2173 5385 libris,

601 5429 730 5480 quos
767 5413 829 5464 de
862 5408 1083 5467 Hebraeo
1110 5414 1356 5466 vertimus
1388 5415 1442 5467 in
1475 5413 1749 5479 Latinum,
1776 5413 2047 5467 convenire
2076 5429 2175 5481 po-

607 5513 810 5555 test:ut
836 5505 976 5556 scire
1003 5504 1269 5559 valeamus
1303 5506 1559 5575 quidquid
1588 5515 1739 5560 extra
1779 5507 1871 5558 hos
1897 5514 1994 5568 est,
2038 5505 2175 5557 inter

600 5595 898 5665 apocrypha
926 5612 1035 5650 esse
1069 5600 1385 5667 ponendum.
1422 5598 1525 5665 Qui
1570 5600 1735 5653 etiam
1775 5596 1966 5652 eodem
2013 5596 2174 5650 modo

598 5683 749 5753 loqui
779 5687 1085 5741 censendus
1118 5688 1171 5741 in
1220 5687 1481 5759 Catalogo
1525 5706 1539 5743 :
1574 5688 1853 5742 Barnabas
1896 5703 2057 5740 unam
2104 5686 2173 5738 ad

670 5798 732 5869 (')
759 5799 831 5853 De
876 5800 1273 5871 signiﬁcatione
1315 5804 1625 5857 litterarum
1648 5802 1714 5854 λϐ
1747 5818 1870 5873 qua:
1903 5802 1955 5855 in
1980 5800 2171 5873 Grgeeo

582 5878 742 5925 textu
771 5869 1021 5941 exstant,
1053 5874 1177 5929 vide
1224 5873 1381 5928 intra.
1401 5874 1505 5931 col.
1536 5874 1657 5941 l09,
1680 5874 1739 5943 Ο,
1767 5869 1927 5928 etcol
1974 5869 2166 5937 129,13.

2281 4676 2373 4730 illa
2410 4685 2539 4745 post
2574 4676 2871 4745 scriptores
2908 4676 3224 4743 canonicos,
3279 4677 3332 4730 in
3368 4678 3472 4733 hoc
3508 4688 3630 4748 post
3670 4695 3866 4734 omnes

2280 4768 2611 4833 catholicos;
2652 4768 2706 4820 in
2738 4768 2828 4821 illa
2853 4768 3157 4835 canonicis,
3194 4769 3248 4822 in
3290 4769 3395 4824 hoc
3429 4770 3686 4825 omnibus
3716 4773 3867 4825 scri-

2278 4860 2525 4928 ptoribus
2553 4859 2620 4913 ab
2650 4858 2891 4915 Ecclesia
2914 4860 3156 4929 probatis
3179 4873 3547 4930 opponantur.

2348 4951 2504 5017 Quod
2544 4961 2727 5005 autem
2767 4968 2833 5005 ex
2886 4953 3033 5007 nudo
3078 4954 3235 5006 titulo
3270 4951 3473 5006 frustra
3507 4954 3737 5022 probare
3767 4971 3865 5008 co-

2277 5054 2444 5098 natus
2472 5053 2555 5098 est
2578 5042 2907 5109 Salmasius,
2947 5045 2999 5099 id
3036 5061 3103 5099 ex
3138 5054 3335 5098 natura
3373 5045 3639 5099 librorum
3664 5045 3758 5114 qui
3792 5049 3865 5100 si-

2278 5136 2394 5189 mul
2451 5151 2577 5191 cum
2636 5135 2845 5207 lgnatio
2898 5137 3041 5191 inter
3096 5136 3441 5206 apocryphos
3497 5146 3864 5192 numerantur

2275 5238 2537 5299 praestare
2581 5230 2752 5284 voluit
2820 5229 3073 5284 Dallteus.
3108 5229 3187 5283 lta
3232 5229 3379 5284 enim
3415 5228 3633 5282 videtur
3668 5230 3862 5300 dispu-

2278 5332 2426 5375 tare:
2454 5321 2656 5377 Omnes
2679 5323 2801 5376 libri
2832 5324 2925 5393 qui
2956 5323 3026 5377 ab
3055 5332 3280 5377 auctore
3298 5320 3681 5375 Stichometria:
3711 5322 3859 5375 inter

2276 5416 2616 5485 apocryphos
2655 5424 3033 5482 numerantur,
3083 5417 3152 5470 ab
3197 5430 3264 5470 eo
3308 5423 3572 5482 tanquam
3612 5414 3855 5469 haaretici

2276 5519 2372 5561 aut
2395 5507 2507 5561 ﬁcti
2538 5522 2567 5561 a
2593 5508 2807 5576 publica
2840 5507 3099 5562 Ecclesiae
3130 5508 3254 5561 luce
3292 5515 3645 5560 removentur
3678 5524 3691 5558 :
3722 5519 3854 5575 ergo

2273 5605 2327 5649 et
2369 5596 2611 5664 epistola:
2654 5596 2864 5667 lguatii.
2898 5595 3015 5651 'Sed
3064 5597 3369 5667 respondeo
3404 5597 3600 5665 primo,
3643 5596 3850 5648 nullam

2274 5703 2397 5743 esse
2461 5690 2840 5744 necessitatem
2892 5690 3320 5759 consequentiae.
3370 5687 3490 5743 Non
3531 5690 3677 5742 enim
3730 5687 3849 5743 leve

2271 5798 2408 5855 Nota
2434 5803 2629 5867 obiter,
2652 5818 2911 5857 numeros
2939 5818 3194 5858 versuum
3247 5806 3299 5857 in
3326 5802 3687 5859 Anastasiana
3718 5817 3845 5855 ver-

2274 5876 2428 5928 sione
2454 5888 2559 5928 non
2579 5875 2997 5943 snmpchraeco
3022 5875 3191 5931 textui
3206 5889 3530 5930 consonare.
3547 5875 3646 5929 En.
3667 5872 3840 5929 Pus.
