4136 6390
360 397 473 451 ιω

1148 391 1191 449 1.
1232 383 1600 447 PEARSONII
1638 387 1961 446 VINDICIAE
2001 382 2429 443 lGNATlANIE.
2461 414 2530 424 ——
2564 382 2743 437 PARS
2788 382 2829 437 1.

3536 383 3639 440 ΗΟ

360 532 589 586 semper
616 516 917 573 discrimen
957 515 1206 571 habitum
1235 516 1488 571 estinter
1514 529 1611 569 eos
1637 514 1826 578 libros,
1864 512 1957 582 qui

2066 510 2338 576 αρτίσας,
2384 508 2478 562 καὶ
2532 507 2602 561 τὰ
2654 503 2801 574 ἑξῆς.
2870 502 2993 557 Non
3053 511 3261 556 tantum
3310 500 3451 555 novit
3499 499 3643 571 (Ire-

359 609 666 679 apocryphi
697 609 1045 663 dicebantur.
1104 606 1171 660 Et
1221 608 1476 677 quamvis
1519 622 1626 660 una
1656 606 1957 674 eademque,

360 716 468 753 uno
489 704 779 769 eodemque
810 701 1041 767 nomine,
1080 702 1186 754 sive
1232 700 1426 769 elogio,
1464 700 1529 753 de
1564 699 1802 755 omnibus
1846 698 1961 751 lata

357 794 427 845 sit
459 794 749 857 sententia,
780 793 919 847 nihil
949 804 1130 847 tamen
1162 808 1334 847 unum
1360 801 1525 861 atque
1558 792 1703 845 idem
1738 791 1805 845 de
1840 805 1960 843 om-

359 885 528 939 nibus
578 885 872 950 asseritur,
932 884 1039 939 nisi
1086 884 1231 953 quod
1273 898 1465 937 omnes
1497 899 1528 936 a
1558 897 1717 937 sacro
1747 895 1961 935 canone

356 985 746 1031 removentur.
801 975 945 1029 Fieri
990 976 1173 1044 itaque
1224 977 1425 1044 potuit,
1470 983 1529 1028 ut
1579 990 1725 1028 unus
1757 973 1958 1042 aliquis

359 1068 598 1137 reliquis
622 1068 819 1121 melior
860 1067 1045 1132 fuerit,
1079 1069 1331 1137 quamvis
1380 1068 1521 1121 inter
1567 1065 1958 1129 Θεοπνεύστους

358 1170 692 1215 numeratus
740 1177 847 1216 non
909 1162 1003 1215 sit.
1064 1159 1387 1229 Respondeo
1438 1160 1703 1221 secundo,
1737 1158 1956 1227 probari

358 1253 513 1307 nullo
545 1253 713 1307 modo
757 1268 921 1321 posse
961 1262 1243 1305 auctorem
1290 1249 1682 1305 Sticltometria:
1714 1252 1956 1322 reliquos

358 1360 559 1401 omnes
615 1361 720 1416 pro
768 1345 1045 1399 haereticis
1082 1353 1176 1398 aut
1216 1343 1358 1397 ﬁctis
1398 1343 1680 1406 habuisse,
1708 1350 1763 1397 et
1792 1358 1821 1396 a
1854 1358 1955 1412 pu-

356 1439 503 1493 blica
535 1437 801 1494 Ecclesia:
831 1438 954 1493 luce
982 1452 1264 1492 removere
1294 1436 1557 1491 voluisse.
1589 1435 1724 1490 Nam
1750 1437 1951 1506 primo,

358 1530 724 1599 Nicephorus,
768 1531 967 1601 inquit,
1009 1531 1291 1600 epistolam
1328 1528 1614 1599 Polycarpi
1658 1532 1797 1584 inter
1824 1548 1953 1600 apo-

355 1624 560 1692 crypha
608 1623 809 1676 nullius
862 1623 1004 1691 apud
1043 1639 1098 1676 se
1130 1623 1289 1692 pretii
1314 1631 1508 1676 censet.
1537 1621 1683 1677 Inter
1715 1638 1950 1694 apocry-

355 1717 466 1784 pha
492 1716 720 1782 quidem
752 1725 1028 1781 numerat,
1063 1715 1159 1771 sed
1186 1715 1346 1786 cujus
1383 1709 1545 1785 pretii
1576 1715 1719 1785 apud
1750 1731 1809 1770 se
1832 1715 1950 1770 fue-

354 1808 449 1871 rit,
485 1808 639 1860 nullo
671 1808 837 1861 modo
862 1807 1087 1861 indicat.
1113 1806 1181 1861 At
1206 1821 1369 1861 nemo
1394 1823 1636 1877 unquam
1662 1806 1945 1878 Polycarpi

354 1902 651 1969 epistolam
679 1909 775 1954 aut
808 1916 909 1970 pro
941 1902 1195 1955 haeretica
1241 1910 1337 1954 aut
1374 1916 1475 1970 pro
1519 1901 1643 1956 ﬁcta
1691 1901 1948 1956 habuisse
1980 1916 2024 1973 Β

355 1992 829 2060 deprehenditur;
869 1987 1214 2060 Nicephorus
1255 1991 1439 2061 itaque
1466 1990 1651 2045 Dallaai
1693 1990 1812 2046 sine
1840 1992 1950 2045 ullo

358 2080 725 2135 fundamento
761 2097 864 2151 pro
923 2082 1018 2136 tali
1055 2082 1313 2137 habuisse
1336 2081 1565 2148 dicitur;
1607 2090 1662 2137 et
1718 2082 1951 2152 iniquis-

357 2176 501 2230 sime
528 2188 846 2244 accusatur,
896 2194 963 2233 ac
993 2178 1039 2233 si
1067 2178 1301 2232 voluerit
1327 2192 1447 2231 eam
1478 2177 1787 2246 epistolam,
1827 2192 1951 2246 qua:

357 2277 469 2321 tam
506 2267 601 2322 diu
635 2270 688 2323 in
728 2268 875 2323 Asiae
914 2277 1191 2324 conventu
1242 2268 1380 2323 lecta
1409 2267 1614 2331 fuerat,
1657 2281 1687 2320 a
1731 2267 1949 2336 publica

356 2361 612 2413 omnium
656 2359 1029 2416 Ecclesiarum
1070 2361 1189 2415 luce
1220 2375 1522 2414 removere.
1563 2358 1835 2425 Secundo,
1869 2362 1952 2413 Δι-

351 2451 496 2523 δαχὴ
555 2452 907 2517 ἀποστόλων,
964 2469 1223 2507 versuum
1270 2452 1397 2518 200,
1442 2452 1585 2506 inter
1637 2452 1949 2523 apocrypha

355 2554 709 2599 numeratur.
742 2545 829 2599 An
866 2546 1033 2616 igitur
1079 2560 1200 2600 eam
1238 2555 1500 2615 tanquam
1524 2546 1777 2615 pessimae
1805 2554 1950 2601 nota:

356 2632 652 2699 scriptum,
690 2632 759 2686 ab
790 2630 1039 2687 Ecclesia
1062 2633 1278 2701 penitus
1304 2632 1695 2687 eliminandam
1735 2634 1951 2687 censuit

355 2723 757 2779 Stichometria:
787 2725 1013 2779 auctor?
1048 2724 1335 2791 Quodnam
1368 2725 1535 2793 hujus
1575 2740 1824 2779 censurae
1867 2725 1949 2778 in-

354 2819 587 2883 dicium,
619 2834 743 2888 qua:
770 2819 914 2873 ratio
935 2818 1233 2888 excogitari
1260 2818 1470 2887 potest?
1489 2818 1572 2872 Ab
1600 2817 1710 2872 illis
1729 2833 1852 2887 quae
1880 2820 1949 2872 ab

355 2912 636 2966 haereticis
666 2913 900 2966 conﬁcta
928 2920 1074 2976 sunt,
1103 2919 1323 2980 separat
1356 2910 1460 2965 hoc
1486 2925 1625 2979 opus
1652 2909 1944 2965 Eusebius.

353 3003 592 3074 Magnus
617 3004 954 3059 Athanasius
986 3004 1041 3057 in
1075 3004 1304 3073 epistola
1339 3004 1949 3074 éoptaseixﬁ‘numerat

353 3096 500 3150 inter
523 3113 624 3151 eos
656 3097 847 3161 libros,
875 3112 1016 3167 quos
1049 3095 1149 3151 SS.
1184 3095 1374 3151 Patres
1405 3098 1622 3167 praelegi
1655 3098 1948 3152 voluerunt

352 3189 800 3253 catechumenis,
840 3199 898 3243 ut
927 3189 1055 3243 inde
1090 3190 1309 3259 pietatis
1347 3189 1616 3245 rationem
1647 3205 1943 3260 cognosce-

353 3293 497 3336 rent.

424 3372 640 3442 Tertio,
674 3390 929 3444 quaenam
962 3373 1168 3429 iuerint
1205 3375 1297 3430 illa
1328 3374 1694 3441 Clementina,
1728 3391 1851 3446 quae
1894 3378 1949 3431 in

353 3466 465 3521 hoc
500 3465 750 3521 lndiculo
782 3474 1179 3532 memorantur,
1217 3482 1326 3521 non
1354 3469 1513 3523 docet
1548 3468 1783 3525 Dallzeus
1816 3484 1950 3523 :vo—

351 3571 443 3615 cat
474 3560 699 3629 quidem
730 3558 920 3612 Libros
968 3558 1250 3615 Clementis
1290 3560 1379 3614 52.
1418 3560 1523 3617 Sed
1560 3564 1785 3632 quinam
1831 3561 1949 3617 fue-

351 3654 469 3706 rint
493 3652 621 3705 libri
648 3651 720 3705 ΒΞ
742 3652 836 3720 qui
859 3649 1151 3715 Clementi,
1177 3661 1371 3720 przeter
1389 3668 1483 3707 eos
1504 3654 1598 3723 qui
1627 3654 1681 3707 in
1703 3652 1949 3710 lndiculo

352 3744 619 3812 superius
660 3753 1058 3808 memorantur,
1113 3744 1339 3797 attribui
1375 3745 1638 3812 solerent,
1686 3761 1754 3799 ne
1782 3745 1947 3801 fando

348 3838 654 3906 quisquam
686 3836 867 3890 adhuc
901 3836 1125 3889 audivit.
1176 3834 1318 3901 Quid
1372 3836 1537 3908 igitur
1593 3840 1641 3892 si
1679 3853 1778 3907 pro
1822 3840 1867 3891 A
1906 3838 1948 3891 Β

350 3929 608 3999 legamus
635 3929 681 3980 A
704 3927 745 3979 Β
777 3928 845 3998 (Λ
870 3928 1017 3982 enim
1046 3936 1099 3982 et
1134 3929 1181 3980 A
1209 3943 1352 3996 saepe
1396 3930 1451 3983 in
1508 3946 1642 3984 mss.
1713 3929 1947 3985 confun-

349 4022 614 4089 duntur),
649 4031 707 4075 et
738 4021 877 4074 duas
915 4019 1212 4075 Clementis
1250 4021 1510 4090 epistolas
1541 4022 1947 4092 intelligamus?

349 4124 486 4167 tunc
516 4114 667 4167 enim
701 4122 755 4167 et
780 4128 973 4168 versus
1004 4113 1171 4180 2,600
1204 4114 1313 4169 illis
1352 4115 1485 4170 satis
1521 4115 1662 4170 bene
1707 4117 1946 4185 quadra-

351 4207 494 4259 bunt
533 4206 685 4275 (nam
720 4215 1009 4274 utramque
1052 4206 1216 4261 simul
1249 4217 1522 4277 sumptam
1560 4224 1686 4263 cum
1713 4208 1829 4278 jam
1861 4209 1944 4263 in-

350 4310 520 4371 tegra:
550 4310 759 4364 essent,
792 4314 1042 4369 aequasse
1079 4298 1432 4371 Evangelium
1484 4303 1788 4356 secundum
1841 4301 1944 4355 Lu-

347 4412 501 4461 cam,
528 4396 623 4448 cui
664 4396 890 4449 totidem
929 4395 1090 4463 plane
1126 4411 1317 4449 versus
1357 4397 1732 4463 ascribuntur,
1762 4397 1941 4466 quivis

348 4488 668 4557 concedet),
699 4497 750 4541 et
779 4489 1078 4557 genuinum
1116 4488 1411 4541 Clementis
1466 4503 1604 4557 opus
1650 4488 1942 4558 lgnatianis

348 4584 677 4651 adjunctum
740 4581 1085 4646 habebimus,
1139 4581 1283 4650 quod
1324 4598 1387 4636 ea
1435 4583 1695 4651 paritera
1739 4599 1939 4653 suppo-

347 4675 572 4729 sitionis
599 4673 829 4727 crimine
852 4674 1119 4737 liberabit.
1146 4673 1368 4741 Quinto,
1391 4678 1535 4745 quod
1563 4675 1791 4732 Hermas
1815 4693 1940 4733 cum

348 4764 657 4836 lgnatianis
718 4765 1054 4829 noniinetur,
1111 4767 1299 4835 negari
1350 4785 1459 4822 non
1510 4782 1671 4837 posse
1715 4769 1938 4836 volunt,

347 4858 488 4927 quin
523 4857 857 4926 Nicephorus
892 4860 1076 4912 eadem
1106 4860 1350 4915 habuerit
1379 4880 1473 4931 pro
1498 4864 1674 4933 falsis,
1708 4865 1941 4934 adeoque

348 4950 495 5017 ﬁctis
552 4960 603 5001 et
656 4950 877 5017 spuriis.
925 4950 1037 5005 lmo
1066 4967 1193 5007 vero
1231 4953 1335 5008 hoc
1383 4957 1567 5025 negari
1613 4956 1776 5025 idque
1817 4958 1941 5025 jure

346 5043 564 5112 Optimo
590 5052 788 5111 potest,
812 5045 857 5097 si
875 5046 1373 5101 vetustissimorum
1391 5050 1942 5120 doctissimorumque

347 5137 405 5188 in
448 5134 696 5190 Ecclesia
728 5139 1060 5207 scriptorum
1094 5143 1379 5196 sententia:
1409 5144 1937 5213 animadvertantur,

345 5245 497 5297 quos
524 5238 777 5283 secutum
804 5228 975 5285 fuisse
1001 5240 1284 5287 auctorem
1317 5230 1707 5288 Stichometria:
1736 5252 1835 5305 par
1857 5246 1942 5291 est

312 5304 601 5388 )credcre.

421 5418 561 5484 Quae
588 5416 753 5472 fuerit
779 5416 837 5472 S.
882 5418 1072 5473 lrtenei
1115 5421 1181 5476 de
1225 5419 1441 5476 Henna:
1469 5422 1611 5476 libro
1644 5424 1937 5491 sententia,

345 5514 421 5567 ab
460 5512 701 5566 Eusebio
754 5514 1105 5567 observatum
1148 5524 1251 5581 est,
1298 5515 1441 5571 Hist.
1475 5518 1658 5571 eccles.
1727 5519 1765 5574 l.
1800 5535 1853 5584 v,
1886 5534 1935 5573 c.

345 5605 381 5658 8
413 5624 428 5658 :
468 5606 544 5657 Οὐ
583 5607 744 5675 μόνον
777 5606 832 5659 δὲ
866 5604 1029 5674 οἶδεν,
1064 5608 1197 5661 ἀλλὰ
1233 5609 1325 5662 καὶ
1360 5610 1680 5681 ἀποδέχεται
1714 5611 1810 5682 τὴν
1843 5611 1937 5665 τοῦ

344 5699 648 5767 Ποιμένος
706 5702 947 5773 γραφὴν,
1004 5702 1195 5772 λέγων·
1254 5702 1464 5770 Καλῶς
1518 5705 1631 5758 οὖν
1678 5705 1846 5758 εἷπεν
1898 5708 1937 5773 ἡ

344 5798 398 5848 Γ
392 5794 567 5863 βαφὴ
615 5796 655 5863 ἡ
709 5795 995 5866 λέγουσα·
1045 5796 1284 5865 Πρῶτον
1334 5797 1574 5852 πάντων
1606 5800 1940 5854 πίστευσον

342 5888 439 5941 ὅτι
470 5889 558 5956 εἷς
590 5888 762 5944 ἐστιν
794 5894 827 5946 ὀ
862 5889 1007 5957 Θεὸς
1040 5893 1071 5945 ό
1105 5892 1177 5946 τὰ
1208 5890 1405 5946 πάντα
1435 5894 1648 5960 κτίσας
1682 5895 1779 5949 καὶ
1803 5912 1939 5950 κατ-

2063 604 2234 667 nazns)
2295 599 2384 654 sed
2440 608 2490 652 et
2556 598 2739 667 recipit
2787 594 3032 651 Pastoris
3078 595 3432 663 scripturam,
3462 593 3643 647 dicens

2063 691 2179 760 (lib.
2225 706 2299 755 tv,
2336 705 2387 743 c.
2424 688 2515 754 '57,
2569 688 2867 743 secundum
2937 687 3286 755 interpretem
3330 684 3589 751 veterem)
3630 700 3642 735 :

2078 802 2097 833 ι
2132 781 2273 835 Bene
2308 796 2429 850 ergo
2468 777 2745 849 Scriptura
2782 779 2913 831 dicit
2958 791 2979 831 :
3008 776 3193 829 Primo
3236 775 3469 828 omnium
3495 775 3647 827 crede

2059 876 2313 945 quoniam
2340 889 2476 926 unus
2504 882 2581 925 est
2610 872 2775 934 Deus,
2803 872 2893 940 qui
2919 868 3098 922 omnia
3137 867 3415 921 constituit
3445 876 3495 920 et
3520 882 3645 919 con-

2060 966 2367 1029 summavit,
2398 972 2447 1016 et
2494 964 2617 1032 fecit
2673 978 2738 1015 ea:
2793 976 2856 1013 eo
2910 958 3049 1030 quod
3086 974 3189 1012 non
3220 966 3353 1020 erat,
3383 966 3443 1010 ut
3475 969 3644 1011 essent

2059 1056 2259 1121 onmia,
2294 1056 2528 1108 onmium
2562 1069 2751 1122 capax,
2786 1060 2833 1106 et
2865 1053 2954 1122 qui
2996 1069 3028 1105 a
3072 1050 3275 1104 nemine
3314 1050 3579 1118 capiatur.
3620 1070 3638 1099 ι

2059 1146 2192 1215 Quae
2222 1148 2388 1203 verba
2416 1158 2634 1202 exstant
2659 1145 2871 1201 Hermae
2912 1147 2949 1198 ι.
2986 1160 3044 1211 ιι,
3089 1144 3347 1198 mandato
3383 1143 3437 1208 l,
3480 1143 3642 1197 toties

2061 1249 2176 1292 tum
2212 1254 2243 1292 a
2265 1236 2563 1295 Catholicis
2597 1246 2711 1290 tum
2740 1236 2809 1290 ab
2862 1234 3130 1289 litereticis
3174 1234 3355 1289 citata.
3391 1232 3644 1287 Clemens

2067 1325 2469 1382 Alexandrinus
2514 1325 2717 1380 Irenaeo
2764 1323 3076 1395 σύγχρονος,
3122 1320 3334 1375 Hermae
3385 1318 3645 1389 frequen-

2060 1422 2189 1487 tius,
2230 1435 2397 1489 quam
2440 1419 2750 1489 cujuspiam
2792 1418 3080 1487 scriptoris
3133 1415 3489 1471 ecclesiastici
3541 1429 3642 1467 au-

2056 1511 2311 1566 ctoritate
2338 1510 2533 1575 utitur,
2583 1524 2819 1578 eumque
2858 1508 3057 1578 saepius
3100 1507 3337 1577 explicat
3387 1516 3440 1560 et
3473 1507 3616 1560 inter

2052 1612 2319 1672 pretatur.
2369 1602 2708 1657 Sententiam
2742 1601 2863 1669 ejus
2895 1601 2963 1655 de
3006 1600 3149 1653 libro
3188 1600 3308 1669 ipso
3346 1600 3429 1654 vel
3458 1615 3524 1654 ex
3557 1600 3643 1654 his

2051 1692 2186 1747 locis
2244 1693 2501 1763 colligere
2552 1707 2872 1761 possumus.
2921 1693 3217 1759 Στρωματ.
3255 1691 3293 1744 l.
3336 1707 3352 1743 ι
3404 1709 3417 1745 :
3471 1690 3644 1753 Θείως

2050 1783 2225 1836 τοίνυν
2259 1785 2291 1855 ἡ
2325 1783 2551 1853 δύναμις
2583 1784 2617 1852 ἡ
2654 1781 2732 1852 τῷ
2776 1782 2953 1853 Ἑρμᾷ
2987 1781 3128 1835 κατὰ
3175 1781 3516 1851 ἀποκάλυψιν
3547 1780 3643 1833 λα·

2048 1874 2234 1929 λοῦσα·
2278 1876 2355 1929 Τὰ
2387 1875 2671 1943 ὁράματα,
2708 1874 2863 1945 φησὶ,
2900 1873 2996 1927 καὶ
3032 1874 3104 1926 τὰ
3131 1874 3642 1943 ἀποκαλύμματασ

2052 1967 2242 2021 Divine
2271 1983 2396 2037 ergo
2423 1975 2654 2035 potestas
2678 1964 2775 2018 illa
2803 1982 2921 2035 quae
2947 1964 3161 2018 Hermaz
3198 1963 3435 2034 loquitur
3462 1966 3516 2018 in
3564 1982 3642 2019 re-

2052 2057 2335 2123 velatione,
2373 2076 2392 2108 (
2437 2056 2699 2121 Visiones,
2725 2056 2925 2126 inquit,
2956 2064 3005 2109 et
3045 2055 3405 2125 revelationes,
3441 2077 3459 2107 ι
3501 2066 3642 2123 etc.;

2053 2145 2091 2199 Ι.
2131 2161 2182 2197 Vl
2222 2165 2233 2198 :
2269 2146 2378 2198 Καὶ
2415 2146 2595 2209 καλῶς
2644 2144 2860 2216 εἴρηται
2895 2144 2972 2216 τῷ
3007 2146 3253 2216 Ποιμένι,
3289 2146 3645 2215 Κατέᾶησαν

2051 2238 2162 2291 οὖν
2175 2239 2303 2306 μετ’
2332 2238 2531 2292 αὐτῶν
2553 2239 2648 2308 (ita
2675 2238 2983 2308 legendum)
3004 2242 3090 2304 εἱς
3119 2238 3183 2292 τὸ
3212 2238 3384 2307 ὕδωρ.
3410 2238 3481 2291 Et
3505 2256 3645 2308 prae-

2052 2331 2196 2384 clare
2250 2332 2455 2385 dictum
2507 2341 2585 2385 est
2640 2349 2672 2385 a
2725 2330 2991 2385 Pastore:
3033 2350 3051 2381 i
3098 2330 3482 2386 Descenderunt
3520 2350 3643 2403 ergo

2052 2438 2173 2475 cum
2193 2425 2269 2477 eis
2295 2425 2449 2494 (non,
2481 2441 2683 2488 eorum,
2711 2433 2771 2477 ut
2800 2425 2943 2478 male
2967 2424 3255 2494 interpres)
3287 2426 3342 2477 in
3365 2442 3577 2495 aquam.
3615 2446 3635 2479 ι

2052 2512 2342 2583 Origenes,
2372 2514 2670 2570 Clementis
2703 2515 3041 2586 discipulus,
3079 2516 3291 2571 Hermae
3330 2518 3645 2575 testimonio

2052 2608 2389 2662 creberrime
2424 2608 2619 2676 utitur,
2655 2616 2711 2663 et
2744 2617 2860 2663 tum
2910 2624 3073 2664 suum
3122 2614 3240 2663 tum
3283 2608 3516 2663 aliorum
3546 2611 3643 2681 ju»

2052 2698 2261 2753 dicium
2317 2699 2384 2753 de
2446 2699 2604 2753 libris
2650 2698 2770 2769 ejus
2820 2715 2962 2769 saepe
3004 2699 3284 2767 exprimit.
3344 2700 3641 2755 Auctorem

2052 2790 2305 2861 agnoscit
2342 2790 2600 2845 Hermam
2639 2790 2815 2857 illum,
2839 2792 2999 2862 cujus
3032 2793 3087 2846 in
3132 2791 3377 2862 Epistola
3412 2793 3480 2847 ad
3525 2791 3642 2847 Ro-

2049 2894 2249 2935 manos
2286 2883 2494 2937 mentio
2541 2885 2622 2949 ﬁt,
2650 2892 2703 2937 et
2730 2898 2868 2953 opus
2907 2884 3085 2953 ipsum
3132 2884 3186 2938 in
3217 2884 3641 2941 Commentariis

2050 2971 2116 3026 ad
2153 2987 2277 3026 eum
2313 2973 2493 3028 locum
2526 2991 2855 3045 magnopere
2886 2976 3094 3031 laudat.
3136 2975 3275 3031 Puto
3318 2988 3514 3045 tamen,
3550 2978 3640 3032 in-

2049 3061 2190 3130 quit,
2224 3063 2363 3131 quod
2412 3062 2638 3117 Hermas
2666 3065 2766 3119 iste
2811 3067 2879 3118 sit
2923 3067 3153 3135 scriptor
3181 3065 3347 3121 libelli
3374 3068 3518 3121 illius
3550 3071 3643 3139 qui

2049 3152 2247 3208 Pastor
2275 3154 2597 3224 appellatur.
2654 3157 2786 3221 Qua:
2830 3159 3097 3226 scriptura
3136 3159 3287 3213 valde
3326 3161 3457 3213 mihi
3490 3160 3641 3215 utilis

1980 3277 2023 3333 ϐ
2057 3245 2283 3312 videtur,
2327 3256 2398 3312 et,
2446 3258 2503 3301 ut
2537 3258 2685 3317 puto,
2726 3249 2980 3303 divinitus
3028 3250 3311 3319 inspirata.
3346 3250 3545 3305 Ilomil.
3584 3253 3641 3306 in

2057 3334 2288 3399 Lucam,
2311 3337 2380 3391 55
2410 3356 2421 3389 :
2453 3336 2697 3407 Legimus
2726 3340 2793 3409 (si
2824 3349 2995 3392 tamen
3026 3342 3112 3393 cui
3138 3345 3307 3410 placet
3339 3343 3641 3412 hujusmodi

2054 3427 2377 3494 scripturam
2420 3428 2669 3497 recipere)
2713 3428 2945 3496 justitia:
3003 3439 3054 3481 et
3096 3430 3392 3500 iniquitatis
3428 3433 3642 3503 angelos

2053 3532 2210 3585 super
2242 3517 2467 3569 Abrahae
2515 3517 2688 3571 salute
2735 3528 2785 3571 et
2824 3520 3047 3571 interitu
3097 3520 3480 3589 disceptantes;
3512 3525 3642 3577 dum

2050 3616 2290 3677 utraeque
2340 3616 2530 3662 turma:
2584 3625 2680 3663 suo
2738 3626 2857 3662 eum
2923 3609 3103 3663 volunt
3149 3614 3306 3664 εωιυὶ
3350 3614 3636 3668 vindicare.

2053 3698 2208 3763 Quod
2236 3700 2282 3752 si
2312 3700 2398 3752 cui
2422 3700 2690 3769 displicet,
2727 3711 2962 3756 transeat
3001 3703 3069 3755 ad
3110 3707 3373 3767 volumen,
3407 3709 3545 3774 quod
3574 3708 3640 3759 ti-

2052 3790 2163 3843 tulo
2188 3790 2434 3846 Pastoris
2464 3791 2737 3857 scribitur,
2761 3804 2810 3846 et
2852 3795 3077 3848 inveniet
3112 3795 3315 3847 cunctis
3341 3796 3639 3850 hominibus

2051 3883 2183 3936 duos
2217 3883 2399 3937 adesse
2421 3884 2655 3953 angelos.
2684 3883 2859 3939 Tomo
2886 3903 3000 3953 xlv,
3038 3888 3091 3940 in
3118 3886 3435 3942 Mattlneum
3457 3889 3549 3941 :El
3582 3890 3641 3942 δὲ

2047 3972 2154 4044 χρὴ
2186 3972 2533 4043 τολμήσαντα
2568 3975 2661 4027 καὶ
2694 3975 2802 4027 ἀπό
2839 3994 2982 4040 τινος
3017 3979 3323 4051 φερομένης
3360 3979 3457 4050 μὲν
3489 3983 3547 4033 ὲν
3572 3982 3639 4052 τῇ

2063 4064 2359 4137 Ἐκκλησία
2393 4068 2631 4138 γραφῆς,
2668 4068 2728 4121 οὐ
2765 4069 2914 4141 παρὰ
2949 4073 3081 4124 πᾶσι
3114 4072 3169 4125 δὲ
3202 4072 3641 4145 ὁμολογουμένης

2047 4151 2183 4211 εἶναι
2217 4156 2384 4222 θείας,
2421 4158 2479 4211 τὸ
2512 4160 2718 4213 τοιοῦτο
2752 4161 3272 4234 παραμυθήσασθαι,
3312 4164 3540 4239 ληφθείη
3572 4166 3639 4221 ἂν

2046 4249 2105 4301 τὸ
2139 4250 2246 4303 ἀπὸ
2280 4251 2373 4304 τοῦ
2408 4253 2714 4322 Ποιμένος.
2754 4253 2851 4308 Sin
2880 4256 3179 4309 audendum
3206 4259 3274 4310 sit
3303 4260 3447 4312 istud
3483 4262 3640 4314 emol-

2046 4339 2143 4393 lire
2164 4356 2229 4393 ea:
2252 4342 2487 4411 quadam
2516 4346 2805 4413 scriptura,
2831 4362 2948 4415 qua:
2970 4348 3021 4399 in
3052 4346 3298 4402 Ecclesia
3322 4351 3638 4421 circumfer-

2046 4443 2153 4499 tur,
2183 4435 2273 4487 sed
2307 4450 2408 4487 non
2436 4433 2499 4486 ab
2523 4436 2763 4490 omnibus
2787 4453 2882 4505 pro
2905 4437 3086 4490 divina
3111 4438 3354 4503 habetur,
3383 4441 3639 4495 adhibea-

2048 4533 2133 4575 tur
2193 4522 2330 4575 illud
2373 4539 2436 4576 ea:
2494 4523 2629 4581 libra
2674 4523 2941 4580 Pastoris.
2978 4528 3118 4599 Περὶ
3153 4528 3376 4599 ἀρχῶν,
3414 4532 3508 4585 lib.
3548 4548 3632 4587 Iv:

1974 4623 2017 4677 Ι)
2043 4614 2140 4667 Διὰ
2173 4614 2332 4668 τοῦτο
2366 4618 2527 4686 ἡμεῖς
2562 4616 2654 4669 καὶ
2688 4619 2746 4671 τὸ
2781 4621 2839 4671 ὲν
2872 4618 2950 4690 τῷ
3000 4621 3107 4673 ἀπό
3157 4638 3318 4673 τινων
3370 4640 3636 4695 καταφρο-

2043 4704 2290 4775 νουμένῳ
2325 4705 2535 4777 βιόλίῳ,
2573 4706 2650 4776 τῷ
2683 4708 2948 4775 Homeri,
2986 4711 3115 4782 περὶ
3169 4710 3262 4763 τοῦ
3299 4715 3637 4784 προστάσσε-

2045 4794 2168 4849 σθαι
2199 4796 2290 4847 τὸν
2340 4796 2547 4867 Ἑρμᾶν
2579 4798 2672 4850 δύο
2693 4800 2903 4869 γράψαι
2933 4801 3138 4870 βιϐλία,
3175 4804 3266 4855 καὶ
3300 4805 3438 4873 μετὰ
3462 4805 3636 4859 ταῦτα

2042 4891 2202 4943 αὐτὸν
2253 4890 2606 4959 ἁναγγέλλειν
2656 4894 2767 4955 τοῖς
2818 4895 3211 4967 πρεσϐυτέροις
3258 4897 3357 4966 τῆς
3406 4897 3632 4968 Ἐκκλη-

2044 4981 2165 5044 σὶας
2212 4981 2248 5035 δι
2302 4982 2619 5054 μεμάθηκεν
2671 4985 2778 5038 ἀπὸ
2827 4986 2919 5039 τοῦ
2954 4986 3293 5058 ῐΙνεύματος,
3346 4988 3487 5042 οὕτω
3519 4990 3633 5062 διη-

2041 5072 2302 5143 γούμεθα.
2342 5074 2631 5143 Propterea
2672 5095 2765 5131 nos
2801 5078 2937 5131 illud
2977 5080 3030 5131 in
3067 5078 3318 5142 Pastore,
3358 5080 3494 5134 libro
3540 5088 3632 5153 qui

2043 5162 2107 5215 ab
2133 5162 2399 5231 aliquibus
2428 5168 2801 5230 contemnitur,
2829 5168 2893 5220 de
2934 5166 3060 5220 dato
3094 5167 3307 5223 Herma:
3344 5180 3625 5238 prwcepto,

2042 5263 2100 5306 ut
2135 5254 2265 5306 duos
2319 5255 2483 5309 libros
2517 5256 2790 5324 scriberet,
2844 5260 3052 5327 ipseque
3107 5270 3286 5329 postea
3333 5262 3627 5317 senioribus

2045 5344 2296 5399 Ecclesia:
2322 5350 2659 5403 annuntiai‘et
2682 5368 2799 5419 quae
2830 5369 2863 5403 a
2887 5349 3090 5419 Spiritu
3123 5352 3409 5421 didicerat,
3430 5355 3507 5407 ita
3546 5356 3628 5408 in-

2043 5445 2413 5505 terpretamur.
2450 5436 2685 5493 Homilia
2720 5441 2773 5505 8,
2818 5443 2870 5495 in
2906 5441 3178 5496 Numeros
3213 5460 3225 5494 :
3264 5444 3417 5509 Quod
3449 5456 3625 5500 autem

2041 5530 2151 5583 dies
2190 5532 2391 5599 peccati
2418 5532 2473 5584 in
2506 5549 2701 5586 annum
2733 5552 2896 5603 paena:
2919 5546 3202 5605 reputetur,
3236 5554 3337 5590 non
3377 5540 3547 5591 solum
3570 5542 3626 5593 in

2041 5624 2136 5674 hoc
2165 5621 2322 5701 libro,
2356 5624 2412 5675 in
2441 5641 2541 5694 quo
2569 5626 2702 5678 nihil
2729 5629 2939 5681 omnino
2968 5639 3045 5682 est
3067 5631 3205 5699 quod
3231 5631 3467 5684 dubitari
3500 5649 3623 5701 pos-

2042 5716 2134 5776 sit,
2182 5698 2499 5780 ostenditur,
2548 5718 2639 5770 sed
2674 5729 2722 5771 et
2755 5721 2809 5771 in
2831 5719 3006 5774 libello
3044 5698 3309 5785 Pastoris,
3341 5724 3386 5775 si
3416 5698 3507 5777 cui
3533 5735 3622 5777 ta-

2043 5824 2157 5859 men
2189 5809 2456 5877 scriptura
2490 5809 2588 5862 illa
2627 5813 2929 5881 recipienda
2975 5814 3198 5881 videtur,
3236 5814 3436 5869 similia
3485 5816 3619 5869 desi-

2042 5908 2290 5966 qnantur.
2319 5899 2609 5967 Eusebius,
2643 5902 2785 5961 llist.
2822 5907 2948 5963 eccl.
2993 5908 3031 5964 l.
3064 5925 3152 5978 ιιι,
3177 5924 3226 5966 c.
3257 5909 3291 5963 '5
3322 5927 3334 5963 :
3386 5907 3538 5963 Ἐπεὶ
3568 5908 3622 5960 δὲ
