4136 6386
547 361 641 413 111
1604 369 1661 421 S.
1706 368 2057 427 IGNATIUS.
2101 405 2167 414 —
2198 374 2732 434 PROLEGOMENA.
3725 388 3832 442 με

537 488 565 536 ὁ
597 487 757 551 αὐτὸς
817 488 1136 553 Ἀπόστολος
1187 491 1244 543 ἐν
1302 490 1421 555 ταῖς
1473 494 1565 545 ἐπὶ
1598 494 1742 547 τέλει
1796 499 2137 568 προσρήσεσι
2170 505 2214 561 Α
2246 501 2346 574 ϐὴς
2370 499 2462 556 οὖν
2483 502 2704 557 ἅπασαν
2725 503 2823 573 τὴν
2843 503 3120 575 διαγωγὴν
3140 505 3199 557 ὲν
3212 505 3346 575 οἴκῳ
3364 506 3561 569 κακίας
3581 506 3695 577 ἔχει
3714 507 3805 560 δια

538 581 635 651 τῆς
669 580 805 651 πρὸς
864 582 1164 653 Ῥωμαίους
1216 585 1436 656 μνήμην
1484 587 1776 659 πεποίηται
1833 590 1971 659 μετά
2021 591 2129 643 τῶν

538 672 712 727 ἄλλων
746 674 837 727 καὶ
882 675 1077 746 Ἑρμᾶ,
1113 670 1174 730 οὗ
1210 693 1373 746 φασιν
1406 678 1671 750 ὑπάρχειν
1705 679 1764 733 τὸ
1796 682 1889 733 τοῦ
1924 683 2130 751 Ποιμέ-

536 782 644 832 νος
680 766 899 835 βιϐλίον·
940 769 1113 821 ἰστέον
1146 768 1221 833 ὡς
1272 771 1365 824 καὶ
1414 772 1574 826 τοῦτο
1627 773 1765 845 πρὸς
1818 775 1918 846 μέν
1966 794 2130 829 τινων

536 858 929 925 ἁεηιλέλεκται,
979 862 1071 915 δι’·
1098 862 1192 927 οὒς
1225 864 1325 917 οὐκ
1356 863 1423 918 ἂν
1456 868 1514 919 ὲν
1564 867 2016 939 ὁμολογουμένοις
2051 887 2129 922 τι·

538 950 678 1024 Θείη·
719 954 809 1022 ὑφ’
860 955 1061 1026 ἑτέρων
1094 956 1150 1010 δὲ
1190 958 1617 1026 ἀναγκαιότατον
1668 956 1750 1025 οἷς
1786 962 2019 1032 μάλιστα
2051 961 2133 1014 δεῖ

538 1046 926 1117 στοιχειώσεως
959 1052 1325 1122 είσαγωγικῆς
1358 1053 1626 1124 κέκριται·
1658 1054 1780 1106 ὅθεν
1815 1053 1913 1126 ἤδη
1944 1054 2037 1107 καὶ
2071 1056 2132 1109 ὲν

550 1139 896 1212 Ἑκκλησίαις
944 1142 1099 1213 ἴσμεν
1148 1144 1281 1198 αὐτὸ
1327 1146 1830 1218 δεδημοσιευμένον,
1880 1147 1971 1201 καὶ
2020 1148 2130 1202 τῶν

535 1233 915 1289 παλαιοτάτων
977 1236 1034 1289 δὲ
1099 1239 1462 1309 συγγραφέων
1544 1241 1915 1312 κεχρημένους
1979 1241 2129 1304 τινὰς

536 1327 685 1399 αὐτῷ
719 1328 1043 1399 κατείληφα.
1093 1330 1358 1395 Quoniam
1393 1348 1511 1386 vero
1557 1333 1697 1386 idem
1738 1332 2021 1402 Apostolus
2072 1334 2130 1387 in

537 1420 953 1475 salutationibus
985 1422 1055 1475 ad
1097 1422 1255 1491 ﬁnem
1294 1422 1553 1492 Epistola:
1589 1425 1658 1477 ad
1690 1425 1956 1479 Romanos
1992 1428 2130 1479 inter

536 1513 673 1567 alios
719 1515 1035 1567 mentionem
1092 1515 1217 1583 fecit
1273 1514 1506 1582 Hermas,
1553 1518 1704 1585 cuius
1742 1535 1853 1571 esse
1879 1520 2029 1571 aiunt
2062 1518 2131 1571 li-

537 1612 688 1658 brum
731 1604 1010 1671 Pastoris;
1056 1608 1329 1659 sciendum
1360 1617 1459 1673 est,
1492 1610 1652 1661 etiam
1681 1610 1803 1662 huic
1840 1627 1872 1662 a
1912 1609 2128 1680 quibus-

534 1697 661 1749 dam
696 1698 1011 1761 contradici,
1051 1709 1263 1768 propter
1295 1715 1423 1769 quos
1462 1702 1599 1755 inter
1634 1712 1855 1772 receptae
1886 1704 2126 1756 auctori-

537 1789 667 1841 tatis
703 1788 865 1843 libros
898 1790 1023 1859 poni
1066 1807 1171 1843 non
1213 1800 1404 1859 potest.
1439 1792 1517 1844 Ab
1568 1792 1693 1845 aliis
1736 1809 1853 1847 vero
1894 1794 2127 1847 maxime

2232 596 2545 667 λελυμένος,
2568 597 2709 648 κατὰ
2725 595 2853 659 τοὺς
2874 595 2978 662 ἔξω
3007 596 3106 667 τῆς
3132 597 3421 667 οἰκοδομῆς
3440 597 3638 663 λίθους,
3656 600 3707 653 οἳ
3730 600 3831 671 οὐχ

2234 688 2531 762 ἀρμόζουσι
2566 692 2630 759 τῇ
2670 689 2925 761 οἰκοδομῇ
2980 688 3076 742 τοῦ
3132 689 3341 761 πύργου
3386 690 3527 743 κατά
3575 692 3667 743 τὸν
3698 693 3829 745 Ποι-

2236 782 2390 853 μένα.
2429 781 2561 835 Tota
2592 782 2758 850 igitur
2807 782 2957 851 impii
2998 783 3327 836 conversatio
3368 784 3421 836 in
3454 784 3609 836 domo
3647 786 3829 853 pravi-

2235 876 2360 927 tatis
2389 885 2490 938 est,
2524 890 2644 927 cum
2670 875 2739 928 sit
2768 875 3061 927 dissolutus
3095 893 3199 928 non
3229 875 3386 928 aliter
3414 893 3573 946 quam
3617 876 3826 945 lapides

2231 977 2384 1020 extra
2421 965 2733 1035 (edi/icium,
2773 967 2863 1035 qui
2900 967 3233 1035 (ediﬁcandaz
3284 969 3422 1021 turri
3471 968 3626 1037 plane
3663 969 3827 1035 inepti

2232 1069 2377 1121 sunt,
2409 1057 2570 1125 juxta
2612 1056 2912 1111 Pastorem.
2946 1056 3213 1120 Bullinus,
3252 1058 3463 1130 Didymi
3496 1059 3827 1130 discipulus,

2231 1152 2326 1220 qui
2360 1152 2411 1203 in
2442 1149 2685 1203 Ecclesia
2732 1150 2920 1204 Grmca
2956 1150 3535 1221 plurimumvez-satus
3578 1160 3686 1216 est,
3715 1151 3825 1205 Ex-

2233 1240 2502 1309 positione
2540 1240 2591 1291 in
2615 1239 2934 1309 Symbolum
2969 1240 3367 1307 apostolorum,
3400 1256 3524 1294 cum
3554 1256 3827 1297 canoneln

2234 1330 2291 1385 S.
2340 1330 2639 1400 Scriptura:
2687 1330 2841 1399 prius
2893 1328 3251 1397 tradidisset,
3303 1332 3501 1385 addit:
3538 1330 3825 1385 Sciendum

2233 1433 2408 1477 tamen
2438 1432 2514 1477 est
2546 1423 2686 1492 quod
2709 1432 2757 1475 et
2812 1422 2908 1475 alii
2933 1421 3054 1474 libri
3100 1432 3243 1488 sunt,
3271 1425 3361 1492 qui
3409 1441 3511 1477 non
3558 1425 3824 1489 canonici,

2231 1516 2320 1569 sed
2352 1515 2699 1568 ecclesiastici
2746 1531 2779 1566 a
2836 1512 3127 1581 majoribus
3172 1514 3424 1583 appellati
3462 1526 3606 1583 sunt,
3641 1527 3699 1568 ut
3746 1522 3825 1570 est

2232 1607 2507 1676 Sapientia
2541 1606 2866 1673 Salomonis,
2912 1617 2961 1659 et
3002 1608 3113 1660 alia
3153 1608 3427 1676 Sapientia
3466 1627 3584 1679 qua:
3627 1611 3825 1664 dicitur

2231 1702 2331 1769 filii
2365 1698 2573 1754 Sirach.
2596 1698 2851 1769 Ejusdem
2876 1700 3079 1753 ordinis
3106 1710 3182 1753 est
3206 1702 3417 1755 libellus
3450 1702 3629 1756 Tobiae
3656 1716 3703 1756 e'
3723 1703 3823 1756 Ju-

2230 1792 2364 1851 ditlt.
2395 1801 2445 1845 et
2495 1790 2926 1845 Hachabazorum
2980 1790 3125 1844 libri.
3176 1791 3241 1844 In
3300 1791 3450 1845 Novo
3487 1810 3605 1846 vero
3638 1794 3822 1847 Testa-

535 1881 860 1933 necessarius
886 1879 1190 1948 judicatur,
1232 1882 1298 1933 iis
1334 1884 1628 1949 prtesertim
1657 1882 1748 1952 qui
1780 1882 2123 1937 elementaria
2157 1885 2198 1939 Β
2228 1895 2402 1939 mento
2434 1883 2641 1937 libellus
2680 1886 2771 1953 qui
2800 1884 3001 1937 dicitur
3049 1884 3297 1939 Pastoris
3320 1925 3336 1951 ,
3373 1887 3480 1938 sive
3525 1885 3821 1952 Hermatis,

534 1971 866 2025 institutione
918 1972 1172 2041 indigent.
1219 1970 1367 2026 Unde
1403 1974 1565 2026 etiam
1618 1975 1673 2026 in
1706 1972 1955 2028 Ecclesiis
2008 1991 2126 2029 eum

531 2062 862 2132 publicatum
895 2065 1124 2129 scimus;
1156 2074 1206 2118 et
1234 2065 1345 2134 ipse
1366 2066 1621 2135 quosdam
1656 2083 1721 2120 ea:
1750 2068 2126 2123 vetustissimis

531 2158 877 2229 scriptoribus
910 2160 1080 2228 ipsius
1112 2160 1414 2213 testimonio
1450 2177 1571 2216 usos
1599 2178 1713 2216 esse
1746 2163 2085 2233 deprehendi.

606 2248 665 2304 S.
703 2247 1064 2315 Athanasius,
1110 2246 1351 2305 Eusebio
1387 2253 1761 2321 synchronus,
1801 2254 1854 2308 in
1894 2257 2127 2325 episwla

531 2340 879 2413 ἑορταστικῇ,
906 2358 1030 2396 cum
1068 2342 1239 2397 libros
1281 2342 1340 2398 S.
1386 2342 1686 2415 Scriptura:
1716 2348 2013 2403 canonicos
2044 2365 2128 2405 re-

532 2435 778 2500 citasset,
812 2435 1025 2489 monuit
1054 2450 1178 2490 esse
1205 2437 1298 2489 καὶ
1332 2437 1497 2509 ἔτερα
1535 2438 1717 2508 βιϐλία
1751 2440 1957 2495 τούτων
1992 2442 2127 2508 ἐξω-

529 2528 641 2592 θεν,
667 2528 728 2581 οὺ
758 2527 1153 2598 κανονιζόμενα
1190 2528 1309 2599 μὲν,
1346 2531 1709 2601 τετυπωμένα
1740 2531 1797 2585 δὲ
1832 2535 1984 2606 παρά
2018 2536 2127 2589 τῶν

531 2620 793 2691 Πατέρων
826 2618 1294 2688 ἀναγινώσκεσθαι
1328 2624 1438 2685 τοῖς
1490 2621 1616 2694 ἄρτι
1670 2626 2128 2697 προσερχομένας

531 2712 627 2765 καὶ
662 2711 1006 2783 βουλομένοις
1040 2712 1397 2783 κατηχεῖσθαι
1430 2713 1522 2766 τὸν
1571 2714 1674 2785 τῆς
1725 2716 2006 2781 εὐσεϐείας
2038 2718 2127 2771 λό-

532 2821 646 2873 γον·
716 2804 886 2874 Σοφία
950 2806 1324 2877 Σολομῶντος,
1379 2805 1473 2857 καὶ
1526 2807 1716 2874 Σοφία
1743 2807 1928 2875 Σιρὰχ
1954 2848 1968 2873 ,
2036 2808 2128 2862 καὶ

561 2896 790 2965 Εσθῖιρ,
817 2900 907 2952 καὶ
932 2896 1167 2961 ἰουδὶθ,
1198 2898 1290 2950 καὶ
1319 2897 1541 2962 Τοόίας,
1565 2898 1656 2950 καὶ
1679 2896 1902 2967 Διδαχὴ
1938 2898 2130 2953 καλου-

536 2988 673 3061 μένη
709 2989 828 3043 τῶν
866 2992 1254 3054 ἀποστόλων,
1291 2988 1384 3041 καὶ
1418 2987 1724 3058 ὀΠοιμήν.
1764 2986 1947 3044 Etiam
1994 2990 2127 3045 alios

532 3083 697 3140 libros
727 3091 881 3138 extra
915 3084 1028 3149 hos,
1059 3100 1163 3137 non
1205 3099 1403 3137 canone
1443 3084 1655 3153 quidem
1705 3084 1975 3154 probatos,
2035 3087 2126 3139 sed

2229 1976 2319 2045 qui
2342 1976 2649 2044 appellatur
2675 1973 2807 2027 Duce
2834 1976 2951 2040 via',
2986 1975 3062 2028 vel
3094 1976 3361 2045 judicium
3394 1976 3683 2027 secundum
3724 1974 3822 2029 Pe—

2232 2076 2372 2117 trum
2402 2080 2419 2115 :
2447 2082 2564 2135 qui:
2594 2065 2771 2118 omnia
2790 2065 2891 2135 legi
2924 2066 3133 2135 quidem
3162 2066 3217 2118 in
3247 2064 3497 2120 Ecclesiii
3522 2068 3820 2131 voluerunt,

2230 2174 2331 2210 non
2358 2168 2535 2211 tamen
2576 2159 2807 2228 proferri
2840 2158 2909 2211 ad
2938 2160 3311 2213 auctoritatem
3334 2175 3398 2212 ea:
3429 2160 3508 2210 his
3537 2159 3665 2227 ﬁdei
3694 2175 3821 2211 con-

2228 2251 2567 2320 ﬁrmandam.
2604 2251 2663 2305 S.
2693 2250 3080 2323 Hieronymus,
3103 2254 3197 2323 qui
3233 2253 3374 2306 inter
3404 2250 3629 2307 Grmcos
3686 2268 3816 2306 cnn—

2230 2345 2444 2411 senuit,
2506 2346 2559 2399 in
2621 2346 2884 2417 Catalogo
2950 2345 3066 2401 haec
3122 2345 3325 2399 habet:
3365 2344 3616 2398 Hermum
3673 2346 3819 2414 cujus

2230 2438 2501 2505 apostolus
2538 2436 2735 2493 Paulus
2782 2440 2849 2491 ad
2877 2437 3145 2491 Romanos
3179 2437 3411 2490 scribens
3443 2438 3708 2497 meminit,
3735 2454 3816 2490 as-

2230 2542 2411 2585 serunt
2445 2544 2716 2585 auctorem
2747 2547 2858 2585 esse
2901 2529 3025 2583 libri
3050 2530 3140 2599 qui
3194 2530 3494 2599 appellatur
3517 2528 3734 2591 Pastor,
3769 2538 3817 2583 et

2230 2622 2371 2691 apud
2399 2624 2657 2692 quasdam
2709 2621 2931 2676 Graeciae
2966 2620 3230 2675 Ecclesias
3274 2621 3433 2675 etiam
3470 2622 3679 2691 publice
3701 2621 3815 2691 legi-

2232 2724 2337 2770 tur.
2376 2714 2574 2769 Revera
2607 2715 2756 2769 utilis
2797 2715 2951 2782 liber,
2988 2714 3243 2783 multique
3274 2714 3338 2767 de
3383 2730 3441 2767 eo
3497 2715 3815 2782 scriptorum

2230 2819 2461 2862 veterum
2492 2818 2883 2878 usurpaverant
2924 2808 3264 2871 testimonia;
3301 2806 3390 2859 sed
3422 2805 3565 2877 apud
3597 2806 3814 2859 Latinos

2231 2916 2358 2969 pene
2403 2901 2611 2968 ignotus
2664 2908 2762 2952 est.
2809 2897 2955 2953 Idem
2989 2899 3217 2968 epistola
3255 2897 3380 2964 106,
3426 2898 3539 2951 sive
3584 2896 3816 2967 Prologn

2232 2991 2442 3061 galeato
2498 3010 2512 3044 :
2575 2989 2751 3061 Igitur
2819 2990 3099 3061 Sapientia
3163 3006 3281 3061 qua:
3342 2987 3496 3057 vulgo
3562 2983 3803 3038 Salomo-

2232 3083 2320 3137 nis
2358 3083 2698 3150 inscribitur,
2748 3094 2798 3138 et
2842 3083 2971 3138 Iesu
3024 3084 3119 3138 lilii
3163 3082 3355 3137 Sirach
3402 3080 3567 3143 liber,
3622 3088 3671 3131 et
3720 3076 3813 3130 Ju-

535 3176 767 3233 Patrum
799 3177 1119 3231 auctoritate
1166 3176 1278 3231 illis
1328 3177 1418 3247 qui
1454 3178 1667 3247 pietatis
1718 3176 1987 3231 elementis
2032 3177 2130 3230 im-
2156 3192 2198 3249 c
2232 3175 2349 3229 dith
2378 3185 2426 3229 et
2464 3172 2668 3230 Tobias
2699 3187 2747 3230 et
2779 3176 2971 3231 Pastor
3017 3194 3119 3230 non
3154 3185 3273 3229 sunt
3307 3176 3362 3227 in
3392 3185 3613 3225 canone.
3653 3168 3815 3223 Joan-

534 3271 728 3326 buendi
779 3279 949 3326 essent
997 3272 1330 3341 propositos,
1372 3271 1567 3340 quales
1616 3278 1745 3325 sunt
1789 3288 1802 3323 :
1851 3268 2129 3339 Sapientia

535 3362 860 3428 Solomonis,
886 3358 1159 3431 Sapientia
1190 3358 1403 3427 Sirach,
1431 3358 1639 3426 Esther,
1666 3359 1880 3426 Iudith,
1914 3359 2126 3431 Tobias,

534 3452 793 3508 Doctrina
818 3452 1199 3523 apostolorum,
1222 3461 1273 3506 et
1312 3449 1525 3506 Pastor.
1587 3450 1711 3506 Haac
1742 3452 1962 3521 quidem
2000 3462 2129 3509 tunc

534 3543 793 3600 Ecclesiae
826 3546 1133 3611 sententia;
1169 3544 1299 3615 quid
1330 3554 1514 3599 autem
1547 3544 1615 3600 de
1650 3548 1878 3599 Pastore
1917 3544 2128 3614 judica-

529 3640 694 3706 verit,
726 3641 948 3695 aliunde
998 3647 1167 3709 patet.
1209 3636 1347 3693 Nam
1402 3647 1455 3693 et
1508 3638 1741 3708 epistola
1783 3638 1851 3692 de
1906 3635 2127 3693 Nicazna

532 3732 745 3803 synodo
774 3732 957 3787 verbis
988 3729 1205 3786 Hermae.
1227 3730 1397 3801 ipsius
1421 3731 1614 3796 utitur,
1640 3738 1692 3784 et
1718 3730 1813 3785 lib.
1835 3728 1909 3783 De
1936 3728 2128 3783 Incor-

532 3825 748 3879 natione
784 3823 933 3878 Verbi
954 3824 1151 3893 probat
1178 3822 1364 3877 omnia
1386 3838 1453 3876 ex
1484 3824 1656 3878 nihilo
1684 3822 1827 3877 facta
1860 3839 1956 3893 per
1988 3820 2126 3877 Ver—

532 3915 664 3971 bum
702 3934 715 3970 .‘
748 3909 825 3987 ⁷ῌ
859 3932 993 3988 φησι
1026 3915 1113 3969 διὰ
1151 3916 1247 3987 μὲν
1280 3915 1545 3979 Μωσέωςο
1597 3917 1699 3969 Ἐν
1730 3914 1890 3986 ἀρχῇ
1923 3915 2126 3983 ἐποίη-

524 4024 648 4063 -σεν
681 4012 714 4062 ό
748 4008 893 4073 Θεὸς
924 4006 1030 4061 τὸν
1061 4007 1323 4076 οὐρανὸν
1357 4008 1453 4061 καὶ
1488 4008 1603 4077 τὴν
1634 4006 1770 4078 γῆν·
1808 4008 1895 4062 διὰ
1935 4008 1991 4061 δὲ
2026 4007 2126 4078 τῆς

533 4098 965 4170 ὼφελιμωτάτης
1002 4097 1188 4168 βίὸλου
1223 4097 1315 4151 τοῦ
1350 4097 1662 4168 Ποιμένος·
1701 4098 1944 4167 Πρῶτον
1976 4100 2126 4153 πάν-

532 4206 655 4246 των
685 4190 1023 4243 πίστευσον
1055 4188 1144 4242 ὅτι
1176 4189 1263 4255 εἷς
1295 4189 1468 4243 ἐστιν
1513 4192 1546 4243 ό
1582 4188 1726 4255 Θεὸς
1758 4194 1791 4243 ό
1825 4190 1897 4244 τὰ
1929 4190 2127 4245 πάντα

534 4285 751 4348 κτίσας
797 4281 895 4335 καὶ
947 4282 1313 4349 καταρτίσας
1363 4280 1461 4335 καὶ
1496 4280 1759 4346 ποιήσας
1790 4280 1859 4333 ἐκ
1892 4281 1999 4334 τοῦ
2036 4281 2123 4352 μὴ

528 4375 712 4440 ὄντος
744 4375 830 4439 εὶς
862 4372 927 4427 τὸ
974 4372 1146 4426 εἶναι.
1199 4372 1470 4437 Quatenus
1515 4373 1752 4442 loquitur
1797 4389 1889 4443 per
1942 4372 2123 4427 Mosen

533 4469 751 4539 quidem
774 4481 791 4519 :
822 4484 841 4517 ‹
864 4463 931 4519 In
958 4465 1218 4535 principio
1243 4464 1368 4534 fecit
1390 4463 1531 4518 Deus
1556 4464 1745 4518 caelum
1768 4472 1819 4519 et
1843 4474 2069 4520 terram:
2098 4486 2117 4519 ι

532 4576 629 4630 per
666 4559 1014 4613 utilissimum
1043 4568 1220 4612 autem
1254 4556 1498 4612 Pastoris
1531 4556 1772 4611 librum:
1816 4575 1835 4609 ι
1876 4557 2127 4613 Primum

521 4653 774 4708 'omnium
798 4651 951 4706 crede
986 4666 1149 4703 unum
1179 4665 1292 4703 esse
1333 4647 1524 4715 Deum,
1564 4650 1654 4719 qui
1685 4649 1923 4703 condidit
1952 4651 2132 4703 omnia

524 4756 586 4803 et
625 4744 872 4812 absolvit,
915 4744 1141 4814 fecitque
1172 4752 1232 4797 ut
1274 4757 1340 4796 ex
1376 4757 1481 4795 non
1514 4750 1633 4796 ente
1655 4750 1848 4797 essent.
1885 4760 1903 4794 ι
1956 4741 2131 4808 Quem

526 4836 755 4894 Βεηιιω
776 4838 961 4893 locum
1003 4844 1153 4904 ante,
1186 4835 1254 4889 ad
1292 4833 1543 4888 eamdem
1580 4848 1697 4888 rem
1743 4832 2131 4888 demonstran-

524 4932 683 4992 dam,
715 4930 1053 5001 produxerat
1084 4925 1349 4995 Origenes
1383 4935 1532 4980 tomo
1575 4939 1594 4981 ι
1637 4925 1691 4979 in
1725 4923 2016 4981 Joannem.
2067 4923 2133 4979 Et

526 5038 665 5078 cum
700 5022 955 5079 eumdem
989 5021 1159 5076 etiam
1201 5019 1573 5089 producerent
1619 5016 1832 5081 Ariani,
1887 5018 2131 5072 Athana-

537 5115 656 5170 sius
687 5113 917 5184 epistola
954 5126 1054 5183 pro
1098 5108 1319 5165 Nicaana
1354 5108 1563 5179 synodo
1601 5126 1614 5161 :
1672 5107 1761 5160 Ἐν
1794 5107 1849 5160 δὲ
1883 5106 1960 5178 τῷ
1993 5110 2129 5161 Ποι-

531 5208 672 5278 μένι
703 5205 1012 5278 γέγραπται
1065 5202 1307 5274 (ὲπειδάν
1358 5200 1453 5255 καὶ
1504 5200 1680 5264 τοῦτο,
1735 5199 1911 5253 καίτοι
1966 5199 2039 5271 μὴ
2071 5198 2131 5252 ὃν

540 5302 605 5352 ὲκ
653 5297 748 5350 τοῦ
792 5296 1038 5360 κανόνος,
1084 5291 1463 5365 προφέρουσι)’
1526 5310 1544 5343 ι
1599 5290 1843 5360 Πρῶτον
1890 5290 2131 5343 πάντων

536 5391 897 5444 πίστευσον.
944 5405 962 5437 ι
1004 5384 1070 5439 1η
1094 5384 1324 5440 Pastore
1368 5400 1571 5454 quoque
1614 5384 1870 5452 scriptum
1906 5382 2129 5435 habetur

539 5481 817 5553 (quoniam
860 5490 910 5533 et
956 5479 1072 5543 hoc,
1119 5478 1359 5548 quamvis
1397 5494 1462 5530 ea:
1500 5492 1698 5529 canone
1729 5492 1832 5528 non
1860 5476 1952 5541 sit,
1998 5476 2130 5527 alle-

538 5575 732 5644 gant):
769 5592 787 5623 ι
827 5570 1074 5624 Primum
1107 5572 1337 5623 omnium
1370 5569 1541 5635 crede,
1576 5588 1593 5619 ι
1628 5577 1735 5622 etc.

614 5666 755 5734 Quid
804 5664 1064 5735 Didymus
1096 5663 1402 5717 Athanasio
1438 5661 1784 5732 synchronus
1827 5659 1894 5714 de
1925 5658 2127 5713 llerma

544 5761 793 5825 senserit,
822 5758 1071 5829 quamvis
1100 5757 1220 5827 ejus
1258 5755 1443 5809 omnia
1483 5754 1596 5808 fere
1640 5767 1807 5822 opera
1838 5752 2123 5822 perierint,

546 5854 793 5927 colligere
822 5851 948 5907 licet
976 5865 1042 5907 ex
1078 5848 1284 5905 Catena
1310 5849 1360 5900 in
1388 5846 1611 5912 .lobum,
1642 5845 1734 5899 ubi
1762 5844 1836 5899 ait
1862 5862 1878 5901 :
1919 5845 1975 5900 Ὀ
2005 5845 2124 5898 ἀσε-

2234 3273 2332 3313 nes
2424 3258 2775 3325 Cassianus,
2841 3258 3017 3312 sancti
3096 3252 3475 3326 Chrysostomi
3572 3250 3814 3319 discipu-

2234 3354 2341 3419 lus,
2391 3352 2575 3407 collat.
2628 3367 2764 3417 vm,
2809 3351 2977 3420 capit.
3023 3350 3085 3403 Π
3118 3369 3129 3402 :
3158 3347 3283 3401 1am
3332 3347 3471 3417 quod
3539 3344 3818 3413 unicuique

2232 3452 2474 3497 nostrum
2503 3443 2608 3495 duo
2658 3442 2957 3496 cchazreant
3012 3439 3205 3510 angeli,
3238 3439 3292 3491 id
3317 3447 3393 3491 est
3427 3436 3590 3489 bonus
3622 3444 3672 3489 et
3704 3449 3816 3485 ma-

2230 3537 2336 3601 lus,
2374 3534 2658 3605 Scriptura
2689 3543 2934 3588 testatur.
2986 3531 3064 3585 De
3122 3532 3270 3584 bonis
3308 3529 3519 3601 quidem
3550 3526 3815 3589 Salvator,

2230 3637 2362 3694 etc.,
2419 3627 2483 3679 de
2556 3626 2793 3695 utrisque
2865 3640 2985 3677 vero
3036 3623 3168 3677 liber
3216 3621 3462 3676 Pastoris
3519 3620 3819 3690 plenissimo

2230 3721 2400 3775 docet.
2435 3717 2502 3773 Et
2531 3718 2715 3772 collat.
2758 3732 2881 3783 xm,
2912 3730 3036 3785 cap.
3074 3716 3139 3768 1‘2
3169 3733 3182 3769 :
3214 3714 3473 3783 Adjacere
3507 3724 3685 3765 autem
3730 3710 3817 3762 hoc

2228 3814 2361 3867 mini
2391 3813 2447 3864 in
2488 3811 2776 3881 quamlibet
2812 3820 3017 3878 partem
3050 3808 3263 3861 arbitrii
3304 3807 3623 3871 libertatem,
3660 3805 3817 3858 etiam

2228 3906 2361 3959 liber
2383 3904 2473 3957 ille
2495 3904 2585 3973 qui
2615 3903 2815 3955 dicitur
2853 3900 3098 3955 Pastoris
3129 3899 3464 3969 apertissime
3494 3897 3664 3952 docet.
3708 3895 3817 3949 Ma-

2229 3998 2412 4053 ximus
2440 3998 2494 4049 in
2520 3994 2760 4050 Scholiis
2792 3993 2859 4046 ad
2888 3991 3133 4063 Dionysii
3172 3992 3368 4045 librum
3399 3990 3478 4044 De
3504 3990 3699 4044 divinis
3728 4005 3817 4041 no-

2229 4090 2459 4145 minibus
2484 4131 2499 4155 ,
2535 4103 2657 4157 cap.
2686 4088 2757 4141 ιε
2792 4083 3211 4155 Τελεσιουργίαν
3259 4083 3316 4137 δὲ
3363 4083 3609 4152 ἀγγέλων
3672 4082 3815 4150 λέγει

2227 4181 2301 4245 ὡς
2335 4181 2427 4233 ἐπὶ
2450 4177 2543 4231 τοῦ
2572 4176 2769 4249 Δανιὴλ
2802 4176 2893 4229 καὶ
2917 4174 3012 4227 τοῦ
3047 4174 3279 4243 ἀγγέλου
3318 4172 3412 4226 τοῦ
3460 4172 3817 4245 ἑρμηνεύσαν-

2227 4289 2318 4335 τος
2352 4271 2519 4340 αὐτῷ,
2568 4269 2661 4323 καὶ
2709 4269 2839 4341 περὶ
2875 4265 2970 4320 τοῦ
3018 4266 3285 4336 Ποιμένος
3332 4264 3425 4319 τὸν
3491 4264 3699 4335 Ἑρμᾶν
3732 4280 3816 4315 τε·

2228 4362 2571 4427 λειώσαντος,
2589 4362 2664 4425 ὼς
2684 4362 2800 4415 ἐκεῖ
2821 4359 3135 4429 ἀνέγνωμεν
3164 4361 3221 4411 ὲν
3250 4357 3329 4428 τῷ
3354 4355 3618 4425 Ποιμένι.
3649 4354 3814 4408 Porro

2227 4456 2563 4527 perfectionis
2590 4456 2921 4525 efficientiam
2951 4450 3257 4521 angelorum
3297 4457 3445 4503 vocat
3469 4488 3485 4512 ,
3518 4458 3577 4501 ut
3616 4449 3682 4501 de
3707 4446 3815 4499 Da-

2158 4549 2203 4605 D
2231 4548 2367 4603 niele
2391 4556 2441 4602 et
2470 4547 2655 4618 angelo
2683 4548 2785 4616 ipsi
2809 4547 3209 4613 interpretante,
3235 4551 3284 4595 et
3326 4542 3390 4595 de
3417 4539 3643 4594 Pastore
3674 4538 3812 4593 Her-

2235 4658 2378 4697 mam
2400 4642 2721 4711 perﬁciente,
2753 4649 2810 4693 ut
2841 4640 2912 4693 ibi
2945 4637 3167 4708 legimus
3195 4638 3254 4691 in
3282 4635 3533 4691 Pastore.
3566 4634 3635 4689 Et
3655 4634 3813 4706 paulo

2234 4744 2397 4805 post:
2428 4734 2537 4787 Kal.
2570 4734 2650 4785 ὅτι
2681 4732 2770 4786 διὰ
2820 4730 2931 4784 τῶν
2975 4728 3220 4799 ἀγγέλων
3253 4728 3310 4781 αἱ
3348 4727 3517 4798 ψυχαὶ
3548 4743 3812 4798 χειραγω-

2234 4825 2454 4895 γοῦνται
2488 4827 2543 4878 αἱ
2576 4822 2720 4895 ζωὴν
2765 4822 3064 4892 ἀγγελικὴν
3088 4820 3500 4891 ἐπιτηδεύουσαι
3527 4860 3542 4885 ,
3585 4820 3727 4874 οὕτω
3756 4818 3813 4869 ἐν

2233 4917 2313 4989 τῷ
2345 4916 2590 4987 Ποιμένι
2624 4916 2958 4986 ἀνέγνωμεν.
2999 4912 3070 4967 Et
3098 4912 3236 4984 quod
3280 4914 3474 4967 animle
3510 4913 3673 4966 vitam
3720 4926 3813 4964 an-

2235 5012 2460 5083 gelicam
2488 5011 2824 5063 instituentes
2856 5006 2921 5061 ab
2945 5007 3148 5077 angelis
3169 5005 3625 5073 manuducuntur,
3649 5006 3731 5060 ita
3758 5004 3811 5058 in

2234 5104 2464 5160 Pastore
2505 5102 2747 5172 legimus.

2304 5196 2439 5253 Cum
2467 5196 2585 5261 haec
2629 5194 2789 5249 fuerit
2826 5203 2934 5248 tam
2967 5194 3226 5261 antiqua,
3269 5199 3378 5245 tam
3419 5198 3677 5245 constans
3727 5202 3808 5240 eo—

2234 5306 2357 5346 rum
2394 5290 2487 5359 qui
2518 5291 2573 5343 in
2610 5288 2799 5344 Graaca
2838 5286 3083 5342 Ecclesia
3111 5284 3415 5340 ﬂoruerunt
3442 5285 3508 5339 de
3533 5285 3674 5339 libro
3711 5281 3813 5336 Pa-

2234 5384 2393 5437 storis
2431 5382 2735 5448 sententia;
2772 5390 3205 5435 cum-auctorem
3243 5378 3476 5447 prodant
3501 5374 3750 5431 Hermann
3790 5389 3813 5424 τι

2236 5475 2295 5529 S.
2341 5473 2513 5527 Paulo
2560 5474 2929 5537 nominatum,
2983 5486 3110 5525 cum
3158 5468 3361 5523 librum
3415 5466 3593 5537 ipsum
3625 5467 3678 5519 in
3710 5464 3805 5518 ali—

2233 5573 2437 5643 quibus
2462 5570 2711 5625 ecclesiis
2726 5568 2941 5640 publice
2965 5567 3190 5631 lectum,
3208 5565 3273 5619 ad
3291 5563 3689 5618 institutionem
3716 5572 3775 5611 ca
3794 5584 3806 5595 -

2235 5663 2688 5717 teehumenorum
2739 5677 2769 5715 a
2820 5657 3076 5714 Patribus
3123 5656 3568 5713 commendatum
3608 5663 3805 5706 memo-

2234 5764 2377 5818 rent,
2418 5769 2542 5807 cum
2585 5753 2687 5822 ipsi
2739 5760 2834 5806 aut
2867 5765 3085 5805 sacrum
3119 5758 3173 5803 et
3217 5748 3461 5802 divinum
3484 5786 3498 5811 ,
3535 5753 3628 5799 aut
3664 5746 3803 5796 certe

2236 5842 2589 5898 utilissimum
2624 5842 2825 5898 librum
2856 5839 3234 5913 pronuntient,
3277 5846 3329 5892 et
3358 5836 3481 5891 ideo
3517 5842 3720 5891 tantum
3750 5831 3797 5885 in

4024 5700 4043 5745 li

4024 5796 4043 5839 π

4036 5896 4043 5929 l

4028 5978 4043 6027 ἲ]
