4136 6414
326 445 427 496 H3

1115 446 1166 502 J.
1216 443 1583 501 PEARSONII
1624 439 1943 498 ἯΝΟΙΕΙΛΞ
1984 434 2401 494 ΙΟΝΑἹΊΑΝᾹΞ.
2441 465 2507 474 -—
2548 431 2729 487 PARS
2763 429 2807 485 Ι.

3524 423 3628 476 114

325 583 542 623 canone
602 585 720 624 non
767 569 1111 640 ponendum,
1138 570 1286 641 quod
1312 570 1379 624 de
1416 585 1483 624 eo
1509 567 1678 637 aliqui
1709 564 1929 619 dubita—
1960 582 2005 638 Α
2031 562 2117 615 nis
2149 558 2536 630 Apocalypsin,
2568 572 2708 625 quos
2738 563 2920 609 tamen
2947 550 3196 623 agnoscit
3240 549 3414 605 libros
3458 563 3488 602 a
3522 547 3631 641 ple-

326 672 474 725 rnnt,
502 677 574 715 an
606 660 877 717 credibile
906 672 989 719 est
1018 661 1388 732 Nicephorum
1412 670 1508 717 aut
1538 661 1705 715 alium
1739 673 1930 727 quem-

326 754 408 806 vis
443 753 715 809 Ecclesiae
744 754 951 810 Graeca:
995 756 1301 822 alumnum,
1331 753 1584 809 eumdem
1624 764 1683 807 ut
1729 750 1928 804 falsum

325 855 380 898 et
402 845 624 911 tictum,
657 857 720 900 ut
751 847 1004 916 pessima:
1048 856 1193 901 nota:
1236 845 1608 917 apocryphum
1655 842 1927 913 jugulare.

323 945 378 990 et
408 937 481 991 ab
518 938 676 992 omni
728 938 989 993 Ecclesiae
1037 938 1160 994 luce
1206 952 1493 992 removere
1545 933 1817 991 voluisse?
1867 932 1931 987 Et

326 1038 515 1083 tamen
546 1028 792 1085 Dalheus
816 1046 918 1101 pro
948 1039 1100 1086 certo
1139 1030 1306 1085 habet
1329 1028 1697 1100 Nicephorum
1742 1042 1927 1092 suum,

326 1116 418 1171 his
451 1119 721 1176 omnibus
753 1122 1143 1191 praetermissis
1204 1122 1321 1177 sive
1363 1119 1663 1183 damnatis.
1711 1128 1931 1175 senten-

326 1210 464 1265 tiam
504 1210 836 1267 Tertulliani
866 1221 1036 1284 atque
1068 1212 1271 1269 Gelasii
1304 1221 1554 1268 secutum
1585 1226 1727 1266 esse.

401 1303 792 1362 Tertullianus
816 1306 1117 1377 aliquando
1145 1306 1477 1372 catholicus,
1498 1304 1797 1374 aliquando
1818 1303 1930 1358 ha:-

326 1394 565 1462 reticus,
601 1405 659 1450 et
694 1395 801 1451 alia
841 1397 1139 1464 catholici,
1175 1398 1285 1455 alia
1325 1396 1570 1451 haeretici
1600 1397 1667 1451 de
1708 1394 1932 1450 Pastore

328 1490 608 1542 sententia
626 1488 748 1544 fuit.
783 1487 1007 1543 Librum
1033 1488 1111 1544 De
1139 1492 1379 1544 oratione
1415 1489 1595 1544 adhuc
1625 1488 1930 1544 catholicus

329 1579 583 1647 scripsit,
611 1578 666 1632 in
698 1594 811 1648 quo
865 1580 995 1634 dum
1050 1580 1192 1635 ritus
1246 1580 1515 1649 quosdam
1572 1579 1625 1633 in
1681 1579 1931 1633 oratione

328 1679 662 1740 usurpatos,
691 1682 953 1741 tanquam
1015 1672 1298 1727 θπθοωιοε
1344 1680 1399 1727 ει
1448 1682 1693 1737 εοωοιοε,
1726 1680 1780 1726 Ci.
1829 1688 1927 1726 CU-

326 1763 468 1816 riosi
520 1765 706 1833 potius
735 1782 901 1834 quam
930 1767 1217 1822 rationalis
1248 1766 1413 1822 cilicii
1444 1767 1781 1837 perstringit,
1816 1767 1931 1820 haec

321 1857 497 1911 habet
524 1877 539 1912 :
571 1857 722 1912 Idem
756 1860 897 1929 quod
919 1861 1197 1931 assignata
1230 1862 1469 1915 oratione
1516 1860 1787 1914 assidendi
1818 1878 1928 1913 mos

2032 652 2217 721 risque
2238 651 2630 706 ecclesiasticis
2656 648 2893 718 agnitos,
2924 645 3017 715 qui
3052 642 3394 714 apocryphos
3452 640 3632 710 pessi-

2031 760 2133 798 mae
2155 754 2299 799 notae
2322 744 2443 797 οὐδὲ
2468 746 2524 796 ὲν
2550 742 2723 805 νόθοις
2747 738 3032 810 ponendos
3064 736 3258 802 voluit,
3296 734 3440 790 Hist.
3475 734 3511 788 l.
3543 749 3627 793 ιιι.

2031 852 2080 891 c.
2116 836 2208 891 25.
2244 835 2309 891 Ει
2338 836 2453 906 ipse
2479 834 2853 890 Tertullianus
2886 832 2961 887 ita
3005 830 3221 885 videtur
3250 829 3493 898 seipsum
3532 842 3625 879 cx-

2029 931 2262 1001 plicare;
2305 946 2432 985 nam
2479 929 2662 985 statim
2725 927 2875 983 addit
2909 944 2923 981 :
2957 925 3027 978 At
3068 939 3160 994 ego
3199 922 3315 992 ejus
3370 920 3626 976 Pastoris

2030 1025 2320 1092 scripturas
2371 1022 2582 1085 haurio,
2612 1022 2704 1092 qui
2754 1036 2861 1075 non
2906 1026 3077 1087 potest
3126 1016 3327 1086 frangi,
3379 1015 3484 1069 hoc
3541 1020 3625 1066 est

2029 1131 2157 1170 vere
2178 1114 2476 1171 canonicas
2502 1154 2516 1169 .
2546 1112 2659 1169 Nec
2715 1127 2825 1167 non
2888 1110 3081 1167 eodem
3107 1108 3249 1163 libro
3276 1126 3289 1161 :
3318 1105 3391 1160 Et
3437 1106 3616 1175 utique

2030 1208 2288 1277 receptior
2310 1208 2450 1276 apud
2477 1206 2743 1261 Ecclesias
2760 1202 3003 1275 Epistola
3029 1201 3294 1257 Barnubte
3319 1200 3616 1271 apocrypha

2029 1299 2260 1355 Pastore
2297 1300 2651 1363 moechorum;
2700 1297 2931 1368 epistola
2966 1302 3149 1351 autem
3183 1293 3447 1349 Barnabas
3478 1291 3616 1348 Ter-

2030 1390 2261 1445 tulliano
2284 1390 2391 1445 alia
2418 1405 2527 1445 non
2550 1398 2634 1445 est
2657 1402 2822 1459 quam
2851 1387 2941 1440 illa
2965 1384 3026 1440 S.
3056 1383 3215 1439 Pauli
3238 1381 3307 1438 ad
3335 1381 3613 1438 Hebraeos.

2031 1482 2190 1549 Quod
2219 1481 2266 1536 si
2309 1480 2517 1552 aliquid
2575 1478 2724 1534 aliud
2775 1476 3065 1543 intellexit,
3112 1483 3166 1529 et
3211 1489 3308 1544 per
3340 1472 3537 1527 falsam
3564 1480 3617 1526 et

2032 1575 2339 1630 adulteram
2404 1573 2778 1643 scripturam,
2827 1571 3044 1624 Hermae
3100 1568 3300 1622 librum
3352 1573 3615 1634 tanquam

2031 1665 2285 1735 pessimae
2310 1674 2452 1719 notae
2490 1662 2867 1735 apocryphum
2914 1661 2984 1715 ab
3035 1659 3295 1714 omnibus
3353 1656 3618 1712 Ecclesiis

2032 1756 2205 1814 fuisse
2232 1755 2574 1809 eliminatum
2608 1753 2863 1817 voluerit,
2888 1765 2999 1805 non
3027 1748 3202 1819 magis
3238 1748 3292 1803 id
3314 1762 3504 1803 verum
3534 1753 3619 1801 est

2033 1864 2195 1917 quam
2226 1862 2349 1900 cum
2380 1862 2499 1901 eam
2530 1846 2704 1901 solam
2735 1844 2980 1899 moechos
3024 1856 3211 1897 amare
3237 1841 3315 1897 ait
3344 1849 3444 1895 :-et
3476 1854 3614 1893 con-

320 1961 401 2003 εει
444 1951 793 2019 quibusdam,
835 1968 939 2003 non
967 1953 1228 2022 perspicio
1258 1954 1515 2006 rationem
1538 1970 1557 2018 ;
1583 1953 1689 2007 nisi
1712 1953 1757 2006 si
1788 1952 1924 2005 Πην-
1957 1948 1997 2000 Β
2030 1941 2255 1995 trarium
2278 1940 2437 2010 plane
2462 1939 2837 1994 demonstrant
2856 1936 3074 2002 Irenzei,
3098 1933 3471 1991 Clementiset
3496 1930 3617 1985 0ri~

330 2056 451 2092 mas
496 2039 611 2107 ille,
661 2041 813 2110 cujus
862 2044 1133 2113 scriptura
1181 2045 1289 2113 fere
1333 2043 1529 2099 Pastor
1591 2046 1923 2109 inscribitur,

326 2141 613 2185 transacta
644 2134 885 2187 oratione
902 2150 1003 2187 non
1025 2151 1182 2203 super
1200 2136 1394 2189 lectum
1419 2135 1722 2200 assedisset,
1749 2151 1926 2188 rerum

324 2224 482 2279 aliud
512 2227 643 2295 quid
674 2229 907 2296 fecisset,
941 2229 997 2281 id
1030 2246 1233 2299 quoque
1256 2230 1325 2282 ad
1357 2228 1774 2283 observationem
1808 2230 1925 2283 vin-

316 2320 654 2373 dicaremus.
714 2318 907 2390 Utique
951 2336 1076 2375 non.
1125 2319 1451 2390 Simpliciter
1490 2322 1633 2374 enim
1683 2331 1733 2375 et
1790 2339 1927 2375 nunc

319 2415 562 2480 positum
597 2424 675 2467 est
716 2430 734 2467 :
768 2432 785 2465 ι
826 2413 962 2467 Cum
987 2413 1314 2478 adorassem,
1344 2425 1393 2469 et
1420 2416 1736 2471 asstdissem
1770 2433 1927 2485 super

319 2508 546 2573 tectum,
593 2526 613 2558 ι
650 2509 719 2560 ad
752 2507 989 2561 ordinem
1020 2509 1367 2573 narrationis,
1398 2526 1502 2565 non
1534 2508 1604 2561 ad
1638 2510 1810 2563 instar
1842 2511 1925 2563 dio

318 2599 591 2667 scip’iuaz.
620 2601 872 2671 Alioquin
903 2617 1164 2670 nusquam
1198 2602 1294 2654 erit
1326 2602 1657 2657 adorandum
1686 2604 1792 2657 nisi
1836 2605 1925 2658 ubi

321 2692 489 2760 fuerit
519 2694 711 2746 lectus.
760 2692 872 2746 Ima
905 2702 1094 2746 contra
1130 2691 1465 2761 Scripturam
1492 2696 1695 2765 fecerit,
1727 2697 1774 2751 si
1806 2699 1923 2766 quis

318 2786 377 2839 in
402 2785 661 2837 cathedra
687 2795 783 2839 aut
815 2785 1066 2839 subsellio
1095 2787 1314 2841 sederet.
1367 2784 1575 2857 Nempe
1616 2788 1755 2843 ritus
1798 2790 1925 2859 qui-

320 2876 449 2930 dam
486 2892 517 2930 a
542 2877 883 2933 Christianis
922 2878 1255 2947 quihusdam
1289 2876 1649 2935 Tertullianei
1688 2881 1787 2935 αξνί
1822 2881 1919 2934 ob-

318 2981 604 3038 servatus,
642 2973 829 3027 statim
856 2972 1009 3026 [inita
1042 2973 1292 3027 oratione
1342 2973 1599 3041 sedendi;
1628 2990 1790 3044 quem
1835 2975 1924 3028 ille

315 3072 587 3132 tanquam
650 3063 1097 3131 superstitiosum
1119 3104 1134 3129 ,
1168 3062 1538 3132 irreligiosum
1566 3105 1581 3131 ,
1619 3072 1673 3118 et
1733 3065 1921 3134 gentili

314 3154 452 3208 ritui
482 3154 701 3208 aiiinem
739 3154 1113 3223 reprehendit.
1164 3153 1350 3208 Ritum
1397 3164 1577 3210 autem
1633 3156 1813 3227 ipsum
1854 3173 1917 3212 ex

313 3248 442 3301 loco
472 3248 719 3315 quodam
757 3243 1007 3300 Pastoris
1054 3246 1197 3300 male
1243 3246 1523 3301 intellecto
1571 3257 1755 3303 ortum
1798 3264 1921 3305 esse

312 3347 498 3408 putat.
548 3336 710 3404 Quod
759 3337 911 3393 clare
944 3337 1204 3405 ostendit,
1238 3346 1448 3408 quanto
1477 3346 1593 3393 tum
1636 3339 1691 3393 in
1742 3340 1919 3409 pretio

314 3433 463 3487 liber
510 3432 603 3488 ille
638 3430 855 3487 Hermae
900 3430 1027 3497 fuit,
1062 3441 1122 3486 ut
1163 3446 1231 3485 ex
1266 3447 1333 3486 eo
1390 3432 1527 3488 ritus
1590 3432 1644 3486 in
1664 3430 1924 3487 Ecclesiaa

314 3523 677 3594 disciplinam
736 3521 1175 3578 transfundetur.
1223 3520 1345 3592 Ipse
1388 3532 1593 3589 autem,
1663 3534 1724 3578 ut
1760 3525 1919 3591 solet,

309 3627 480 3673 acute
531 3616 895 3687 respondens,
946 3631 1059 3670 non
1106 3616 1285 3686 rejicit
1330 3616 1457 3671 libri
1509 3618 1919 3683 auctoritatem,

308 3712 408 3765 sed
464 3709 735 3775 admittit,
764 3718 821 3763 et
877 3709 1043 3764 verba
1084 3708 1206 3780 ejus
1254 3710 1331 3762 ita
1381 3709 1811 3780 interpretatur,
1862 3720 1924 3765 ut

308 3802 579 3857 ostendat
612 3809 822 3855 tantum
870 3801 1120 3855 ordinem
1150 3802 1485 3858 narrationis
1515 3803 1918 3859 observandum

304 3908 459 3958 esse,
492 3907 593 3948 nec
614 3894 779 3946 ullam
807 3893 933 3948 inde
955 3893 1263 3963 disciplina:
1284 3895 1554 3950 rationem
1583 3896 1701 3948 erui
1734 3910 1916 3965 posse.

307 3981 391 4036 Ita
423 3979 811 4037 Tertullianus
842 3982 1025 4037 adhuc
1075 3985 1407 4051 catholicus,
1438 3994 1495 4039 ut
1519 3985 1830 4041 observavit
1858 3985 1915 4042 S.

305 4071 565 4131 Hilarius
591 4073 647 4127 in
661 4072 1005 4143 Matthmum,
1035 4089 1245 4131 canone
1268 4076 1302 4131 5
1328 4093 1341 4127 :
1373 4074 1688 4147 Quanquam
1713 4088 1763 4131 et
1791 4077 1915 4132 Ter-

308 4169 583 4222 tullianus
630 4167 753 4220 hinc
797 4166 919 4237 (De
967 4169 1240 4242 oratione)
1279 4169 1520 4224 volumen
1577 4172 1917 4241 aptissimum

303 4261 613 4331 scripserit,
632 4261 723 4313 sed
753 4277 1075 4331 consequens
1100 4277 1250 4316 error
1275 4262 1503 4317 hominis
1528 4262 1763 4317 detraxit
1789 4268 1917 4318 scri-

302 4357 415 4424 ptis
448 4353 822 4423 probabilibus
859 4355 1256 4407 auctoritatem.
1292 4354 1398 4409 Sed
1428 4356 1484 4408 in
1524 4354 1665 4409 libro
1706 4355 1783 4409 De
1812 4373 1912 4425 pu-

303 4448 507 4507 dicitia
534 4487 551 4511 ,
587 4445 681 4499 ubi
715 4461 887 4515 purus
913 4454 1078 4515 putus
1104 4444 1437 4501 Montanista
1465 4456 1549 4501 est
1568 4486 1582 4510 ,
1611 4458 1915 4518 contraque

303 4535 625 4590 catholicos
655 4542 918 4603 tanquam
945 4534 1239 4606 psychicos
1275 4534 1554 4605 disputat,
1588 4544 1642 4591 et
1671 4536 1760 4590 illa
1791 4553 1915 4607 quae

2032 2032 2185 2100 genis
2215 2030 2549 2085 testimonia.
2580 2028 2743 2082 Nullo
2770 2028 2933 2098 igitur
2966 2026 3133 2081 modo
3162 2024 3497 2081 credendum
3531 2033 3618 2079 est

2031 2131 2311 2176 auctorem
2338 2122 2729 2178 Stichometria:
2757 2137 2787 2175 a
2816 2132 3036 2190 recepta
3060 2119 3373 2174 Graecorum
3390 2116 3621 2170 Patrum

2031 2216 2299 2270 sententia
2334 2216 2655 2280 recessisse,
2683 2223 2739 2268 et
2789 2213 3117 2268 auctoritate
3139 2209 3459 2265 Tertulliani
3507 2209 3618 2263 hae-

2030 2308 2183 2360 retici
2240 2316 2587 2376 permotum,
2640 2305 2854 2360 Herium
2904 2303 3181 2357 Pastorem
3213 2319 3311 2373 pro
3365 2301 3618 2372 pessimae

2028 2383 2173 2453 notae
2195 2399 2509 2470 apocrypho
2536 2397 2725 2452 haberi
2755 2396 3016 2453 voluisse.

2100 2512 2180 2567 Ad
2206 2512 2484 2569 Gelasium
2522 2522 2700 2568 autem
2741 2512 2888 2582 quod
2943 2511 3175 2574 attinet,
3204 2524 3329 2564 cum
3379 2507 3617 2562 Dallaaus

2028 2607 2301 2677 utriusque
2344 2609 2573 2660 censoris
2632 2606 2860 2659 Romani
2904 2612 2953 2658 et
3007 2601 3611 2671 Constantinopolitani,

2027 2706 2075 2752 et
2106 2698 2317 2768 quidem
2362 2701 2634 2769 utriusque
2672 2713 2939 2752 summam
2990 2697 3046 2749 in
3101 2694 3341 2750 Ecclesia
3375 2692 3614 2762 dignita-

2028 2799 2131 2843 tem
2161 2807 2257 2843 suo
2282 2790 2477 2845 sarculo
2504 2790 2750 2861 gerentis,
2771 2788 3076 2843 concordem
3104 2786 3359 2857 planeque
3385 2784 3617 2854 ejusdem

2026 2882 2228 2953 generis
2265 2899 2541 2936 censuram
2585 2882 2758 2938 fuisse
2787 2882 2985 2947 tradat,
3018 2895 3187 2934 suave
3209 2879 3439 2934 omnino
3468 2894 3618 2933 som«

2025 2975 2178 3028 nium
2206 2984 2309 3028 est.
2343 2974 2479 3041 Quis
2505 2975 2655 3029 enim
2682 2973 2872 3029 credat
2906 2982 3187 3029 auctorem
3222 2970 3614 3028 Stichometrite

2025 3064 2246 3121 Graecos
2275 3064 2467 3121 Patres
2498 3065 2887 3135 injudiciode
2929 3063 3131 3119 Herma
3168 3063 3513 3129 deseruisse,
3552 3071 3613 3116 ut

2024 3156 2242 3213 Gelasio
2283 3158 2655 3223 consentiret;
2703 3156 3134 3226 eorumdemque
3172 3154 3498 3210 sententiam
3549 3154 3618 3207 de

2024 3248 2231 3321 lgnatio
2262 3252 2661 3320 postposuisse,
2689 3259 2747 3305 ut
2778 3248 3462 3319 Gelasiocontradiceret?
3491 3245 3617 3300 Vult

2026 3343 2172 3397 enim
2203 3343 2552 3397 adversarius
2577 3340 2948 3411 Nicephorum
2980 3356 3141 3396 suum
3171 3339 3432 3409 epistolas
3460 3336 3617 3408 lgna-

2029 3434 2085 3489 tii
2118 3444 2380 3506 tanquam
2402 3436 2558 3490 ﬁctas
2584 3434 2725 3489 inter
2751 3434 3067 3504 apocrypha
3100 3448 3444 3497 numerasse,
3472 3448 3616 3500 quas

2025 3527 2276 3584 Gelasius
2310 3527 2445 3596 ipse,
2485 3526 2691 3596 scripto
2740 3527 2901 3595 plane
2942 3527 3181 3595 genuino
3230 3523 3333 3592 ipsi
3386 3521 3614 3592 martyri

2024 3620 2298 3691 ascripsit,
2334 3630 2393 3675 ut
2442 3635 2511 3673 ex
2547 3619 2875 3674 testimoniis
2903 3618 3111 3673 nostris
3146 3626 3315 3687 patet.
3342 3617 3459 3673 imo
3489 3617 3615 3687 quis

2022 3712 2392 3783 Nicephorum
2428 3711 2631 3766 Gelasii
2660 3712 2993 3766 sententiam
3024 3710 3076 3763 in
3112 3710 3330 3764 decreto
3362 3716 3611 3763 secutmn

2023 3821 2148 3862 esse
2180 3804 2494 3871 aﬂirmabit,
2530 3804 2623 3874 qui
2653 3803 2785 3857 illud
2821 3803 3000 3872 ipsum
3029 3803 3311 3857 decretum
3340 3801 3555 3855 noverit
3584 3818 3614 3853 a

2022 3899 2241 3954 nemine
2270 3912 2512 3968 unquam
2559 3898 2644 3951 vel
2689 3897 2832 3951 inter
2867 3894 3095 3950 Latinos
3145 3894 3317 3949 fuisse
3364 3895 3611 3966 agnitum

2020 3998 2147 4043 ante
2176 3987 2386 4057 aliquot
2434 4003 2611 4042 annos
2654 3996 2779 4057 post
2823 3985 3113 4056 Nicephori
3147 3988 3417 4040 mortem?
3448 3984 3612 4039 Nice—

2020 4082 2227 4151 phorus
2282 4080 2596 4149 patriarcha
2648 4096 2678 4135 e
2734 4080 2873 4134 vivis
2902 4080 3139 4134 excessit
3192 4079 3339 4132 circa
3403 4094 3608 4132 annum

2018 4173 2224 4228 Christi
2252 4173 2356 4228 828
2386 4190 2399 4225 :
2432 4173 2591 4244 primi
2618 4184 2823 4237 autem,
2849 4173 3067 4241 opinor,
3098 4171 3191 4241 qui
3223 4170 3425 4225 decreti
3451 4170 3612 4226 Gela-

2018 4267 2160 4323 siani
2191 4266 2516 4327 meminisse
2541 4264 3050 4334 deprehenduntur,
3079 4271 3209 4317 sunt
3251 4261 3442 4332 Lupus
3474 4262 3611 4319 Fer-

2017 4358 2301 4425 rariensis,
2329 4357 2657 4412 Hincmarus
2700 4367 2755 4411 et
2784 4356 3043 4411 Nieolaus
3067 4372 3205 4426 papa
3242 4357 3476 4426 primus,
3500 4371 3611 4411 etr-

2018 4468 2081 4509 ca
2115 4452 2255 4507 idem
2295 4451 2517 4520 quidem
2562 4461 2780 4519 tempus
2823 4464 3052 4515 omnes;
3096 4449 3194 4503 sed
3220 4456 3275 4503 et
3314 4463 3379 4502 ex
3412 4448 3481 4511 iis
3514 4448 3607 4517 qui

2015 4544 2195 4613 primo
2243 4544 2365 4598 loco
2410 4542 2615 4597 decreti
2661 4542 2993 4597 mentionem
3039 4538 3204 4608 fecit,
3232 4548 3359 4609 post
3398 4554 3606 4593 annum

304 4629 510 4698 ipsein
550 4627 696 4682 libro
722 4627 798 4681 De
827 4628 1137 4697 paenitentia
1170 4635 1298 4682 ante
1339 4627 1624 4695 docuerat,
1656 4627 1907 4698 damnat,
1943 4658 1987 4714 ο
2017 4634 2123 4689 840
2174 4634 2418 4704 scripsit.
2473 4632 2678 4688 Mentio
2736 4632 2959 4703 quidem
3016 4632 3186 4699 hujus
3243 4630 3494 4700 opusculi
3550 4630 3607 4685 in

303 4722 469 4776 aliter
508 4720 735 4791 quidem
768 4720 1034 4791 loquitur.
1067 4718 1171 4774 Sed
1202 4720 1433 4775 cederem
1457 4720 1575 4786 tibi,
1604 4722 1651 4773 si
1674 4721 1908 4791 scriptu-

303 4833 368 4868 ra
396 4814 675 4880 Pastoris,
695 4830 813 4885 quia
840 4815 957 4868 sola
995 4815 1222 4868 moechos
1270 4823 1447 4879 amat,
1489 4814 1667 4868 divino
1697 4811 1914 4867 Instru-

305 4918 489 4962 menta
524 4907 805 4961 meruisset
832 4903 1197 4959 incidi:sinon
1212 4906 1278 4963 ab
1290 4907 1432 4964 omni
1464 4907 1688 4961 concilio
1722 4906 1909 4960 Eccle-

302 5000 734 5065 siarum,etiam
778 5008 1098 5062 vestrarum,
1141 4999 1282 5053 inter
1323 4998 1625 5069 apocrypha
1678 5008 1728 5052 et
1769 4998 1910 5067 falsa

300 5094 671 5161 judicaretur,
694 5091 946 5145 adultera
988 5099 1039 5144 et
1070 5092 1207 5160 ipsa,
1247 5098 1297 5145 et
1326 5088 1447 5143 inde
1476 5101 1702 5157 patrona
1740 5092 1911 5145 socio-

302 5205 450 5252 rum,
474 5204 506 5239 a
534 5202 645 5256 qua
665 5194 713 5238 et
746 5184 888 5238 alias
921 5184 1184 5237 initiaris.
1228 5182 1286 5236 ln
1318 5183 1406 5237 his
1432 5181 1754 5237 Tertulliani
1790 5200 1909 5237 am-

300 5282 477 5351 pullis
522 5280 640 5349 jam
688 5278 1094 5332 catholicorum
1148 5276 1398 5330 omnium
1445 5276 1620 5330 hostis
1671 5276 1824 5337 facti,
1855 5286 1909 5330 et

302 5372 570 5427 Hei-mam
597 5384 697 5441 pro
724 5369 978 5425 doctrina
1003 5368 1275 5423 catholica
1307 5368 1645 5433 accusantis,
1673 5367 1909 5423 fortasse

300 5465 447 5520 nihil
474 5464 624 5519 aliud
649 5462 924 5519 contineri
963 5461 1270 5532 putandum
1301 5470 1405 5528 est,
1429 5476 1596 5530 quam
1627 5461 1906 5517 Pastorem

300 5556 526 5611 llermze
570 5571 682 5610 non
717 5553 891 5610 fuisse
926 5569 993 5608 ex
1029 5553 1241 5624 judicio
1280 5552 1541 5608 Ecclesia:
1570 5553 1771 5608 librum
1814 5572 1907 5609 ca-

299 5650 591 5717 nonicum,
632 5648 729 5705 sed
788 5649 975 5719 potius
1026 5649 1166 5702 inter
1189 5648 1557 5718 apocryphos,
1594 5647 1648 5703 id
1678 5656 1762 5701 est
1796 5664 1903 5702 non

299 5744 605 5798 cationicos
665 5752 1059 5807 numeratum;
1104 5751 1165 5794 ut
1224 5739 1493 5794 Eusebius
1545 5742 1605 5792 ὲν
1660 5744 1777 5803 τοῖς
1822 5742 1904 5794 νό-

301 5836 419 5899 (ton;
466 5836 656 5905 posuit
690 5834 1015 5901 Pastorem,
1064 5850 1228 5902 quem
1284 5834 1399 5901 ipse
1432 5832 1785 5886 utilissimum
1841 5835 1905 5887 li-

306 5928 469 5983 brum
502 5928 901 6000 pronuntiavit,
934 5936 989 5983 et
1020 5926 1283 5983 Barnabte
1318 5926 1639 5998 Epistulam,
1665 5936 1716 5983 et
1742 5925 1900 5984 Joan-

2023 4725 2282 4780 Chronico
2308 4722 2609 4781 Centulensi
2651 4740 2685 4781 a
2709 4724 2974 4781 Dacherio
2998 4725 3166 4791 edito,
3186 4724 3281 4779 ubi
3304 4724 3447 4778 inter
3468 4723 3606 4779 alios

2013 4818 2359 4873 bibliotheca
2406 4818 2555 4874 illius
2606 4818 2842 4873 abbatis:
2889 4819 3062 4873 libros
3121 4817 3366 4888 legitur:
3406 4815 3604 4870 Gelasii

2011 4925 2163 4979 paptz
2193 4908 2257 4963 de
2286 4909 2436 4963 libris
2469 4910 2777 4978 recipiendis
2796 4919 2844 4963 et
2872 4926 2971 4963 non
3004 4908 3342 4978 recipiendis,
3376 4908 3471 4962 lib.
3517 4923 3601 4973 Ill,

2013 5017 2063 5057 c.
2097 5002 2151 5057 3.
2184 5001 2290 5057 lste
2321 5010 2507 5057 autem
2552 5001 2840 5069 catalogus
2899 5001 3186 5056 coniectus
3234 5015 3357 5055 esse
3401 4999 3605 5053 dicitur

2012 5107 2158 5146 anno
2184 5092 2310 5155 851,
2347 5093 2588 5147 triennio
2617 5100 2907 5162 postquam
2938 5088 3282 5159 Nicephorus
3307 5088 3604 5145 defunctus

2011 5194 2113 5239 est.
2165 5182 2243 5238 Ne
2307 5197 2489 5240 autem
2538 5184 2772 5238 duorum
2824 5183 3261 5253 patriarcharum
3324 5196 3602 5236 consensu

2011 5276 2242 5329 nimium
2287 5276 2389 5329 viri
2437 5274 2742 5330 doctissimi
2770 5277 3068 5345 triumphet
3108 5274 3306 5339 oratio,
3334 5275 3600 5342 quemad-

2012 5368 2235 5423 modum
2267 5370 2362 5421 uni
2394 5367 2648 5437 superius
2676 5370 2885 5422 larvam
2920 5366 3281 5431 detraximus,
3320 5367 3396 5421 ita
3434 5375 3489 5421 et
3520 5367 3601 5420 al-

2012 5462 2111 5515 teri
2141 5459 2251 5529 jam
2277 5459 2659 5514 detrahamus.

2082 5551 2369 5607 Decretum
2408 5553 2625 5622 quidem
2654 5560 2831 5607 exstat
2857 5552 2919 5606 de
2950 5552 3100 5605 libris
3136 5552 3407 5607 canonicis
3438 5550 3597 5606 eccle-

2010 5646 2248 5701 siasticis
2283 5653 2331 5699 et
2367 5647 2681 5715 apocryphis
2709 5687 2725 5712 ,
2764 5646 2908 5716 quod
2953 5661 3152 5715 magna
3200 5646 3444 5701 virorum
3489 5647 3595 5701 hu-

2005 5742 2096 5810 jus
2123 5741 2225 5794 ;evi
2272 5739 2564 5794 doctorum
2604 5740 3010 5809 conspiratione
3052 5740 3270 5795 Gelasio
3302 5739 3319 5792 I
3348 5740 3591 5809 pontiﬁci

2012 5836 2258 5887 ltomano
2292 5832 2570 5887 tribuitur.
2604 5831 2708 5886 Sed
2741 5848 2876 5887 mss.
2911 5833 3128 5888 codices
3160 5833 3455 5888 multorum
3490 5847 3590 5886 sae-

2010 5928 2256 5983 culorum
2290 5925 2344 5982 in
2387 5925 2716 5997 assignando
2765 5934 2988 5982 auctore
3027 5925 3322 5996 plurimum
3352 5923 3588 5980 variant.
