4136 6388
549 400 654 454 “5

1599 393 1657 448 S.
1707 390 2166 449 lGNATlUS'.’-—
2196 394 2728 450 PROLEGOMENA.

3721 360 3825 414 “6

553 520 970 576 \‘etustissimus
993 518 1162 572 codex
1193 516 1529 572 collectionis
1566 512 2125 587 Dionysiorumquem
2160 524 2205 578 Α
2234 518 2500 571 codicibus
2532 536 2659 572 mss.
2701 519 2879 572 omnia
2902 519 3337 574 illustrabuntur.
3381 520 3559 592 Atque
3586 522 3660 577 ita
3690 533 3824 579 tan-

553 612 817 669 heneﬁeio
871 611 1118 666 Dacherii
1169 611 1302 664 vidit
1354 610 1648 675 Baluzius,
1697 612 1973 665 decretum
2018 611 2123 664 hoc

553 705 785 759 Damaso
806 719 958 772 papas
990 704 1234 765 ascribit,
1260 714 1314 757 et
1336 703 1604 758 Baronius
1642 705 1708 757 ad
1738 718 1942 757 annum
1971 702 2126 756 Chri-

550 798 621 850 sti
649 796 738 860 69,
764 811 830 849 ex
859 794 1090 849 concilio
1126 794 1373 848 Romano
1404 795 1506 849 sub
1534 794 1788 857 Damaso,
1808 794 1954 864 quod
1988 810 2126 849 con-

550 891 686 943 tinet
710 888 1078 942 Cresconiana
1128 887 1377 942 collectio
1406 928 1421 953 ,
1453 897 1661 957 partem
1713 886 1878 955 hujus
1924 886 2126 940 decreti

549 982 704 1036 citat.
738 980 818 1036 Ex
844 997 951 1051 qua
975 981 1153 1034 obiter
1181 981 1413 1034 observo
1443 979 1607 1034 verba
1647 980 1734 1033 illa
1768 996 1781 1031 :
1814 978 2010 1033 Sancta
2049 990 2127 1031 ta-

547 1089 665 1126 men
693 1071 932 1126 Romana
962 1072 1200 1125 Ecclesia
1233 1072 1501 1125 nonnullis
1532 1071 1796 1141 synodicis
1827 1071 2127 1123 constitutis

547 1164 756 1217 ueteris
786 1162 1039 1216 Ecclesiis
1069 1162 1291 1228 prwlata
1314 1175 1412 1229 est,
1448 1164 1539 1215 sed
1587 1172 1637 1215 et
1686 1162 1980 1231 evangelica
2010 1177 2129 1214 voce

547 1252 618 1306 D.
663 1250 960 1307 Saluatoris
992 1256 1158 1307 nostri
1187 1255 1477 1321 primatum
1506 1254 1764 1319 obtinuit,
1790 1252 1893 1306 levi
1953 1261 2130 1305 muta-

547 1346 697 1401 tione
721 1386 738 1413 ,
767 1345 863 1401 sed
907 1346 1055 1414 gravi
1088 1361 1274 1399 errore
1313 1345 1366 1399 in
1419 1344 1535 1399 haec
1577 1343 1690 1413 jam
1720 1359 1841 1398 esse
1882 1353 2127 1397 mutata:

551 1438 753 1491 Sancta
786 1446 959 1490 tamen
988 1436 1227 1489 Romana
1259 1435 1501 1488 Ecclesia
1549 1436 1711 1489 nullis
1753 1438 1969 1505 synadis
2008 1453 2133 1489 con-

549 1531 753 1583 stitutis
796 1530 998 1582 caeteris
1032 1528 1282 1582 Ecclesiis
1326 1528 1551 1596 praelata
1578 1540 1672 1588 est.
1715 1530 1803 1582 sed
1833 1529 2131 1598 evangelica

550 1638 674 1674 vace
699 1620 914 1674 Domini
934 1632 981 1673 et
1012 1621 1311 1675 Saluatoris
1346 1622 1516 1673 nostri
1546 1623 1836 1689 primatum
1884 1621 2130 1673 obtinuit.

550 1713 733 1769 Codex
765 1713 1022 1769 Ecclesiae
1044 1712 1400 1783 Urgelleusis,
1432 1723 1567 1768 teste
1594 1713 1844 1780 Baluzio,
1873 1723 1927 1768 et
1946 1713 2136 1769 Juren-

554 1806 631 1861 sis
659 1817 1026 1877 pervetustus,
1060 1817 1194 1862 teste
1225 1806 1497 1870 Chiﬂetio,
1530 1808 1669 1861 idem
1718 1808 1963 1861 tribuunt
1995 1806 2132 1861 Hor-

554 1899 769 1953 misdaa.
822 1898 929 1952 Alii
969 1900 1247 1954 Gelasium
1294 1909 1572 1953 auctorem
1620 1908 1945 1967 agnoscunt,
1981 1908 2038 1951 ut
2084 1908 2136 1952 et

550 2001 781 2056 noster,
840 1992 934 2060 qui
982 1993 1035 2044 in
1089 1990 1418 2045 bibliotheca
1452 1989 1665 2059 collegii
1718 1987 1820 2042 SS.
1854 1987 2137 2043 Trinitatis

548 2082 913 2152 Cantabrigize
944 2091 1280 2145 asservatur,
1316 2098 1481 2150 quem
1514 2082 1643 2135 olim
1676 2080 2012 2150 Lanfrancus
2050 2099 2137 2133 ur-

549 2176 909 2245 chiepiscapus
962 2176 1380 2230 Cantuariensis
1431 2174 1496 2229 de
1545 2174 1792 2228 Beccensi
1821 2176 2049 2228 ccenobia
2082 2176 2135 2227 in

550 2268 830 2337 Anglicani
864 2278 1058 2321 terram
1083 2267 1278 2336 deferri
1306 2267 1453 2336 fecit,
1480 2275 1539 2320 ut
1574 2268 1688 2334 ipse
1717 2268 1977 2335 loquitur.
2006 2265 2135 2318 Inde

547 2361 816 2431 colligunt
870 2360 971 2415 viri
1026 2360 1172 2414 docti
1224 2360 1406 2429 primo
1456 2358 1760 2424 Gelasium,
1821 2358 1946 2412 dein
2005 2350 2135 2413 iero

548 2454 899 2508 llormisdam
937 2452 1079 2506 idem
1106 2452 1384 2507 decretum
1420 2452 1677 2506 edidisse.
1712 2451 1791 2505 Ad
1839 2451 2132 2505 Damasum

549 2548 695 2599 enim
729 2546 920 2600 referri
944 2546 1094 2599 nullo
1130 2546 1291 2599 modo
1337 2552 1533 2613 potest.
1567 2543 1829 2610 Quamvis
1881 2543 2136 2597 Baluzius

550 2635 845 2691 Damasum
894 2639 1122 2704 primum
1152 2637 1215 2689 de
1272 2636 1576 2704 Imjusmodi
1618 2635 1769 2688 libris
1798 2636 1999 2703 publice
2032 2652 2136 2687 sla-

555 2729 716 2782 tuisse
745 2745 764 2783 :
804 2727 922 2781 dein
952 2744 1069 2780 vero
1101 2724 1369 2781 Gelasium
1406 2726 1631 2781 Damasi
1675 2728 1938 2781 decretum
1979 2745 2134 2780 reno-

551 2836 722 2887 vasse,
749 2820 988 2887 illudque
1040 2821 1253 2874 auxisse
1291 2837 1469 2874 eorum
1522 2830 1795 2873 auctorum
1835 2821 2134 2874 nominibus

550 2913 642 2983 qui
673 2923 787 2980 post
816 2912 1107 2966 Damasum
1148 2913 1355 2978 uixere,
1400 2923 1447 2966 et
1471 2914 1608 2965 idem
1634 2928 1834 2982 quoque
1880 2911 1942 2964 de
1994 2910 2133 2964 [lor-

554 3002 728 3056 misda
751 3004 859 3057 dici
892 3020 1062 3073 posse,
1088 3012 1252 3074 atque
1281 3005 1396 3058 haec
1438 3005 1619 3057 omnia
1655 3020 1719 3058 ex
1763 3004 1934 3058 titulis
1969 3003 2135 3057 libro-

550 3108 674 3146 rum
704 3109 837 3148 mss.
878 3094 1001 3149 elici
1032 3109 1194 3163 posse
1229 3094 1556 3148 hariolatur.
1607 3094 1744 3148 Cum
1803 3102 1984 3147 autem
2030 3094 2135 3147 tale

2232 610 2355 663 dem
2388 611 2654 665 habemus
2706 611 3003 666 concilium
3052 612 3154 666 sub
3199 612 3415 669 Gelasio
3464 615 3727 683 primum,
3762 629 3817 672 et.

2227 717 2327 771 pro
2355 702 2504 757 Actis
2525 702 2742 757 concilii
2771 703 2873 757 hoc
2895 708 3191 759 decretum.

2306 793 2410 847 Sed
2442 810 2507 848 eo
2560 811 2725 861 anno,
2757 805 2852 849 aut
2905 798 3007 851 sub
3049 798 3156 851 illis
3182 799 3501 855 consulibus
3531 802 3815 857 conditum

2232 885 2402 940 fuisse
2435 888 2539 941 hoc
2583 888 2861 943 decretum
2915 889 3073 958 plane
3124 890 3443 945 incredibile
3474 901 3577 945 est.
3629 891 3817 963 Neque

2230 979 2377 1032 enim
2404 978 2496 1031 diu
2522 989 2643 1048 post
2670 978 3062 1034 Collectiouem
3096 981 3449 1036 decretorum
3495 984 3818 1052 pontificum

2232 1072 2451 1141 collegit
2477 1082 2531 1126 et
2564 1073 2734 1126 edidit
2767 1072 3061 1144 Dionysius
3092 1073 3336 1145 Exiguus
3357 1116 3373 1140 ,
3393 1085 3448 1129 et
3473 1076 3689 1131 decreta
3718 1076 3819 1131 Ge-

2231 1162 2352 1217 lasii
2382 1180 2530 1232 papze
2560 1164 2717 1218 nobis
2750 1165 2988 1230 exhibet,
3021 1167 3159 1219 inter
3179 1182 3301 1235 quae
3330 1167 3459 1221 illud
3483 1168 3549 1221 de
3572 1183 3680 1237 quo
3702 1168 3819 1235 dis,-

2235 1266 2478 1325 putatur,
2506 1259 2730 1311 minime
2758 1270 3057 1327 comparet.
3101 1260 3195 1313 Illa
3231 1270 3410 1314 tamen
3453 1262 3671 1315 decreta
3699 1277 3820 1315 mo-

2236 1360 2324 1404 uet
2348 1350 2641 1421 Dionysius
2667 1353 2768 1405 sub
2796 1352 2990 1407 iisdem
3016 1355 3337 1409 consulibus
3362 1356 3579 1410 condita
3623 1355 3820 1411 fuisse.

2235 1441 2359 1495 llaec
2391 1444 2534 1497 enim
2574 1444 2641 1497 ad
2678 1460 2867 1498 eorum
2916 1445 3261 1499 decretorum
3318 1447 3479 1501 ﬁnem
3525 1448 3760 1517 legimus
3798 1466 3814 1501 :

2236 1535 2434 1588 Datum
2466 1552 2498 1587 v
2540 1535 2672 1589 ldus
2705 1536 3047 1602 Martiarum,
3080 1539 3287 1592 Asteria
3317 1550 3365 1593 et
3390 1539 3653 1593 Praesidio
3694 1538 3817 1595 VV.

2238 1626 2345 1682 CC.
2382 1645 2514 1682 coss.
2540 1628 2916 1698 Quisquamne
2934 1642 3112 1685 autem
3144 1633 3326 1687 credet
3360 1632 3695 1704 Dionysium,
3722 1649 3822 1688 no-

2239 1719 2403 1773 minis
2432 1720 2707 1775 Gelasiani
2767 1723 2902 1777 adeo
2946 1724 3275 1789 studiosum,
3303 1725 3443 1777 inter
3480 1726 3696 1779 decreta
3748 1724 3820 1780 iis

2240 1811 2559 1866 consulibus
2582 1812 2746 1875 edita,
2766 1813 2869 1867 hoc
2898 1823 3007 1867 tam
3031 1815 3244 1869 celebre
3271 1816 3525 1870 omittere
3551 1817 3818 1882 voluisse,

2237 1917 2346 1969 quo
2395 1901 2646 1956 Gelasius
2673 1903 2982 1973 depingitur
3006 1944 3020 1967 ,
3055 1905 3385 1974 distinguens
3441 1922 3825 1975 separansque,

2235 1993 2387 2061 quasi
2414 2010 2470 2045 os
2516 1992 2750 2055 Domini,
2794 1995 3048 2046 mundum
3098 1994 3161 2047 ab
3210 1996 3512 2061 immunda,
3558 2006 3606 2049 et
3645 2013 3822 2049 secer.

2238 2101 2362 2136 nens
2395 2088 2683 2151 pretiosum
2715 2104 2744 2137 a
2786 2086 2898 2151 cili,
2935 2097 2991 2139 ut
3039 2086 3279 2156 loquitur
3310 2087 3578 2143 Baronius
3607 2092 3629 2142 ?
3671 2087 3823 2143 Pras-

2237 2186 2381 2229 terea
2406 2192 2493 2229 res
2526 2177 2639 2244 ipsa
2672 2177 2915 2230 clamitat
2957 2194 3080 2231 cum
3118 2178 3336 2232 titulum
3382 2194 3451 2233 ex
3494 2180 3823 2235 collectione

2236 2267 2482 2338 Dionysii
2519 2268 2691 2323 fuisse
2731 2270 2859 2323 huic
2882 2269 3105 2324 decreto
3136 2269 3278 2325 falso
3322 2270 3626 2340 praefixum.
3659 2271 3714 2324 lu
3746 2288 3821 2327 eo

2235 2360 2380 2415 enim
2432 2360 2705 2431 legimus:
2742 2360 2879 2414 Item
2924 2362 3234 2417 venerabilis
3282 2364 3386 2419 uiri
3427 2362 3632 2417 Sedulii
3695 2360 3821 2416 Pa-

2219 2451 2395 2506 scltale
2414 2469 2568 2521 opus,
2605 2456 2743 2523 quod
2773 2454 2995 2509 heroicis
3027 2454 3305 2523 descripsit
3333 2455 3587 2517 versibus.
3620 2457 3822 2526 insigni

2234 2546 2391 2598 laude
2422 2546 2775 2614 praeferimus.
2814 2545 3027 2611 Quibus
3064 2548 3243 2603 verbis
3272 2558 3466 2600 auctor
3502 2548 3702 2601 decreti
3735 2564 3826 2602 ce-

2236 2634 2385 2688 lebre
2432 2642 2485 2687 et
2521 2634 2867 2687 notissimum
2917 2650 3109 2703 poema
3136 2677 3150 2701 ,
3190 2646 3447 2705 tanquam
3486 2638 3822 2691 catholicum

2237 2726 2353 2779 suis
2384 2724 2645 2780 Romanis
2670 2727 3055 2781 commendare
3081 2729 3269 2782 voluit.
3300 2730 3368 2782 At
3390 2745 3528 2798 opus
3554 2728 3826 2797 Paschale

2241 2815 2451 2870 Sedulii
2480 2818 2548 2871 iis
2578 2818 2900 2871 consulibus
2930 2827 3115 2872 notum
3142 2834 3251 2873 non
3284 2819 3419 2883 fuit;
3452 2836 3576 2874 nam
3600 2820 3824 2873 Asteria

2236 2908 2456 2963 demum
2502 2910 2801 2964 cxconsule
2849 2910 3186 2980 divulgatum
3237 2921 3341 2967 est.
3390 2910 3545 2966 Unde
3614 2912 3823 2966 factum

2235 3012 2320 3055 est
2347 3012 2406 3058 ut
2427 3000 2744 3057 Gennadius
2776 3002 2982 3057 Sedulii
3014 3019 3122 3057 non
3153 3004 3463 3057 meminerit
3493 3021 3505 3055 :
3538 3005 3682 3074 quod
3718 3004 3827 3058 mi~

2237 3102 2429 3147 rantur
2460 3094 2537 3147 illi
2574 3096 2662 3163 qui
2690 3096 2849 3147 linem
2879 3095 3023 3147 libro
3072 3094 3147 3149 De
3178 3096 3521 3164 scriptoribus
3570 3095 3829 3149 ecclesia-

552 3182 837 3252 quidpiam
864 3201 1040 3255 neque
1063 3186 1129 3240 de
1165 3184 1422 3250 Damaso,
1451 3202 1625 3255 neque
1662 3185 1729 3239 de
1767 3184 2007 3249 Gelasio,
2032 3200 2131 3239 ne~
2162 3216 2206 3275 ο
2238 3187 2385 3239 sticis
2417 3185 2609 3240 eodem
2656 3201 2803 3240 anno
2850 3186 3167 3256 impositum
3199 3203 3227 3240 a
3258 3186 3540 3241 Geunadio
3590 3201 3697 3239 non
3728 3186 3828 3241 οι»

552 3293 660 3344 que
691 3277 758 3331 de
806 3276 1091 3334 Ilormisda
1138 3290 1295 3333 vetus
1348 3277 1603 3332 Ecclesia»
1640 3279 1868 3332 historia
1914 3278 2131 3343 doceat,

552 3369 685 3425 illud
719 3372 903 3439 potius
927 3388 994 3427 ex
1021 3387 1154 3426 mss.
1186 3372 1510 3426 eliciendum
1536 3382 1687 3441 puto,
1720 3371 1984 3425 incertum
2015 3371 2135 3440 pla-

554 3476 625 3515 ue
652 3459 824 3516 fuisse
854 3478 882 3515 a
927 3480 1037 3531 quo
1071 3463 1327 3531 pontiﬁce
1350 3504 1365 3528 ,
1399 3462 1511 3516 imo
1549 3478 1579 3516 a
1612 3479 1722 3532 quo
1769 3472 1992 3517 auctore
2031 3463 2135 3516 hoc

552 3554 832 3608 decretum
878 3555 1159 3609 conditum
1191 3555 1280 3608 sit.

628 3645 816 3699 Refert
844 3648 1063 3715 quidem
1089 3646 1387 3701 Gratianus
1418 3645 1694 3700 decretum
1719 3647 1824 3699 hoc
1868 3644 2131 3713 scriptum

554 3737 728 3792 fuisse
767 3754 796 3791 a
831 3737 1047 3793 Gelasio
1093 3740 1147 3792 in
1185 3739 1421 3795 concilio
1460 3756 1567 3794 Lxx
1617 3740 2024 3808 episcoporum,
2080 3746 2138 3791 ut

553 3845 704 3883 nunc
763 3830 1056 3885 Gratianus
1128 3831 1310 3885 editur
1366 3850 1379 3885 :
1430 3848 1556 3886 nam
1622 3832 1678 3884 in
1742 3830 2137 3885 vetustissimis

555 3936 697 3975 mss.
728 3921 820 3975 illa
852 3923 918 3976 de
950 3923 1187 3977 concilio
1214 3925 1614 3979 desiderantur.
1651 3922 1755 3977 Sed
1805 3939 1909 3977 ms.
1949 3931 2136 3976 noster

557 4011 823 4066 Gratiano
856 4022 909 4067 et
943 4013 1103 4068 lvone
1129 4016 1430 4085 antiquior,
1458 4016 1607 4069 hunc
1631 4015 1847 4069 titulum
1883 4014 2133 4083 prmfert:

557 4105 784 4159 Decreta
812 4106 1010 4160 Gelasii
1034 4124 1184 4175 papa:
1214 4108 1277 4161 de
1312 4108 1617 4176 recipiendis
1639 4121 1688 4162 et
1713 4126 1812 4163 non
1829 4110 2137 4177 recipiendis

560 4198 737 4253 libris.
778 4198 907 4263 Quae
939 4201 1137 4269 scripta
1183 4212 1304 4253 sunt
1344 4200 1409 4253 ab
1449 4217 1509 4254 ea
1546 4218 1665 4254 cum
1710 4217 1815 4253 Lxx
1852 4201 2142 4253 eruditissi-

562 4292 665 4345 mis
696 4291 974 4360 episcopis.
1002 4290 1338 4363 Videturque
1356 4292 1443 4347 hic
1464 4293 1654 4347 titulus
1675 4292 1847 4345 fuisse
1874 4291 2141 4360 antiquis-

570 4382 770 4448 simus,
804 4392 918 4435 tum
952 4383 1099 4452 quod
1124 4384 1265 4452 apud
1304 4383 1684 4438 Burchardum
1712 4384 1783 4436 ita
1811 4382 2137 4451 concipitur,

561 4488 677 4531 tum
705 4476 850 4545 quod
886 4478 1120 4531 maxime
1165 4478 1273 4532 illis
1304 4478 1561 4534 convenit
1585 4492 1708 4546 qua:
1738 4476 1879 4545 apud
1929 4474 2139 4544 Lupum

563 4567 996 4633 Ferrarieusem,
1026 4569 1183 4638 epist.
1218 4569 1341 4635 128,
1378 4570 1613 4641 legimus
1640 4588 1653 4624 :
1679 4569 1945 4635 Quoniam
1994 4569 2142 4623 docet
2174 4562 2223 4620 D

563 4657 804 4713 Gelasius
874 4676 993 4712 cum
1044 4676 1150 4714 ιιι
1203 4661 1493 4730 episcopis,
1549 4660 1675 4714 viris
1730 4661 2139 4727 eruditissimis,

562 4752 654 4822 qui
681 4753 958 4821 scriptores
998 4761 1167 4807 essent
1202 4753 1280 4805 vel
1304 4770 1405 4805 non
1428 4762 1596 4806 essent
1624 4753 1925 4821 recipiendi.
1962 4753 2141 4822 Aliqui

563 4852 747 4898 autem
780 4860 913 4899 mss.
944 4844 1162 4899 codices
1193 4844 1519 4899 addiderunt
1556 4844 1791 4899 concilio
1819 4844 1947 4898 huic
1978 4846 2141 4898 etiam

563 4950 699 4989 suos
729 4936 1019 5002 consules,
1067 4935 1515 5005 celebratumque
1562 4937 1903 4991 tradiderunt
1935 4937 2143 4989 Asteria

563 5026 909 5081 et'Pra’sidio
932 5043 1067 5079 coss.
1102 5025 1231 5079 Inde
1262 5024 1531 5081 Baronius
1573 5029 1627 5081 iu
1655 5028 1950 5082 Annalibus
1978 5027 2144 5082 refert

560 5129 953 5189 congregatum
1010 5116 1199 5171 Romae
1253 5119 1543 5173 concilium
1603 5136 1709 5177 Lxx
1759 5121 2139 5189 episc0porum

560 5211 1013 5268 tertioGelasiani
1038 5211 1386 5281 pontiﬁcatus
1414 5227 1580 5278 anno,
1604 5211 1818 5268 Domini
1849 5229 1977 5267 vero
2000 5213 2138 5279 494;

562 5321 687 5359 cum
725 5313 905 5360 tamen
932 5303 1140 5357 nullum
1160 5303 1279 5371 ejus
1310 5304 1363 5358 in
1393 5302 1630 5359 Historia
1654 5307 2023 5361 ecclesiastica
2050 5323 2143 5361 ex-

562 5405 671 5453 stet
699 5405 1113 5450 monumentum
1161 5407 1255 5451 aut
1292 5398 1603 5468 vestigium.
1650 5397 1943 5453 Baronium
1994 5414 2144 5454 secu-

514 5488 517 5489 ⁷
562 5499 654 5543 tus
681 5487 843 5541 estin
873 5486 1112 5542 editione
1140 5488 1501 5543 conciliorum
1537 5489 1749 5555 Binius,
1779 5500 1832 5544 et
1857 5489 2143 5559 Philippus

565 5578 840 5643 Labbeus,
871 5580 926 5634 in
955 5579 1192 5636 Historia
1221 5583 1466 5636 omnium
1492 5583 1863 5637 Conciliorum
1895 5585 2139 5654 syl10pSl.

565 5672 1040 5735 494,Ramanum
1100 5691 1116 5728 ι
1167 5676 1449 5729 concilium
1509 5677 1603 5730 sub
1670 5676 1912 5739 Gelasio,
1961 5693 2061 5746 quo
2111 5695 2143 5730 a

570 5782 679 5823 LXX
719 5768 973 5836 episcopis
1005 5767 1129 5820 libri
1165 5769 1306 5819 sacri
1334 5778 1382 5820 et
1413 5768 1706 5820 authentici
1733 5768 1796 5819 ab
1830 5769 2142 5836 apocryphis

573 5867 694 5913 sunt
724 5859 959 5926 discreti,
994 5860 1199 5913 Asteria
1238 5870 1389 5930 atque
1418 5858 1675 5913 Pra’sidia
1707 5861 2025 5913 consulibus.
2063 5860 2143 5915 Ifa‘.

2236 3285 2475 3330 servant.
2513 3275 2809 3329 Adnotatio
2838 3276 2951 3341 illa,
2982 3291 3105 3345 qua:
3136 3277 3189 3329 in
3237 3276 3406 3330 veteri
3437 3276 3561 3330 Aldi
3589 3274 3829 3335 Manutii

2234 3368 2473 3421 editione
2497 3366 2749 3423 Paschali
2781 3368 3012 3421 carmini
3048 3368 3259 3421 adnexa
3296 3376 3400 3430 est,
3424 3368 3529 3421 hoc
3568 3368 3700 3422 satis
3732 3368 3827 3421 in-

2235 3460 2421 3514 dicat:
2460 3458 2575 3512 Hoc
2593 3460 2907 3527 opusculum
2961 3477 3065 3512 non
3125 3477 3157 3512 a
3188 3458 3406 3516 Sedulio
3455 3470 3668 3512 auctore
3710 3461 3828 3513 edi-

2237 3562 2347 3605 tum
2373 3561 2470 3615 est,
2506 3552 2594 3605 sed
2625 3569 2657 3604 a
2695 3550 2886 3606 Turcia
2927 3553 3066 3622 Rufo
3110 3554 3319 3607 Asteria
3356 3551 3417 3607 V.
3444 3553 3507 3607 C.
3539 3551 3827 3606 exconsule

2236 3645 2508 3699 ordinario
2535 3656 2690 3714 atque
2728 3644 2977 3713 patricio,
3010 3645 3099 3713 qui
3130 3645 3185 3696 id
3212 3645 3350 3697 inter
3380 3648 3578 3714 scripta
3610 3642 3826 3698 Sedulii

2235 3741 2454 3793 invenit.
2491 3739 2746 3808 Idemque
2778 3739 3066 3792 conﬁrmat
3112 3738 3286 3807 ipsius
3309 3738 3509 3794 Asterii
3547 3752 3829 3792 exconsu-

2236 3835 2305 3887 lis
2340 3834 2404 3887 ad
2430 3831 2807 3885 Macedonium
2839 3832 3198 3900 epigramma,
3224 3830 3399 3884 eidem
3425 3828 3574 3899 operi
3599 3828 3652 3881 in
3677 3829 3825 3881 duo-

2237 3927 2341 3979 bus
2369 3924 2603 3979 vetustis
2648 3939 2783 3977 mss.
2812 3924 3045 3977 testibus
3074 3922 3375 3979 Sirmundo
3404 3931 3570 3991 atque
3597 3920 3835 3975 Usserio.

2239 4020 2543 4088 prazlixum.

2313 4108 2494 4175 Sume,
2527 4124 2673 4161 sacer
2702 4110 2924 4172 meritis,
2958 4107 3165 4161 veracia
3194 4106 3335 4161 dicta
3366 4117 3532 4175 poeta:
3553 4146 3571 4173 ,

2385 4200 2516 4265 Qua:
2550 4202 2662 4254 sine
2692 4202 2929 4271 ﬁgmenti
2958 4202 3175 4253 condita
3199 4209 3322 4253 sunt
3344 4200 3510 4263 vitia;

2313 4294 2429 4358 Quo
2464 4305 2602 4347 caret
2634 4294 2775 4346 alma
2799 4294 2952 4362 ﬁdes,
2989 4310 3090 4363 quo
3129 4294 3297 4347 sancti
3332 4293 3507 4363 gratia
3537 4290 3738 4344 Christi
3759 4330 3788 4358 ι

2384 4383 2490 4437 Per
2522 4402 2677 4455 quam
2703 4386 2883 4453 justus
2922 4386 2997 4437 ait
3027 4385 3157 4437 talia
3193 4383 3459 4441 Sedulius.

2314 4476 2613 4546 Asteriique
2647 4478 2722 4529 tui
2748 4494 2947 4545 semper
2974 4478 3271 4530 meminisse
3291 4476 3497 4545 jubeto,

2389 4567 2555 4635 Cujus
2593 4584 2687 4636 ope
2708 4577 2756 4619 et
2803 4583 2934 4620 cura
2961 4568 3103 4619 edita
3140 4576 3265 4619 sunt
3290 4566 3519 4635 populis.

2318 4657 2485 4723 Quem
2515 4658 2754 4728 quamvis
2787 4659 2977 4709 summi
3011 4657 3265 4711 celebrent
3294 4673 3387 4725 per
3413 4656 3611 4709 swcula
3650 4656 3833 4724 fasti,

2386 4749 2517 4803 Plus
2545 4761 2719 4803 tamen
2745 4748 2812 4801 ad
2840 4750 3086 4801 meritum
3111 4759 3210 4814 est,
3251 4750 3298 4801 si
3322 4749 3457 4817 viget
3482 4764 3568 4800 ore
3601 4757 3712 4800 tua.

2314 4841 2451 4896 Cum
2482 4841 2645 4911 igitur
2684 4839 2933 4895 Asterius
2981 4841 3175 4894 consul
3204 4840 3432 4902 fuisset,
3464 4853 3588 4892 cum
3618 4852 3827 4892 nomen

2244 4932 2365 5001 ejus
2398 4932 2452 4983 in
2490 4929 2667 4984 Fastis
2692 4940 2874 4994 esset,
2910 4938 3039 4983 tunc
3071 4930 3306 4998 primum
3344 4929 3513 4982 edidit
3556 4927 3831 4982 Paschale

2244 5041 2383 5094 opus
2400 5023 2639 5087 Sedulii;
2659 5039 2765 5076 non
2790 5023 2965 5091 potuit
2980 5023 3144 5093 igitur
3160 5039 3188 5076 a
3205 5022 3424 5077 Gelasio
3450 5037 3595 5076 anno
3617 5020 3830 5082 Christi

2243 5116 2371 5180 494,
2402 5114 2618 5169 Asterio
2652 5123 2708 5168 et
2728 5114 2993 5169 Praesidio
3023 5130 3167 5168 coss.
3203 5124 3489 5183 tantopere
3522 5114 3820 5171 celebrari.

2245 5205 2394 5261 Vidit
2422 5208 2534 5260 haec
2551 5207 2905 5261 acutissimus
2931 5207 3210 5271 Usserius,
3236 5216 3288 5261 et
3317 5206 3533 5260 Binium
3556 5208 3829 5277 perstrin.

2245 5318 2378 5372 gens
2431 5302 2578 5370 quod
2630 5300 2933 5355 Romanam
2981 5318 3084 5354 Lxx
3129 5302 3512 5370 episcoporum
3552 5304 3823 5374 synodum

2244 5396 2312 5449 ad
2362 5410 2487 5448 eum
2540 5410 2743 5447 annum
2778 5395 2986 5463 absque
3029 5395 3140 5447 ullo
3168 5402 3412 5449 veterum
3444 5396 3531 5449 vel
3571 5396 3824 5451 codicum

2244 5488 2328 5543 vel
2383 5497 2669 5541 auctorum
2704 5488 3020 5543 testimonio
3076 5487 3353 5541 retulissJ
3376 5530 3389 5553 ,
3426 5488 3545 5557 ipse
3576 5490 3640 5541 ad
3670 5489 3827 5542 bien-

2246 5584 2398 5638 nium
2433 5582 2782 5650 pontilicatus
2808 5582 3083 5635 Gelasiani
3110 5582 3290 5635 adhuc
3318 5583 3591 5651 reliquum
3625 5581 3823 5637 coniu-

2246 5675 2343 5743 git.
2371 5673 2524 5741 Cum,
2560 5675 2755 5743 inquit,
2786 5684 2900 5742 post
2926 5673 3192 5726 biennium
3216 5689 3241 5725 e
3265 5674 3373 5725 vita
3404 5675 3829 5743 excesseritpan-

2250 5766 2381 5835 tifex
2408 5764 2673 5830 Gelasius,
2725 5767 2869 5817 intra
2910 5765 3045 5817 illud
3077 5766 3324 5834 temporis
3366 5767 3601 5835 spatium
3629 5777 3824 5835 putan-

2250 5862 2373 5914 dum
2409 5868 2482 5913 cst
2518 5871 2563 5912 ct
2609 5858 2813 5914 Sedulii
2845 5875 3007 5929 nuper
3040 5859 3274 5929 defuncti
3308 5857 3567 5914 Prisc/tale
3611 5876 3821 5915 carmen
