4136 6456
376 404 469 455 ΗἾ

1158 413 1208 467 J.
1254 380 1617 471 psansoNu
1656 415 1975 471 vmmcm
2017 415 2437 471 tenariam.
2476 447 2546 458 —
2580 416 2759 474 rans
2800 416 2841 471 ι.

3546 421 3649 476 H8

371 532 432 576 at:
460 530 674 581 Asteria
716 534 1043 587 recensitum
1065 545 1220 606 atque
1246 536 1556 592 Macedonio
1587 540 1757 592 adhuc
1788 555 1971 608 super-
2002 554 2048 611 Α
2075 537 2229 591 cibus
2252 538 2575 609 simpliciter
2610 539 2821 608 legatur
2849 558 2861 593 :
2893 538 3019 593 Post
3044 540 3376 608 propheticas
3408 550 3459 595 et
3492 519 3656 595 evan;

372 620 485 671 stiti
513 621 697 674 denuo
723 624 1004 689 oblatum,
1038 638 1089 680 et
1128 627 1427 683 Romanum
1465 630 1601 684 illud
1632 648 1736 685 Lxx
1764 632 1965 701 episco-

371 729 556 777 porum
594 715 692 768 sub
730 714 948 772 Gelasio
968 720 1209 774 habitum
1233 722 1398 789 fuisse
1418 723 1725 787 concilium,
1750 725 1839 793 qui
1869 741 1967 776 nu-

370 807 594 869 perrime
646 808 930 879 divulgato
988 813 1133 880 operi
1163 813 1481 881 praeclarum
1522 814 1779 867 dederunt
1822 816 1966 868 testi-

372 899 632 953 monium.
671 900 737 955 Et
770 911 919 958 certe
954 903 1027 958 ita
1051 904 1345 971 putandum
1368 914 1539 974 esset,
1573 907 1620 960 si
1659 915 1808 961 certo
1834 922 1968 961 eon-

371 998 540 1043 staret
589 1005 621 1043 a
655 989 880 1045 Gelasio
915 1000 971 1046 et
1004 994 1216 1063 synodo
1250 994 1372 1064 ejus
1405 997 1510 1050 hoc
1545 997 1819 1051 decretum
1847 997 1955 1051 edi-

370 1088 482 1132 tum
528 1079 748 1148 fuisse;
800 1091 858 1137 at
910 1084 1017 1139 hoc
1065 1100 1176 1140 non
1215 1088 1391 1158 magis
1440 1089 1754 1157 posteriori,
1798 1106 1963 1159 quam

369 1172 544 1247 priori
594 1173 827 1230 biennio
859 1179 1152 1247 competit;
1186 1194 1315 1233 nam
1351 1195 1500 1246 ecce,
1534 1196 1679 1235 anno
1715 1183 1965 1251 proximo

368 1266 487 1319 sive
526 1266 699 1335 hujus
724 1267 935 1322 biennii
968 1270 1147 1339 primo
1169 1313 1183 1337 ,
1210 1272 1314 1326 sub
1343 1270 1569 1327 Viatore
1608 1274 1831 1328 consule
1858 1274 1963 1329 alia

370 1356 619 1425 synodus
656 1373 686 1412 a
716 1357 936 1414 Gelasio
972 1359 1162 1416 Romae
1202 1372 1534 1432 congregata
1562 1375 1647 1420 est
1679 1366 1964 1435 episcopo-

368 1462 489 1500 rum
529 1462 643 1501 non
681 1462 789 1502 ιιι
823 1450 1041 1519 quidem
1068 1492 1084 1517 ,
1126 1453 1220 1507 sed
1268 1468 1352 1507 ιν.
1389 1452 1563 1523 Hujus
1602 1456 1793 1526 synodi
1829 1458 1963 1512 Acta

369 1548 631 1603 exstant;
664 1554 767 1592 nec
798 1540 854 1593 in
887 1540 959 1595 iis
981 1541 1150 1595 ullum
1182 1542 1411 1612 hujusce
1435 1544 1638 1598 decreti
1673 1546 1960 1616 vestigium

369 1639 621 1698 apparet.
674 1630 969 1687 Postremo
1024 1632 1228 1689 Gelasii
1279 1650 1423 1689 anno
1477 1636 1721 1705 synodus
1774 1638 1959 1702 nulla,

368 1732 644 1791 quantum
678 1726 939 1781 novimus
963 1765 979 1790 ,
1016 1736 1207 1781 coacta
1234 1736 1315 1782 est
1342 1746 1355 1794 ;
1384 1736 1444 1780 ut
1480 1743 1509 1781 a
1546 1728 1754 1800 synodo
1780 1729 1961 1799 aliqua

368 1814 666 1869 Gelasiana
701 1816 910 1869 editum
943 1814 1115 1871 fuisse
1148 1817 1255 1872 hoc
1283 1817 1558 1872 decretum
1587 1820 1748 1889 plane
1786 1820 1962 1874 incre-

2070 630 2271 699 gelicas
2322 641 2476 701 atque
2529 618 3233 700 apostolicasScripturas.
3262 629 3441 687 Verba
3483 620 3657 703 igitur.

2068 722 2183 788 illa,
2203 722 2297 776 has
2315 739 2514 789 omnes,
2539 731 2592 777 et
2611 763 2627 789 ,
2660 738 2791 792 quas
2816 724 3057 792 superius
3077 724 3520 793 deprompsimus,
3551 740 3649 794 pa-

2066 811 2176 866 lam
2208 814 2415 869 inserta
2450 822 2610 882 sunt,
2636 823 2696 869 ut
2727 815 2967 869 ordinem
3000 830 3125 870 cum
3164 816 3387 871 decreto
3415 817 3648 886 conjun-

2068 914 2274 976 gerent.
2325 905 2481 972 Quod
2528 916 2581 961 et
2627 915 2815 977 postea
2858 922 3053 963 rursus
3106 905 3312 961 factum
3357 916 3480 962 est:
3517 924 3646 961 nam

2072 1013 2173 1067 pro
2204 998 2333 1065 illis,
2370 999 2687 1069 regulariter
2709 999 3056 1068 suscepimus,
3090 999 3406 1064 substituit,
3433 1007 3648 1070 regula-

2067 1094 2199 1147 riter
2225 1094 2466 1162 superius
2489 1092 2929 1147 enumeravimus.
2966 1090 3079 1148 Nec
3115 1094 3280 1165 igitur
3310 1093 3366 1147 in
3398 1092 3606 1164 synodo
3628 1133 3643 1158 ,

2067 1200 2169 1240 nec
2198 1201 2440 1256 unquam
2463 1184 2741 1241 Gelasium
2766 1199 2961 1253 papam
2980 1185 3086 1240 hoc
3106 1186 3387 1240 decretum
3406 1184 3644 1240 edidisse

2068 1278 2365 1333 verisimile
2390 1286 2491 1333 est.

2136 1369 2272 1424 Nam
2297 1371 2475 1440 primo
2503 1380 2694 1427 auctor
2709 1372 2914 1428 decreti
2939 1371 3081 1425 male
3104 1370 3170 1425 de
3187 1370 3423 1426 Eusebio
3447 1372 3641 1434 sensit,

2065 1463 2209 1518 unde
2232 1461 2322 1517 illa
2359 1482 2372 1517 :
2410 1461 2661 1523 Historia
2714 1462 2939 1521 Eusebii
2988 1461 3256 1533 Pamphili
3303 1462 3640 1531 apocrypha;

2064 1553 2303 1610 ostendit
2333 1562 2514 1609 autem
2543 1564 2596 1610 et
2621 1556 2757 1624 ipse,
2789 1570 2964 1626 quare
2988 1554 3357 1625 apocrypham
3390 1554 3642 1607 nomina-

2064 1646 2161 1711 vit,
2195 1649 2540 1717 nempequia
2579 1648 2634 1701 in
2676 1649 2846 1718 primo
2887 1647 3216 1701 narrationis
3250 1663 3361 1701 sua:
3402 1646 3538 1700 libro
3564 1657 3640 1700 te-

2063 1739 2197 1808 puit,
2224 1739 2275 1792 id
2306 1747 2390 1793 est
2413 1740 2553 1794 male
2578 1739 2645 1794 de
2683 1751 2876 1795 natura
2914 1738 3119 1795 Christi
3152 1738 3411 1809 scripsit:
3448 1754 3641 1792 nume-

2064 1830 2207 1884 ravit
2234 1830 2418 1899 itaque
2449 1830 2745 1885 Eusebium
2783 1833 2924 1885 inter
2947 1830 3205 1885 Arianos.
3232 1830 3302 1884 At
3339 1845 3505 1885 verus
3528 1828 3638 1884 Ge-

368 1907 541 1961 dibile
575 1908 671 1962 sit.
709 1906 974 1964 Nicolaus
1023 1909 1248 1979 quidem
1293 1909 1360 1965 de
1380 1909 1524 1965 Cusa
1567 1910 1640 1964 De
1677 1912 1960 1966 concordia
1994 1902 2035 1958 Β
2064 1919 2234 1974 Iasius
2256 1921 2415 1975 aliter
2442 1920 2508 1977 de
2537 1920 2774 1976 Eusebio
2796 1922 2966 1976 sensit
2990 1940 3004 1983 ;
3030 1920 3208 1991 ipsum
3241 1920 3297 1974 in
3327 1919 3632 1975 catholico-

368 2002 663 2067 catholica,
689 2002 787 2057 lib.
815 2019 878 2070 ιι,
911 2018 960 2057 c.
988 2002 1077 2069 ll,
1106 2002 1223 2057 hcec
1263 2017 1326 2056 ex
1370 2003 1605 2058 concilio
1654 2002 1917 2058 Toletano
1941 2048 1954 2070 ,

369 2108 621 2166 tempore
654 2096 960 2168 Sysevandi
996 2098 1141 2167 regis
1172 2097 1464 2163 celebrato,
1494 2113 1593 2167 cap
1650 2099 1738 2164 l7,
1780 2099 1910 2153 citat
1942 2117 1953 2153 :

367 2188 727 2258 Apocalypsis
766 2188 964 2241 librum
1010 2189 1302 2242 multorum
1346 2190 1692 2243 conciliorum
1731 2192 1959 2244 auctori-

368 2291 476 2343 tas,
512 2289 563 2333 et
590 2280 849 2350 synodica
882 2264 985 2335 SS.
1017 2279 1379 2334 Romanorum
1417 2281 1705 2350 prwsulum
1749 2289 1957 2337 decreta

364 2372 598 2426 Joannis
638 2370 978 2441 evangelista:
1042 2388 1153 2426 esse
1191 2371 1492 2433 describunt
1524 2414 1538 2440 ,
1574 2385 1623 2428 et
1657 2375 1794 2429 inter
1828 2375 1959 2429 divi-

367 2483 461 2519 nos
494 2464 664 2519 libros
694 2464 1119 2518 constituendum
1142 2464 1566 2538 decreuerunt,et
1584 2467 1709 2521 inde
1725 2468 1951 2539 colligit,

369 2557 831 2626 approbationem
884 2555 1178 2625 librorum,
1225 2573 1345 2627 quae
1371 2557 1589 2614 Gelasio
1612 2576 1765 2631 papa:
1785 2561 1956 2617 ascri-

365 2647 538 2711 bitur,
595 2645 771 2701 fuisse
826 2647 1167 2717 synodicam.
1212 2646 1318 2702 Sed
1353 2647 1457 2703 hoc
1494 2649 1540 2703 si
1585 2650 1804 2705 aliunde
1843 2667 1953 2706 non

366 2746 609 2802 Constet,
664 2746 814 2792 certe
873 2738 1004 2793 hinc
1057 2747 1314 2793 constare
1364 2755 1472 2794 non
1508 2751 1707 2810 potest.
1752 2742 1954 2797 Gelasii

366 2832 515 2884 enim
543 2846 658 2883 non
693 2829 967 2896 meminit,
1001 2839 1055 2883 et
1076 2830 1169 2883 alii
1201 2831 1484 2899 pontiﬁces
1519 2831 1753 2887 Romani
1783 2848 1954 2887 cano-

368 2938 492 2976 nem
524 2922 838 2987 ediderant,
868 2922 1136 2991 quoliber
1162 2922 1569 2994 Apocalypscos
1586 2924 1951 2993 reciperetur:

365 3027 418 3069 et
446 3016 737 3070 decretum
769 3016 877 3070 hoc
909 3015 1060 3069 illius
1099 3016 1317 3078 concilii
1347 3025 1590 3085 tempore
1618 3024 1833 3072 exstare
1858 3032 1956 3087 po-

368 3112 493 3175 tuit,
528 3108 616 3161 vel
648 3108 755 3162 sub
790 3106 993 3162 Gelasii
1025 3108 1113 3162 vel
1140 3109 1243 3163 sub
1271 3109 1499 3164 alterius
1541 3110 1815 3179 pontiﬁcis
1856 3126 1956 3166 no-

364 3201 539 3262 mine,
576 3216 705 3253 nam
731 3198 1029 3255 concilium
1058 3200 1192 3255 illud
1233 3202 1566 3256 celebratum
1590 3211 1675 3258 est
1702 3203 1953 3273 pluribus

364 3308 532 3361 quam
561 3292 667 3345 ΗΟ
702 3293 864 3347 annis
894 3300 1019 3361 post
1047 3302 1279 3347 mortem
1305 3294 1526 3362 Gelasii,
1554 3311 1631 3351 se.
1667 3311 1722 3357 a.
1750 3296 1817 3351 D.
1850 3297 1957 3353 635

365 3403 481 3443 non
506 3387 640 3453 582,
670 3398 731 3443 ut
767 3388 939 3443 voluit
968 3389 1244 3444 Cusanus.
1290 3386 1387 3443 lllo
1427 3400 1608 3445 autem
1642 3408 1761 3447 aevo
1789 3408 1958 3447 cano-

364 3496 493 3535 nem
530 3480 950 3549 Scripturarum
986 3481 1091 3538 sub
1114 3482 1337 3536 nomine
1365 3481 1569 3536 Gelasii
1608 3498 1763 3554 papa:
1788 3486 1958 3540 exsti-

365 3572 500 3626 tisse
534 3587 643 3626 non
687 3582 772 3627 est
812 3573 1131 3628 verisimile.
1182 3571 1440 3628 Nicolaus
1494 3575 1640 3629 enim
1691 3592 1867 3645 papa,
1901 3578 1954 3631 in

363 3665 605 3734 epistola
638 3665 706 3718 ad
735 3665 1184 3735 archiepiscopus
1215 3676 1269 3719 et
1299 3667 1590 3736 episcopos
1628 3684 1723 3737 per
1751 3668 1956 3724 Gallias

361 3756 744 3820 constitutos,
799 3756 1028 3809 canonis
1073 3753 1377 3809 Innocentii
1425 3763 1638 3810 tantum
1672 3756 1953 3823 meminit,

361 3863 477 3900 non
512 3856 700 3901 autem
728 3847 933 3902 Gelasii
953 3889 966 3913 ,
1021 3847 1277 3916 quamvis
1308 3849 1361 3901 in
1390 3848 1579 3902 eadem
1608 3848 1835 3917 epistola
1864 3848 1957 3903 de-

359 3938 501 3991 creti
530 3936 815 3991 Gelasiani
842 3936 1175 3990 meminerit.
1212 3935 1315 3991 Sed
1342 3939 1648 4005 responsuri
1674 3948 1798 3991 sunt
1830 3939 1953 4003 isti,

361 4030 570 4099 inquit,
605 4030 695 4099 qui
737 4045 840 4081 non
872 4029 941 4080 ad
983 4028 1327 4082 obediendum
1375 4031 1552 4099 potius
1581 4047 1737 4099 quam
1776 4030 1845 4083 ad
1877 4047 1958 4084 re-

360 4121 670 4175 sistendum
717 4128 841 4173 sunt
872 4120 1077 4188 parati,
1128 4120 1326 4173 aientes
1353 4161 1367 4187 ,
1402 4121 1540 4190 quod
1564 4122 1703 4173 inter
1730 4138 1954 4176 canones

358 4213 674 4268 inveniatur
709 4212 1001 4280 capitulum
1038 4211 1097 4267 S.
1132 4230 1283 4283 papte
1323 4212 1658 4279 Innocentii;
1683 4215 1832 4283 cujus
1861 4233 1956 4269 an-

358 4306 619 4360 ttoritate
667 4306 922 4358 doceatur
954 4323 986 4357 a
1032 4304 1182 4359 nobis
1234 4314 1513 4376 utrumque
1562 4306 1954 4361 Testamentum

360 4414 477 4451 esse
517 4397 898 4466 recipiendum,
933 4413 1232 4467 quanquam
1274 4398 1327 4451 in
1374 4399 1503 4466 ipsis
1534 4400 1770 4467 paternis
1796 4416 1955 4453 cano-

360 4490 521 4541 nibus
574 4488 783 4542 nullum
835 4504 1017 4541 eorum
1045 4503 1111 4541 ea:
1146 4497 1253 4542 toto
1294 4490 1635 4543 contineatur
1672 4492 1951 4545 insertum.

2062 2026 2183 2064 rum
2214 2010 2439 2066 Patrum
2492 2028 2722 2068 numero
2767 2012 2988 2081 posuit;
3024 2012 3171 2066 illius
3216 2011 3529 2067 testimonia
3569 2010 3637 2065 ad

2061 2104 2489 2160 conﬁrmandam
2543 2104 2804 2160 Ecclesiae
2841 2106 2908 2159 de
2953 2104 3169 2158 duabus
3197 2103 3408 2157 naturis
3429 2102 3629 2156 Christi

2059 2195 2363 2248 doctrinam
2408 2195 2649 2249 adhibet.
2680 2196 2886 2249 Auctor
2918 2194 3079 2261 igitur
3104 2192 3307 2248 decreti
3340 2208 3501 2247 verus
3530 2191 3632 2247 Ge-

2060 2285 2230 2339 lasius
2264 2299 2388 2338 esse
2438 2300 2546 2338 non
2574 2284 2811 2339 videtur.
2845 2281 3031 2353 Neque
3065 2283 3156 2336 illa
3185 2281 3421 2337 Chiﬁetii
3447 2282 3632 2336 conci-

2057 2377 2209 2432 liatio
2251 2376 2585 2431 admittenda
2629 2388 2733 2443 est,
2781 2377 2927 2447 quod
2975 2372 3228 2429 Historia:
3261 2365 3646 2423 ecclesiastica

2060 2471 2219 2525 libros
2262 2479 2470 2525 tantum
2512 2472 2658 2525 dicat
2694 2472 2747 2524 in
2781 2471 2999 2525 decreto
3032 2485 3136 2521 non
3174 2483 3286 2521 esse
3342 2482 3635 2538 usquequa-

2057 2578 2155 2632 que
2181 2562 2503 2626 renuendos;
2536 2562 2650 2631 ipse
2669 2562 2814 2616 enim
2860 2562 3061 2630 pariter
3079 2574 3136 2613 se
3148 2558 3401 2628 explicat,
3424 2565 3637 2626 propter

2059 2667 2236 2704 rerum
2264 2661 2439 2705 tamen
2464 2651 2819 2720 singularium
2860 2649 3159 2712 scientiam,
3182 2663 3299 2719 qua:
3332 2646 3400 2700 ad
3431 2649 3636 2700 instru-

2058 2743 2284 2797 ctionem
2340 2744 2624 2812 pertinent,
2682 2743 2927 2807 scilicet,
2980 2740 3292 2796 renuendos
3353 2754 3464 2793 non
3514 2753 3637 2793 esse

2058 2850 2486 2905 usquequaque;
2539 2836 2605 2890 ad
2634 2834 3109 2891 conﬁrmationem
3153 2841 3335 2888 autem
3371 2832 3638 2888 doctrinae

2058 2925 2365 2993 catholicae,
2395 2925 2702 2995 praesertim
2733 2925 2798 2979 de
2821 2931 3019 2978 natura
3042 2921 3267 2987 Christi,
3291 2936 3416 2976 cum
3443 2928 3497 2975 et
3520 2920 3636 2988 ipse

2057 3016 2323 3071 erraverit
2355 3018 2409 3072 in
2442 3017 2549 3072 hac
2571 3018 2689 3086 ipsa
2708 3031 2802 3082 re,
2827 3023 2881 3071 et
2901 3013 3189 3085 Origenem
3216 3022 3496 3083 tantopere
3517 3013 3639 3065 lau-

2058 3109 2289 3176 daverit,
2335 3107 2702 3164 adhibendam
2745 3123 2867 3163 esse
2894 3106 3274 3162 auctoritatem
3322 3104 3549 3159 Eusebii
3569 3120 3636 3157 ex

2059 3216 2393 3270 quocunque
2444 3201 2586 3255 libro
2648 3200 3025 3269 depromptam
3083 3188 3367 3268 nunquam
3426 3196 3637 3266 putavit

2062 3305 2253 3348 auctor
2279 3293 2502 3349 decreti.

2129 3385 2393 3440 Praeterea
2427 3386 2482 3439 in
2505 3386 2611 3441 hoc
2636 3385 2855 3441 decreto
2883 3384 3028 3440 hanc
3059 3399 3348 3440 censuram
3381 3384 3633 3453 legimus,

2061 3476 2218 3529 Liber
2241 3476 2330 3547 qui
2370 3476 2675 3545 appellatur
2728 3475 2968 3530 Canones
3006 3475 3368 3545 apostolorum
3410 3490 3623 3545 apocry-

2059 3567 2212 3635 p/zns,
2242 3583 2407 3637 quam
2428 3567 2649 3622 Gelasio
2682 3582 2833 3637 papze
2856 3567 3201 3621 tribuendam
3242 3566 3468 3619 minime
3514 3580 3634 3620 esse

2059 3660 2228 3713 multa
2264 3661 2517 3714 suadent.
2544 3657 2679 3713 Nam
2705 3659 2999 3730 Dionysius
3024 3658 3291 3729 Exiguus,
3325 3657 3418 3727 qui
3455 3667 3633 3711 tanto-

2059 3767 2187 3823 pere
2210 3751 2488 3807 Gelasium
2519 3751 2821 3805 admiratus
2853 3761 2957 3817 est,
2981 3760 3107 3821 post
3132 3760 3239 3805 tam
3269 3765 3488 3819 gravem
3517 3749 3634 3819 ejus

2059 3856 2380 3907 censuram,
2417 3856 2695 3911 nunquam
2741 3841 2995 3896 Canones
3046 3842 3415 3911 apostolorum
3469 3840 3629 3895 inter-

2058 3932 2284 4004 pretari,
2319 3942 2371 3988 et
2415 3934 2645 4003 reliquis
2680 3933 2994 3989 canonibus
3028 3933 3311 4005 praeﬁgere
3336 3933 3631 3988 voluisset:

2058 4041 2337 4096 nunquam
2372 4026 2427 4080 in
2468 4025 2787 4096 praefatione
2828 4026 3011 4095 operis
3035 4026 3144 4093 sui,
3176 4026 3264 4081 his
3293 4026 3476 4080 verbis
3502 4040 3633 4082 usus

2057 4116 2293 4173 fuisset:
2329 4117 2396 4171 In
2436 4118 2697 4188 principio
2753 4119 2931 4189 itaque
2977 4117 3257 4183 Canones,
3313 4119 3405 4189 qui
3446 4118 3630 4172 dicun~

2060 4219 2146 4263 tur
2173 4209 2551 4279 apostolorum,
2581 4212 2643 4265 de
2669 4210 3273 4275 ercotranstulimus;
3296 4210 3483 4279 quibus
3507 4211 3633 4281 quia

2056 4308 2274 4376 plurimi
2314 4324 2621 4361 consensum
2651 4324 2753 4361 non
2771 4308 3042 4375 prwbuere
3067 4306 3304 4377 facilem,
3334 4307 3430 4360 hoc
3459 4308 3632 4376 ipsum

2057 4408 2285 4453 restrain
2346 4400 2613 4454 noluimus
2662 4402 2906 4470 ignorare
2960 4401 3337 4465 sanctitatem;
3395 4401 3632 4469 quamvis

2056 4501 2239 4562 postea
2278 4491 2523 4561 quantum
2557 4492 2847 4545 constituta
2889 4492 3198 4561 pontiﬁcum
3231 4509 3296 4547 ea:
3320 4493 3451 4561 ipsis
3474 4474 3628 4545 cano:

360 4582 585 4648 Quibus
615 4581 799 4635 verbis
832 4583 907 4635 uti
936 4591 1084 4652 patet
1116 4581 1311 4635 canoni
1349 4582 1567 4636 concilii
1613 4582 1908 4638 Laodiceni
1935 4626 1949 4645 ,
1985 4597 2027 4651 1)
2056 4585 2208 4637 nibus
2254 4592 2527 4652 assumpta
2577 4600 2686 4637 esse
2736 4583 3038 4637 videantur.
3085 4584 3166 4637 An
3222 4592 3335 4638 tam
3364 4583 3474 4638 leni
3504 4597 3639 4639 cen-

360 4688 422 4734 ut
446 4676 593 4746 apud
625 4676 851 4730 Latinos
883 4677 1205 4741 habebatur,
1226 4676 1397 4731 libros
1429 4676 1484 4729 S.
1515 4675 1811 4746 Scriptura:
1839 4693 1947 4731 non

362 4767 544 4823 fuisse
578 4766 819 4833 additos,
850 4776 943 4822 aut
975 4766 1344 4837 Apocalypsin
1384 4768 1525 4822 inter
1553 4783 1661 4822 eos,
1692 4785 1950 4824 numera-

362 4872 475 4915 tam
512 4876 621 4914 non
658 4858 830 4914 fuisse
865 4876 881 4914 :
914 4859 988 4915 ita
1041 4861 1209 4913 etiam
1242 4860 1461 4914 eosdem
1511 4860 1564 4915 iu
1589 4861 1808 4917 decreto
1846 4862 1951 4917 hoc

360 4952 572 5009 Gelasii
598 4968 707 5006 non
735 4950 905 5007 fuisse
922 4960 1241 5007 numeratos
1259 4965 1511 5011 conStare
1538 4952 1768 5006 videtur.
1794 4952 1952 5008 Certe

358 5047 456 5103 lvo
470 5045 831 5101 Carnotensis
846 5045 899 5098 in
915 5046 1136 5100 decreto
1150 5044 1397 5100 ordinem
1426 5045 1691 5099 librorum
1720 5044 1777 5099 S.
1804 5045 1951 5099 Scri-

359 5145 565 5207 ptum,
592 5136 711 5189 sine
765 5137 985 5190 nomine
1013 5134 1217 5191 Gelasii
1246 5177 1260 5202 ,
1296 5135 1499 5205 posuit,
1530 5144 1685 5205 parte
1710 5144 1906 5206 quarta
1934 5179 1948 5205 ,

358 5235 547 5303 capite
593 5234 684 5296 Gl,
722 5234 954 5305 aliisque
1010 5235 1372 5305 interpositis,
1427 5252 1548 5307 cap.
1605 5237 1696 5303 65,
1729 5238 1948 5292 demum

361 5326 569 5386 Gelasii
607 5327 890 5382 decretum
924 5328 1121 5383 recitat
1151 5343 1271 5398 cap.
1307 5328 1398 5393 64,
1439 5338 1493 5383 et
1536 5328 1708 5384 codex
1749 5328 1949 5385 Juren-

362 5436 463 5477 s.s.
499 5434 664 5489 quem
696 5419 866 5474 edidit
929 5419 1236 5486 Chiﬁetius,
1263 5420 1319 5474 in
1352 5419 1658 5476 llormisda:
1693 5421 1950 5476 decretali

360 5514 615 5571 ordinem
641 5512 1001 5568 librorumS.
1037 5513 1335 5584 Scriptura:
1361 5514 1674 5584 praemittit;
1720 5514 1815 5569 sed
1853 5513 1950 5567 de-

358 5605 496 5659 creti
530 5605 701 5659 verba
755 5607 1033 5671 immutat,
1082 5614 1143 5660 ut
1169 5607 1236 5661 ad
1266 5606 1514 5661 ordinem
1556 5606 1836 5675 respiciat.
1871 5604 1949 5659 Ita

358 5696 509 5750 enim
538 5711 603 5750 ex
637 5696 734 5750 illo
767 5695 959 5751 codice
987 5696 1222 5767 legimus
1251 5717 1262 5751 :
1292 5697 1425 5752 Post
1469 5698 1567 5753 has
1595 5711 1786 5752 omnes
1829 5714 1953 5767 pro-

357 5789 601 5857 pheticas
624 5799 674 5844 et
715 5788 1044 5859 euangelicos
1070 5799 1225 5860 atque
1256 5791 1604 5860 apostolicus,
1627 5807 1766 5861 quas
1796 5807 1953 5861 supe-

360 5882 477 5936 rius
508 5881 986 5951 deprompsimus,
1020 5878 1350 5954 Scripluras.
1384 5884 1520 5941 Cum
1554 5885 1606 5939 in
1644 5884 1766 5941 aliis
1797 5884 1949 5940 codi-

2060 4692 2189 4732 sura
2228 4678 2344 4747 ipse
2376 4677 2789 4745 perstrinxisset
2809 4719 2823 4744 ,
2854 4694 2920 4731 an
2965 4676 3348 4732 tantummodo
3376 4676 3632 4746 plurimos

2055 4785 2365 4823 consensum
2419 4786 2523 4822 non
2585 4769 2873 4838 prazbuisse
2925 4769 3170 4837 facilem,
3202 4768 3256 4821 id
3302 4778 3407 4832 est,
3450 4767 3630 4836 aliquo

2056 4862 2217 4916 modo
2258 4861 2329 4915 de
2353 4876 2543 4915 eorum
2602 4861 2927 4915 auctoritate
2965 4860 3244 4914 dubitasse
3282 4858 3553 4922 dixisset,
3585 4861 3628 4913 si

2053 4969 2180 5010 ante
2210 4971 2414 5025 paucos
2455 4970 2630 5009 annos
2662 4953 2972 5022 pontiﬁcem
3032 4951 3338 5006 Romanum
3400 4952 3452 5004 in
3500 4966 3616 5005 con

2054 5050 2182 5105 cilio
2201 5066 2295 5104 eas
2325 5064 2650 5104 numerasse
2674 5048 2814 5101 inter
2834 5047 2924 5100 illa
2949 5045 3173 5115 scripta,
3203 5060 3326 5114 quae
3355 5043 3630 5097 catholicis

2054 5143 2272 5198 vitanda
2302 5151 2444 5205 sunt,
2491 5150 2540 5195 et
2570 5157 2687 5211 qua:
2720 5139 3021 5193 nullatenus
3057 5138 3240 5207 recipit
3282 5137 3543 5190 catholica
3585 5149 3631 5191 et

2056 5233 2347 5303 apostolica
2402 5232 2645 5286 Romana
2704 5231 2941 5285 Ecclesia
2982 5229 3269 5284 novisset?
3302 5228 3383 5282 An
3419 5228 3486 5283 de
3532 5230 3631 5285 hac

2054 5327 2393 5382 dubitatione
2465 5325 2802 5396 Stephanum
2864 5323 3245 5378 Salonitanum
3311 5324 3632 5393 episcopum

2056 5420 2387 5475 monendum
2434 5419 2702 5485 duxisset,
2734 5435 2820 5482 ne,
2850 5417 3082 5482 scilicet,
3111 5416 3208 5469 hoc
3246 5417 3420 5486 ipsum
3486 5418 3631 5491 igno-

2056 5520 2221 5573 raret,
2258 5508 2361 5578 qui‘
2380 5508 2511 5577 quid
2540 5523 2570 5561 a
2596 5507 2814 5562 Gelasio
2851 5508 2908 5561 in
2935 5505 3173 5561 concilio
3200 5505 3479 5560 decretum
3508 5505 3631 5574 fuit,

2057 5606 2309 5674 ignorare
2333 5617 2443 5657 non
2484 5602 2701 5671 potuit?
2726 5601 2807 5654 An
2832 5599 3067 5670 denique
3116 5609 3296 5669 postea
3342 5601 3632 5653 constituta

2054 5695 2363 5765 pontiﬁcum
2396 5709 2459 5747 ea:
2481 5692 2592 5747 illis
2621 5693 2907 5746 canonibus
2950 5702 3223 5761 assumpta
3254 5691 3614 5748 fuissen'otas

2057 5799 2165 5851 set,
2220 5788 2265 5842 si
2293 5803 2388 5857 eos
2436 5797 2544 5841 tam
2574 5787 2776 5841 recenti
2804 5786 3073 5856 pontiﬁcis
3119 5788 3419 5841 constituto
3456 5796 3623 5842 trans-

2055 5883 2196 5940 ﬁxos
2244 5892 2404 5953 atque
2426 5881 2704 5956 jugulatos
2734 5881 3116 5955 cognovisset?
3143 5882 3303 5938 Certe
3341 5880 3633 5967 Dionysius
