4136 6432
549 342 653 397 H9

1596 345 1655 400 S.
1694 344 2045 403 lGNATlUS.
2083 376 2154 388 —
2182 346 2717 405 PROLEGOMENA.

3702 354 3824 409 £20

549 466 909 522 translatione
959 481 1058 521 sua
1097 466 1309 523 eﬂlcere
1348 483 1627 539 nunquam
1657 469 1956 539 potuisset,
1984 479 2044 523 ut
2072 471 2123 524 hi
2157 477 2202 533 Α
2233 471 2704 538 Petro.Gelasius,
2736 471 2965 542 epistola
2985 474 3049 527 ad
3065 474 3358 545 episcopos
3382 488 3479 544 per
3501 472 3823 529 Lucaniam

547 573 790 637 canones
846 557 915 613 ab
966 556 1211 615 Ecclesia
1244 558 1491 617 Romana
1535 563 1933 632 reciperentur,
1972 565 2017 619 si
2057 566 2125 620 ab

547 651 669 722 ipso
700 650 918 706 Gelasio
954 650 1521 725 fuissentnuperrime
1544 656 1751 725 rejecti.
1780 656 1849 710 At
1876 668 2124 727 receptos

549 744 733 797 statim
762 744 932 799 fuisse
962 746 1203 801 ostendit
1226 745 1589 806 Cassiodorus
1626 749 1799 805 Divin.
1827 750 1973 816 lect.,
2000 767 2119 820 cap.

546 834 638 900 25,
670 834 763 905 qui
789 834 857 889 de
887 834 1148 908 Dionysio
1219 849 1273 893 et
1313 840 1639 896 collectione
1679 842 1800 913 eius
1842 844 1917 898 ita
1943 844 2123 913 loqui-

545 936 667 980 tur:
687 924 893 981 Petitus
926 945 960 982 a
984 927 1255 1001 Stephano
1278 933 1522 1002 episcopo
1552 931 1871 990 Salonitano
1889 954 1954 991 ex
1976 936 2125 993 Crte-

546 1019 624 1071 cis
655 1019 1043 1089 exemplaribus
1074 1038 1298 1077 canones
1318 1024 1702 1081 ecclesiasticos
1730 1028 1963 1082 moribus
1989 1031 2122 1092 suis,

546 1120 608 1163 ut
655 1121 770 1165 erat
817 1110 1012 1181 planus
1062 1123 1113 1167 et
1148 1114 1379 1169 disertus
1405 1157 1421 1182 ,
1450 1132 1643 1188 magna
1670 1118 1982 1189 eloquentite
2010 1120 2125 1175 luce

547 1205 865 1273 composuit,
896 1220 1025 1275 quos
1079 1206 1233 1259 hodie
1258 1224 1359 1260 usu
1388 1208 1725 1263 celeberrimo
1756 1208 1997 1265 Ecclesia
2022 1211 2127 1266 Ro-

548 1313 709 1349 mana
740 1297 1127 1367 complectitur.
1162 1296 1364 1354 Verum
1390 1310 1570 1356 autem
1593 1304 1879 1374 esse'quod
1901 1303 2126 1361 Cassio-

546 1387 718 1445 dorus
754 1390 1013 1455 asseruit,
1042 1399 1191 1461 patet
1225 1406 1291 1447 ex
1318 1393 1550 1463 epistola
1572 1393 1803 1453 Joannis
1833 1396 1877 1450 ll
1910 1398 2127 1468 pontifi-

547 1480 629 1536 cis
658 1480 893 1537 Romani
935 1483 1099 1553 paulo
1144 1493 1269 1540 ante
1300 1486 1366 1540 ad
1403 1485 1706 1545 Caesarium
1749 1490 2124 1547 Arelatensem

546 1572 696 1641 data,
724 1573 778 1628 in
802 1590 909 1644 qua
938 1575 1407 1633 Contumeliosum
1440 1576 1746 1649 Regensem
1769 1582 2087 1652 episcOpum
2110 1626 2125 1651 ,

548 1666 877 1720 auctoritate
905 1682 1178 1723 canonum
1206 1685 1273 1725 ex
1305 1671 1627 1728 collectione
1653 1672 1893 1746 Dionysii
1932 1674 2127 1749 Exigui

546 1768 956 1828 cxcerptorum,
989 1761 1060 1816 ab
1088 1763 1403 1833 episcopatu
1440 1766 1750 1835 suspendit,
1792 1777 1847 1823 et
1886 1784 2127 1825 canones

2231 567 2563 621 constitutos
2588 609 2601 631 ,
2629 583 2747 637 cap.
2782 566 2843 620 2i
2874 609 2888 633 ,
2917 575 2979 620 ut
3019 567 3070 620 in
3106 576 3296 622 nostro
3336 584 3439 622 ms.
3491 570 3773 638 reperitur
3806 586 3821 619 :

2231 655 2374 721 Quos
2407 675 2525 711 vero
2556 660 2852 713 constiterit
2902 660 3153 730 indignos
3186 660 3388 714 meritis
3429 677 3637 713 sacram
3665 678 3826 715 nter—

2229 761 2374 804 catos
2430 768 2541 805 esse
2570 753 2739 822 pretio
2784 753 3124 824 dignitatem,
3185 754 3447 807 convictos
3487 763 3695 824 oportet
3727 772 3828 808 ar-

2229 844 2354 907 ceri,
2393 859 2496 896 non
2520 845 2631 897 sine
2651 845 2885 914 periculo
2919 846 3129 914 facinus
3170 845 3276 898 tale
3318 847 3670 915 perpetrantis
3705 846 3828 915 (ita

2228 948 2332 988 ms.
2365 948 2474 987 non
2506 936 2916 1004 perpetrantes),
2938 936 3061 1005 quia
3084 935 3298 988 dantem
3329 936 3531 1004 pariter
3549 935 3827 1005 accipien-

2231 1030 2435 1092 temque
2460 1023 2734 1078 damnatio
2778 1022 3034 1090 Simonis,
3066 1041 3227 1094 quam
3258 1042 3414 1079 sacra
3442 1024 3596 1079 lectio
3645 1035 3827 1078 testa-

2230 1121 2351 1177 tur,
2389 1113 2627 1168 incolvit.
2662 1112 2975 1186 Respondet
3017 1114 3251 1172 Dallaaus
3296 1115 3375 1171 De
3415 1115 3824 1187 pseudapostol.

2229 1206 2265 1259 l.
2304 1222 2385 1273 ιιι,
2416 1222 2465 1261 c.
2502 1208 2536 1261 4
2568 1226 2581 1261 :
2616 1206 2819 1262 Gelasii
2847 1208 2994 1263 locus
3036 1208 3250 1263 nullum
3302 1210 3516 1262 omnino
3559 1222 3827 1263 canonem

2229 1297 2457 1363 laudat,
2527 1316 2692 1369 neque
2754 1301 3107 1369 apostolicum
3154 1318 3320 1371 neque
3374 1301 3823 1355 ecclesiasticum.

2233 1389 2462 1444 Tantum
2522 1390 2766 1448 Simonis
2836 1394 3247 1449 damnationem
3307 1404 3593 1461 memorat,
3651 1412 3825 1465 quam

2230 1494 2409 1547 sacra,
2436 1482 2628 1552 inquit,
2654 1482 2835 1549 lectio,
2864 1482 3101 1537 Actuum
3139 1484 3342 1538 scilicet
3378 1484 3824 1554 apostolicorum,

2229 1581 2287 1625 ut
2317 1583 2497 1627 notum
2520 1585 2619 1640 est,
2655 1582 2907 1630 testatur.
2942 1576 3213 1631 Canonem
3237 1578 3455 1647 quidem
3492 1595 3595 1631 non
3625 1578 3825 1632 laudat

2230 1662 2480 1721 Gelasius
2503 1710 2517 1731 ,
2551 1668 2602 1722 id
2660 1678 2763 1731 est,
2803 1684 2912 1723 non
2941 1684 3201 1739 expresse
3230 1670 3362 1724 dicit
3386 1710 3400 1734 ,
3432 1686 3495 1724 ea
3524 1687 3648 1741 qua:
3676 1687 3824 1740 prae-

2234 1757 2367 1826 cipit
2400 1758 2452 1811 in
2482 1759 2665 1829 aliquo
2695 1775 2907 1815 canone
2940 1763 3248 1816 contineri:
3282 1779 3380 1818 nec
3405 1762 3455 1817 id
3486 1765 3660 1818 voluit
3689 1763 3827 1819 Dio-

548 1852 876 1921 apostolicos
909 1854 976 1908 ad
1030 1868 1153 1910 eam
1185 1872 1301 1911 rem
1340 1858 1543 1913 diserte
1572 1859 1814 1915 adhibet.
1854 1859 2127 1916 EsCano-

2232 1849 2423 1918 nysius
2447 1892 2461 1917 ,
2492 1866 2616 1905 cum
2660 1852 2883 1906 doceret
2919 1853 3100 1924 aliqua
3146 1855 3465 1925 pontificum
3513 1857 3823 1911 constituta

547 1944 703 1998 nibus
716 1944 1076 2014 apostolorum
1100 1948 1334 2018 capitulo
1360 1966 1466 2003 xxv
1491 1970 1503 2005 :
1535 1970 1553 2002 t
1575 1950 1890 2022 Episcopus,
1909 1953 2127 2024 presby-

549 2046 649 2102 ter,
680 2047 773 2090 aut
808 2037 1067 2093 diaconus
1115 2041 1205 2110 qui
1257 2041 1311 2093 in
1364 2042 1719 2111 fornicatione
1752 2055 1845 2098 aut
1891 2045 2128 2115 perjurio

545 2135 733 2197 captus
762 2138 861 2193 est,
891 2129 1207 2198 deponatur,
1242 2148 1347 2186 non
1394 2143 1567 2187 tamen
1610 2137 1977 2191 contmunione
2018 2139 2129 2207 pri-

544 2228 727 2284 vetur;
751 2221 881 2274 dicit
909 2223 1048 2277 enim
1074 2221 1357 2293 Scriptura
1387 2241 1405 2278 :
1435 2245 1453 2278 ι
1490 2224 1613 2280 Non
1638 2229 1927 2282 tindicabit
1946 2228 2129 2283 Domi-

546 2329 645 2366 nus
679 2312 757 2367 bis
792 2313 849 2367 in
878 2314 934 2367 id
963 2316 1157 2377 ipsum.
1194 2335 1212 2365 ι
1243 2314 1326 2372 Ex
1371 2319 1664 2372 canonibus
1704 2335 1867 2389 supra
1912 2321 2125 2389 scriptis

544 2405 782 2472 capitulo
812 2421 967 2471 χιιι,
998 2407 1138 2477 quod
1167 2407 1392 2477 ofﬁcium
1432 2410 1721 2477 pristinum
1757 2410 2001 2463 damnati
2033 2427 2128 2479 pro

545 2498 856 2551 criminibus
876 2514 1133 2567 usurpare
1146 2515 1253 2553 non
1271 2499 1491 2553 debeant
1511 2518 1529 2556 :
1548 2520 1565 2551 ι
1602 2499 1663 2555 Si
1690 2502 1807 2572 quis
1830 2503 2127 2572 episcopus,

543 2587 850 2657 presbyter,
883 2598 974 2642 aut
1000 2588 1278 2655 diaconus,
1310 2591 1579 2658 depositus
1600 2592 1747 2661 juste
1788 2608 1942 2661 super
1969 2595 2127 2648 certis

546 2681 879 2747 criminibus,
916 2697 1080 2735 ausus
1103 2681 1263 2751 fuerit
1313 2692 1603 2735 attrectare
1639 2685 1995 2737 ministerium
2027 2685 2128 2737 du-

545 2770 673 2823 dum
697 2772 796 2825 sibi
826 2773 1187 2839 commissum,
1217 2773 1301 2826 hic
1326 2773 1390 2827 ab
1425 2773 1662 2829 Ecclesia
1681 2777 1890 2844 penitus
1913 2777 2127 2830 abscin-

545 2861 727 2916 datur.
772 2882 790 2914 ι
821 2861 1067 2918 Fuerunt
1101 2864 1266 2936 igitur
1295 2874 1537 2937 tempore
1563 2865 1792 2922 Joannis
1821 2865 1863 2920 11
1908 2866 2128 2936 pontiﬁ-

546 2954 630 3009 cis
676 2964 727 3009 ει
771 2955 1111 3021 Cassiodori,
1163 2972 1403 3012 canones
1440 2960 1730 3028 apostolici
1778 2960 1832 3013 in
1876 2959 2127 3017 Romana

547 3046 788 3105 Ecclesia
850 3050 1246 3120 receptissimi,
1300 3052 1447 3121 quod
1497 3052 1616 3107 fieri
1670 3053 1914 3123 potuisse
1967 3068 2128 3109 nemo

548 3142 831 3209 concedet,
890 3144 936 3197 si
979 3144 1063 3198 vel
1091 3159 1119 3198 a
1165 3142 1407 3211 Gelasio,
1440 3145 1524 3200 vel
1559 3143 1851 3202 Hormisda
1891 3144 2128 3202 fuissent

546 3244 659 3287 tam
684 3233 901 3302 publice
931 3234 1137 3304 rejecti.

621 3324 805 3379 Mirari
834 3327 979 3380 enim
1030 3327 1165 3383 satis
1196 3343 1303 3383 non
1336 3343 1562 3399 possum
1588 3369 1604 3395 ,
1641 3344 1749 3400 qua
1787 3330 1994 3384 ratione
2029 3330 2131 3385 du-

549 3424 671 3472 ctus
701 3416 934 3472 Dallzeus
970 3417 1214 3489 seipsum
1244 3419 1502 3492 Dionysio
1530 3421 1734 3476 directe
1757 3430 1810 3475 et
1830 3437 1894 3476 ex
1911 3422 2119 3477 diame-

548 3520 635 3565 tro
658 3520 972 3580 opponeret.
992 3510 1087 3568 llle
1114 3513 1169 3567 in
1196 3511 1442 3569 Ecclesia
1472 3514 1661 3569 Graeca
1690 3515 1965 3571 enutritus
1995 3557 2011 3582 ,
2036 3517 2130 3571 uhi

546 3602 783 3658 maxime
809 3603 1327 3665 valebantCanones
1356 3605 1665 3675 apostolici,
1690 3606 1744 3660 in
1775 3604 2019 3661 Romana
2036 3605 2131 3661 diu

545 3702 818 3761 versatus,
846 3696 935 3750 ubi
969 3704 1084 3751 tum
1110 3712 1219 3751 non
1255 3706 1412 3751 erant
1436 3697 1575 3753 adeo
1603 3698 1827 3768 recepti,
1862 3699 1916 3752 in
1942 3697 2130 3754 decre-

547 3785 620 3840 tis
642 3784 960 3855 pontillcum
992 3788 1308 3844 evolvendis
1341 3788 1574 3843 multum
1609 3788 1907 3855 desudans,
1933 3790 2129 3845 obsera

544 3877 717 3943 vavit,
749 3893 817 3932 ex
848 3879 1281 3935 canonibusillis
1303 3880 1484 3951 aliqua
1517 3879 1839 3950 pontiticum
1862 3881 2131 3935 constitu-

546 3980 624 4033 ta,
659 3969 1032 4027 Romanorum
1065 3972 1308 4038 scilicet,
1342 3982 1627 4043 assumpta
1670 3973 1863 4029 fuisse.
1898 3972 2131 4029 Dallaens

546 4071 773 4118 econtra
812 4063 888 4117 De
937 4065 1405 4134 pseudepigraphis
1434 4075 1605 4133 apost.
1625 4107 1640 4132 ,
1673 4066 1767 4121 ιιι».
1796 4082 1878 4129 ιιι,
1908 4081 2028 4135 cap.
2055 4068 2087 4119 3
2114 4084 2127 4119 :

548 4153 666 4226 Ego
700 4171 818 4209 vero
840 4156 1133 4225 putaverim
1165 4172 1267 4210 non
1296 4172 1360 4210 ex
1404 4174 1665 4211 canonum
1693 4157 1998 4211 collectione
2032 4174 2131 4212 sua

547 4250 760 4305 decreta
780 4251 1075 4319 pontiﬁces,
1105 4249 1195 4303 sed
1230 4266 1295 4304 ex
1326 4251 1641 4320 pontiﬁcum
1680 4252 1985 4305 constitutis
2008 4267 2129 4305 suos

549 4357 779 4396 canones
837 4343 1186 4412 assumpsisse
1242 4343 1473 4410 primum
1542 4359 1725 4397 eorum
1776 4343 2128 4397 collectorem.

549 4430 816 4502 Respexit
848 4432 967 4487 sine
999 4432 1168 4489 dubio
1214 4432 1509 4506 Dionysius
1554 4434 1893 4498 Innocentii,
1932 4433 2133 4490 Leonis

2232 1955 2296 1994 ex
2336 1942 2643 1998 canonibus
2676 1945 2769 2013 qui
2807 1944 3065 2000 dicuntur
3100 1947 3473 2017 apostolorum
3517 1947 3693 2004 fuisse
3732 1965 3826 2005 as-

2234 2045 2481 2105 sumpta;
2516 2051 2695 2106 neque
2723 2038 2871 2092 enim
2919 2038 3119 2109 aliquis
3166 2040 3484 2111 pontificum
3534 2040 3827 2096 Romano-

2232 2140 2352 2178 rum
2381 2133 2507 2180 ante
2537 2124 2784 2198 Dionysii
2813 2137 3023 2184 a3tatem
3056 2128 3108 2183 in
3151 2130 3267 2186 suis
3294 2132 3611 2187 constitutis
3645 2147 3826 2187 cano-

2233 2232 2328 2271 nes
2362 2219 2738 2286 apostolorum
2779 2220 3095 2276 nominasse
3137 2222 3583 2292 deprehenditur.
3626 2223 3737 2279 Sed
3767 2225 3822 2280 id

2232 2318 2443 2364 tantum
2496 2326 2598 2365 nos
2637 2327 2762 2367 cum
2809 2311 3073 2385 Dionysio
3129 2315 3406 2382 volumus,
3462 2317 3567 2372 hoc
3611 2317 3825 2373 Gelasii

2230 2401 2590 2457 constitutum
2622 2418 2688 2458 ex
2723 2403 2816 2458 illo
2845 2420 3054 2459 canone
3081 2416 3427 2477 assumptum
3461 2424 3602 2463 esse.
3628 2406 3823 2479 Neque

2230 2492 2436 2546 mentio
2469 2508 2640 2548 sacrae
2662 2493 2916 2549 lectionis
2940 2494 3169 2564 impedit
3199 2500 3496 2566 quominus
3527 2497 3641 2553 haec
3671 2513 3826 2553 asse-

2229 2598 2455 2649 ramus;
2490 2583 2556 2637 ad
2580 2584 2749 2639 Actus
2773 2585 2919 2639 enim
2952 2586 3285 2655 apostolicos
3314 2602 3414 2641 nos
3447 2595 3657 2641 tantum
3694 2588 3821 2640 ideo

2230 2674 2415 2741 refert,
2450 2684 2509 2728 ut
2541 2676 2785 2732 sciamus
2820 2692 3075 2747 quaenam
3122 2677 3286 2733 fuerit
3317 2679 3599 2734 damnatio
3634 2678 3824 2733 Simo-

2231 2768 2318 2822 nis
2348 2786 2362 2834 ;
2404 2769 2551 2839 quod
2590 2779 2773 2825 autem
2826 2771 2918 2826 illa
2955 2772 3238 2828 damnatio
3286 2775 3559 2844 pertineat
3596 2783 3715 2828 tum
3751 2776 3821 2829 ad

2236 2861 2551 2917 Simoniace
2582 2874 2921 2933 promotum,
2961 2875 3075 2919 tum
3127 2866 3192 2920 ad
3222 2876 3656 2935 promoventem,
3697 2882 3822 2919 om-

2232 2954 2363 3007 nino
2383 2953 2449 3008 ad
2483 2954 2634 3009 illum
2666 2955 3026 3025 apostolicum
3047 2973 3309 3012 canonem
3336 2959 3591 3028 pertinet,
3618 2958 3818 3012 καθαι-

2234 3045 2431 3118 psicho:
2454 3048 2547 3099 καὶ
2582 3048 2743 3111 αὐτὸς
2770 3047 2861 3101 καὶ
2889 3052 2917 3103 ὁ
2944 3052 3351 3122 χειροτονήσας,
3374 3050 3480 3106 hoc
3506 3064 3610 3117 est,
3633 3068 3822 3106 arcea—

2235 3145 2325 3189 tur
2363 3138 2497 3191 dans
2524 3138 2731 3209 pariter
2754 3141 3143 3211 accipiensque,
3176 3151 3234 3195 ut
3263 3141 3504 3211 loquitur
3538 3142 3816 3197 Gelasius.

2188 3230 2202 3249 '
2232 3229 2420 3287 Canon
2450 3234 2785 3303 apostolicus
2816 3234 2889 3287 9.2
2914 3245 2997 3290 est
3025 3252 3037 3285 :
3074 3234 3135 3291 Si
3163 3237 3278 3307 quis
3306 3238 3530 3290 abscidit
3560 3240 3817 3307 seipsum,

2232 3323 2288 3375 id
2317 3333 2415 3389 est,
2446 3326 2492 3377 si
2509 3326 2625 3395 quis
2655 3327 2949 3394 amputavit
2977 3327 3077 3381 sibi
3102 3328 3421 3393 virilia,non
3449 3329 3545 3398 fiat
3566 3329 3817 3396 clericus,

2232 3417 2357 3485 quia
2383 3434 2511 3470 suus
2544 3417 2816 3471 Itomicida
2846 3428 2946 3487 est,
2977 3430 3027 3473 et
3051 3420 3149 3474 Dei
3186 3421 3510 3475 conditionis
3538 3422 3815 3489 inimicus,

2232 3517 2363 3574 etc.;
2404 3506 2661 3565 Gelasius
2692 3520 2872 3567 autem
2921 3513 3149 3583 epistola
3180 3515 3402 3577 eadem,
3434 3529 3555 3583 cap.
3590 3514 3655 3567 H
3686 3530 3699 3565 :
3740 3513 3819 3569 De

2232 3600 2299 3654 iis
2326 3610 2505 3656 autem
2536 3604 2629 3673 qui
2647 3605 2844 3673 seipsos
2869 3604 3210 3670 abscindunt,
3229 3606 3438 3673 paterni
3462 3622 3685 3659 canones
3705 3607 3819 3658 evi-

2235 3692 2417 3746 denter
2452 3695 2713 3763 sequenda
2750 3704 3081 3765 posuerunt;
3126 3713 3349 3766 quorum
3401 3706 3628 3751 tenorem
3669 3697 3818 3767 suffi-

2236 3786 2343 3838 ciat
2378 3786 2635 3840 indidisse
2663 3802 2681 3839 :
2710 3789 2892 3841 dicunt
2923 3791 3083 3853 enim,
3123 3788 3257 3842 talia
3284 3799 3661 3858 perpetrantes,
3691 3807 3817 3845 mox

2232 3888 2291 3930 ut
2315 3878 2484 3947 agniti
2510 3878 2732 3947 fuerint,
2757 3898 2789 3933 a
2818 3897 3030 3935 munere
3052 3880 3287 3935 clericali
3313 3882 3497 3935 debere
3520 3899 3606 3936 eos
3634 3884 3811 3937 seclu-

2232 3970 2309 4023 di.
2340 3970 2493 4033 Quod
2526 3971 2696 4023 modis
2726 3971 2968 4024 omnibus
2992 3973 3257 4025 custodire
3286 3990 3377 4025 nos
3405 3975 3664 4036 convenit,
3685 3977 3814 4044 quia

2235 4062 2319 4131 fas
2344 4077 2456 4116 esse
2482 4062 2620 4116 nulli
2659 4064 2999 4133 suppeditat,
3023 4076 3217 4135 praeter
3249 4064 3343 4118 illa
3375 4067 3661 4136 quidquam
3694 4084 3814 4138 qua:

2234 4154 2596 4208 memorabilis
2631 4155 2856 4208 decrevit
2884 4156 3057 4225 forma
3081 4173 3305 4212 censere.
3334 4156 3647 4227 Respondet
3688 4158 3812 4213 Dal-

2233 4245 2387 4310 lteus,
2417 4247 2533 4300 haec
2563 4245 2617 4298 in
2648 4244 2868 4299 Nicmno
2897 4262 3109 4301 canone
3146 4248 3438 4313 contineri,
3473 4249 3619 4319 quod
3648 4265 3812 4305 nemo

2235 4348 2397 4409 negat
2425 4382 2440 4403 ,
2465 4348 2518 4393 et
2544 4351 2789 4409 paternos
2820 4356 3050 4393 canones
3079 4380 3094 4404 ,
3122 4341 3304 4410 potius
3336 4341 3402 4395 ad
3434 4341 3686 4397 Nicainos
3708 4342 3815 4397 Pa-

2235 4438 2343 4485 tres
2402 4446 2565 4500 quam
2619 4433 2898 4502 apostolos
2964 4432 3152 4486 referri
3225 4433 3561 4515 debere.th
3601 4451 3701 4489 nos
3747 4434 3813 4489 ad

547 4533 605 4589 et
627 4524 831 4580 Gelasii
860 4524 1139 4595 epistolas,
1171 4526 1373 4596 quibus
1416 4526 1678 4580 nonnulla
1710 4542 1777 4581 ex
1808 4526 1875 4580 50
1904 4528 2132 4581 canoni-
2162 4537 2206 4592 Ι)
2236 4524 2511 4593 apostolos
2540 4540 2647 4578 non
2678 4524 2988 4589 referimus,
3013 4525 3104 4579 sed
3132 4526 3197 4579 ad
3222 4523 3472 4579 Nicaenos
3493 4536 3546 4581 et
3576 4525 3814 4582 Nicazuis

547 4618 653 4677 bus
673 4619 988 4689 apostolicis
1012 4627 1500 4689 repraesentantur;
1521 4627 1577 4671 at
1603 4618 1646 4674 si
1665 4618 1893 4674 Dallseus
1910 4630 2133 4689 putave-

546 4712 644 4778 rit,
668 4723 762 4769 aut
794 4713 896 4769 hos
920 4712 990 4767 50
1022 4727 1263 4768 canones
1286 4752 1301 4777 ,
1336 4721 1430 4765 aut
1453 4726 1644 4765 eorum
1673 4712 1886 4781 aliquos
1917 4727 1983 4765 ex
2024 4711 2131 4765 illis

550 4806 820 4877 epistolis,
853 4813 948 4859 aut
978 4802 1225 4874 cujusvis
1250 4799 1482 4856 Romani
1509 4801 1783 4871 pontificis
1806 4802 2025 4857 decreto
2041 4818 2131 4856 as-

547 4908 799 4968 sumptos
818 4897 1006 4964 fuisse,
1036 4895 1175 4968 fugit
1208 4910 1334 4949 eum
1356 4893 1581 4948 omnino
1610 4894 1770 4959 ratio,
1790 4902 1844 4949 et
1877 4892 2132 4966 Dionysio

548 4990 838 5047 verissima
868 4989 1102 5043 tradenti
1136 5002 1402 5057 perquam
1445 4987 1759 5056 importune
1788 4985 1923 5043 illud
1958 5002 2128 5058 oppo—

552 5083 685 5147 suit,
710 5082 855 5153 quod
891 5091 1077 5151 aperte
1106 5080 1306 5135 falsum
1342 5087 1446 5135 est.

623 5175 891 5229 Praeterea
923 5189 1031 5227 non
1064 5188 1235 5242 pauca
1261 5180 1409 5238 sunt,
1433 5186 1556 5241 qua:
1572 5186 1658 5225 me
1682 5180 1902 5226 movent
1924 5180 1984 5226 ut
2012 5188 2131 5227 cre-

552 5266 681 5321 dam
719 5266 897 5334 ipsum
946 5261 1223 5317 Gelasium
1266 5276 1539 5325 canones,
1574 5261 1668 5331 qui
1705 5262 1964 5317 dicuntur
1996 5277 2131 5331 apo-

550 5357 843 5420 stolorum,
872 5364 925 5410 et
964 5354 1275 5416 admisisse,
1329 5360 1384 5406 et
1411 5351 1464 5404 in
1490 5352 1607 5407 suis
1623 5353 1868 5422 epistolis
1890 5354 2132 5410 decreta-

552 5447 700 5503 libus
731 5463 891 5502 usum
924 5448 1061 5517 ipsis
1091 5446 1285 5500 fuisse.
1312 5443 1650 5502 Triccsimus
1694 5448 1837 5501 inter
1884 5447 2007 5502 illos
2040 5462 2131 5501 ca-

550 5556 662 5596 non
692 5548 774 5595 est
809 5559 821 5594 :
857 5538 914 5594 Si
946 5541 1063 5609 quis
1089 5542 1393 5610 episcopus,
1429 5552 1523 5595 aut
1549 5542 1839 5611 presbyter,
1881 5550 1974 5593 aut
2013 5540 2131 5592 dia-

551 5647 713 5687 conus
741 5648 833 5701 per
867 5648 1118 5702 pecunias
1160 5634 1295 5688 hanc
1325 5635 1609 5688 obtinuerit
1632 5633 1963 5702 dignitatem,
1994 5633 2129 5701 deji-

552 5726 731 5779 ciatur
762 5733 811 5779 et
861 5726 969 5794 ipse
1016 5736 1065 5779 et
1095 5728 1372 5781 ordinator
1417 5729 1530 5798 ejus
1556 5770 1571 5795 ,
1606 5736 1657 5782 et
1695 5745 1727 5779 a
1768 5728 2131 5780 communione

553 5818 723 5874 modis
771 5819 1009 5876 omnibus
1041 5820 1405 5888 abscindatur,
1464 5821 1601 5874 sicut
1655 5819 1837 5876 Simon
1881 5816 2068 5891 Magus
2100 5835 2131 5873 α

2237 4617 2397 4687 longe
2429 4617 2769 4686 antiquiores
2803 4615 3013 4671 Patres.
3057 4615 3126 4670 Ut
3156 4616 3449 4688 Dionysius
3478 4617 3721 4687 Exiguus
3760 4635 3817 4673 se

2236 4708 2358 4760 ideo
2390 4715 2504 4759 tum
2558 4707 2946 4770 conciliorum,
2988 4715 3103 4761 tum
3132 4723 3263 4773 eos,
3313 4709 3407 4778 qui
3438 4710 3812 4778 apostolorum

2233 4798 2363 4852 dicti
2399 4806 2527 4853 sunt
2554 4813 2813 4865 canones,
2844 4799 2897 4852 in
2930 4797 3181 4853 Latinum
3228 4815 3537 4855 sermonem
3578 4810 3815 4855 transtu-

2234 4891 2364 4947 lisse
2391 4893 2695 4962 proﬁtetur,
2730 4903 2787 4947 ut
2820 4895 2994 4947 sancti
3024 4892 3287 4962 prwsules
3310 4895 3546 4963 paternis
3579 4898 3815 4949 muniam

2234 4990 2322 5035 tur
2352 4982 2569 5053 regulis.
2616 4981 2679 5036 Et
2711 4983 2985 5039 Caesarius
3028 4994 3154 5054 post
3197 4994 3477 5055 acceptam
3523 4986 3812 5056 epistolam

2232 5072 2461 5130 Joannis
2491 5090 2642 5146 papae
2663 5072 2734 5141 ll,
2760 5090 2868 5146 qua
2908 5090 3151 5133 canones
3188 5076 3476 5147 apostolici
3510 5076 3619 5131 duo
3641 5078 3814 5133 conti-

2234 5167 2526 5232 nebantur,
2562 5168 2844 5239 subjungit
2879 5188 2892 5223 :
2925 5168 3060 5223 Ecce
3106 5170 3544 5239 manifestissime
3572 5182 3812 5237 constat,

2232 5262 2360 5330 quia
2399 5260 2686 5315 secundum
2715 5261 2855 5332 quod
2884 5271 2932 5314 et
2966 5260 3110 5314 tituli
3146 5262 3487 5331 antiquorum
3530 5261 3752 5316 Patrum
3783 5281 3812 5316 a

2241 5349 2301 5406 S.
2327 5350 2534 5405 Joanne
2560 5368 2699 5421 papa
2729 5353 3057 5419 transmissi,
3084 5363 3132 5406 et
3171 5353 3277 5407 518
3306 5355 3668 5423 episcoporum
3705 5371 3813 5407 sen-

2238 5445 2424 5509 tentia,
2443 5444 2534 5497 sed
2549 5453 2599 5497 et
2614 5460 2839 5497 canones
2856 5442 3127 5498 Gallicani
3141 5447 3408 5498 continere
3432 5445 3692 5507 ridentur,
3708 5453 3808 5498 etc.

2305 5534 2575 5589 Prancrea
2607 5543 2661 5588 et
2692 5535 2806 5589 haec
2835 5542 2890 5587 et
2922 5534 3029 5587 alia
3072 5549 3195 5602 quae
3244 5534 3407 5588 habet
3434 5533 3707 5597 Gelasius,
3739 5534 3807 5586 ita

2236 5629 2289 5683 in
2315 5627 2549 5683 Nicacnis
2581 5627 2886 5682 canonibus
2920 5627 3294 5691 continentur,
3320 5635 3376 5679 ut
3401 5627 3565 5680 iidem
3605 5624 3807 5681 Nie'eni

2237 5738 2478 5776 canones
2520 5730 2822 5791 agnoscant
2859 5723 3048 5777 eadem
3100 5721 3153 5774 in
3196 5719 3472 5789 prioribus
3508 5719 3807 5773 canonibus

2242 5825 2508 5891 praecepta
2565 5814 2755 5883 fuisse,
2798 5830 2935 5891 quos
2995 5814 3199 5871 scimus
3247 5814 3387 5869 inter
3416 5827 3672 5879 canones,
3714 5811 3805 5885 qui
