4136 6450
422 413 523 468 ιξι

1204 413 1256 470 J.
1298 411 1665 469 PEARSONII
1700 411 2025 469 VINDICUE
2066 410 2482 467 IGNATIANIE.
2522 444 2591 455 —
2623 413 2803 468 PARS
2840 413 2881 471 l.

3585 420 3687 473 12?.

418 538 685 593 dicuntur
731 537 1115 608 apostolorum
1179 547 1501 594 numeratos
1554 538 1743 595 fuisse.
1793 537 2012 591 Primus
2041 539 2086 594 Α
2114 535 2281 589 refert
2308 534 2683 591 'l‘heodorctus
2713 535 2860 590 Hist.
2904 537 3030 591 eccl.
3064 537 3097 591 l.
3134 554 3170 603 ι,
3204 553 3253 592 c.
3288 540 3340 592 5.
3378 537 3473 593 llic
3503 548 3681 595 autem

418 628 647 699 quidem
681 628 892 684 Nicaeui
916 630 1138 686 concilii
1164 646 1340 687 canon
1368 632 1559 685 eadem
1596 633 1857 695 continet,
1889 646 2011 699 quae

418 736 525 775 nos
563 735 634 774 ex
664 719 890 777 Gelasio
925 722 1352 791 descripsimus;
1379 723 1477 778 sed
1501 731 1555 778 et
1592 723 1732 777 idem
1775 722 2011 776 ostendit

418 826 690 866 canonem
738 823 868 868 ante
898 815 954 867 in
991 813 1239 871 Ecclesia
1312 816 1483 870 latum
1531 814 1745 869 fuisse:
1776 814 1843 867 Et
1865 830 2007 876 τινες

419 902 526 955 ὑπὸ
561 902 863 977 βαρὸἁρων
904 907 938 978 ἢ
968 906 1246 962 δεσποτῶν
1275 906 1722 979 εὐνουχίσθησαν,
1751 905 1889 978 [καὶ]
1915 908 2006 959 εὑ-

417 993 700 1064 ρίσκοιντο
721 994 895 1059 ἄλλως
916 995 1075 1063 ἄξιοι,
1096 999 1224 1061 τοὺς
1242 998 1514 1061 τοιούτους
1528 1000 1609 1060 εἰς
1628 997 1826 1069 κλῆρον
1847 1014 2007 1069 προσ-

419 1088 563 1143 ίεται
595 1092 626 1147 ὁ
656 1091 863 1145 κανών.
906 1090 1062 1158 Quod
1126 1094 1265 1148 nihil
1328 1095 1477 1149 aliud
1518 1105 1637 1161 est,
1661 1112 1827 1165 quam
1859 1096 2004 1167 quod

414 1195 603 1236 canon
658 1183 1002 1252 apostolicus
1026 1183 1092 1238 21
1126 1186 1373 1256 praecipit
1403 1204 1416 1240 :
1450 1184 1739 1241 Eunuchus
1759 1228 1775 1253 ,
1824 1189 1872 1242 si
1911 1205 2005 1259 per

413 1272 651 1325 insidias
693 1273 966 1332 hominum
1000 1279 1178 1349 factus
1225 1292 1335 1347 est,
1373 1284 1452 1338 vel
1477 1284 1523 1338 si
1556 1285 1608 1339 in
1653 1288 2013 1355 persecutione

412 1357 533 1427 ejus
565 1360 754 1416 virilia
783 1376 1061 1436 amputata
1103 1379 1263 1435 sunt,
1297 1370 1374 1426 vel
1420 1375 1467 1426 si
1506 1373 1584 1428 ita
1632 1385 1786 1431 natus
1819 1386 1918 1444 est,
1962 1392 2009 1433 et

410 1458 495 1503 est
521 1450 755 1523 dignus,
784 1458 1042 1526 efﬁciatur
1086 1462 1382 1532 episcopus.
1419 1463 1643 1521 Fatetur
1678 1466 1913 1526 Dallaaus
1950 1472 2014 1525 li-

410 1545 501 1597 bri
525 1560 698 1614 supra
723 1547 989 1602 nominati
1019 1563 1143 1620 cap.
1174 1550 1223 1613 1,
1256 1569 1275 1602 ι
1300 1549 1468 1606 fuisse
1488 1551 1604 1616 jam
1630 1563 1753 1607 ante
1769 1552 2001 1610 Nicaeum

409 1636 615 1706 synodi
655 1646 898 1707 tempora
948 1640 1190 1709 aliquam
1225 1642 1279 1695 in
1326 1640 1570 1696 Ecclesia
1615 1644 1894 1714 regulam,
1930 1661 1997 1701 ex

408 1746 520 1799 qua
552 1731 674 1786 haec
723 1733 798 1786 ita
850 1733 1389 1802 administrarentur,
1434 1751 1554 1791 eam
1615 1739 1859 1807 regulam
1926 1739 1996 1793 ab

406 1820 549 1890 ipsis
618 1824 885 1892 apostolis
958 1825 1032 1879 ita
1093 1826 1296 1881 diserte
1367 1828 1721 1883 constitutam
1757 1870 1772 1895 ,
1830 1831 1914 1885 vei
1960 1846 1991 1885 a

404 1913 698 1969 Clemente
766 1916 965 1971 litteris
1037 1917 1389 1984 mandatam,
1443 1928 1499 1975 et
1540 1921 1594 1974 in
1650 1921 1812 1977 istam
1876 1925 1991 1995 syl-

404 2004 606 2074 logen,
649 2023 816 2076 quam
865 2007 1171 2065 Turrianns
1198 2011 1468 2079 defendit,
1508 2014 1735 2069 relatam
1767 2027 1944 2087 negat.
1968 2037 1989 2070 ι

403 2097 560 2170 Nego
602 2113 656 2155 et
696 2119 800 2174 ego
845 2104 914 2159 ab
958 2106 1222 2175 apostolis
1256 2108 1629 2174 constitutam,
1660 2124 1690 2161 a
1717 2107 1994 2165 Clemente

403 2194 723 2263 scriptam;
770 2198 1017 2267 accipio,
1072 2200 1221 2268 quod
1273 2199 1522 2269 largitur,
1552 2207 1679 2254 ante
1717 2199 1990 2256 Nicaenam

400 2288 681 2357 synodum
710 2290 1009 2353 exstitisse,
1035 2307 1333 2361 asseroque
1372 2308 1493 2346 eam
1534 2292 1586 2346 in
1638 2292 1785 2346 illam
1826 2293 1993 2364 syllo-

399 2394 507 2449 gen
533 2394 842 2447 canonum,
874 2384 966 2452 qui
996 2384 1324 2438 dicebantur
1354 2386 1726 2454 apostolorum
1759 2386 1987 2442 relatam

398 2472 600 2529 fuisse.
629 2474 891 2531 Eamdem
924 2474 1039 2531 fere
1066 2477 1332 2531 rationem
1357 2493 1478 2533 esse
1502 2488 1841 2545 caeterorum,
1867 2497 1990 2551 quae

396 2581 464 2621 ex
502 2565 728 2622 Nicmna
754 2569 965 2640 synodo
994 2569 1206 2642 colligit
1231 2569 1559 2634 Turrianns,
1593 2571 1793 2627 fatetur
1817 2575 1985 2629 etiam

398 2657 664 2714 Dallazus.
706 2660 800 2716 Sic
828 2662 996 2732 igitur
1023 2677 1149 2717 cum
1182 2663 1368 2718 citavit
1397 2665 1528 2719 illud
1557 2667 1702 2736 quod
1735 2667 1788 2722 in
1819 2682 1987 2722 cano-

395 2753 565 2808 nibus
596 2753 688 2821 l5,
724 2753 814 2819 16,
847 2754 879 2810 9
905 2764 959 2810 et
992 2756 1059 2810 10
1084 2756 1304 2812 concilii
1338 2756 1542 2813 Nicatni
1570 2759 1904 2827 continetur,
1931 2770 1987 2815 et

397 2845 469 2900 ab
491 2845 690 2901 iisdem
718 2848 786 2902 ad
809 2857 1023 2905 veteres
1053 2865 1150 2904 seu
1183 2852 1587 2908 ecclesiasticos
1612 2867 1851 2908 canones
1876 2852 1982 2906 ibi-

392 2941 521 2996 dem
561 2941 828 3009 refertur,
857 2944 1051 2999 eodem
1089 2961 1254 3016 opere
1285 2947 1539 3002 laudasse
1572 2946 1771 3001 librum
1816 2960 1984 3001 cano-

392 3049 555 3099 num,
584 3035 683 3104 qui
724 3038 1011 3106 apostolici
1050 3039 1394 3107 dicebantur,
1442 3040 1671 3094 omnino
1707 3039 1981 3109 putandus

387 3137 498 3190 e-st,
528 3128 662 3197 quia
705 3144 773 3183 eo
815 3130 957 3185 libro
980 3132 1072 3187 isti
1111 3142 1320 3186 veteres
1342 3146 1583 3187 canones
1623 3131 1981 3187 contineban-

390 3230 502 3274 tur.
530 3220 806 3277 Praeterea
833 3223 964 3294 quid
996 3224 1320 3293 scripserint
1348 3223 1700 3279 Innocentius
1741 3233 1797 3278 et
1840 3222 1972 3289 Leo,
2001 3238 2044 3296 ς

387 3322 779 3369 antecessores
820 3316 938 3383 sui,
972 3316 1189 3371 nescire
1219 3316 1471 3373 Gelasius
1502 3332 1610 3370 non
1648 3316 1845 3386 potuit,
1885 3315 1978 3386 qui

386 3407 803 3476 quamplurima
834 3424 900 3462 ex
938 3408 1250 3463 canonibus
1296 3409 1405 3464 illis
1446 3408 1500 3461 in
1546 3423 1644 3463 sua
1681 3408 1977 3463 constituta

386 3497 816 3551 transtulerant.
870 3496 941 3552 Et
988 3498 1043 3552 hi
1075 3497 1296 3567 quidem
1358 3506 1573 3552 veteres
1615 3512 1873 3563 canones,
1923 3507 1978 3553 et

384 3588 759 3643 ecclesiastici
808 3588 864 3641 in
919 3589 1171 3645 conciliis
1218 3589 1371 3656 dicti,
1423 3589 1494 3644 ab
1542 3589 1665 3644 aliis
1704 3589 1797 3643 diu
1851 3598 1977 3645 ante

381 3678 671 3734 Gelasium
702 3680 906 3735 diserte
942 3682 1226 3751 apostolici
1263 3683 1602 3737 dicebantur.
1642 3680 1713 3736 Ut
1750 3683 1803 3736 in
1843 3696 1977 3736 con-

380 3771 516 3824 cilio
546 3770 832 3841 Ephesino
853 3771 975 3826 Act.
1004 3771 1383 3827 Antiochenus
1412 3773 1705 3842 episcopus
1728 3780 1970 3837 notatur,

379 3863 534 3933 quod
572 3865 730 3935 παρὰ
774 3865 1265 3936 ἐκκλησιαστικοὺς
1306 3866 1542 3938 θεσμοὺς
1577 3866 1670 3921 καὶ
1712 3868 1839 3930 τοὺς
1876 3885 1975 3921 κα·-

376 3956 545 4017 νόνας
580 3955 694 4007 τῶν
723 3955 896 4023 ἁγίων
922 3956 1256 4021 ἀποστόλων,
1288 3967 1473 4011 contra
1495 3958 1629 4028 leges
1651 3958 1973 4013 ecclesiasti-

376 4065 498 4110 cas,
525 4056 577 4100 et
608 4063 837 4100 canones
861 4055 1169 4100 sanctorum
1194 4048 1575 4116 apostolorum,
1598 4049 1971 4105 ordinationes

377 4140 690 4210 provincia:
714 4138 882 4210 Cypri
920 4139 989 4194 ad
1019 4154 1081 4195 se
1107 4142 1324 4197 trahere
1353 4150 1642 4197 conaretur
1667 4159 1680 4193 :
1713 4143 1807 4212 qni
1840 4142 1969 4213 qui-

375 4232 506 4286 dem
531 4241 696 4287 erant
724 4232 794 4286 '54
817 4240 873 4286 et
904 4232 974 4286 55
996 4247 1239 4288 canones
1282 4232 1402 4302 ejus
1430 4234 1555 4288 libri
1582 4250 1743 4304 quem
1775 4234 1970 4290 habuit

374 4321 660 4378 Gelasius.
711 4322 851 4377 Cum
907 4322 1178 4379 Eusebius
1240 4323 1597 4383 Caesariensis
1659 4336 1969 4382 recusasset

373 4416 767 4484 episcopatum
810 4414 1153 4482 Antiochiae,
1187 4415 1243 4470 in
1291 4417 1438 4471 hunc
1482 4417 1704 4472 modum
1751 4433 1781 4473 a
1820 4418 1979 4473 Con-.

374 4508 632 4562 stantino
680 4506 1009 4576 imperatore
1053 4508 1305 4564 laudatus
1347 4518 1430 4565 est
1470 4529 1484 4564 :
1528 4510 1593 4563 'H
1633 4511 1700 4583 σὴ
1750 4510 1965 4576 σύνεσις

2115 630 2168 682 in
2198 630 2383 684 codice
2409 629 2609 684 Gelasii
2642 629 2745 683 fuit
2776 628 2862 683 l5.
2894 629 3029 683 Cum
3064 631 3229 701 igitur
3256 630 3487 686 Dallaeus
3516 634 3682 701 quin-

2112 722 2373 791 quaginta
2407 730 2621 775 tantum
2653 737 2892 776 canones
2925 723 3026 776 sub
3053 724 3424 792 apostolorum
3460 726 3683 779 nomine

2112 832 2227 870 aevo
2271 813 2562 869 Gelasiano
2603 814 2880 869 exstitisse
2924 815 3087 881 velit,
3132 832 3255 869 cum
3298 832 3364 870 ex
3401 818 3507 871 illis
3542 826 3681 872 tota

2116 904 2390 973 Patribus,
2410 922 2441 960 a
2458 907 2724 970 conciliis,
2756 923 2786 961 a
2813 905 3078 961 Romanis
3103 908 3451 977 pontiﬁcibus
3480 909 3681 963 fuerint

2107 1001 2310 1057 diserte
2334 999 2563 1067 laudati,
2595 999 2761 1069 aliqui
2789 1000 2951 1053 etiam
2989 999 3058 1053 ah
3099 1000 3216 1069 ipso
3252 1000 3468 1055 Gelasio
3507 1003 3679 1070 agniti

2106 1101 2272 1163 atque
2311 1092 2548 1163 probati,
2587 1107 2712 1146 cum
2748 1092 2942 1161 reliqui
2978 1093 3220 1163 ejusdem
3266 1094 3427 1164 plane
3463 1095 3678 1166 generis

2106 1185 2216 1241 sint
2244 1192 2299 1240 et
2328 1184 2382 1238 in
2410 1184 2601 1239 eodem
2635 1199 2758 1239 cum
2802 1184 2887 1238 bis
2926 1186 3061 1240 adeo
3096 1186 3327 1256 receptis
3353 1194 3515 1257 atque
3544 1203 3675 1257 pro-

2104 1278 2246 1333 batis
2274 1276 2462 1332 codice
2484 1276 2876 1346 reprtcsentati,
2902 1293 3002 1331 cur
3024 1275 3241 1332 Librum
3264 1280 3352 1347 qui
3375 1280 3677 1349 appellatur

2108 1370 2358 1426 Canones
2391 1371 2764 1439 apostolorum
2793 1370 3147 1440 apocrypltum
3176 1370 3247 1423 ita
3273 1371 3585 1441 appellaret,
3614 1382 3676 1428 ut

2102 1462 2244 1517 inter
2274 1463 2363 1516 illa
2390 1479 2507 1534 qua:
2538 1461 2601 1516 ab
2642 1462 2902 1517 ha’reticis
2937 1463 3042 1514 sire
3070 1462 3420 1516 schismaticis
3448 1466 3677 1517 conscri-

2098 1568 2191 1626 pta
2233 1565 2376 1620 sunt,
2411 1563 2743 1619 numeraret,
2768 1556 2834 1608 ut
2886 1552 3188 1607 nullatenus
3229 1572 3267 1608 a
3313 1555 3576 1610 catholica
3622 1565 3674 1610 et

2098 1646 2391 1716 apostolica
2419 1646 2654 1699 Romana
2682 1644 2921 1698 Ecclesia
2950 1656 3212 1713 receptum
3248 1645 3534 1710 indicaret,
3559 1654 3612 1699 et
3640 1662 3671 1701 a

2094 1738 2368 1792 catholicis
2400 1738 2672 1792 vitandum
2706 1738 3102 1808 pronuntiaret,
3136 1737 3272 1791 ratio
3295 1737 3444 1797 nulla
3465 1738 3549 1792 vel
3572 1753 3672 1793 ex-

2094 1833 2320 1903 cogitari
2347 1842 2543 1903 potest.

2166 1927 2322 1993 Haec,
2348 1927 2567 1996 opinor,
2602 1926 2739 1981 adeo
2773 1941 2803 1980 a
2839 1935 3020 1981 mente
3047 1924 3563 1981 Gelasiiabhorrcre
3584 1928 3668 1981 vi-

2095 2018 2384 2083 debantur,
2414 2027 2474 2071 ut
2502 2018 2618 2071 haec
2650 2016 2767 2085 ipsa
2802 2016 2967 2070 verba
3011 2030 3042 2069 e
3070 2016 3288 2070 decreto
3313 2018 3581 2072 eradenda
3605 2034 3670 2073 ac

2093 2110 2313 2179 penitus
2347 2107 2581 2162 tollenda
2602 2106 2973 2177 judicaverint
3002 2105 3271 2160 nonnulli.
3302 2105 3437 2161 Nam
3474 2108 3525 2161 in
3557 2123 3663 2162 ms.

2094 2209 2285 2255 DOSU‘O
2313 2206 2440 2252 ante
2474 2206 2763 2252 sexcentos
2794 2195 2906 2251 fere
2933 2212 3107 2250 annos
3130 2206 3354 2250 exarato
3379 2211 3485 2250 non
3517 2212 3668 2251 C0")-

2093 2302 2315 2363 parent:
2345 2300 2399 2345 et
2420 2291 2751 2345 Hincmarus
2773 2289 3022 2345 ducentis
3052 2290 3231 2344 adhuc
3264 2290 3445 2343 senior
3478 2291 3531 2343 in
3564 2305 3666 2344 suo

2091 2384 2278 2440 codice
2306 2384 2425 2439 sine
2456 2383 2622 2437 dubio
2645 2399 2754 2437 non
2786 2383 3010 2435 invenit.
3045 2382 3118 2435 Ita
3143 2382 3287 2435 enim
3322 2382 3437 2449 ipse
3458 2380 3661 2451 Opusc.

2090 2491 2142 2530 c.
2164 2475 2235 2529 21
2258 2495 2270 2529 :
2300 2473 2403 2528 Sed
2426 2484 2473 2528 et
2506 2475 2686 2528 beatus
2711 2473 2951 2527 Gelasius
2970 2476 3024 2527 in
3046 2473 3307 2543 catalogo,
3333 2475 3425 2543 qui
3448 2474 3570 2527 libri
3596 2474 3661 2528 ab

2091 2566 2330 2621 Ecclesia
2364 2567 2724 2635 recipiantur,
2766 2567 2830 2619 de
2874 2566 2954 2619 his
2991 2566 3350 2636 apostolorum
3376 2567 3661 2620 canonibus

2086 2660 2294 2729 penitus
2340 2659 2527 2723 tacuit,
2576 2657 2666 2712 sed
2710 2674 2805 2711 nec
2855 2658 2996 2711 inter
3042 2657 3343 2727 apocrypha
3374 2673 3461 2711 eos
3491 2658 3657 2711 misit.

2086 2749 2178 2805 llla
2212 2750 2377 2820 igitur
2406 2749 2605 2804 verba:
2634 2747 2790 2802 Liber
2809 2749 2900 2818 qui
2930 2747 3231 2817 appellatur
3254 2744 3506 2799 Canones
3535 2758 3665 2817 apo-

2084 2845 2344 2898 stolorum
2372 2841 2722 2910 apocryphus,
2756 2840 2810 2893 in
2838 2840 3059 2894 decreto
3089 2836 3290 2894 Gelasii
3329 2835 3658 2891 Hincmarus

2085 2947 2195 2988 non
2218 2932 2450 3003 legebat.
2479 2930 2585 2988 Sed
2616 2933 2705 2988 hic
2735 2949 2795 2988 se
2824 2933 3077 2988 criticum
3112 2930 3352 2985 ostendit
3386 2928 3656 2992 Dallaaus;

2084 3026 2274 3079 ultima
2303 3026 2392 3080 illa
2417 3027 2582 3081 verba
2610 3026 2875 3081 mendosa
2903 3041 3027 3081 esse
3046 3025 3390 3095 pronuntiat,
3413 3031 3467 3077 et
3494 3023 3657 3076 resti~

2085 3126 2200 3173 tuto
2228 3119 2395 3173 verbo
2430 3119 2630 3186 omisit,
2668 3136 2766 3189 pro
2792 3135 2857 3175 eo
2881 3119 3027 3189 quod
3066 3119 3119 3173 in
3153 3117 3434 3172 codicibus
3462 3117 3652 3186 vulgu-

2082 3212 2151 3266 tis
2174 3212 2372 3282 legitur
2395 3213 2561 3279 misit,
2586 3212 2931 3282 corrigcnda,
2966 3220 3025 3265 ut
3054 3212 3125 3265 ita
3157 3210 3440 3279 scripserit
3490 3208 3655 3262 Hinc-

2079 3321 2289 3372 marus,
2323 3302 2426 3359 Sed
2464 3321 2556 3359 nec
2596 3305 2733 3359 inter
2758 3304 3060 3376 apocrypha
3087 3320 3173 3358 eos
3224 3303 3423 3358 omisit.
3477 3300 3650 3367 Quam

2080 3397 2451 3466 importunam
2485 3396 2880 3451 correctionem
2909 3412 2972 3451 ea
3002 3411 3123 3464 quae
3158 3405 3464 3463 sequuntur
3492 3396 3653 3463 plane

2078 3488 2357 3558 rejiciunt.
2394 3486 2726 3557 Quapropter
2767 3488 2823 3540 in
2874 3487 3094 3541 lectione
3132 3487 3351 3540 illorum
3390 3488 3652 3556 sequenda

2075 3590 2151 3635 est
2178 3581 2386 3635 cautela
2410 3580 2473 3635 ab
2494 3582 2675 3635 eodem
2707 3579 2767 3635 S.
2793 3579 3003 3635 Gelasio
3052 3581 3405 3649 prannonita:
3467 3598 3485 3629 ι
3516 3578 3651 3634 Cum

2076 3669 2209 3736 htec,
2240 3670 2435 3740 inquit,
2464 3671 2534 3723 ad
2546 3670 2949 3726 Catholicorum
2972 3686 3189 3723 manum
3213 3670 3539 3734 advenerint,
3578 3669 3648 3725 Β.

2075 3759 2238 3814 Pauli
2262 3761 2488 3830 apostoli
2509 3762 2777 3831 prwcedat
2806 3764 3064 3816 sententia
3094 3779 3212 3833 qua:
3254 3762 3415 3818 dicit:
3455 3761 3651 3817 Omnia

2073 3853 2308 3924 probate,
2331 3854 2469 3924 quod
2506 3854 2697 3907 bonum
2718 3863 2794 3908 est
2819 3863 2985 3908 tenete
3011 3856 3048 3908 ⁸.
3078 3874 3097 3906 ι
3124 3853 3239 3910 Hoc
3260 3863 3362 3921 est,
3387 3854 3647 3924 quoniam

2074 3945 2325 4000 Gelasius
2345 3946 2491 4001 hunc
2516 3944 2718 4000 librum
2745 3960 3020 4001 canonum
3046 3962 3147 4002 nec
3175 3947 3319 4002 inter
3341 3962 3436 4002 eos
3458 3947 3552 4016 qui
3579 3947 3649 4001 ab

2073 4037 2317 4093 Ecclesia
2338 4038 2763 4108 recipiebantur,
2789 4053 2890 4093 nec
2920 4038 3059 4093 inter
3075 4042 3418 4111 apocryphos
3448 4054 3647 4094 nume-

2073 4129 2236 4195 ravit,
2257 4138 2311 4183 et
2334 4137 2516 4183 tamen
2540 4129 2702 4199 vulgo
2724 4129 3026 4198 legeretur;
3056 4128 3108 4182 id
3136 4128 3351 4183 tandem
3374 4130 3644 4199 sequitur,

2072 4222 2215 4277 inter
2237 4237 2331 4277 eos
2348 4237 2470 4278 esse
2502 4223 2924 4289 numerandum,
2975 4238 3116 4292 quos
3146 4224 3234 4276 ille
3260 4238 3363 4277 nec
3417 4222 3644 4291 recepit,

2070 4330 2173 4370 nec
2202 4316 2420 4384 penitus
2472 4315 2700 4384 rejecit,
2736 4314 2928 4385 quales
2970 4324 3127 4371 erant
3160 4314 3323 4368 Actus
3380 4313 3640 4379 Silvestri,

2069 4408 2346 4477 scriptura
2379 4406 2456 4462 De
2491 4409 2793 4462 inuentione
2829 4406 3126 4465 ﬂaminica:
3152 4408 3346 4473 crucis,
3371 4416 3424 4462 et
3453 4407 3531 4461 De
3560 4409 3645 4461 iu-

2066 4499 2308 4552 uentione
2339 4499 2526 4567 capitis
2556 4497 2622 4552 B.
2651 4497 2878 4552 Joannis
2917 4497 3197 4567 Baptistaz,
3228 4498 3295 4553 de
3324 4499 3527 4569 quibus
3556 4515 3646 4553 re-

371 4596 549 4665 ἦγουν
573 4597 673 4659 τάς
701 4613 762 4649 τε
803 4597 1019 4660 ἐντολὰς
1050 4597 1142 4651 τοῦ
1176 4598 1332 4664 Θεοῦ,
1360 4601 1453 4654 καὶ
1486 4601 1577 4654 τὸν
1608 4601 1963 4655 ἀποστολικὸν
1993 4587 1998 4638 Ϊ

2081 4590 2248 4660 gulam
2285 4590 2355 4644 ab
2380 4588 2676 4645 Hincmaro
2711 4590 3061 4645 observatam
3094 4591 3281 4645 tradit.
3318 4589 3397 4646 Ne
3426 4589 3643 4644 Gratia-

372 4688 585 4742 κανόνα
614 4690 711 4743 καὶ
746 4690 845 4760 τῆς
886 4691 1210 4762 Ἐκκλησίας
1252 4693 1538 4762 φυλάττειν
1568 4693 1772 4762 ἔγνωκε
1792 4711 1805 4725 ⁸
1848 4694 1961 4749 Tua

370 4782 668 4851 prudentia
698 4789 749 4834 et
780 4784 1032 4837 mandata
1064 4784 1183 4849 Dei,
1215 4796 1265 4839 et
1301 4786 1649 4854 apostolicum
1684 4802 1957 4856 canonent,

371 4884 538 4943 atque
570 4873 989 4928 ecclesiasticum
1009 4876 1272 4931 custodire
1295 4879 1520 4931 statuit:
1554 4886 1613 4933 ut
1649 4878 1766 4948 ipse
1794 4877 1960 4934 refert

370 4962 445 5017 de
498 4963 620 5018 Vita
666 4962 1007 5022 Constantini
1037 4966 1135 5020 lib.
1170 4983 1253 5034 ιιι,
1284 4984 1333 5023 c.
1376 4968 1466 5023 61.
1502 4968 1598 5025 Est
1639 4979 1822 5025 autem
1869 4971 1959 5026 hic

369 5069 563 5109 canon
588 5056 731 5109 inter
758 5071 875 5121 eos,
903 5060 998 5127 qui
1025 5060 1308 5128 apostolici
1335 5062 1676 5131 dicebantur,
1709 5066 1956 5121 decimus

366 5156 632 5216 quartus.
699 5146 1011 5202 Alexander
1065 5149 1357 5220 episcOpus
1420 5153 1767 5209 Alexandria:
1830 5165 1955 5212 ante

364 5238 669 5293 concilium
715 5238 1031 5309 Nicaanum,
1076 5256 1201 5297 cum
1253 5244 1443 5297 Arium
1500 5245 1731 5315 ejusque
1770 5248 1954 5303 socios

361 5331 944 5398 excommunicasset,
983 5334 1212 5402 epistola
1262 5336 1329 5390 ad
1380 5336 1747 5393 Alexandrum
1807 5339 1954 5396 Con-

364 5424 927 5492 stantinopolitanum
956 5426 1271 5496 episcopum
1297 5428 1421 5482 data
1446 5430 1684 5498 graviter
1710 5448 1951 5502 conque-

361 5514 530 5581 ritur,
575 5516 723 5585 quod
774 5516 844 5569 ab
887 5516 1163 5587 aliquibus
1200 5519 1253 5572 in
1297 5519 1595 5577 Ecclesiam
1641 5524 1950 5593 reciperen-

362 5615 476 5670 tnr,
504 5607 583 5679 τῷ
627 5609 769 5681 μήτε
811 5607 903 5660 τὸν
956 5609 1315 5664 ἀποστολικὸν
1355 5612 1556 5666 κανόνα
1610 5614 1769 5667 τοῦτο
1818 5634 1948 5686 συγ-

355 5700 578 5771 χωρεῖν,
606 5699 753 5769 quod
776 5696 1098 5769 apostolicus
1134 5720 1303 5761 canon
1339 5706 1396 5761 id
1433 5723 1536 5764 non
1560 5710 1853 5780 permittat,
1882 5721 1945 5769 ut

427 5852 441 5885 '
477 5848 501 5911 ι
536 5850 740 5909 Thess.
783 5868 840 5923 ν,
870 5851 959 5911 21.

2065 4698 2171 4738 nus
2192 4683 2411 4754 quidem
2440 4684 2555 4739 haec
2584 4684 2638 4737 in
2669 4683 2873 4741 Gelasii
2905 4685 3127 4740 decreto
3156 4685 3352 4754 legisse
3400 4682 3636 4750 videtur;

2061 4791 2186 4829 nam
2222 4776 2366 4830 inter
2396 4790 2492 4830 eos
2514 4776 2609 4846 qui
2637 4776 2896 4832 Canones
2927 4776 3302 4846 apostolorum
3338 4777 3479 4831 inter
3506 4790 3639 4843 apo-

2060 4868 2262 4938 crypha
2288 4868 2672 4931 numerabant,
2702 4868 2902 4922 Gelasii
2935 4884 3042 4921 non
3068 4866 3348 4932 meminit,
3383 4866 3511 4921 dist.
3544 4864 3633 4919 16.

2064 4958 2218 5025 Quod
2246 4969 2429 5014 autem
2462 4959 2591 5013 dist.
2637 4958 2705 5014 15
2752 4976 2899 5013 nunc
2926 4974 2989 5013 ea
3020 4960 3309 5023 habentur,
3338 4958 3495 5011 nihili
3519 4974 3630 5032 θείς

2059 5065 2185 5104 nam
2208 5049 2453 5105 Gratiani
2486 5048 2663 5105 codici
2697 5050 2880 5104 omnia
2904 5050 2971 5104 de
2998 5049 3156 5105 libris
3184 5049 3512 5120 apocryphis
3538 5068 3635 5119 po-

2058 5150 2173 5197 stea
2214 5151 2343 5197 sunt
2372 5142 2601 5206 inserta,
2636 5156 2737 5196 nec
2781 5142 2849 5195 ad
2886 5156 3010 5196 eum
3030 5156 3140 5212 quo
3167 5143 3422 5211 leguntur
3450 5143 3630 5200 locum

2055 5232 2350 5301 pertinent,
2373 5247 2482 5302 quo
2510 5232 2621 5302 agit
2645 5231 2712 5287 de
2738 5231 3010 5298 conciliis,
3041 5242 3099 5287 ut
3126 5232 3301 5301 ipsius
3325 5234 3515 5288 titulus
3541 5234 3630 5289 in-

2054 5324 2236 5390 dicat;
2262 5332 2316 5378 et
2338 5323 2534 5379 Glossa
2565 5339 2838 5378 summam
2888 5324 3083 5393 capitis
3108 5325 3478 5393 complectens
3512 5326 3629 5384 haec

2009 5431 2014 5439 '
2056 5423 2268 5468 tantum
2303 5414 2493 5469 habet:
2521 5413 2666 5467 Dicit
2686 5415 2827 5468 enim
2857 5413 3122 5479 Gelasius,
3153 5416 3293 5485 quod
3316 5420 3627 5485 supradicta

2051 5516 2283 5576 quatuor
2312 5506 2541 5560 concilia
2570 5505 2680 5559 uult
2710 5507 2966 5571 uenerari,
2996 5517 3044 5560 et
3069 5508 3115 5560 si
3138 5523 3241 5577 qua
3266 5507 3376 5561 alia
3409 5509 3625 5577 fuerunt

2053 5616 2085 5652 a
2119 5598 2221 5653 SS.
2252 5597 2507 5652 Patribus
2543 5599 2812 5665 instituta,
2850 5608 2899 5653 et
2943 5601 3171 5653 ostendit
3201 5616 3320 5669 qua:
3369 5603 3623 5670 opuscula

2054 5689 2155 5759 SS.
2190 5689 2419 5745 Patrum
2450 5691 2504 5746 in
2536 5687 2775 5746 Ecclesia
2805 5690 3148 5761 recipiantur.
3187 5689 3428 5750 Ulterius
3457 5694 3623 5765 igitur
