4136 6386
600 394 611 443 l
628 394 693 443 1‘3

628 394 693 446 1‘3
1652 391 1709 446 S.
1741 390 2089 449 lGNATlUS.
2130 424 2198 433 —
2236 389 2773 448 PROLEGOMENA.

3772 390 3867 446 ﬁt

595 533 700 568 non
742 516 1013 586 processit
1046 514 1365 569 Gratianus.
1418 512 1473 566 l‘n
1509 515 1761 583 plurimis
1820 517 1983 568 etiam
2039 531 2173 569 mss.
2211 519 2253 575 Α
2282 529 2403 566 rum
2438 513 2573 567 tales
2598 514 2925 581 scripturas.
2955 511 3070 566 sive
3108 512 3298 578 libros,
3326 513 3525 570 Gelasii
3553 530 3667 569 ερνο
3706 520 3864 569 exsti-

590 608 881 665 codicibus
909 608 1109 662 decreti
1138 606 1415 662 Gratianei
1452 608 1659 677 reliqua
1694 623 1801 661 non
1835 619 2172 677 comparent.

588 700 905 764 Quinetiam
941 701 995 756 in
1030 700 1243 753 duobus
1266 700 1539 753 veteribus
1565 717 1697 755 mss.
1736 700 2042 755 Panormia’
2060 702 2181 755 Ivo—

590 794 675 846 nis
730 795 795 848 ad
829 795 1100 863 publicam
1156 794 1453 847 academire
1513 803 1719 847 nostra:
1781 794 2177 848 Bibliothecam

596 886 1040 955 pertinentibus,
1097 886 1285 939 eadem
1342 885 1508 939 verba
1560 884 1961 939 desiderantur.
1994 886 2179 954 Neque

597 976 823 1042 mirum,
854 993 978 1029 cum
1015 978 1106 1030 illa
1142 992 1270 1044 pars
1302 985 1576 1046 postrema
1617 977 1821 1031 decreti
1877 977 2174 1041 Gelasiani,

596 1078 713 1122 tum
742 1070 793 1122 in
824 1066 1117 1123 Panormia
1150 1079 1261 1123 tum
1310 1070 1362 1123 in
1418 1071 1638 1125 decreto
1693 1068 2017 1136 Burcbardi,
2073 1070 2177 1125 hoc

597 1160 759 1213 titulo
788 1160 1054 1227 gaudeat:
1104 1158 1182 1211 De
1208 1160 1398 1211 notitia
1424 1159 1680 1212 librorum
1728 1157 2172 1227 apocryphornm,

594 1252 686 1320 qui
718 1269 747 1303 a
773 1250 873 1305 SS.
896 1250 1147 1303 I’atribus
1176 1262 1377 1304 interna
1400 1252 1743 1304 damnatione
1766 1250 2009 1303 damnati
2028 1260 2171 1304 sunt.

596 1342 730 1408 Quis
764 1344 909 1397 enim
948 1343 1090 1396 ferre
1122 1353 1237 1397 tum
1272 1345 1537 1413 temporis
1566 1344 1999 1412 potuitcanones
2039 1358 2173 1412 apo-

594 1438 862 1491 stolorum
892 1438 945 1491 in
970 1438 1189 1491 decreto
1211 1437 1311 1491 sub
1335 1438 1427 1490 tali
1456 1438 1614 1491 titulo
1643 1436 2091 1506 comprehensos,
2126 1435 2172 1489 si

594 1534 758 1587 simul
791 1533 1076 1603 c0gitaret,
1112 1531 1304 1587 iisdem
1326 1531 1631 1585 canonibus
1661 1529 1964 1583 Romanam
1987 1527 2172 1583 Eccle-

593 1626 732 1679 siam
764 1626 1118 1692 guberuatam
1149 1624 1311 1678 esse?
1333 1623 1470 1677 Cum
1507 1622 1675 1692 igitur
1698 1622 2009 1691 aliquorum
2045 1631 2171 1674 ante

594 1715 871 1769 Gelasium
893 1718 1235 1785 pontilicum,
1252 1724 1307 1769 et
1335 1716 1507 1784 ipsius
1554 1715 1717 1768 etiam
1734 1714 1935 1769 Gelasii
1951 1716 2167 1769 decreta

592 1824 659 1863 ex
678 1810 985 1862 canonilms
1010 1809 1325 1877 apostolicis
1356 1806 1640 1875 desumpta
1679 1806 1789 1860 sint
1815 1847 1830 1871 ,
1860 1822 1982 1860 cum
2005 1807 2168 1875 paulo

592 1910 713 1969 post
738 1900 937 1955 Gelasii
992 1875 1244 1966 mortem,
1302 1915 1543 1954 canones
1578 1899 1655 1951 illi
1691 1914 1720 1951 a
1765 1906 1876 1952 tota
1923 1896 2169 1952 Romana
2204 1875 2243 1929 η

590 1990 839 2046 Ecclesia
887 1993 1089 2061 recepti
1111 1992 1249 2057 sint;
1283 1992 1566 2047 decretum
1589 1990 1743 2054 illud,
1773 2006 1882 2058 quo
1920 1989 1974 2041 hi
2000 2003 2169 2043 cano-

589 2098 687 2137 nes
716 2092 916 2137 a-tcrna
952 2082 1307 2138 damnatione
1338 2080 1583 2135 damnati
1609 2092 1756 2147 sunt,
1777 2080 1995 2135 Gelasio
2019 2094 2173 2149 papa:

585 2178 753 2233 tribui
796 2194 902 2232 non
935 2185 1135 2247 potest.

658 2292 928 2347 Praeterea
971 2294 1087 2347 haec
1143 2292 1311 2347 verba
1369 2302 1652 2347 auctorem
1708 2292 1912 2346 decreti
1950 2290 2169 2346 Gelasio

581 2387 856 2455 juniorem
898 2387 1122 2438 omnino
1145 2385 1555 2439 demonstrant:
1588 2382 1689 2439 Sed
1721 2394 1770 2437 et
1803 2384 1847 2436 si
1892 2401 1997 2453 qua
2045 2393 2167 2437 sunt

585 2480 811 2533 concilia
839 2497 870 2532 a
896 2478 998 2533 SS.
1026 2478 1277 2531 Patribus
1316 2478 1568 2529 hactenus
1601 2478 1869 2541 instituta,
1901 2486 2016 2545 post
2048 2476 2169 2528 illo-

584 2590 701 2625 run:
725 2582 955 2643 quatuor
971 2572 1344 2624 auctoritatem
1362 2580 1409 2623 et
1428 2570 1772 2623 custodienda
1795 2580 1842 2623 et
1867 2571 2165 2639 recipienda

584 2665 932 2718 decrevimus.
962 2662 1038 2716 De
1069 2672 1308 2731 quatuor
1348 2662 1695 2733 generalibus
1744 2662 1993 2716 conciliis
2043 2672 2168 2715 ante

584 2758 828 2823 locutus,
856 2758 923 2812 de
960 2757 1186 2826 reliquis
1218 2766 1342 2825 post
1372 2773 1436 2810 ea
1480 2756 1772 2810 celebratis
1799 2757 1944 2824 agit,
1986 2756 2168 2809 mino-o

582 2866 812 2919 remque
841 2852 909 2905 iis
946 2851 1332 2904 auctoritatem
1368 2850 1601 2914 tribuit;
1635 2847 1782 2918 quod
1831 2849 2056 2902 omnino
2084 2847 2168 2900 in-

582 2944 755 3013 telligi
778 2944 939 2998 debet
976 2946 1043 2999 de
1066 2944 1316 2998 conciliis
1336 2958 1459 3013 quae
1488 2943 1817 2996 videbantur
1850 2956 1974 2995 esse
2004 2957 2167 3010 gene-

582 3036 759 3089 ralia:
791 3037 949 3089 aliter
975 3037 1105 3089 nihil
1134 3038 1359 3090 diceret.
1403 3035 1472 3087 At
1497 3044 1656 3089 astate
1697 3033 1899 3088 Gelasii
1955 3035 2163 3087 nullum

582 3138 707 3197 post
739 3128 1181 3183 Chalcedonensc
1209 3129 1501 3183 concilium
1526 3127 1861 3181 celebratum
1886 3134 1989 3190 est,
2018 3124 2164 3195 quod

2288 606 2418 661 tisse
2455 623 2561 659 non
2600 616 2842 676 apparet.
2870 605 2965 661 Est
2993 606 3211 676 quidem
3242 608 3476 673 libellus,
3509 611 3649 666 inter
3694 604 3858 676 Opera

2286 697 2643 769 S.Cypriano
2679 698 2819 753 falso
2864 698 3120 767 ascripta,
3173 699 3251 753 De
3299 701 3611 757 reuelatione
3656 706 3857 775 capitis

2280 791 2508 845 Joannis
2540 792 2821 861 Baptista,
2844 802 2898 845 et
2929 792 2974 845 si
3010 791 3247 847 Baronio
3294 794 3625 850 credendum
3657 799 3745 865 sit,
3802 797 3852 852 in

2280 882 2739 939 Adnotationibus
2765 885 2831 939 ad
2866 884 3335 956 Martyrologium,
3377 898 3574 956 quarto
3607 888 3724 944 Kal.
3756 891 3859 947 Se-e

2279 978 2543 1047 ptembris
2565 1021 2579 1043 ,
2614 978 2765 1047 cujus
2791 978 2917 1047 ﬁdei
2942 980 3010 1032 sit
3051 989 3312 1033 tractatus
3339 981 3451 1046 ille,
3475 981 3711 1035 declarat
3734 1001 3849 1038 cen-

2278 1086 2405 1123 sura
2435 1068 2655 1137 Gelasii,
2697 1073 2787 1142 qui
2820 1073 2896 1125 sic
2928 1090 2990 1126 ea
3028 1090 3146 1143 qua:
3172 1075 3248 1127 ibi
3274 1086 3397 1127 sunt
3447 1076 3660 1145 reliquit
3695 1077 3849 1133 lecto-

2278 1165 2353 1217 ris
2380 1164 2705 1227 arbitrio,ut
2739 1180 2858 1235 qua:
2899 1182 3021 1219 vera
3053 1167 3131 1219 vel
3163 1165 3302 1235 falsa
3330 1168 3457 1233 sint,
3491 1178 3613 1222 ante
3649 1173 3848 1224 exami-

2278 1264 2361 1307 net
2384 1272 2540 1324 quam
2569 1254 2771 1323 probet.
2807 1252 2913 1309 Sed
2931 1254 3134 1309 Gelasii
3159 1271 3392 1310 censura
3418 1256 3579 1325 cujus
3611 1257 3732 1311 fidei
3758 1260 3843 1325 sit,

2277 1356 2543 1401 tractatus
2576 1349 2666 1401 ille
2698 1347 2980 1401 declarare
3012 1364 3118 1401 non
3164 1349 3368 1417 potuit;
3420 1350 3662 1420 scriptus
3708 1351 3844 1404 enim

2275 1449 2359 1493 est
2387 1450 2653 1495 tractatus
2679 1440 2793 1508 ipse
2821 1448 2943 1509 post
2977 1438 3353 1494 Marcellinum
3381 1442 3661 1503 comitem,
3697 1442 3847 1511 cujus

2274 1529 2587 1584 Chronicon
2638 1528 3149 1584 citatzChronicon
3178 1540 3359 1584 autem
3422 1530 3721 1586 Marcellini
3758 1534 3844 1588 diu

2273 1635 2397 1693 post
2434 1622 2635 1677 Gelasii
2669 1632 2901 1676 mortem
2939 1623 3201 1692 scriptum
3229 1634 3332 1677 est.
3400 1624 3596 1679 Fertur
3635 1627 3844 1695 quidem

2276 1718 2567 1787 Dionysius
2598 1715 2841 1786 Exiguus
2867 1716 3113 1769 eamdem
3151 1717 3538 1771 revelationem
3573 1734 3640 1773 ex
3666 1718 3846 1773 Grmca

2274 1808 2515 1863 Marcelli
2546 1806 2988 1862 archimandritas
3014 1807 3278 1862 relatione
3312 1808 3363 1861 in
3417 1810 3662 1878 linguam
3700 1810 3846 1864 Lati-

2275 1916 2399 1954 nam
2422 1900 2790 1963 transtulisse,
2827 1907 2887 1953 ut
2920 1914 3041 1953 eam
3073 1897 3305 1954 Romani
3346 1901 3629 1971 legerent;
3686 1905 3776 1958 sed
3798 1914 3848 1958 et

2274 1990 2569 2061 Dionysius
2611 1991 2701 2045 ille
2725 1999 2849 2061 post
2880 1991 3093 2044 obitum
3128 1990 3330 2047 Gelasii
3351 1994 3604 2062 'scripsit.

2344 2106 2629 2160 Decretum
2661 2106 2819 2160 docet
2844 2105 3086 2163 Marcum
3126 2108 3516 2178 evangelistam
3549 2108 3859 2177 gloriosum.

2272 2213 2689 2253 consummasse
2723 2198 3085 2269 martyrium;
3112 2208 3169 2252 at
3207 2200 3309 2253 hoc
3347 2216 3525 2269 neque
3559 2200 3845 2264 Eusebius,

2275 2308 2451 2363 neque
2479 2291 2845 2362 Hieronymus
2894 2300 3019 2345 ante
3053 2290 3331 2345 Gelasium
3361 2291 3626 2357 tradidit,
3681 2307 3849 2361 neque

2272 2394 2395 2456 post
2419 2401 2542 2439 eum
2571 2383 2813 2439 Isidorus
2854 2382 3229 2454 Hispalensis:
3260 2394 3317 2438 ut
3340 2383 3459 2437 Vita
3492 2383 3551 2438 S.
3577 2384 3764 2449 Marci,
3796 2385 3845 2439 in

2271 2495 2381 2547 qua
2415 2477 2535 2546 ejus
2567 2477 2889 2547 martyrium
2914 2476 3270 2538 describitur,
3304 2485 3427 2545 post
3479 2475 3699 2541 lsidori,
3724 2484 3844 2530 ante

2271 2567 2426 2620 Beda:
2459 2575 2513 2620 et
2546 2566 2787 2621 auctoris
2826 2565 3029 2619 decreti
3091 2573 3335 2634 tempora
3371 2564 3573 2635 scripta
3618 2581 3740 2620 esse
3772 2566 3848 2618 vi-

2270 2656 2483 2711 deatur.

2348 2768 2605 2837 Denique,
2644 2769 2788 2837 quod
2833 2784 3076 2837 praesens
3118 2770 3395 2841 negotium
3448 2771 3689 2824 maxime
3733 2784 3851 2837 spe-

2272 2869 2613 2926 ctat,auctor
2641 2860 2708 2914 de
2745 2859 2957 2915 Huﬂino
2990 2877 3157 2931 agens
3186 2863 3294 2915 ait:
3326 2860 3433 2913 Illa
3455 2863 3710 2915 sentimus
3738 2877 3847 2931 qum

2272 2956 2479 3008 beatum
2506 2952 2886 3024 Hieronymum
2915 2956 3107 3008 sentire
3139 2956 3532 3025 cognoscimus:
3556 2964 3602 3007 et
3637 2972 3737 3007 non
3766 2971 3847 3007 so-

2272 3048 2381 3100 lum
2412 3048 2476 3102 de
2504 3046 2703 3116 Ru/ﬁno
2724 3088 2739 3113 ,
2769 3048 2859 3100 sed
2890 3048 3047 3100 etiam
3073 3049 3135 3101 de
3166 3048 3442 3111 universis,
3475 3063 3601 3117 quos
3645 3048 3725 3100 vir
3748 3062 3844 3099 sa:-

2270 3140 2388 3208 pius
2422 3149 2743 3191 memoratus
2775 3140 2886 3192 zelo
2920 3139 3015 3193 Dei
3044 3149 3093 3192 et
3126 3139 3252 3208 ﬁdei
3282 3139 3534 3209 religione
3579 3140 3845 3205 reprelien-

582 3221 637 3273 Ῑ¹¹
677 3236 908 3274 "umero
932 3222 1267 3290 80"0ralillm
1326 3220 1454 3289 Ροιιί
1489 3219 1685 3289 Ροιηίί·
1740 3217 1946 3272 AUC“)?
1998 3218 2164 3287 igim"
2191 3227 2233 3282 C
2268 3235 2367 3287 dit.
2397 3234 2528 3299 Qua:
2548 3234 2710 3287 verba
2750 3248 2849 3287 nec
2881 3233 3150 3297 concilio,
3195 3249 3295 3287 nec
3326 3234 3567 3303 pontiﬁci
3600 3232 3845 3289 Romano

583 3314 748 3380 hujus
780 3314 980 3367 decreti
1007 3313 1233 3366 omnino
1268 3320 1390 3378 post
1420 3310 1715 3365 concilium
1741 3311 2017 3378 quintum,
2048 3309 2163 3361 sive

580 3404 1255 3475 Gonstantinopolitanum
1291 3404 1594 3460 secundum
1656 3403 1894 3473 scripsit.
1952 3401 2024 3455 De
2070 3401 2163 3454 illo

580 3496 726 3549 enim
778 3496 871 3549 diu
918 3496 1235 3550 dubitanter
1282 3496 1447 3550 locuti
1481 3504 1609 3550 sunt
1640 3495 1845 3557 Latini,
1886 3510 1985 3547 nec
2017 3494 2162 3562 paris

580 3602 706 3643 cum
740 3598 978 3659 quatuor
1008 3589 1357 3645 auctoritatis
1409 3605 1532 3643 esse
1589 3588 1903 3642 voluerunt.
1957 3588 2161 3657 Grego-

579 3684 699 3737 rius
735 3684 781 3736 l:
814 3682 893 3736 De
921 3682 1018 3736 illa
1058 3692 1230 3736 tamen
1261 3682 1483 3753 synodo,
1535 3698 1653 3752 qua:
1700 3680 2160 3749 Constantinopoli

578 3777 915 3846 postmodum
946 3778 1091 3846 facta
1116 3787 1215 3839 est,
1247 3793 1364 3847 qua:
1394 3793 1425 3829 a
1458 3776 1638 3829 multis
1692 3776 1878 3845 quinta
1927 3775 2162 3826 nomina-

582 3876 691 3930 tur,
724 3868 859 3921 scire
887 3883 975 3920 vos
1008 3869 1145 3920 volo.
1190 3867 1235 3919 A
1273 3867 1461 3921 multis
1505 3867 1671 3933 igitur
1722 3881 1836 3920 aevo
1892 3865 2159 3934 Gregorii,

579 3974 688 4011 non
714 3960 782 4011 ab
805 3958 1063 4012 omnibus
1081 3960 1271 4028 quinta
1301 3959 1605 4021 dicebatur,
1625 3966 1826 4011 etcum
1861 3957 2001 4010 idem
2027 3957 2163 4011 Gre-

582 4050 772 4119 gorius
805 4050 871 4103 de
891 4051 1087 4121 synodi
1122 4049 1592 4104 Chalcedonensis
1625 4050 1949 4103 auctoritate
1990 4049 2164 4102 dixis-

582 4150 686 4205 set,
717 4138 783 4192 de
806 4142 993 4208 quinta
1021 4141 1133 4194 lucc
1159 4141 1343 4195 statim
1364 4140 1573 4194 addidit
1594 4159 1607 4193 :
1628 4138 1770 4192 Nam
1798 4141 2029 4209 synodus
2046 4155 2163 4209 qua:

581 4242 700 4300 post
738 4249 855 4285 eam
888 4232 1205 4303 generaliter
1240 4232 1386 4300 facta
1416 4244 1515 4295 est,
1547 4233 1745 4286 idcirco
1784 4250 1815 4285 α
1838 4232 1985 4284 nobis
2031 4232 2164 4284 reci-

581 4322 749 4391 pitur,
782 4323 905 4391 quia
934 4322 1166 4390 ejusdem
1200 4324 1390 4391 synodi
1415 4324 1468 4375 in
1490 4323 1733 4374 omnibus
1759 4340 1975 4392 sequens
2018 4334 2165 4377 tena-

582 4430 691 4466 rem
714 4413 858 4467 illius
889 4416 1265 4468 auctoritatem
1299 4415 1555 4469 custodit.
1596 4415 1842 4470 Isidorus
1877 4416 1913 4470 I.
1948 4432 1999 4469 Vl
2036 4416 2163 4486 Ely-

582 4508 732 4569 mol.,
762 4508 937 4562 c.16:
981 4508 1079 4561 [Ite
1127 4519 1249 4561 sunt
1296 4518 1527 4572 quatuor
1576 4509 1765 4578 synodi
1820 4510 2161 4578 principales,

581 4601 706 4669 ﬁdei
736 4601 1035 4655 doctrinam
1062 4602 1365 4671 plenissime
1389 4604 1759 4671 prwdicantes.
1785 4602 1886 4659 Sed
1911 4616 1960 4658 et
1982 4606 2028 4657 si
2055 4623 2157 4675 qua
2191 4586 2235 4641 ι)

581 4699 703 4743 sunt
735 4692 962 4745 concilia
995 4710 1111 4762 qua:
1151 4691 1252 4748 SS.
1278 4692 1463 4747 Patres
1491 4694 1695 4762 Spiritu
1727 4694 1826 4749 Dei
1854 4697 1993 4766 pleni
2036 4715 2161 4753 san-

579 4790 771 4834 :rerunt
803 4782 1151 4851 postillorum
1175 4791 1405 4853 quatuor
1423 4785 1793 4836 auctoritatem
1817 4826 1831 4849 ,
1870 4787 2011 4839 omni
2043 4802 2161 4837 ma—

583 4884 705 4927 nent
734 4876 979 4929 stabilita
1019 4877 1212 4945 vigore.
1252 4874 1389 4940 Quis
1432 4891 1540 4931 non
1595 4875 1740 4929 videt
1798 4876 1912 4931 hazc
1967 4878 2158 4932 eadem

582 4966 742 5036 quasi
786 4977 965 5021 mente
994 4968 1181 5033 scribi,
1211 4984 1321 5038 qua
1371 4968 1462 5021 illa
1516 4968 1568 5020 in
1601 4968 1819 5022 decreto
1870 4968 2160 5025 Gelasiano

582 5058 1001 5113 scribebantur?
1023 5057 1134 5113 Nec
1168 5060 1283 5113 haec
1324 5059 1510 5130 igitur,
1545 5074 1647 5113 nec
1686 5060 1775 5113 illa
1815 5070 1941 5115 ante
1994 5063 2157 5130 quin-

582 5159 694 5205 tam
730 5154 1000 5222 synodum
1046 5152 1251 5221 scripta
1282 5150 1451 5206 fuisse
1482 5152 1779 5221 putandum
1802 5160 1903 5207 est.
1939 5152 2161 5207 Cassio-

584 5249 753 5302 dorus
778 5248 871 5316 qui
920 5246 1358 5316 post'Gelasium
1385 5288 1400 5313 ,
1432 5255 1557 5300 ante
1589 5249 1667 5301 vel
1694 5248 1839 5302 circa
1888 5249 2155 5319 synodum

584 5340 833 5409 quintam
869 5341 1109 5409 scripsit,
1131 5350 1366 5410 quatuor
1402 5349 1611 5394 tantum
1640 5341 1961 5405 nominavit,
1986 5341 2052 5396 de
2071 5356 2160 5410 po-

586 5430 907 5485 sterioribus
945 5431 1082 5484 nihil
1106 5432 1331 5485 omnino
1361 5432 1588 5485 addidit.

660 5548 904 5619 Denique
944 5550 1177 5620 legimus
1207 5550 1261 5604 in
1290 5550 1510 5606 decreto
1560 5566 1571 5600 :
1616 5548 1756 5603 Item
1802 5550 2071 5619 scriptura
2102 5554 2160 5606 de

588 5642 881 5696 inventione
908 5642 1197 5697 Dominica:
1236 5644 1429 5710 crucis,
1460 5651 1512 5696 et
1532 5641 1643 5694 alia
1671 5642 1940 5710 scriptura
1967 5640 2033 5694 de.
2072 5641 2159 5692 in-

588 5734 824 5792 ventione
848 5735 1039 5803 capitis
1061 5734 1124 5788 B.
1148 5734 1376 5789 Joannis
1403 5735 1664 5803 Baptistae
1695 5733 1912 5787 novella:
1949 5733 2159 5801 quidem

582 5824 866 5880 relationes
897 5836 1039 5893 sunt,
1086 5837 1134 5880 et
1156 5826 1398 5881 nonnulli
1420 5842 1507 5879 eas
1523 5822 1785 5881 Catholici
1829 5822 2026 5892 legunt.
2058 5822 2160 5877 Vc-

2266 3326 2401 3380 satis
2435 3327 2805 3391 conveniunt;
2834 3335 2886 3380 et
2910 3342 2998 3380 res
3030 3326 3188 3379 aliter
3220 3327 3447 3379 omnino
3482 3342 3539 3380 se
3572 3327 3753 3381 habet.
3807 3326 3845 3379 Α

2265 3416 2481 3470 nemine
2501 3416 2646 3469 enim
2688 3418 2868 3486 magis
2910 3416 3164 3469 dissentit
3198 3431 3363 3484 quam
3395 3416 3463 3469 ab
3495 3414 3842 3487 Hieronymo.

2267 3507 2458 3561 Libros
2492 3523 2684 3562 omnes
2723 3507 2929 3562 Veteris
2956 3507 3315 3573 Testamenti,
3339 3507 3434 3577 qui
3482 3524 3588 3562 non
3647 3509 3701 3561 in
3747 3506 3845 3561 He—

2264 3601 2532 3655 brzcorum
2555 3615 2766 3655 canone
2790 3601 3150 3662 habebantur,
3173 3602 3238 3655 ad
3266 3600 3577 3671 apocrypha
3614 3599 3845 3654 rotunde

2265 3695 2525 3764 relegavit
2555 3693 2950 3765 Hieronymus;
2984 3694 3205 3748 eosdem
3272 3693 3333 3749 in
3375 3694 3593 3749 decreto
3646 3692 3845 3762 pariter

2265 3805 2388 3844 cum
2418 3790 2700 3844 canonicis
2739 3798 2921 3842 sancta
2945 3798 2994 3843 et
3048 3789 3313 3843 catholica
3336 3789 3556 3858 suscipit
3587 3799 3637 3842 et
3681 3790 3843 3842 Itono-

2265 3890 2347 3933 rat
2390 3879 2653 3934 Ecclesia.
2688 3878 3054 3952 Hieronymus
3107 3881 3280 3937 libros
3310 3900 3450 3954 quos
3503 3882 3844 3953 apocryphos

2264 3986 2442 4032 vocat.
2468 3980 2569 4047 legi
2603 3980 2656 4031 in
2682 3978 2921 4032 Ecclesia
2961 3980 3094 4041 vult,
3117 3981 3278 4049 epist.
3307 3982 3408 4035 115
3436 3998 3448 4032 :
3479 3981 3629 4035 Sicut
3655 3983 3843 4035 Iudith

2264 4082 2310 4124 et
2340 4069 2537 4137 Tobiw,
2558 4084 2605 4125 et
2638 4071 3062 4127 Machabarorum
3089 4072 3248 4125 libros
3273 4072 3395 4142 legit
3422 4074 3630 4142 quidem
3662 4074 3842 4133 Eccle-

2266 4162 2369 4223 sia,
2401 4162 2490 4214 sed
2522 4178 2632 4225 eas,
2666 4164 2803 4215 inter
2834 4164 3115 4218 canonicas
3148 4159 3453 4231 Scripturas
3484 4180 3583 4216 non
3617 4166 3841 4233 recipit:

2266 4251 2343 4305 sic
2376 4261 2425 4304 et
2455 4252 2564 4306 ha'c
2594 4254 2698 4306 duo
2729 4253 3327 4328 rolumina(r:atvaps'rov
3350 4253 3476 4308 Jesu
3508 4254 3599 4307 lilii
3629 4255 3841 4311 Sirach.

2212 4399 2219 4407 ,
2264 4352 2317 4395 et
2362 4341 2699 4411 Sapientiam
2746 4344 3093 4412 Salomonis),
3127 4345 3266 4415 legat
3308 4346 3377 4398 ad
3433 4344 3840 4412 wdiﬁcationcm

2263 4433 2449 4503 plebis,
2470 4450 2571 4486 non
2600 4434 2669 4487 ad
2697 4438 3071 4489 auctoritatem
3110 4437 3589 4490 ecclesiasticarum
3618 4437 3838 4505 dogma-

2266 4536 2375 4581 tum
2404 4528 2849 4596 conﬁrmandam.
2885 4528 2941 4583 In
2975 4532 3193 4586 decreto
3232 4532 3418 4585 omnia
3455 4547 3578 4601 quze
3612 4547 3833 4603 apocry-

2263 4620 2368 4689 pha
2400 4620 2761 4688 appellantur,
2796 4630 3057 4691 tanquam
3088 4639 3117 4678 a
3142 4624 3456 4685 ,Gatholicis
3497 4624 3742 4687 vitanda,
3789 4629 3843 4675 et

2265 4711 2334 4768 ab
2359 4710 2600 4766 Ecclesia
2632 4713 2963 4769 eliminanda
2988 4716 3339 4773 damnantur.
3365 4714 3479 4769 Hoc
3510 4732 3674 4769 sensu
3702 4716 3841 4769 inter

2264 4803 2576 4873 apocrypha
2612 4816 2974 4861 numerantur
3012 4804 3287 4874 Opuscula
3326 4804 3680 4870 Tertulliani,
3735 4803 3841 4859 No—

2264 4898 2393 4963 vati,
2415 4897 2667 4962 Arnobii,
2694 4898 3039 4968 Apollinarii.
3074 4899 3245 4953 Aliter
3269 4902 3427 4968 plane
3452 4898 3838 4970 Hieronymus,

2261 4993 2419 5061 epist.
2458 4991 2557 5046 76:
2597 4992 2708 5062 Ego
2744 4991 3021 5062 Origenem
3044 4992 3621 5062 proptereruditionem
3650 4994 3726 5045 sic
3757 4994 3840 5044 in-

2264 5085 2470 5138 terdum
2500 5084 2795 5154 legendum,
2821 5086 3080 5155 quomodo
3102 5083 3511 5147 Tertullianum,
3549 5083 3836 5146 Novatum,

2264 5178 2581 5243 Arnobium,
2610 5179 3022 5247 Apollinarium,
3054 5189 3103 5233 et
3127 5180 3408 5233 nonnullos
3452 5186 3836 5231 ecclesiasticos

2264 5266 2548 5335 scriptores
2574 5264 2783 5320 Grazcos
2813 5268 3015 5337 pariter
3041 5278 3087 5321 et
3111 5268 3355 5336 Latinos,
3391 5278 3450 5321 ut
3480 5268 3615 5321 bona
3657 5283 3836 5320 eorum

2263 5358 2940 5431 colligamus,vitemusque
2972 5364 3265 5429 contraria,
3314 5362 3477 5431 juxta
3528 5361 3837 5432 Apostolum

2262 5450 2557 5503 dicentem:
2581 5470 2599 5502 ι
2634 5450 2827 5505 Omnia
2850 5453 3087 5521 probate,
3116 5453 3257 5523 quod
3280 5453 3471 5506 bonum
3502 5463 3579 5507 est
3615 5461 3831 5509 tenete.»

2262 5542 2395 5609 Quae
2423 5543 2588 5598 verba
2605 5542 2852 5613 Apostoli
2877 5545 2944 5598 ad
2990 5545 3153 5599 aliam
3185 5545 3343 5615 plane
3373 5547 3605 5602 classem
3638 5546 3694 5598 in
3745 5543 3838 5597 de-

2264 5648 2413 5691 creto
2434 5638 2745 5701 trahuntur,
2776 5648 2837 5693 ut
2876 5648 3001 5693 ante
3053 5639 3401 5693 observatum
3445 5651 3551 5694 est.
3588 5636 3837 5693 Pessimo

2265 5745 2429 5786 sensu
2464 5730 2516 5783 in
2542 5730 2761 5784 decreto
2786 5731 3053 5802 legimus:
3087 5731 3247 5786 Liber
3271 5734 3363 5792 aui
3394 5732 3693 5803 appellatur
3732 5727 3836 5781 Pa-

2265 5827 2450 5891 storis,
2502 5829 2862 5899 apocryplius;
2893 5846 3058 5901 quem
3103 5834 3244 5903 apud
3292 5832 3560 5905 quasdam
3615 5830 3839 5886 Gracia
