4136 6432
372 408 485 466 125

1163 410 1217 468 J.
1252 374 1624 469 PEARSObill
1660 413 1984 471 VlNDlClA‘I
2023 414 2440 473 lCNATlANAE.
2477 449 2546 458 —
2587 417 2770 474 PARS
2807 417 2850 472 l.

3555 422 3656 476 1‘26

374 528 661 585 Ecclesias
691 530 860 585 etiam
893 531 1111 601 publice
1141 534 1246 605 legi
1287 545 1518 593 testatus
1547 549 1652 602 est,
1701 548 1757 594 et
1784 555 1969 594 revera
2001 544 2046 601 Α
2073 557 2195 610 quae
2225 541 2598 597 adversarium
2638 543 2912 613 absolvit,
2964 555 3290 615 argumento
3334 547 3510 602 cedit!
3545 547 3645 614 Qui

372 623 568 676 utilem
624 623 836 678 librum
892 627 1275 695 pronuntiavit
1328 627 1716 702 Hieronymus.
1762 633 1970 686 Auctor

373 715 605 778 decreti,
634 715 912 783 Opuscula
938 715 1225 773 Clementis
1260 720 1613 774 Alexandrini
1649 723 1967 791 apocrypha.

373 802 752 876 Hieronymus
778 808 832 860 in
856 807 1154 878 Catalogo:
1184 808 1457 863 Feruntur
1485 810 1601 878 ejus
1628 811 1856 881 insignia
1877 829 1971 866 uo-

371 898 604 960 lumina,
630 899 892 969 plenaque
921 902 1236 957 eruditionis
1276 911 1326 956 et
1354 902 1686 973 eloquentiae,
1746 912 1855 956 tam
1909 905 1973 958 de

373 988 681 1060 Scripturis
707 993 927 1058 divinis,
953 1010 1113 1064 quam
1141 996 1206 1049 de
1232 995 1509 1049 saecularis
1534 997 1850 1049 litteratura:
1889 998 1974 1051 in-

371 1093 696 1138 strumento.
733 1084 887 1139 Adeo
911 1087 1116 1142 decreti
1142 1103 1367 1158 scopus,
1391 1096 1444 1141 et
1475 1089 1635 1157 quasi
1678 1089 1972 1158 peculiaris

374 1177 662 1242 tractatio,
690 1178 761 1231 ab
793 1177 1116 1252 Hieronymi
1137 1181 1390 1236 doctrina
1411 1182 1632 1250 penitus
1649 1183 1967 1237 abhorrent.

372 1265 534 1319 Liber
565 1267 1004 1339 Proverbiorum,
1035 1273 1126 1342 qui
1153 1273 1219 1326 ab
1248 1274 1512 1327 ha'reticis
1539 1277 1889 1345 conscriptus,
1921 1287 1970 1330 et

373 1359 434 1413 S.
465 1359 619 1415 Sitti
639 1365 854 1417 nomine
879 1375 1215 1433 prwnotatus
1243 1375 1343 1433 est,
1373 1361 1706 1437 apocryphus
1729 1411 1743 1433 ,
1793 1371 1972 1439 inquit

371 1452 465 1507 ille
481 1467 653 1521 quem
685 1451 968 1508 Gelasium
993 1469 1118 1510 esse
1134 1455 1342 1510 volunt.
1373 1456 1442 1508 At
1466 1455 1831 1527 Hieronymus
1845 1473 1970 1512 eum

371 1540 582 1598 librum
615 1545 810 1600 docuit
836 1563 944 1601 non
967 1547 1038 1601 ab
1069 1547 1344 1603 haereticis
1375 1546 1545 1602 fuisse
1569 1550 1971 1618 conscriptum,

370 1633 471 1686 sed
503 1650 535 1688 a
600 1636 936 1706 philosopho
981 1636 1364 1708 Pythagoreo,
1392 1641 1554 1708 epist.
1588 1641 1693 1696 66:
1751 1642 1973 1696 Librum

372 1721 522 1778 Sizti
547 1725 900 1797 Pythagorei,
928 1728 1158 1781 hominis
1183 1731 1374 1798 absque
1401 1727 1634 1795 Christo,
1667 1743 1822 1800 atque
1855 1733 1971 1786 eth-

370 1822 505 1885 nici,
535 1819 824 1873 immutata
850 1822 1063 1874 nomine
1087 1862 1103 1887 ,
1146 1821 1306 1891 Χειδῑὶ
1358 1824 1612 1893 martyris
1645 1834 1693 1878 et
1717 1823 1971 1879 Romana’

370 1913 639 1968 Ecclesiw
660 1913 895 1982 episcopi
927 1916 1264 1982 prtenotaeit.

360 2037 361 2040 η
445 2005 590 2061 Cum
624 2005 790 2076 igitur
812 2020 914 2059 nec
948 2006 1330 2060 Stirlwmetria
1347 2007 1671 2076 patriarchae
1695 2007 1970 2064 Constan»

372 2099 750 2169 tinopolitano
781 2096 1073 2154 tribuenda
1111 2099 1216 2165 sit,
1257 2114 1356 2153 nec
1387 2098 1672 2154 Decretum
1719 2099 1970 2156 Romano

373 2189 543 2244 tribui
577 2204 740 2258 posse
770 2189 1040 2252 videatur,
1076 2204 1184 2242 non
1234 2201 1317 2242 est
1340 2206 1402 2243 ea
1434 2205 1683 2245 censura:
1730 2193 1972 2246 auctori-

373 2290 481 2344 tas,
507 2295 679 2349 quam
714 2281 889 2336 voluit
917 2280 1188 2335 Dallaeus:
1223 2297 1460 2351 cumque
1491 2291 1640 2336 tanta
1668 2283 1738 2337 sit
1761 2282 1970 2337 Sticho-

371 2375 583 2428 metria:
608 2386 774 2444 atque
807 2373 1038 2429 Decreto
1071 2376 1124 2428 in
1151 2374 1479 2446 apocryphis
1500 2377 1830 2432 denotandis
1855 2379 1970 2432 dis-

371 2465 686 2533 crepantia,
750 2480 862 2519 non
915 2473 1001 2519 est
1045 2481 1108 2519 ea
1166 2479 1414 2519 consume
1454 2467 1773 2531 concordia,
1802 2483 1966 2536 quam

372 2557 542 2610 tradit
569 2555 1029 2610 virdoctissimus
1053 2573 1067 2609 :
1094 2571 1219 2609 cum
1248 2557 1486 2625 denique
1520 2557 1572 2609 in
1600 2557 1716 2626 ipsa
1752 2557 1968 2612 Sticho-

371 2648 570 2698 metria
595 2645 722 2699 libri
751 2647 828 2700 illi
863 2647 1246 2702 tantummodo
1294 2646 1433 2701 Novi
1465 2647 1788 2704 Testamenti
1841 2667 1968 2720 apo-

371 2740 562 2808 cryphi
584 2740 868 2804 dicantur,
901 2744 1037 2794 satis
1072 2742 1322 2810 apposite
1345 2741 1744 2809 Hammondus,
1783 2743 1829 2798 si
1854 2743 1970 2812 epi-

370 2832 549 2885 stolas
608 2831 809 2901 [gnatii
870 2833 924 2885 in
992 2831 1241 2888 lndiculo
1302 2834 1553 2889 denotari
1613 2836 1964 2899 concedatur,

373 2923 654 2978 Salmasio
687 2925 906 2979 videtur
935 2927 1290 2995 respondisse
1317 2946 1330 2981 :
1365 2927 1522 2981 Nihil
1549 2929 1614 2981 ab
1647 2931 1968 2984 auctoritate

368 3017 616 3085 epistolis
652 3018 799 3072 hisce
827 3037 858 3072 a
889 3020 1036 3073 nobis
1083 3020 1283 3074 tributa
1335 3035 1399 3074 ea:
1425 3036 1484 3073 eo
1517 3023 1814 3075 detractum
1873 3032 1966 3076 aut

372 3113 647 3164 minutum
698 3129 831 3178 esse,
887 3113 1033 3182 quod
1085 3113 1247 3167 sicin
1278 3115 1698 3183 apocryphorum
1749 3131 1966 3170 numero

2075 636 2155 690 sic
2178 636 2357 688 virum
2392 651 2670 690 summum
2701 636 2912 702 laudat,
2945 638 3222 706 quomodo
3246 639 3558 708 vituperat?

2144 726 2442 781 Videamus
2480 727 2646 796 igitur
2665 727 2844 794 primo
2870 727 3001 796 quid
3034 728 3251 782 tandem
3288 729 3379 794 sit,
3412 730 3483 784 ob
3508 732 3652 799 quod

2073 818 2217 872 hanc
2255 817 2631 876 defensionem
2685 826 2838 871 tanto
2893 819 3170 888 praeconio
3210 818 3398 883 eﬂ‘ert;
3460 837 3654 888 nempe

2074 911 2220 980 quod
2254 911 2383 964 hinc
2421 920 2683 981 appareat
2714 927 2810 966 eos
2865 911 3141 965 immerito
3176 923 3465 966 accusatos
3501 913 3650 970 esse,

2073 1000 2471 1072 quilgnatiana
2495 1003 2852 1065 damnarunt,
2912 1012 3202 1070 antequam
3258 1001 3448 1070 purior
3486 1003 3656 1056 editio

2073 1101 2366 1162 procurata
2392 1095 2584 1149 est.At
2620 1098 2792 1151 nostri
2850 1110 2946 1150 eos
2993 1109 3102 1146 non
3147 1101 3498 1158 accusarunt,
3558 1091 3649 1162 qui

2072 1182 2334 1252 epistolas
2359 1181 2598 1238 Eusebio
2630 1185 2855 1240 minime
2881 1193 3216 1240 memoratas
3248 1193 3505 1251 tanquam
3524 1199 3643 1251 spu-

2073 1278 2188 1330 rias
2224 1274 2569 1344 rejecerunt,
2627 1284 2722 1329 aut
2770 1275 2935 1328 etiam
3001 1274 3245 1342 reliquas
3295 1273 3651 1342 interpolatas

2073 1381 2195 1421 esse
2230 1366 2698 1435 pronuntiabant;
2730 1364 2832 1418 sed.
2876 1380 2969 1418 eos
3003 1372 3237 1429 tantum,
3261 1363 3353 1432 qui
3391 1363 3653 1432 epistolas

2074 1458 2196 1512 illas
2223 1474 2344 1528 quae
2377 1458 2720 1527 interpolata:
2753 1466 2904 1520 sunt,
2928 1465 3220 1525 antequam
3253 1455 3647 1523 interpolaren-

2074 1560 2203 1614 tnr,
2263 1551 2417 1604 lictas
2461 1549 2632 1604 fuisse
2666 1550 3103 1613 contendebant;
3142 1559 3237 1601 aut
3295 1547 3648 1616 interpolatas

2073 1641 2293 1710 penitus
2320 1639 2663 1709 rejiciebant,
2726 1651 2988 1708 tanquam
3046 1639 3183 1692 nihil
3231 1654 3296 1692 ex
3336 1638 3400 1691 iis
3432 1638 3656 1706 probati

2074 1741 2278 1804 posset.
2317 1731 2470 1798 Quod
2515 1741 2700 1787 autem
2753 1732 3016 1800 epistolas
3066 1730 3256 1800 lgnatii
3294 1746 3497 1782 onmem
3537 1747 3650 1783 eam

2075 1835 2471 1892 auctoritatem,
2499 1842 2654 1896 quam
2683 1824 2808 1877 olim
2844 1825 3179 1878 obtinuerant
3208 1823 3363 1892 plane
3392 1823 3654 1893 amisisse,

2074 1919 2373 1989 nulliusque
2398 1919 2739 1971 auctoritatis
2773 1915 2943 1972 fuisse
2967 1925 3092 1970 ante
3145 1913 3536 1984 Nicephorum,
3582 1931 3648 1971 ex

2073 2007 2296 2063 Usserio
2315 2008 2510 2064 doceat
2540 2007 2805 2072 Dallaans;
2842 2008 3076 2061 observo
3096 2022 3214 2062 eam
3234 2022 3421 2060 vocem
3449 2023 3653 2060 omnem

2073 2119 2180 2157 non
2213 2117 2334 2157 esse
2365 2102 2433 2156 ab
2465 2103 2820 2156 Armachauo
2856 2110 3201 2170 usurpatam,
3258 2101 3350 2154 sed
3383 2116 3413 2154 a
3454 2099 3652 2160 Dallreo

2071 2195 2364 2262 adjectam;
2397 2200 2456 2244 ut
2479 2200 2533 2245 et
2567 2192 2680 2254 illa,
2723 2191 2921 2244 nullius
2949 2192 3318 2256 auctoritatis,
3344 2205 3464 2259 quae
3519 2190 3648 2251 inde

2072 2284 2275 2354 pariter
2299 2283 2538 2336 deducit.
2570 2281 2683 2352 Ego
2726 2283 2882 2334 aliter
2937 2279 3221 2335 Usserium
3271 2281 3545 2351 intelligo;
3597 2287 3648 2333 et

2071 2378 2164 2447 qui
2200 2377 2279 2432 sic
2332 2376 2805 2447 interpretantur,
2860 2374 3114 2428 fruantur
3163 2375 3239 2427 illi
3299 2375 3653 2432 excusatione

2071 2486 2233 2538 quam
2260 2469 2509 2537 cupiunt,
2557 2470 2650 2522 sed
2684 2467 2902 2521 interim
2936 2467 3114 2521 sciant
3163 2467 3495 2522 sententiam
3531 2483 3650 2522 eam

2070 2578 2174 2630 qua
2204 2561 2458 2618 excusari
2491 2560 2682 2613 volunt
2703 2575 2824 2614 esse
2864 2559 3208 2628 apertissime
3242 2558 3455 2612 falsam.

2141 2652 2293 2708 Hanc
2321 2661 2502 2706 tamen
2539 2652 2914 2707 defensionem
2967 2651 3036 2704 ab
3077 2650 3304 2704 Usserio
3346 2652 3652 2721 ingeniosis-

2069 2747 2200 2798 sime
2231 2754 2282 2798 et
2311 2745 2380 2798 ad
2404 2761 2621 2798 causam
2652 2761 2810 2814 quam
2835 2746 2943 2814 agit
2972 2745 3364 2812 appositissime
3385 2755 3650 2798 iuventam

2069 2837 2248 2906 rejicit
2271 2837 2354 2890 vir
2381 2837 2758 2897 doctissimus,
2794 2836 2941 2906 quod
2967 2853 3071 2889 non
3102 2837 3348 2890 videatur
3382 2841 3515 2892 satis
3540 2857 3648 2893 cer-

2071 2939 2144 2982 ta.
2172 2929 2236 2983 Et
2269 2931 2400 2983 satis
2449 2929 2668 2998 quidem
2705 2938 2906 2982 certum
2953 2945 3064 2983 non
3106 2938 3191 2984 est
3215 2969 3230 2996 ,
3283 2931 3425 2986 ullas
3460 2931 3651 3002 lgnatii

2069 3022 2334 3091 epistolas
2401 3020 2792 3076 Stichometrite
2837 3031 3114 3076 auctorem
3155 3022 3296 3077 inter
3342 3025 3652 3096 apocrypha

2068 3129 2414 3175 numerasse.
2447 3124 2506 3168 ut
2533 3115 2707 3167 voluit
2734 3113 3077 3176 Salmasius;
3108 3118 3281 3169 multo
3312 3117 3497 3171 minus
3541 3135 3651 3170 cer-

371 3204 624 3270 repositaz
649 3205 1014 3259 inveniantur.
1037 3201 1150 3269 Sic,
1179 3204 1427 3274 inquam,
1456 3205 1509 3259 id
1537 3214 1620 3259 est
1641 3206 1694 3260 in
1720 3204 1964 3261 lndiculo
1993 3221 2035 3278 (ι
2074 3216 2182 3258 tum
2206 3214 2290 3261 est
2313 3248 2327 3271 ,
2359 3207 2504 3260 inter
2530 3207 2785 3276 pessimae
2812 3216 2954 3261 notae
2981 3210 3295 3278 apocrypha
3321 3211 3651 3278 reposuisse,

370 3298 677 3364 librorum,
707 3299 804 3369 qui
829 3299 883 3352 in
911 3315 1178 3353 canonem
1204 3299 1568 3368 recipiuntur,
1594 3309 1648 3354 et
1676 3301 1770 3370 qui
1807 3316 1837 3354 a
1871 3317 1968 3356 ca-

371 3406 523 3446 none
555 3401 938 3446 removentur.
971 3390 1130 3457 Quod
1157 3390 1302 3445 enim
1327 3392 1403 3445 sic
1453 3391 1506 3444 in
1530 3392 1966 3463 apocryphorum

369 3501 614 3540 numero
651 3487 955 3555 reponitur,
981 3485 1264 3540 canonicis
1290 3485 1446 3540 libris
1471 3485 1602 3540 solis
1647 3487 1964 3555 opponitur.

372 3576 447 3632 Ut
479 3576 540 3632 S.
578 3577 924 3650 Augustinus
956 3576 1034 3631 De
1071 3579 1299 3636 Civitate
1357 3577 1477 3644 Dei,
1522 3579 1561 3633 l.
1617 3595 1709 3646 xv,
1760 3595 1810 3633 c.
1859 3579 1964 3634 25:

371 3670 557 3725 Multa
585 3669 684 3723 sub
709 3669 1011 3724 nominibus
1044 3680 1093 3724 et
1116 3670 1346 3724 aliorum
1372 3672 1749 3741 prOphetarum
1798 3682 1847 3726 et
1881 3690 1966 3726 re-

368 3764 619 3815 centiora
675 3765 772 3814 sub
815 3761 1115 3815 nominibus
1177 3764 1543 3832 apostolorum
1587 3762 1652 3815 ab
1702 3762 1965 3817 hazreticis

365 3856 730 3926 proferuntur
761 3892 778 3916 ,
829 3871 947 3924 qua:
972 3855 1152 3907 omnia
1182 3854 1276 3908 sub
1301 3857 1602 3910 nominibus
1641 3858 1966 3927 apocrypho-

368 3967 494 4003 rum
514 3949 583 4002 ab
609 3951 938 4003 auctoritate
973 3949 1353 4004 canonicorum
1397 3948 1642 4020 diligenti
1689 3953 1966 4004 examina-

365 4047 522 4098 tione
547 4052 754 4096 remota
787 4050 931 4095 sunt.
960 4040 1168 4096 Nomen
1200 4043 1365 4111 igitur
1411 4043 1710 4113 apocryphi
1753 4053 1965 4098 tantum

365 4138 438 4190 ab
468 4137 799 4190 auctoritate
846 4136 1219 4190 canonicorum
1247 4136 1514 4206 scriptum
1539 4137 1761 4207 aliquod
1787 4152 1967 4193 remo-

365 4233 561 4286 Vehat.

446 4325 558 4380 Sed
587 4325 756 4378 multo
787 4324 976 4379 melius
1028 4341 1089 4378 ac
1119 4325 1405 4378 modestius
1425 4365 1441 4391 ,
1488 4333 1645 4394 atque
1675 4325 1966 4396 sapientius

365 4419 612 4485 (ptimus
654 4433 717 4469 ac
755 4415 1098 4470 doctissimus
1135 4414 1380 4469 Usserius
1425 4413 1715 4485 Ignatiana
1755 4432 1854 4468 sua
1899 4414 1964 4467 ab

366 4512 468 4562 hoc
528 4507 826 4577 Nicephori
880 4508 981 4561 telo
1018 4509 1278 4577 defendit,
1313 4509 1491 4578 inquit
1541 4506 1792 4562 Dallteus.
1843 4506 1962 4560 Non

2073 3307 2133 3351 ut
2163 3299 2279 3353 vult
2318 3297 2592 3364 Dallzeus;
2639 3299 2731 3352 sed
2783 3299 2830 3352 si
2867 3299 2994 3367 quis
3023 3299 3138 3354 haec
3180 3299 3477 3364 concedat,
3519 3303 3652 3357 satis

2072 3391 2320 3460 profecto
2362 3400 2571 3445 certum
2615 3401 2733 3456 est,
2770 3407 2864 3445 eas
2903 3401 3125 3461 propter
3164 3393 3398 3446 aliarum
3449 3409 3652 3462 suppo-

2072 3485 2298 3538 sitiones
2328 3494 2381 3538 et
2415 3483 2658 3552 ipsarum
2710 3484 3196 3552 interpolationes,
3249 3493 3456 3538 tantam
3498 3487 3652 3554 igno-

2071 3577 2296 3628 miniam
2331 3591 2523 3645 passas
2553 3590 2697 3629 esse.
2733 3575 2965 3628 Constat
2988 3576 3133 3629 enim
3175 3574 3434 3645 epistulas
3481 3575 3652 3634 Euse-

2069 3668 2161 3721 bio
2179 3668 2324 3721 visas
2349 3683 2446 3736 per
2470 3669 2640 3720 multa
2678 3668 2877 3721 saecula
2925 3683 3140 3722 summa
3187 3669 3511 3724 auctoritate
3554 3669 3651 3724 llo-

2071 3761 2280 3816 ruisse:
2327 3769 2542 3813 constat
2587 3769 2716 3814 ante
2763 3775 2969 3813 nonum
3017 3761 3277 3814 saeculum
3327 3761 3546 3816 easdem
3598 3770 3653 3818 et

2072 3853 2592 3923 interpolationihus
2628 3853 2898 3918 foedatas,
2929 3861 2982 3907 et
3021 3853 3420 3922 adjectionibus
3463 3865 3652 3911 auctas

2071 3945 2279 4012 fuisse;
2335 3953 2552 4000 constat
2605 3946 2745 4001 alios
2795 3946 2966 4000 libros
3016 3947 3198 4016 primo
3239 3947 3482 4016 integros
3525 3947 3648 4002 dein

2070 4046 2360 4108 corruptos
2392 4038 2534 4092 inter
2569 4039 2881 4109 apocrypha
2918 4039 3072 4108 rejici
3115 4039 3306 4094 solitos
3342 4055 3356 4092 :
3391 4041 3436 4096 si
3485 4042 3652 4111 igitur

2069 4130 2153 4184 hae
2175 4130 2418 4199 epistolze
2449 4145 2594 4184 nono
2623 4131 2715 4183 illo
2747 4130 2950 4185 saeculo
2987 4140 3248 4202 tanquam
3286 4132 3653 4188 omnibusCa-

2070 4224 2288 4278 tholicis
2332 4223 2568 4277 vitandae
2601 4231 3062 4292 proponerentur,
3098 4239 3220 4293 quae
3265 4225 3532 4280 hactenus
3583 4226 3653 4279 ab

2069 4316 2333 4370 omnibus
2366 4325 2481 4370 tum
2510 4316 2796 4371 catholicis
2831 4325 2945 4370 tum
2990 4317 3265 4372 haereticis
3306 4317 3526 4372 fuerant
3566 4333 3653 4372 re-

2069 4418 2258 4478 ceptte,
2315 4409 2368 4463 id
2425 4409 2495 4462 ob
2546 4409 2708 4462 aliam
2764 4424 3012 4476 causam,
3061 4425 3227 4479 quam
3275 4411 3344 4464 ob
3389 4411 3652 4480 adjectio-

2071 4519 2168 4555 nes
2229 4502 2682 4572 corruptelasque
2733 4502 2852 4556 ﬁeri
2912 4518 3020 4555 non
3073 4505 3319 4571 potuisse
3367 4505 3493 4574 quis
3540 4519 3649 4559 non

366 4603 521 4656 male
552 4600 865 4655 defendisse
890 4586 1665 4655 ostendimus'llammondum
1685 4618 1698 4666 ;
1720 4600 1766 4654 si
1797 4598 1962 4652 multo
1995 4594 2040 4648 D
2067 4593 2250 4648 videt?

369 4695 571 4746 melius
602 4691 887 4758 Usserins,
923 4701 1073 4746 certe
1104 4694 1310 4762 optime
1337 4692 1598 4746 defendit.
1629 4690 1834 4761 Nempe
1859 4691 1965 4744 Ar-

367 4785 689 4839 machanns
716 4784 905 4838 docuit
930 4800 1038 4837 non
1070 4785 1268 4837 mirum
1287 4799 1432 4850 esse,
1464 4783 1509 4838 si
1532 4783 1776 4852 epistolae
1809 4781 1966 4853 lgna-

368 4879 457 4938 tii,
511 4877 828 4945 adiectione
875 4877 1212 4946 spuriarum,
1267 4884 1320 4930 et
1379 4875 1895 4945 interpolationihus
1934 4871 2004 4929 a'

365 4969 616 5038 pristina
647 4966 823 5024 forma
854 4967 1156 5022 immutata:
1179 4969 1232 5021 in
1254 4968 1696 5039 apocryphorum
1730 4982 1964 5023 numero

367 5072 821 5132 reponerentur:
854 5061 1317 5130 quemadmodum
1353 5059 1596 5115 Estherae
1623 5061 1778 5123 liber,
1836 5061 1964 5116 licet

368 5155 444 5209 ab
476 5153 724 5208 Hebreis
776 5161 1046 5222 receptus,
1105 5162 1286 5207 tamen
1317 5162 1540 5222 propter
1569 5155 1960 5220 additamenta,

367 5263 402 5301 a
431 5245 694 5301 Melitone
723 5245 1007 5311 Sardensi,
1033 5254 1090 5300 et
1121 5245 1383 5315 Gregorio
1418 5245 1785 5314 Nazianzeno,
1822 5248 1963 5301 inter

369 5356 570 5395 sacros
636 5339 808 5393 libros
862 5340 1178 5393 nominatus
1233 5354 1343 5393 non
1401 5347 1507 5403 est,
1559 5339 1628 5393 ab
1659 5339 1962 5395 Athanasio

368 5433 542 5488 etiam
577 5433 720 5486 inter
747 5431 947 5487 nothos
977 5430 1304 5484 nominatim
1351 5431 1618 5499 abjectus.
1662 5429 1960 5487 Verumta-

367 5541 500 5582 men
533 5524 580 5578 si
606 5522 865 5576 Dallaaum
891 5522 1030 5576 bene
1055 5523 1202 5587 novi,
1241 5533 1448 5576 nonest
1475 5522 1654 5590 nihili,
1683 5523 1827 5593 quod
1859 5523 1962 5577 Ar-

370 5616 632 5671 machani
667 5614 1046 5669 defensionem
1075 5622 1361 5683 tantopere
1393 5617 1605 5684 probat.
1659 5615 1779 5670 Non
1813 5617 1959 5670 enim

368 5709 497 5766 sine
528 5707 658 5762 dolo
707 5705 917 5772 laudat,
946 5723 1112 5775 quam
1165 5707 1283 5761 sine
1317 5707 1530 5763 ratione
1582 5708 1781 5777 rejicit.
1817 5709 1960 5764 Lau-

371 5801 489 5866 dat,
524 5810 586 5857 ut
617 5817 751 5857 suos
780 5812 1045 5868 excuset;
1071 5801 1273 5872 rejicit,
1322 5812 1382 5857 ut
1411 5813 1794 5873 argumentum
1847 5803 1957 5858 vim

375 5909 536 5951 suam
580 5894 834 5982 retineat.
881 5893 926 5950 0
957 5895 1272 5966 praeclaram
1313 5894 1524 5954 Usserii
1559 5895 1955 5967 defensionem,

2138 4690 2266 4746 Haec
2294 4699 2496 4758 tamen,
2526 4700 2817 4761 postquam
2856 4699 3142 4759 tantopere
3177 4690 3518 4752 laudaverat,
3550 4708 3648 4746 ne-

2069 4793 2161 4854 gat
2197 4783 2452 4850 Dallzeus,
2493 4785 2692 4853 primo,
2739 4783 2869 4852 quia
2903 4783 3080 4836 nullus
3133 4792 3208 4836 est
3256 4799 3433 4835 eorum
3476 4782 3645 4836 libro-

2070 4894 2222 4944 rum,
2258 4894 2386 4948 quos
2421 4876 2641 4929 damnat
2675 4875 3016 4946 Nieephorus
3038 4915 3052 4938 ,
3090 4875 3153 4927 de
3185 4891 3287 4944 quo
3321 4875 3523 4944 aliquid
3571 4878 3648 4930 si-

2069 4971 2192 5024 mile
2224 4952 2330 5025 dici
2362 4973 2549 5040 possit.
2588 4968 2644 5024 Si
2679 4971 2786 5025 hoc
2816 4985 3006 5024 verum
3056 4978 3235 5033 esset,
3281 4967 3416 5022 nihil
3463 4978 3646 5022 tamen

2065 5065 2321 5130 elliceret,
2354 5063 2484 5133 quia
2512 5079 2621 5117 non
2651 5071 2738 5117 est
2772 5062 2962 5117 eadem
2996 5060 3244 5114 omnium
3293 5060 3643 5131 apocrypha-

2065 5173 2186 5212 rum
2227 5157 2390 5223 ratio,
2431 5167 2490 5210 ut
2520 5165 2646 5210 ante
2675 5154 3021 5210 ostendimus
3050 5170 3064 5208 :
3093 5153 3186 5208 sed
3217 5161 3302 5207 est
3333 5161 3516 5222 aperte
3542 5151 3644 5205 fa‘lo

2067 5264 2212 5301 sum.
2245 5247 2383 5302 Ecce
2413 5247 2560 5301 enim
2611 5247 2664 5300 in
2717 5244 3094 5299 Stichometria
3125 5244 3356 5313 legimus
3387 5243 3640 5313 Περίοδος

2065 5340 2295 5411 Πέτρου,
2325 5339 2522 5409 στίχων
2543 5337 2665 5408 ,βψκ
2690 5337 3030 5391 Itinerarium
3051 5335 3223 5399 Petri,
3253 5350 3429 5388 versus
3451 5334 3639 5401 2,700.

2063 5431 2179 5485 lloc
2204 5430 2550 5485 ltinerarium
2583 5447 2613 5484 a
2638 5428 2917 5484 Clemente
2939 5427 3189 5482 Romano
3211 5426 3474 5495 scriptum
3501 5425 3644 5482 fuis-

2064 5541 2123 5580 se
2155 5523 2457 5578 credebant
2480 5530 2716 5588 veteres,
2753 5521 2900 5575 unde
2921 5519 3160 5589 primum
3193 5519 3334 5573 inter
3361 5518 3639 5588 ἀντιλεγό-

2066 5633 2203 5688 pavo.
2233 5616 2472 5685 positum
2498 5621 2602 5679 est,
2633 5613 2757 5668 dein
2791 5613 2932 5666 inter
2972 5611 3302 5683 apocrypha.
3348 5609 3635 5665 Rationem

2063 5708 2166 5778 ipsi
2199 5705 2577 5772 reddiderunt,
2628 5705 2771 5776 quod
2811 5720 2932 5774 ejus
2981 5704 3102 5758 libri
3154 5705 3406 5757 doctrina
3445 5703 3514 5759 ab
3546 5703 3637 5758 illa

2062 5817 2185 5872 qua:
2231 5815 2259 5853 a
2305 5798 2585 5854 Clemente
2618 5798 2817 5853 tradita
2852 5806 2957 5864 est,
2989 5797 3220 5852 multum
3269 5797 3485 5849 tandem
3517 5795 3634 5850 dis-

2067 5893 2345 5965 crepabat.
2375 5890 2493 5949 Non
2525 5893 2669 5964 quod
2699 5876 3032 5948 Clementem
3065 5906 3190 5946 eum
3234 5891 3434 5946 librum
3465 5887 3626 5944 mitu-
