4136 6424
582 424 683 476 η’]

1594 434 1651 488 S.
1693 433 2036 491 lGNATIUS.
2077 467 2145 475 —
2184 433 2715 490 PROLEGOMENA.

3746 442 3850 493 1‘23

581 561 667 599 me
692 546 979 615 scripsisse
1006 548 1313 613 crederent,
1361 554 1453 607 sed
1492 555 1635 623 quod
1669 556 1737 609 ab
1778 556 2050 610 haereticis
2084 556 2160 609 in-

2261 553 2406 607 ὀκτὼ
2429 554 2651 623 βιϐλίοις
2680 555 3257 627 προσπεφωνημέναι),
3274 572 3411 626 quos
3436 566 3613 615 tamen
3633 560 3849 628 pariter

580 638 914 706 terpolatum
947 641 1192 711 adeoque
1223 656 1542 714 corruptum
1592 656 1867 715 putarent.
1914 647 1991 702 Ita
2032 647 2158 717 Epi-

580 728 815 795 phanius
859 730 926 784 de
962 732 1233 788 Ehionzeis
1280 754 1291 787 :
1324 736 1578 807 Χρῶνται
1611 738 1666 791 δὲ
1702 740 1794 791 καὶ
1830 739 2017 802 ἄλλαις
2048 757 2156 791 τισι

578 818 782 887 βίϐλοις
808 862 821 886 ,
856 823 1014 893 δῆθεν
1048 828 1165 889 ταῖς
1198 830 1500 901 Περιόδοις
1532 831 1891 899 καλουμέναις
1934 833 2160 901 Πέτρον

577 912 695 973 ταῖς
727 912 813 966 διὰ
847 915 1164 986 Κλήμεντος
1198 921 1544 991 γραφείσαις,
1572 922 1925 987 νοθεύσαντες
1961 924 2058 992 μὲν
2090 923 2160 977 τὰ

576 1003 635 1054 ἐν
670 1007 881 1071 αὑταῖς,
917 1008 1071 1074 ὀλίγα
1103 1012 1157 1063 δὲ
1193 1012 1420 1084 ἀληθινὰ
1456 1014 1737 1079 ἐάσαντες.
1793 1015 1927 1071 Sunt
1978 1026 2027 1070 et
2060 1016 2158 1070 alii

577 1094 701 1148 libri
734 1099 922 1166 quibus
965 1110 1210 1171 utuntur,
1247 1114 1303 1155 ut
1343 1106 1616 1163 Circuitus
1641 1105 1786 1163 Petri
1825 1126 1857 1161 a
1891 1107 2159 1162 Clemente

577 1187 765 1256 scripti
793 1231 807 1254 ,
842 1207 946 1259 quo
978 1192 1035 1244 in
1068 1191 1202 1246 libro
1232 1234 1245 1258 ,
1296 1196 1480 1263 paucis
1534 1197 1670 1250 veris
1723 1197 1922 1252 relictis
1967 1207 2159 1252 cetera

578 1292 984 1350 supposuerunt.
1022 1283 1180 1350 Quod
1228 1287 1395 1356 igitur
1436 1289 1742 1355 asseritur,
1793 1290 2000 1343 nullum
2048 1308 2159 1346 esse

577 1388 756 1426 eorum
790 1373 1070 1439 librorum,
1105 1393 1233 1446 quos
1267 1377 1486 1433 damnat
1516 1377 1919 1435 Stichometrite
1944 1392 2156 1448 auctor,

577 1464 640 1517 de
672 1482 773 1534 quo
808 1466 1015 1537 aliquid
1049 1470 1224 1523 simile
1256 1471 1364 1525 dici
1396 1474 1605 1541 possit;
1656 1489 1766 1529 non
1813 1483 1898 1530 est
1942 1477 2157 1531 veritati

578 1566 1032 1613 Consentaneum.

652 1652 907 1704 Secundo
933 1650 1309 1707 defensionem
1346 1653 1556 1710 Usserii
1587 1657 1762 1726 rejicit
1784 1700 1799 1725 ,
1828 1659 1971 1728 quod
2010 1673 2161 1729 putet

579 1738 973 1811 Nicephorum.
1004 1744 1048 1797 si
1076 1744 1354 1814 lgnatiana
1378 1788 1393 1813 ,
1427 1762 1534 1801 non
1563 1764 1658 1817 per
1684 1765 1744 1804 se
1771 1752 1991 1819 proprie
2011 1793 2026 1819 ,
2066 1754 2157 1807 sed

579 1841 793 1887 tantum
846 1836 916 1889 ob
950 1837 1204 1892 anldititia
1248 1848 1302 1893 et
1348 1839 1671 1908 interpolata
1712 1842 2070 1909 damnasset,
2105 1846 2157 1899 id

577 1928 755 1996 ipsum
801 1930 1026 1995 testari,
1070 1946 1343 2000 suumque
1370 1932 1436 1986 de
1475 1933 1616 1987 libro
1644 1934 1771 1988 olim
1808 1936 2035 2005 probato
2062 1937 2157 2006 ju-
2195 1911 2229 1962 Ι*

575 2018 780 2073 dicium
825 2021 1112 2089 diligenter
1142 2038 1379 2093 purgare
1413 2025 1653 2080 voluisse
1692 2044 1704 2080 :
1739 2027 1882 2081 idem
1919 2029 2063 2082 enim
2103 2030 2159 2083 in

574 2113 1072 2168 Cunstitutiouibus
1118 2116 1437 2183 apostolicis
1476 2116 1725 2173 fecerunt
1768 2118 2015 2174 Trullani
2052 2121 2159 2175 Pa-

576 2215 705 2261 tres.
739 2206 922 2261 Mirari
962 2207 1096 2262 satis
1126 2224 1235 2261 non
1267 2224 1489 2278 possum
1526 2211 1670 2266 hanc
1702 2212 1802 2265 viri
1854 2214 2161 2270 doctissimi

574 2297 981 2367 iniquissimam
1010 2300 1439 2369 postulationem
1467 2342 1481 2365 ,
1526 2312 1616 2367 ut,
1663 2305 1902 2372 scilicet,
1949 2305 2163 2361 Sticho-

574 2389 777 2441 metriw
812 2398 1006 2443 auctor
1029 2405 1252 2444 causam
1287 2392 1642 2460 exprimeret,
1680 2409 1848 2463 seque
1871 2395 2163 2462 diligenter

574 2493 866 2552 purgaret,
925 2483 969 2537 si
1017 2484 1087 2537 ob
1116 2500 1237 2538 eam
1268 2500 1492 2540 causam
1533 2485 1813 2556 lgnatiana
1848 2489 1989 2541 inter
2029 2503 2162 2557 apo-

579 2576 784 2645 crypha
829 2576 1128 2645 relegaret,
1182 2593 1347 2646 quam
1383 2580 1559 2634 voluit
1604 2577 1882 2635 Usserius.
1920 2581 1976 2635 Si
2014 2584 2160 2635 enim

584 2673 694 2719 tam
719 2668 902 2722 nobile
932 2670 1229 2739 scriptum,
1258 2680 1313 2725 et
1336 2672 1403 2726 ab
1427 2674 1683 2729 omnibus
1726 2684 2002 2743 receptum
2024 2690 2158 2729 con-

576 2756 838 2812 demnare
872 2759 1063 2822 voluit,
1090 2776 1190 2815 cur
1230 2763 1369 2818 hanc
1408 2779 1518 2817 non
1557 2765 1774 2832 minus,
1802 2782 1965 2835 quam
1998 2768 2161 2821 aliam

580 2865 971 2921 quamcunque
996 2868 1243 2918 causam,
1275 2871 1442 2925 quam
1474 2857 1733 2913 habuisse
1773 2860 2042 2924 videatur,
2078 2876 2165 2914 re—

576 2942 743 2996 ticere
775 2943 990 3012 potuit?
1018 2943 1397 3000 Certissimum
1418 2957 1504 3002 est
1524 2990 1538 3013 ,
1569 2946 1764 3019 lgnatii
1782 2950 2042 3018 epistolas
2068 2966 2165 3019 per

575 3037 787 3107 aliquot
816 3039 1012 3093 saecula
1056 3047 1183 3093 ante
1209 3054 1413 3094 nonum
1434 3081 1450 3107 ,
1484 3054 1595 3110 quo
1629 3041 1922 3111 scripsisse
1965 3058 2165 3097 censor

572 3127 662 3183 ille
702 3130 1058 3199 perhibetur,
1115 3138 1228 3184 tum
1278 3131 1347 3185 ab
1395 3130 2012 3199 omnibus‘Catholicis,
2045 3144 2163 3189 tum

570 3222 734 3275 etiam
768 3222 1043 3278 haereticis
1070 3224 1479 3293 receptissimas
1498 3223 1692 3289 fuisse,
1717 3234 1772 3279 et
1790 3226 1933 3280 inter
1954 3227 2158 3297 scripta
2189 3254 2234 3316 ρ

572 3313 842 3368 catholica
875 3314 1053 3384 primo
1082 3316 1205 3371 loco
1245 3327 1586 3372 numeratas.
1624 3316 1683 3371 Si
1716 3319 1882 3389 igitur
1908 3320 2005 3375 bas
2028 3336 2160 3376 con-

570 3404 853 3472 demnare,
890 3406 1167 3477 simulque
1213 3408 1446 3462 debitam
1481 3410 1774 3479 majoribus
1812 3414 2159 3466 reverentiam

572 3505 853 3565 praestare,
900 3507 954 3554 et
997 3499 1239 3568 seipsum
1285 3500 1566 3571 diligenter
1598 3518 1827 3573 purgare
1871 3505 2157 3570 voluisset,

571 3602 637 3642 eo
672 3592 842 3660 magis
883 3591 968 3645 sui
1001 3591 1199 3661 judicii
1231 3608 1456 3648 causam
1492 3594 1717 3648 reddere
1759 3596 2079 3663 tenebatur,
2112 3598 2157 3652 si

573 3689 633 3734 ut
662 3697 889 3751 prorsus
910 3684 1289 3753 supposititfas
1319 3694 1373 3739 et
1399 3686 1554 3740 ﬁctas
1585 3687 1924 3757 abjiciendas
1952 3690 2156 3757 potius,

570 3787 734 3843 quam
760 3774 1116 3846 interpolatas
1153 3787 1207 3832 et
1248 3790 1440 3833 auctas
1484 3782 1821 3849 respuendas
1849 3781 2154 3852 iudicaret;

571 3868 926 3935 tnterpolatas
959 3870 1103 3923 enim
1130 3878 1184 3924 et
1212 3872 1433 3939 spurias
1459 3874 1619 3940 pauci
1659 3882 1788 3929 tunc
1822 3889 1887 3929 ac
1928 3876 2156 3930 moder~

574 3957 629 4009 ni
651 3996 667 4020 ,
698 3971 792 4010 eas
819 3970 1000 4011 autem
1032 3976 1170 4029 quas
1204 3961 1470 4028 genuinas
1510 3971 1793 4031 putamus,
1831 3975 1886 4018 et
1935 3966 2158 4035 plurimi

573 4055 625 4101 et
658 4048 1016 4103 vetustissimi
1049 4060 1386 4119 receperant.
1419 4050 1524 4104 Sed
1560 4068 1745 4107 revera
1768 4062 1830 4107 ut
1863 4055 2156 4125 quisquam

573 4138 667 4205 qui
698 4136 1001 4191 indiculum
1030 4147 1240 4192 tantum
1282 4140 1397 4195 sive
1441 4141 1822 4213 ἀπαρίθμησιν
1845 4185 1860 4211 ,
1895 4130 2158 4201 ιη’(ἰνωοὶ

575 4228 897 4298 loquuntur,
941 4228 1177 4284 confecit
1219 4230 1483 4284 librorum
1513 4235 1909 4287 canonicorum
1943 4244 1997 4289 et
2025 4252 2159 4305 apo-

575 4322 941 4392 cryphorum,
985 4323 1054 4377 de
1086 4332 1283 4377 natura
1315 4325 1583 4378 librorum
1615 4340 1757 4397 quos
1794 4337 2005 4381 tantum
2056 4346 2159 4384 nu-

576 4422 768 4478 merat,
795 4412 1137 4483 disputaret,
1166 4426 1263 4471 aut
1290 4418 1358 4473 de
1393 4420 1579 4489 aliquo
1624 4421 1892 4489 peculiari
1929 4424 2154 4493 scripto,

573 4515 673 4555 cur
703 4520 769 4555 eo
795 4502 916 4557 loco
937 4516 1252 4574 poneretur,
1273 4508 1540 4563 rationem
1569 4510 1818 4565 redderet
1844 4552 1858 4578 ,
1891 4512 2157 4569 hactenus

2261 645 2605 716 recipiendos
2637 645 2861 699 minime
2892 646 3175 714 putabant.
3208 645 3443 703 Necesse
3488 650 3673 718 itaque
3724 663 3851 706 erat

2262 744 2322 788 ut
2348 736 2709 788 admonerent
2736 734 3155 790 constitutiones
3187 736 3309 791 illas
3338 752 3457 791 esse
3484 739 3847 806 rejiciendas;

2260 827 2417 881 aliter
2453 826 2642 880 eadem
2682 840 2846 895 opera
2871 842 2994 879 cum
3024 827 3328 882 canonibus
3356 829 3672 897 apostolicis
3703 847 3848 885 con-

2260 919 2492 972 ﬁrmata:
2523 917 2775 973 fuissent.
2816 918 2887 972 At
2916 920 3340 976 constitutiones
3369 938 3462 977 eas
3487 932 3547 977 ut
3571 926 3755 994 primo
3785 925 3851 979 ﬁ-

2259 1021 2378 1067 ctas
2416 1020 2469 1064 et
2502 1010 2883 1080 supposititias
2920 1011 3148 1081 rejicere
3191 1027 3300 1066 non
3340 1023 3672 1081 potuerunt,
3735 1017 3849 1070 nisi

2260 1104 2425 1159 simul
2468 1119 2707 1163 canones
2745 1104 3035 1173 rejicercnt
3075 1105 3191 1174 (qui
3228 1121 3419 1160 earum
3458 1118 3567 1161 tam
3614 1109 3849 1163 honori-

2261 1198 2415 1250 licam
2434 1196 2763 1251 mentionem
2788 1197 3075 1263 fecerant),
3093 1213 3233 1267 quos
3258 1198 3506 1254 stabilire
3530 1200 3847 1257 voluerant.

2262 1287 2334 1343 Ut
2364 1290 2529 1358 igitur
2576 1304 2819 1344 canones
2851 1290 3167 1355 retinerent,
3208 1298 3263 1344 et
3301 1292 3731 1348 constitutiones
3761 1310 3851 1348 re-

2260 1382 2586 1448 probarent,
2619 1381 2777 1450 quasi
2821 1380 2890 1435 ab
2940 1380 3203 1450 apostolis
3246 1382 3424 1450 primo
3459 1383 3695 1439 dictatas
3737 1393 3859 1441 eta

2259 1472 2542 1525 Clemente
2567 1472 2805 1541 scriptas
2839 1470 2922 1542 (ut
2952 1488 3193 1528 canones
3217 1472 3607 1545 afﬁrmabant),
3642 1477 3743 1531 sed
3780 1478 3851 1532 ab

2263 1563 2532 1617 haereticis
2561 1574 2748 1632 postea
2782 1574 3073 1634 corruptas
3099 1581 3195 1621 cas
3229 1565 3577 1620 damnarunt.
3609 1566 3852 1639 Haecque

2261 1656 2445 1709 omnia
2479 1672 2605 1710 vera
2627 1672 2749 1710 esse
2773 1657 3012 1711 ostendit
3046 1657 3221 1727 ipsum
3261 1658 3631 1713 damnationis
3662 1677 3851 1729 prom-

2262 1748 2455 1802 mium.
2493 1747 2707 1818 Ἐπειδὴ
2739 1747 2783 1799 δ’
2823 1750 2881 1800 ἐν
2910 1747 3119 1811 τούτοις
3144 1752 3255 1812 τοῖς
3281 1750 3499 1802 κανόσιν
3533 1750 3849 1804 ἐντέταλται

2261 1836 2508 1906 δέχεσθαι
2544 1838 2691 1907 ἡμᾶς
2724 1836 2821 1900 τὰς
2854 1837 2960 1890 τῶν
2993 1838 3171 1891 αὐτῶν
3207 1840 3376 1908 ἁγίων
3413 1840 3731 1893 ἀποστόλων
3764 1841 3855 1897 διὰ.

2262 1927 2577 1998 Κλήμεντος
2610 1928 2897 1994 διατάξεις.
2938 1928 3203 1994 Quoniam
3231 1942 3405 1985 autem
3440 1933 3494 1985 in
3525 1933 3605 1984 liis
3634 1935 3852 1986 canoni-

2263 2022 2357 2075 bus
2385 2032 2703 2092 prwceptum
2748 2024 2896 2075 nobis
2942 2033 3040 2086 est,
3090 2034 3145 2076 ut
3193 2026 3493 2077 earumdem
3537 2037 3848 2079 sanctorum

2262 2114 2622 2182 apostolorum
2655 2131 2746 2183 per
2780 2113 3097 2167 Clementem
3130 2116 3533 2168 constitutiones
3560 2118 3851 2185 suscipere-

2263 2222 2402 2271 mus,
2438 2215 2541 2259 etc.
2578 2204 2695 2259 Non
2730 2205 2894 2276 igitur
2923 2214 3040 2259 erat
3078 2223 3176 2260 cur
3218 2207 3287 2261 ab
3315 2208 3567 2277 exemplo
3614 2209 3849 2262 canonis

2262 2297 2479 2352 concilii
2511 2295 2781 2362 Trullani,
2832 2311 2957 2350 cum
3008 2294 3253 2351 lndiculo
3300 2314 3583 2367 perperam
3635 2300 3845 2361 collati,

2262 2388 2638 2444 defensionem
2670 2387 2914 2454 Usserii,
2941 2396 3223 2458 tantopere
3264 2405 3291 2442 a
3324 2406 3382 2444 se
3415 2390 3692 2445 laudatam
3714 2433 3728 2457 ,
3764 2407 3848 2445 τοι

2258 2483 2454 2551 jiceret
2494 2482 2747 2537 Dallaaus.

2337 2573 2440 2627 Sed
2467 2575 2733 2643 quidquid
2765 2575 2857 2639 sit,
2884 2590 2984 2628 nec
3015 2575 3256 2629 auctoris
3298 2574 3724 2643 Stichometria’,
3753 2594 3853 2634 nec

2265 2666 2580 2735 interpretis
2625 2668 2905 2721 Anastasii
2950 2666 3261 2721 testimonia
3303 2670 3693 2724 auctoritatem
3738 2672 3851 2741 epi-

2264 2760 2530 2813 stolarum
2580 2759 2639 2813 S.
2695 2759 2886 2829 lgnatii
2933 2760 3017 2815 vel
3064 2761 3332 2815 tantillum
3378 2762 3650 2817 minuunt.
3705 2763 3863 2835 Nego;

2264 2850 2411 2902 enim
2447 2848 2597 2904 illius
2624 2850 2886 2919 epistolas
2914 2850 2966 2903 in
3019 2850 3122 2904 hoc
3160 2850 3406 2907 lndiculo
3436 2854 3519 2908 vel
3550 2857 3847 2921 nominari,

2263 2944 2349 2997 vel
2381 2944 2556 3009 innui,
2588 2944 2672 2997 vel
2701 2945 2899 3013 quovis
2922 2944 3082 2999 modo
3109 2944 3396 2999 contineri.
3423 2945 3613 3015 Ignatii
3648 2964 3847 3002 nomen

2266 3036 2466 3107 audio,
2499 3036 2761 3105 epistolas
2794 3052 2901 3090 non
2938 3038 3058 3106 lego
3089 3056 3100 3089 :
3133 3037 3288 3092 video
3321 3038 3374 3092 in
3424 3038 3631 3094 Graecis
3676 3040 3847 3109 Ίγνα-

2264 3124 2403 3187 τίου,
2427 3127 2479 3178 in
2511 3123 2724 3179 Latinis
2752 3124 2979 3195 Ignatii,
3011 3142 3190 3196 neque
3227 3129 3467 3199 amplius
3497 3130 3800 3199 quidquam
3830 3150 3844 3184 :

2265 3217 2457 3271 volunt
2480 3216 2789 3273 Salmasius
2820 3227 2873 3273 et
2913 3218 3146 3273 Dallams
3174 3216 3369 3290 lgnatii
3398 3221 3583 3274 omnia
3621 3222 3846 3292 intelligi

2263 3310 2481 3364 debere.
2520 3310 2574 3365 Id
2606 3325 2737 3364 vero
2781 3310 2916 3363 mihi
2955 3325 3077 3364 esse
3110 3310 3324 3364 videtur
3352 3311 3421 3365 ab
3450 3312 3598 3365 omni
3637 3314 3847 3368 ratione

2262 3403 2681 3457 alienissimum.
2742 3402 2956 3456 llccitat
3012 3411 3204 3456 auctor
3249 3402 3420 3457 libros
3461 3400 3597 3457 Novi
3654 3402 3844 3458 Testa-

2262 3491 2429 3546 menti
2463 3492 2790 3558 canonicos,
2821 3492 3019 3546 dubios
3062 3501 3115 3545 et
3158 3493 3501 3564 apocryphos
3532 3512 3544 3547 :
3587 3495 3845 3564 epistolas

2261 3597 2292 3635 a
2346 3581 2404 3636 S.
2455 3580 2686 3651 Ignalio,
2720 3580 2958 3635 instante
3006 3582 3294 3651 martyrio,
3343 3582 3614 3651 scriptas,
3658 3587 3741 3638 vel
3781 3584 3842 3637 ad

2264 3674 2586 3745 martyrium
2622 3672 2902 3729 festinanti
2935 3674 3285 3743 suppositas,
3320 3690 3421 3729 nec
3452 3676 3592 3729 inter
3620 3678 3845 3731 canoni-

2261 3788 2376 3837 cas,
2415 3788 2516 3826 nec
2541 3771 2761 3837 dubias,
2806 3784 2908 3825 nec
2941 3771 3288 3841 apocryphas
3318 3771 3625 3841 scripturas
3654 3789 3845 3828 nume-

2262 3865 2371 3919 rari
2424 3872 2571 3919 recte
2622 3862 2868 3932 potuisse
2915 3864 3209 3919 contendo.
3249 3862 3469 3919 Scimus
3509 3879 3541 3917 a
3589 3865 3844 3933 qualibus

2261 3958 2396 4010 viris
2427 3956 2668 4026 profecta
2695 3957 3060 4025 suntscripta,
3092 3971 3213 4025 quae
3237 3956 3290 4009 in
3330 3971 3548 4010 sacrum
3578 3971 3841 4011 canonem

2262 4050 2686 4118 recipiebantur,
2709 4049 2939 4115 scilicet,
2968 4050 3052 4103 vel
3078 4049 3147 4102 ab
3170 4048 3455 4117 apostolis,
3485 4046 3541 4102 S.
3569 4048 3841 4113 Matthaeo,

2262 4138 2319 4193 S.
2354 4137 2587 4203 Joanne,
2620 4134 2678 4190 S.
2715 4135 2907 4203 Paulo,
2944 4135 3001 4191 S.
3040 4135 3225 4201 Petro,
3254 4146 3308 4189 et
3339 4134 3572 4190 fortasse
3600 4134 3656 4188 S.
3689 4133 3842 4187 Jaco-

2261 4230 2331 4283 bo
2379 4238 2541 4302 atque
2575 4228 2633 4283 S.
2662 4227 2837 4295 Iuda,
2882 4230 2967 4284 vel
3024 4230 3093 4283 ab
3137 4228 3513 4299 apostolorum
3560 4224 3855 4297 discipulis.

2260 4336 2423 4393 atque
2445 4325 2738 4379 comitibus
2762 4366 2778 4390 ,
2810 4324 3001 4380 eodem
3049 4323 3245 4393 spiritu
3277 4322 3503 4385 adlatis,
3562 4318 3621 4375 S.
3662 4320 3841 4374 Marco

2260 4426 2425 4485 atque
2455 4414 2514 4471 S.
2543 4416 2715 4473 Luca.
2751 4417 2822 4472 De
2846 4417 2914 4471 iis
2937 4432 3059 4487 qua:
3084 4416 3189 4471 sub
3213 4414 3437 4469 nomine
3472 4416 3851 4484 apostolorum,

2261 4510 2465 4578 scripta
2500 4519 2648 4577 sunt,
2683 4510 2980 4580 aliquando
3011 4508 3355 4575 dubitabant,
3402 4516 3457 4562 et
3502 4523 3649 4562 nunc
3686 4507 3842 4561 haesi-

576 4594 733 4669 plane
777 4595 1085 4651 inauditum
1140 4610 1241 4654 est.
1290 4598 1484 4669 Dispar
1512 4602 1679 4671 igitur
1703 4602 1863 4672 plane
1906 4605 2048 4659 ratio
2075 4618 2157 4661 es;
2190 4614 2232 4669 ο
2264 4608 2465 4665 tanter,
2510 4616 2655 4654 nunc
2686 4610 2873 4669 aperte
2906 4607 2962 4654 et
3008 4599 3335 4667 simpliciter
3378 4596 3718 4666 rejiciebant.
3768 4596 3841 4651 De

575 4682 804 4737 canonis
852 4682 1134 4751 Trullani,
1181 4696 1235 4743 et
1280 4690 1534 4758 lndiculi,
1591 4693 1709 4746 sive
1739 4691 2151 4752 Sticltometria'.

578 4771 667 4839 Ut,
716 4774 760 4828 si
797 4773 986 4831 Patres
1026 4777 1170 4833 illius
1218 4780 1435 4835 concilii
1482 4799 1717 4853 purgare
1760 4800 1820 4841 se
1858 4787 2177 4855 voluerint,

576 4863 715 4918 Idem
744 4866 905 4921 etiam
942 4869 1010 4923 ab
1036 4880 1264 4925 auctore
1297 4872 1461 4942 hujus
1492 4873 1723 4931 lndiculi
1768 4879 1928 4935 nobis
1961 4897 2157 4952 exspe-

576 4957 831 5013 ctandum
865 4977 973 5015 non
1002 4962 1096 5017 sit.
1132 4962 1238 5018 Sed
1272 4980 1372 5020 nec
1403 4967 1532 5022 illud
1562 4984 1751 5023 verum
1786 4980 1869 5027 est
1899 4974 2044 5041 quod
2067 4990 2157 5030 as-

577 5048 708 5103 serit
743 5048 1000 5116 Dallaeus,
1048 5052 1241 5111 Patres
1291 5055 1616 5126 Trullanos,
1672 5061 1794 5117 ideo
1838 5064 2155 5133 rejectionis

577 5139 1043 5199 Constitutionum
1098 5147 1363 5202 rationem
1406 5151 1743 5220 reddidisse,
1789 5164 1850 5209 ut
1880 5156 2151 5226 judicium

578 5246 737 5284 suum
768 5243 1093 5302 purgarent,
1122 5236 1280 5290 aliter
1307 5241 1452 5293 enim
1477 5243 1701 5296 omnino
1731 5260 1789 5298 se
1823 5262 1908 5300 res
1942 5247 2152 5312 habuit,

579 5322 725 5390 quod
778 5324 1028 5394 ignorare
1071 5325 1304 5385 Dallaeus
1352 5347 1458 5385 non
1512 5335 1706 5402 potuit.
1759 5335 1983 5407 Recepit
2023 5339 2153 5394 illud

578 5414 871 5469 concilium
900 5417 968 5471 85
995 5433 1235 5476 canones
1265 5426 1617 5494 apostolicos,
1643 5435 1905 5498 tanquam
1932 5432 1998 5485 ab
2020 5432 2154 5501 ipsis

578 5506 841 5574 apostolis
866 5509 1099 5566 dictatos
1132 5532 1145 5567 ι
1183 5514 1440 5570 videbant
1481 5518 1535 5572 i-n
1586 5519 1781 5575 ultimo
1819 5537 2010 5577 eorum
2059 5539 2151 5578 ca-

580 5612 784 5651 nonum
823 5608 945 5655 octo
968 5602 1137 5659 libros
1160 5595 1625 5665 Cdnstitutionum
1664 5613 1977 5668 conﬁrmari
2029 5616 2157 5682 (nu-

580 5700 860 5747 merantur
892 5697 1034 5750 enim
1062 5698 1202 5754 inter
1233 5700 1412 5771 βιὸλία
1446 5703 1715 5774 σεδάσμια
1748 5705 1840 5757 καὶ.
1874 5706 2023 5774 ἅγια,
2057 5708 2153 5762 ad-

579 5784 783 5839 duntur
823 5789 1048 5858 scriptis
1092 5795 1443 5861 apostolicis,
1494 5794 1627 5849 Novi
1682 5796 2055 5861 Testamenti,
2104 5801 2154 5852 αἱ

579 5877 828 5948 διαταγαὶ
861 5881 988 5951 ὑμῖν
1022 5884 1130 5946 τοῖς
1166 5886 1483 5949 ἐπισκόποις
1505 5885 1569 5938 δι’
1606 5888 1738 5957 ἐμοῦ
1769 5887 2079 5958 Κλήμεντος
2100 5892 2154 5944 ἐν

2260 4692 2329 4746 iis
2356 4708 2477 4761 qua:
2504 4708 2534 4745 a
2556 4692 2841 4762 discipulis
2869 4700 2963 4745 aut
2994 4692 3291 4747 comitibus
3320 4690 3719 4761 apostolorum,
3750 4688 3839 4759 qui

2256 4784 2395 4838 vivis
2450 4784 2716 4854 apostolis
2761 4784 3002 4839 defuncti
3049 4793 3213 4849 sunt,
3265 4783 3409 4838 edita
3462 4782 3633 4838 fuisse
3665 4784 3847 4852 primo

2257 4874 2614 4943 putabantur,
2654 4874 2981 4929 dubitabant
3005 4891 3073 4928 an
3102 4876 3170 4928 ab
3210 4875 3403 4929 eodem
3436 4875 3632 4943 spiritu
3663 4872 3838 4942 profc-

2257 4978 2344 5019 cta
2371 4966 2422 5018 in
2454 4966 2707 5020 eumdem
2748 4982 3017 5020 canonem
3048 4982 3174 5021 cum
3217 4967 3328 5020 illis
3375 4964 3433 5020 S.
3467 4964 3627 5021 Lucae
3679 4978 3837 5035 atque

2261 5058 2318 5113 S.
2350 5057 2517 5113 Marci
2550 5059 2714 5127 recipi
2740 5058 3020 5124 deberent,
3053 5067 3113 5111 ut
3157 5060 3224 5113 de
3248 5058 3546 5125 Clemente,
3588 5059 3835 5115 Barnaba

2256 5158 2311 5203 et
2340 5147 2541 5203 llerma
2570 5148 2747 5218 primo
2771 5147 3064 5217 qua-situm
3095 5157 3197 5203 est.
3231 5146 3426 5203 Postea
3457 5148 3620 5203 etiam
3655 5150 3831 5219 aliqua

2257 5242 2581 5296 dicebantur
2604 5241 2673 5294 ab
2706 5243 2838 5310 ipsis
2867 5242 3131 5311 apostolis
3161 5241 3385 5306 dictata,
3415 5250 3469 5295 et
3493 5258 3521 5295 a
3550 5242 3831 5311 discipulis

2258 5336 2374 5390 suis
2397 5350 2462 5389 ex
2501 5335 2869 5403 apostolorum
2919 5345 3190 5403 praecepto
3237 5334 3462 5402 scripta.
3508 5343 3563 5387 ct
3602 5345 3721 5403 post
3750 5350 3830 5386 eo-

2257 5444 2380 5482 rum
2415 5437 2645 5481 mortem
2676 5426 2816 5481 forte
2845 5427 3120 5495 divulgata
3150 5465 3165 5488 ,
3199 5426 3267 5479 de
3297 5425 3498 5495 quibus
3526 5442 3742 5480 rursum
3777 5426 3829 5477 in

2260 5519 2501 5574 Ecclesia
2524 5519 2831 5573 dubitatum
2857 5527 2941 5572 est
2968 5536 2981 5584 ;
3014 5529 3067 5571 et
3096 5534 3163 5571 ex
3192 5518 3299 5571 illis
3335 5517 3444 5570 τῶν
3484 5516 3827 5586 ἀντιλεγομέ-

2257 5630 2361 5664 νων
2402 5620 2453 5666 et
2501 5612 2607 5664 τῶν
2641 5610 2975 5681 ἀποκρύφων
3012 5609 3236 5663 lndiculi
3281 5609 3518 5664 confecti
3563 5620 3706 5665 sunt.
3739 5607 3837 5660 Illa.

2258 5703 2425 5772 igitur
2454 5704 2657 5773 scripta
2685 5748 2697 5769 ,
2743 5721 2866 5773 qua:
2910 5718 3033 5756 cum
3078 5704 3255 5771 primo
3300 5703 3669 5772 apparebant,
3713 5709 3827 5753 tan-

2258 5812 2420 5864 quam
2454 5796 2511 5849 S.
2546 5796 2842 5865 Scriptura:
2870 5806 3051 5864 partes
3083 5795 3510 5863 accipiebantur,
3541 5794 3610 5850 ab
3638 5791 3825 5861 aliqui-

2262 5890 2362 5946 ltus
2402 5898 2588 5958 postea
2632 5901 2864 5959 negata,
2919 5889 3057 5943 inter
3099 5886 3488 5957 ἀντιλεγόμενα
3534 5888 3819 5947 haeserunt,
