4136 6398
255 371 355 429 129

1036 368 1091 425 ιι.
1134 363 1503 423 PEARSONII
1543 360 1865 418 VlNDlCUE
1908 358 2330 416 ΙΟΝΑἹΊΑΝλ-Ε.
2372 388 2440 397 -—
2481 356 2661 414 PARS
2701 356 2741 410 Ι.

3446 354 3549 409 150

254 508 373 563 qua:
403 490 477 545 ab
518 490 788 545 omnibus
832 505 864 544 a
905 505 1120 545 canone
1151 489 1352 559 rejecta
1376 528 1391 552 ,
1434 486 1489 539 in
1521 484 1855 554 apocryphis
1886 490 1928 543 A
1958 482 2052 536 tici
2100 488 2196 535 aut
2228 480 2371 534 male
2426 478 2606 532 feriati
2638 476 2913 540 homines,
2945 472 3121 529 sacris
3162 471 3404 527 oraculis
3446 471 3551 524 mi-

255 580 719 635 numerabantur.
749 581 847 633 Illa
879 595 1030 644 vero,
1058 594 1183 649 quae
1212 578 1277 632 ad
1320 576 1524 630 divina:
1557 573 1855 642 Scriptura:

256 690 521 728 canonem
561 688 858 743 nunquam
887 673 1240 743 aspirabant,
1273 686 1396 739 qua:
1442 667 1855 738 quamprimum

257 767 455 834 scripta
488 772 649 829 sunt,
681 765 891 834 diuque
915 774 1128 833 postea,
1163 777 1272 816 non
1305 770 1365 814 ut
1408 758 1677 814 canonica
1700 798 1716 821 ,
1758 757 1855 811 sed

257 856 523 911 catholica
551 865 778 910 tantum
806 855 1240 924 recipiebantur,
1274 866 1450 922 neque
1479 851 1621 904 inter
1650 848 1858 901 ἀντιλε-

256 951 496 1019 γόμενα,
533 964 722 1018 neque
769 949 913 1002 inter
952 948 1263 1017 apocrypha
1316 943 1595 998 numerari
1641 942 1858 998 saeculis

259 1040 621 1110 sequentibus
654 1036 1131 1109 potuerunt.Cum
1160 1037 1324 1107 igitur
1340 1036 1587 1105 epistolae
1615 1032 1672 1088 S.
1702 1032 1858 1104 lgna-

261 1132 316 1184 tii
338 1140 463 1201 post
488 1133 753 1186 omnium
781 1130 1163 1200 apostolorum
1200 1133 1456 1190 mortem,
1481 1142 1547 1180 ex
1566 1125 1857 1180 occasione

261 1232 469 1276 tantum
504 1222 802 1294 martyrii,
840 1230 895 1275 et
935 1222 989 1273 in
1032 1220 1230 1273 itinere
1267 1217 1451 1273 subito
1489 1215 1676 1270 effusae
1705 1215 1814 1270 sint
1840 1255 1855 1279 ,

261 1335 378 1374 cum
425 1336 456 1373 a
501 1318 851 1374 Christianis
894 1331 994 1387 pro
1040 1314 1261 1384 scriptis
1315 1313 1492 1369 sancti
1542 1313 1646 1366 viri
1691 1321 1858 1382 atque

262 1417 518 1487 martyris
552 1412 946 1468 tantummodo
975 1420 1236 1480 acceptze,
1269 1425 1370 1463 nec
1396 1424 1639 1478 unquam
1662 1450 1676 1471 ,
1707 1407 1856 1477 quod

266 1511 494 1569 scimus,
528 1509 586 1560 in
611 1506 863 1561 Ecclesia
895 1507 1046 1559 lectae
1068 1505 1199 1567 sint,
1226 1503 1410 1558 nescio
1438 1502 1717 1571 quomodo
1747 1500 1859 1555 cui-

268 1615 425 1669 quam
460 1599 521 1651 in
556 1606 803 1652 mentem
832 1595 1020 1649 venire
1045 1593 1305 1663 potuerit,
1350 1600 1411 1646 ut
1440 1607 1535 1647 eas
1574 1592 1628 1646 in
1659 1608 1853 1646 nume-

269 1705 326 1743 ro
362 1689 819 1759 apocryphorum
849 1685 984 1742 Novi
1011 1684 1346 1740 Testamenti
1375 1692 1709 1740 numeraret.

333 1780 476 1847 Quid
513 1782 708 1849 igitur,
742 1779 980 1849 inquies,
1014 1777 1149 1832 facit
1180 1777 1232 1831 in
1260 1775 1505 1830 lndiculo
1535 1775 1728 1848 lguatii
1754 1792 1856 1830 nos

1960 576 2107 628 nime
2148 572 2424 636 contenti,
2467 571 2605 624 tales
2651 568 2872 639 διδαχάς
2899 576 2953 622 ct
2998 564 3347 627 διδασκαλίας
3394 579 3549 617 com—

1960 667 2126 721 menti
2161 674 2309 720 sunt.
2344 662 2477 729 Qua:
2520 662 2660 715 nulli
2703 671 2855 715 certo
2887 659 3196 729 apostolico
3227 658 3346 709 viro
3378 655 3552 709 ascri-

1958 760 2210 823 ltebatur,
2244 758 2388 811 dicta
2412 766 2495 812 est
2519 756 2710 826 διδαχὴ
2746 756 2830 807 vel
2856 750 3176 806 διδασκαλία
3211 748 3551 813 ἀποστόλων,

1959 869 2081 923 qua:
2103 853 2172 906 ab
2195 852 2381 920 aliquo
2404 849 2776 919 apostolorum
2793 846 3065 916 discipulo
3091 846 3296 913 scripta
3323 843 3554 911 putaba-

1958 955 2067 1011 tur,
2101 946 2222 1014 ejus
2254 958 2451 997 nomen
2481 958 2590 1011 prae
2624 956 2683 996 se
2715 939 2942 1004 ferebat,
2971 947 3031 993 ut
3063 936 3380 990 διδασκαλία
3414 935 3555 1004 Κλή-

1964 1054 2177 1109 μεντος,
2212 1037 2295 1091 vel
2318 1034 2406 1088 διὰ
2439 1033 2778 1105 Κλήμεντος,
2820 1047 2943 1101 quae
2978 1030 3224 1083 omnium
3258 1028 3424 1097 hujus
3452 1042 3550 1097 ge-

1961 1130 2109 1185 neris
2144 1127 2538 1199 antiquissima
2562 1126 2792 1179 videtur.
2812 1123 2894 1176 Ad
2922 1122 3087 1192 hujus
3111 1130 3292 1176 autem
3323 1120 3557 1174 formam

1959 1224 2149 1279 eﬂictze
2178 1229 2309 1276 sunt
2336 1229 2391 1276 et
2422 1220 2541 1274 alia:
2568 1218 2883 1287 complures
2918 1215 3154 1269 diversis
3198 1212 3417 1268 saeculis
3460 1226 3558 1265 ex-

1960 1317 2217 1384 cogitatae
2240 1321 2405 1383 atque
2431 1314 2733 1379 evulgatus;
2787 1316 2847 1362 ut
2891 1304 3210 1359 διδασκαλία
3258 1302 3556 1372 Ίγνατίου,

1966 1409 2033 1462 de
2056 1422 2165 1476 qua
2200 1405 2460 1468 diximus,
2494 1413 2548 1456 ct
2568 1399 2885 1455 διδασκαλία
2917 1398 3005 1450 διὰ
3044 1393 3388 1456 Ἱππολύτου,
3422 1408 3561 1445 non-

1963 1496 2092 1549 dum
2119 1510 2147 1547 a
2178 1494 2440 1563 qu0piam
2470 1492 2781 1556 observata,
2812 1503 2979 1558 quam
3018 1487 3072 1540 in
3101 1484 3293 1540 codice
3330 1499 3435 1537 ms.
3476 1483 3561 1536 bi—

1958 1586 2247 1641 bliothecae
2286 1582 2618 1638 Oxoniensis
2646 1582 2815 1637 latere
2848 1588 3137 1634 testamur.
3179 1575 3365 1646 Neque
3410 1575 3557 1629 enim

1958 1676 2216 1743 deeraut’,
2271 1676 2367 1745 qui
2419 1674 2773 1745 Hippolytum
2830 1671 2965 1741 ipsis
3033 1678 3225 1725 notum
3292 1669 3561 1739 apostolis

1958 1768 2336 1838 praadicarent.
2367 1766 2507 1832 Quin
2539 1772 2595 1819 et
2624 1765 2786 1819 talem
2828 1763 3050 1833 διδαχὴν
3086 1761 3252 1816 etiam
3294 1758 3353 1813 S.
3398 1757 3562 1829 Poly-

269 1873 428 1927 ιηεηῖ
464 1870 678 1927 Facilis
730 1880 787 1925 et
832 1870 1088 1940 expedita
1142 1869 1450 1938 responsio.
1492 1866 1613 1924 Non
1663 1870 1717 1924 in
1764 1870 1870 1925 hoc
1901 1856 1943 1911 Β
1971 1877 2138 1932 carpo
2187 1861 2510 1915 attributam
2558 1859 2729 1913 fuisse
2762 1873 2871 1912 non
2912 1855 3122 1910 dubito.
3176 1853 3339 1908 Tales
3394 1859 3562 1907 erant

271 1975 511 2032 tantum,
542 1965 643 2019 sed
669 1965 802 2019 etin
835 1963 946 2017 alio
983 1960 1231 2016 lndiculo
1261 1972 1461 2013 nomen
1483 1958 1871 2030 lgnatiii'eper-

272 2062 426 2124 itur;
495 2066 556 2111 et
610 2071 750 2111 sane
796 2055 939 2109 ratio
988 2053 1203 2118 suadet,
1252 2050 1322 2106 ob
1360 2050 1610 2105 eamdem
1644 2064 1868 2104 causam

278 2152 534 2205 eumdem
572 2150 627 2203 in
664 2158 900 2218 utroque
948 2144 1246 2200 nominari.
1294 2142 1576 2198 lndiculus
1619 2142 1710 2197 ille
1763 2157 1869 2196 ms.

273 2247 452 2295 exstat
494 2240 646 2294 inter
674 2239 847 2293 libros
876 2235 1246 2290 Baroccianos
1288 2233 1340 2286 in
1386 2231 1725 2288 Bibliotheca
1765 2247 1871 2301 pn-

274 2333 411 2387 blica
440 2329 650 2384 Oxonii
678 2372 692 2395 ,
730 2328 799 2382 de
836 2343 947 2398 quo
987 2327 1205 2381 monuit
1249 2323 1542 2391 Usserius,
1595 2339 1874 2393 quemque

277 2440 373 2479 nos
421 2423 697 2477 vidimus.
744 2419 803 2474 In
837 2420 929 2474 illo
961 2420 1106 2473 inter
1154 2416 1388 2488 plurima
1426 2414 1740 2487 apocrypha
1771 2432 1875 2468 nu-

280 2524 565 2571 merantur
593 2511 819 2581 Διδαχαὶ
857 2510 966 2564 τῶν
994 2507 1329 2572 ἀποστόλων,
1371 2505 1701 2560 Διδασκαλία
1727 2504 1875 2577 Κλή-

283 2624 505 2679 μεντος,
558 2602 825 2672 Ἱγνατίου
869 2598 1216 2654 Διδασκαλία.
1260 2596 1330 2652 Ut
1374 2606 1561 2652 autem
1598 2596 1745 2650 aliud
1792 2605 1876 2650 est

279 2697 609 2753 Διδασκαλία
635 2696 723 2749 vel
754 2694 951 2765 Διδαχὴ
990 2690 1307 2757 Clementis,
1338 2690 1485 2744 aliud
1517 2689 1772 2759 epistola,
1799 2689 1877 2743 ita

280 2803 331 2849 et
359 2791 583 2863 Ignatii.
622 2788 731 2844 Sed
760 2789 948 2844 eodem
986 2784 1152 2839 modo
1190 2782 1547 2854 supplendam
1578 2791 1633 2837 et
1675 2780 1877 2835 intelli-

276 2885 517 2957 gendam
573 2880 1014 2936 Stichometriam
1057 2885 1301 2930 nostram
1340 2889 1581 2929 censeo:
1628 2873 1871 2939 scilicet,

274 2976 477 3046 Διδαχὴ
512 2973 868 3036 ἀποστόλων,
915 2969 1239 3041 Κλήμεντος
1287 2964 1579 3037 (διδαχὴ),
1613 2965 1876 3034 Ἰγνατίου

276 3068 538 3138 (διδαχή),
568 3076 634 3121 ut
665 3066 755 3120 illa
782 3080 885 3119 vox
909 3062 1121 3133 διδαχή,
1149 3060 1305 3131 quasi
1329 3058 1437 3112 ἀπὸ
1469 3056 1648 3112 κοινοῦ
1682 3058 1877 3113 subin-

273 3162 584 3231 telligatur,
616 3158 768 3229 quod
800 3155 1165 3227 scriptoribus
1193 3152 1452 3207 omnibus
1489 3167 1752 3222 perquam
1789 3150 1875 3205 fa-

273 3254 499 3307 miliare
534 3261 643 3305 est.
690 3250 868 3319 Atque
919 3249 992 3303 ita
1028 3247 1160 3302 illud
1200 3246 1264 3299 λ6
1292 3244 1561 3299 Clementi
1604 3244 1875 3315 adjectum

276 3348 332 3399 in
379 3344 631 3409 Graecis,
683 3351 740 3397 et
778 3342 847 3395 ab
877 3340 1174 3394 Anastasio
1224 3338 1679 3408 prmtermissum,
1739 3337 1879 3390 nihil

277 3437 428 3490 aliud
455 3435 648 3498 fuerit,
672 3448 839 3503 quam
872 3430 1213 3486 abbreviatio
1240 3429 1424 3499 aliqua
1450 3428 1600 3484 vocis
1628 3427 1813 3500 διδαχή
1847 3444 1878 3483 a

278 3534 516 3587 librario
545 3531 776 3584 minime
800 3526 1075 3581 intellecta
1098 3533 1151 3579 et
1191 3523 1333 3575 male
1358 3520 1572 3591 depicta
1596 3562 1611 3587 ,
1647 3532 1742 3575 aut
1776 3537 1879 3575 nu-

278 3641 471 3680 merus
504 3622 901 3692 capitulorum,
932 3634 1054 3690 quae
1076 3618 1131 3673 in
1162 3618 1253 3671 illa
1287 3615 1593 3670 Didascalia
1629 3615 1881 3669 contine-

278 3718 511 3771 bantur.
564 3711 640 3767 Ut
684 3712 1032 3781 Coptitarum
1071 3706 1379 3762 Didascalia
1406 3745 1422 3769 ,
1457 3720 1627 3775 quam
1678 3702 1879 3759 factam

277 3810 515 3864 tradunt
537 3822 567 3860 a
590 3804 886 3860 duodecim
921 3801 1185 3872 apostolis
1205 3842 1219 3866 ,
1247 3815 1371 3855 cum
1406 3796 1464 3852 S.
1501 3797 1672 3851 Paulo
1703 3806 1757 3851 et
1784 3795 1881 3851 Ja-

277 3904 425 3957 cobo
473 3898 987 3968 Hierosolymorum
1023 3894 1300 3963 episcopo,
1336 3891 1653 3946 continebat
1693 3889 1762 3943 '58
1791 3903 1883 3944 ca-

277 3996 495 4067 pitula,
554 4001 611 4048 et
654 3991 1043 4046 abbreviatura
1083 3986 1316 4042 solemni
1362 3985 1649 4040 dicebatur
1699 3982 1880 4049 Dask,

277 4085 766 4161 quemadmodum
798 4099 865 4138 ex
920 4098 1025 4137 ms.
1054 4080 1244 4135 codice
1269 4077 1612 4133 Barocciano
1642 4085 1880 4130 constat.

280 4184 424 4238 Cum
482 4182 637 4235 enim
687 4180 745 4232 in
790 4177 974 4231 'altero
1011 4174 1259 4229 lndiculo
1312 4171 1576 4242 Ἰγνατίου
1620 4169 1882 4223 διδασκα-

282 4277 406 4330 λίαν
446 4273 519 4328 ad
556 4271 872 4342 apocrypha
898 4268 1181 4322 videamus
1217 4266 1511 4337 relegatam
1532 4304 1546 4327 ,
1573 4261 1705 4332 quid
1735 4260 1885 4315 aliud

282 4378 368 4424 est
396 4367 551 4438 quod
595 4366 653 4419 in
690 4371 883 4418 nostro
915 4361 983 4415 ad
1022 4374 1223 4415 nomen
1259 4354 1522 4425 Ίγνατίου
1568 4352 1883 4409 subintelli-

284 4473 449 4533 gatur
500 4455 887 4531 (subintelligi
931 4454 1081 4509 enim
1125 4450 1335 4521 aliquid
1379 4448 1610 4503 omnino
1654 4444 1883 4515 debet),

1972 1953 2280 2023 antiquitus
2305 1953 2593 2021 evulgatze,
2625 1950 2785 2021 quasi
2811 1950 2880 2003 ab
2910 1947 3177 2017 apostolis
3206 1946 3466 2000 derivatze
3486 1944 3560 1997 δι-

1970 2043 2131 2115 δαχαὶ
2161 2054 2327 2115 atque
2346 2042 2638 2110 διατάξεις.
2671 2040 2831 2107 Nam,
2860 2049 2919 2094 ut
2947 2048 3095 2094 recte
3126 2039 3185 2093 S.
3226 2038 3563 2109 Cbrysosto-

1973 2152 2120 2206 mus,
2150 2135 2259 2189 τῶν
2291 2134 2633 2208 πραγμάτων
2665 2134 2734 2187 τὰ
2771 2133 2868 2205 μὲν
2900 2130 3247 2194 διδασκαλίας
3278 2130 3469 2194 δεῖται,
3493 2128 3563 2183 τὰ

1971 2232 2028 2285 δὲ
2049 2229 2337 2299 ἐπιταγῆς,
2371 2229 2495 2283 alia!
2522 2244 2603 2282 res
2632 2226 2908 2289 docentur,
2942 2223 3069 2277 alia:
3103 2222 3449 2277 mandantur.
3481 2220 3561 2274 Ex

1975 2322 2084 2378 illis
2132 2320 2484 2387 didascaliaa,
2530 2334 2597 2373 ex
2637 2319 2723 2373 his
2787 2315 3208 2371 constitutiones
3242 2312 3566 2383 prodierunt

1975 2416 2090 2470 sive
2114 2412 2389 2478 διατάξεις
2419 2421 2479 2468 ιιι
2517 2410 2575 2466 S.
2610 2409 2837 2474 Paulus,
2870 2407 2888 2461 l
2916 2406 3045 2462 Cor.
3071 2423 3172 2471 vn,
3205 2406 3273 2460 l7
3305 2423 3318 2459 :
3355 2405 3555 2470 οὕτως

1974 2510 2045 2561 ἐν
2082 2506 2212 2572 ταῖς
2252 2505 2640 2572 Ἐκκλησίαις
2670 2502 2897 2568 πάσαις
2928 2499 3348 2568 διατάσσομαι,
3379 2506 3434 2552 ct
3463 2514 3515 2551 xu
3546 2538 3561 2563 ,

1974 2600 2043 2654 ’54
2074 2619 2087 2653 :
2128 2602 2205 2653 Τὰ
2236 2597 2303 2651 δὲ
2330 2596 2532 2660 λοιπὰ,
2567 2596 2648 2661 ὡς
2676 2594 2753 2649 ἂν
2782 2595 2957 2658 ἔλθω,
2986 2590 3358 2660 διατάξομαι.
3610 2586 3613 2587 ⁷

2047 2689 2118 2746 Ut
2162 2689 2327 2760 hujus
2373 2685 2777 2743 observationis
2823 2693 3029 2739 nostrae
3068 2683 3273 2736 veritas
3324 2680 3552 2735 ulterius

1977 2785 2306 2849 innotescat,
2339 2798 2404 2837 ex
2436 2781 2520 2835 his
2553 2778 2787 2833 diversis
2815 2775 3133 2831 didascaliis
3160 2782 3324 2844 atque
3358 2772 3565 2827 consti«

1977 2877 2312 2941 tutionibus,
2347 2874 2519 2928 libros
2551 2880 2678 2927 octo
2720 2868 3190 2925 Constitutionum
3237 2865 3569 2934 apostolica-

1979 2987 2123 3033 rum,
2160 2983 2301 3039 quos
2326 2981 2475 3021 nunc
2506 2964 2794 3029 habemus,
2829 2961 3110 3017 confectos
3145 2968 3308 3027 atque
3340 2971 3568 3012 consar—

1979 3063 2192 3117 cinatos
2254 3059 2447 3121 fuisse,
2496 3069 2747 3111 asserere
2795 3068 2904 3107 non
2956 3050 3168 3106 dubito.
3208 3049 3356 3104 Duos
3403 3044 3571 3118 hujus

1980 3154 2163 3226 operis
2194 3152 2383 3207 titulos
2416 3148 2643 3218 reperiri
2682 3145 2925 3202 fatentur
2956 3143 3059 3197 viri
3111 3143 3291 3207 docti,
3334 3156 3571 3210 quorum

1979 3262 2123 3302 unus
2147 3242 2445 3313 Διαταγαί,
2467 3240 2604 3294 alter
2627 3234 2930 3303 Καθολικὴ
2948 3233 3331 3288 διδασκαλία.
3357 3230 3574 3287 Utrius-

1979 3355 2086 3412 que
2120 3352 2262 3407 sazpe
2288 3337 2343 3389 in
2376 3333 2512 3403 ipsis
2540 3331 2697 3385 libris
2721 3329 2925 3385 mentio
2956 3326 3034 3393 tit,
3059 3334 3294 3380 etvetus
3322 3323 3566 3393 Epiphau

1979 3432 2057 3487 nii
2091 3428 2471 3484 testimonium
2517 3424 2711 3479 haeresi
2751 3421 2821 3476 80
2858 3420 3191 3489 suﬂ‘ragatur
3235 3436 3249 3471 :
3304 3416 3414 3469 Καὶ
3447 3417 3576 3486 περὶ

1984 3525 2082 3597 μὲν
2114 3518 2206 3576 οὖν
2234 3522 2327 3573 τοῦ
2355 3518 2564 3588 γενείου
2599 3517 2656 3569 ὲν
2676 3518 2794 3577 ταῖς
2816 3510 3103 3575 Διατάξεσι
3131 3510 3240 3562 τῶν
3263 3508 3576 3561 ἀποστόλων

1982 3616 2181 3683 φάσκει
2207 3614 2235 3665 ὁ
2261 3612 2402 3674 θεῖος
2433 3610 2591 3677 λόγος
2627 3607 2723 3660 καὶ
2755 3607 2791 3676 ή
2843 3601 3179 3656 διδασκαλία.
3224 3599 3292 3653 Et
3321 3599 3384 3651 de
3414 3599 3577 3652 barba

1982 3706 2194 3776 quidem
2224 3705 2278 3756 in
2303 3697 2787 3757 Constitutionibus
2816 3693 3179 3764 apostolorum
3206 3690 3444 3761 loquitur
3486 3690 3572 3742 di-

1982 3799 2134 3852 vinus
2163 3811 2333 3850 sermo
2374 3805 2425 3847 et
2459 3790 2726 3844 doctrina.
2774 3786 2852 3841 lta
2895 3785 3011 3851 ille,
3049 3783 3213 3838 verba
3248 3782 3425 3836 citans
3455 3795 3578 3848 qua:

1983 3904 2134 3945 nunc
2179 3885 2534 3958 reperiuntur
2566 3882 2663 3935 lib.
2707 3894 2752 3945 ι,
2785 3893 2909 3948 cap.
2942 3876 2997 3942 '5,
3044 3874 3205 3945 cujus
3240 3873 3364 3927 libri
3416 3871 3575 3924 initio

1984 3982 2188 4038 dictum
2220 3988 2334 4035 est:
2376 3974 2668 4031 Ἀκούσατε
2690 3969 3033 4025 διδασκαλίαν
3068 3967 3238 4039 ἱεράν.
3271 3965 3365 4020 llla
3390 3973 3572 4018 autem

1984 4071 2247 4144 καθολικὴ
2275 4065 2591 4123 διδασκαλία
2621 4063 2866 4119 omnium
2901 4059 3360 4116 disdascaliarutn
3394 4055 3567 4113 colle-

1985 4166 2222 4220 ctionem
2250 4162 2512 4216 denotare
2536 4156 2774 4212 videtur.
2802 4152 2897 4208 lla:
2946 4160 3128 4207 autem
3156 4149 3471 4205 didascalite
3493 4147 3579 4202 di-

1985 4257 2161 4314 versis
2189 4253 2553 4325 temporibus,
2586 4259 2640 4305 et
2681 4248 2917 4303 diversis
2951 4246 3117 4301 etiam
3150 4242 3414 4299 Ecclesia:
3443 4255 3571 4312 par-

1987 4352 2165 4417 tibus‘,
2196 4348 2291 4404 ubi
2334 4341 2610 4402 distinctae
2647 4349 2806 4396 erant
2849 4338 3173 4394 traditiones
3218 4333 3535 4405 apostolicae
3558 4372 3577 4399 ,

1988 4444 2224 4512 scriptae,
2248 4438 2597 4495 occasionem
2624 4433 2897 4489 dederunt
2932 4425 3373 4485 consarcinatori
3410 4423 3580 4479 multa

284 4516 453 4626 quam
481 4516 716 4621 έιδαχή;
749 4555 804 4603 et
826 4516 951 4602 cum
981 4516 1297 4598 διδασκαλία
1330 4540 1649 4612 Κλήμεντος
1690 4540 1746 4592 in
1789 4537 1883 4593 illo

1988 4527 2315 4588 immutandi
2351 4523 2860 4596 interpolandique,
2907 4527 2968 4575 ut
3003 4518 3192 4574 omnia
3231 4516 3406 4587 ipsius
3461 4530 3580 4569 aevo

288 4651 465 4703 altero
494 4642 752 4698 lndiculo
778 4638 1051 4710 praecedat
1072 4650 1193 4691 eam
1218 4633 1437 4705 lgnatii,
1467 4647 1567 4687 cur
1604 4631 1696 4686 hic
1716 4629 1885 4685 etiam

287 4743 617 4811 Κλήμεντος
651 4734 837 4804 διδαχή
866 4746 979 4786 non
1009 4737 1159 4785 recte
1187 4725 1545 4798 intelligatur,
1578 4723 1885 4795 praesertim

288 4851 416 4889 cum
452 4828 738 4902 praecedat
764 4827 816 4879 in
849 4826 976 4888 hoc,
1012 4832 1072 4876 ut
1103 4821 1157 4875 in
1192 4820 1385 4885 altero,
1419 4815 1620 4889 Διδαχὴ
1654 4814 1889 4870 ἀποστό-

279 4929 416 4981 λων.
456 4923 641 4978 T-aula
672 4928 759 4975 est
782 4920 835 4971 in
864 4926 1096 4985 utroque
1145 4912 1391 4967 lndiculo
1428 4909 1497 4964 ad
1528 4909 1672 4964 hanc
1722 4907 1890 4962 inter-

291 5019 671 5090 pretationem
705 5009 1073 5065 roborandam
1101 5003 1463 5075 conspiratio.

361 5112 513 5178 Quin
549 5116 602 5161 et
634 5122 725 5161 res
757 5105 873 5173 ipsa
913 5101 1053 5155 idem
1103 5099 1333 5153 omnino
1365 5097 1543 5150 docet.
1579 5090 1880 5149 Observan-

274 5209 427 5265 .dum
460 5204 612 5257 cutim
661 5208 777 5265 est,
821 5196 1007 5266 plures
1039 5194 1170 5247 olim
1203 5191 1480 5245 exstitisse
1504 5187 1745 5257 διδαχάς,
1775 5184 1892 5240 sive

274 5273 673 5359 διδασκαλίας,
705 5291 866 5361 quasi
895 5289 964 5344 ab
988 5285 1252 5358 apostolis
1282 5281 1559 5354 profectas
1578 5321 1593 5346 ,
1626 5288 1681 5335 et
1708 5278 1794 5332 vel
1823 5278 1891 5332 ab

299 5395 435 5462 ερείε
466 5390 704 5458 scriptas
731 5428 746 5451 ,
775 5383 859 5438 vel
903 5390 1050 5437 certe
1088 5379 1224 5433 viris
1257 5374 1578 5445 aposmlicis
1609 5372 1845 5427 dictatas
1874 5412 1888 5437 ,

298 5460 351 5543 et
380 5489 449 5541 ab
480 5485 591 5539 illis
622 5480 726 5535 sub
758 5474 1141 5547 apostolorum
1170 5468 1395 5523 nomine
1435 5476 1691 5520 exaratas
1713 5472 1768 5516 et
1792 5460 1895 5516 Ec—

304 5582 484 5635 clesia:
511 5571 954 5633 commendatas.
989 5566 1125 5621 Cum
1158 5562 1307 5617 enim
1335 5574 1496 5614 voces
1522 5556 1712 5627 διδαχή
1738 5562 1792 5609 et
1816 5555 1894 5607 δι-

305 5671 567 5725 δασκαλία
610 5659 1060 5735 frequentissime
1104 5657 1159 5709 in
1200 5652 1355 5708 Novo
1401 5650 1755 5705 Testamento
1801 5661 1896 5700 0c-

309 5773 625 5829 currcrent,
671 5769 733 5815 ut
773 5754 966 5825 διδαχὴ
1012 5750 1247 5821 Κυρίου,
1300 5743 1489 5814 διδαχὴ
1539 5739 1851 5795 ἀποστόλων
1876 5778 1891 5802 ,

315 5856 622 5913 διδασκαλία
652 5852 745 5907 τοῦ
770 5849 925 5904 Σωτί
939 5863 1049 5909 σος,
1080 5839 1395 5895 διδασκαλία
1430 5834 1646 5889 Παύλου
1667 5875 1679 5898 ,
1719 5832 1891 5885 lucre-

1988 4624 2187 4682 melius
2209 4620 2546 4693 quadrarent
2575 4636 2589 4672 :
2624 4612 3091 4687 quemadmodum
3124 4618 3351 4681 apparet
3380 4608 3578 4678 praeci-

1988 4732 2096 4788 pue
2120 4732 2189 4771 ex
2223 4714 2316 4781 iis,
2352 4726 2476 4781 quae
2503 4707 2846 4780 Epiphanius
2876 4703 3096 4768 citavit,
3123 4717 3155 4756 a
3200 4700 3408 4754 nostris
3438 4713 3580 4753 non-

1990 4822 2276 4879 nunquam
2302 4802 2695 4873 discrepantia.
2728 4798 2801 4855 Ut
2833 4799 2889 4853 in
2922 4793 3299 4852 vetustissima
3343 4791 3577 4857 diataxi,

1990 4919 2115 4974 qua:
2138 4896 2428 4971 Epiphanii
2458 4909 2573 4950 alvo
2588 4892 2817 4955 exstitit,
2843 4891 2911 4945 de
2933 4884 3263 4943 celebrando
3282 4881 3577 4946 Paschatv,

1992 4992 2348 5048 constitutum
2382 4986 2525 5041 fuit:
2564 4984 2751 5053 Ὑμεῖς
2777 4981 2850 5051 μὴ
2875 4978 3161 5049 ψηφίζετε,
3200 4973 3337 5027 ἀλλά
3378 4974 3582 5024 ποιεῖτε

1991 5084 2120 5137 ὅταν
2153 5082 2203 5133 οἱ
2236 5077 2455 5147 ἀδελφοὶ
2492 5073 2646 5146 ὑμῶν
2684 5073 2733 5124 ot
2774 5073 2838 5123 ὲκ
2878 5065 3212 5140 περιτομῆς,
3253 5062 3371 5133 μετ’
3405 5061 3584 5115 αὐτᾶν

1993 5178 2110 5247 ἆμα
2135 5174 2359 5226 ποιεῖτε.
2404 5169 2505 5222 Vos
2540 5164 2763 5219 calculis
2792 5161 2944 5216 ‘haud
2971 5157 3210 5221 utimini,
3242 5154 3332 5208 sed
3367 5170 3425 5207 eo
3454 5162 3585 5206 tem-

1992 5246 2117 5340 pore
2140 5266 2396 5320 celebrate
2428 5277 2530 5331 quo
2561 5259 2756 5328 fratres
2787 5252 2948 5308 vestri
2976 5252 3066 5320 qui
3086 5263 3150 5302 ex
3179 5246 3585 5300 circumcisione

1994 5333 2338 5434 prodierunt;
2370 5368 2489 5408 cum
2518 5351 2585 5404 iis
2614 5346 2775 5403 simul
2817 5343 3025 5398 Pascha
3053 5339 3307 5409 peragite.
3352 5333 3585 5389 Videtur

1996 5424 2161 5524 igitur
2192 5450 2308 5503 haec
2331 5441 2567 5500 diataxis
2604 5438 2785 5501 facta,
2830 5442 3123 5503 antequam
3159 5428 3291 5484 urbs
3325 5424 3585 5481 Hieroso-

1995 5521 2259 5617 lvmitana
2296 5537 2366 5592 ab
2402 5533 2648 5589 Adriano
2671 5535 3028 5585 everteretur.
3056 5522 3186 5576 Post
3229 5521 3373 5574 hanc
3394 5530 3579 5572 autem

1995 5615 2274 5699 diataxin,
2308 5627 2513 5701 prodiit
2540 5624 2671 5680 alibi
2712 5636 2886 5677 canon
2926 5618 3031 5673 sub
3074 5615 3449 5685 apostolorum
3485 5628 3584 5665 no-

1996 5733 2146 5787 mine
2171 5727 2266 5798 qui
2293 5736 2440 5779 nunc
2470 5717 2738 5790 septimus
2761 5713 2992 5768 habetur
3022 5729 3033 5763 :
3057 5708 3127 5762 Εἴ
3151 5725 3233 5770 τις
3266 5704 3584 5764 ἐπίσκοπος,

1998 5827 2031 5895 ἢ
2057 5796 2449 5895 πρεσϐύτερος,
2481 5813 2516 5884 ἢ
2537 5811 2782 5871 διάκονος
2808 5804 2908 5877 τὴν
2930 5801 3091 5872 ἁγίαν
3111 5800 3205 5855 τοῦ
3226 5799 3416 5868 Πάσχα
3448 5796 3582 5867 ήμέ-
