4136 6432
579 378 674 430 ﬁl

1646 376 1704 431 S.
1739 373 2082 431 ICNATIUS.
2124 404 2195 415 —
2230 369 2759 425 PROLEGOMEAA.

3746 361 3864 413 169..

582 515 682 570 ραν
718 497 824 572 πρὸ
858 498 955 568 τῆς
990 499 1210 570 ἐαρινῆς
1243 498 1532 571 ἰσημερίας
1568 498 1703 569 μετὰ
1743 498 2011 551 Ἰουδαίων
2042 497 2160 548 ἐπι-

2268 511 2366 548 ms.
2398 494 2587 547 codice
2608 489 2910 545 Oxoniensi
2934 529 2948 554 ,
2975 501 3086 557 quo
3114 492 3579 555 repraesentantur
3607 492 3721 537 tum
3763 487 3864 533 Δι-

579 590 806 652 τελέσει,
821 590 1206 661 καθαιρείσθω.
1225 588 1413 660 Siquis
1428 592 1720 659 episcopus,
1746 600 1839 642 aut
1864 588 2153 658 presbyter,

580 693 672 736 aut
699 684 954 735 diaconus
987 694 1229 735 sanctum
1264 682 1488 737 Pascha:
1516 684 1654 736 diem
1679 692 1801 735 ante
1822 682 1955 735 veris
1986 680 2155 749 tequi-

582 776 817 827 noctium
845 791 963 827 cum
997 774 1204 829 Judwis
1234 777 1416 845 egerit,
1459 792 1489 827 a
1521 775 1691 845 gradu
1723 790 1819 826 suo
1846 773 2152 841 dejiciatur.

585 864 709 919 Haec
739 881 860 919 cum
891 875 1077 935 postea
1108 882 1135 918 a
1160 866 1394 919 concilio
1423 864 1643 919 Nicaeno
1674 865 2153 923 confirmarentur,

582 958 1037 1011 constitutionum
1069 973 1259 1011 earnm
1297 974 1435 1026 quas
1462 974 1608 1012 nunc
1641 958 1905 1011 habemus
1928 971 2156 1009 consar-

583 1047 797 1102 cinator
847 1057 1082 1102 veterem
1130 1050 1373 1101 diataxin
1427 1049 1777 1111 immutavit,
1843 1061 1896 1101 et
1945 1048 2010 1101 ad
2060 1062 2157 1099 sua

584 1147 828 1209 tempora
865 1142 1322 1204 accommodavit,
1344 1142 1436 1195 lib.
1466 1158 1518 1205 ν,
1538 1158 1587 1195 c.
1622 1141 1688 1195 16
1716 1160 1728 1193 :
1761 1143 1852 1193 Δεῖ
1880 1137 1971 1193 οὖν
1993 1141 2157 1210 ὑμᾶς,

584 1232 821 1301 ἀδελφοὶ,
846 1235 970 1295 τοὺς
990 1232 1068 1302 τῷ
1101 1231 1193 1284 τοῦ
1228 1232 1461 1303 Χριστοῦ
1497 1234 1661 1304 τιμίῳ
1693 1232 2161 1304 ὲξηγορασμένους

585 1323 796 1393 αἵματι,
823 1323 920 1384 τὰς
940 1323 1154 1395 ἡμέρας
1186 1322 1278 1375 τοῦ
1300 1324 1489 1393 Πάσχα
1516 1324 1759 1395 ἀκριϐῶς
1788 1324 2033 1376 ποείσθαι
2070 1342 2162 1394 με-

583 1416 653 1468 τὰ
686 1418 867 1485 πάσης
889 1414 1202 1483 ἐπιμελείας
1228 1416 1364 1485 μετὰ
1379 1416 1587 1486 τροπὴν
1624 1418 1962 1487 ἰσημερινήν.
1994 1417 2162 1484 Opor-

589 1516 659 1560 tet
692 1508 856 1575 igitur
894 1523 1003 1567 vos,
1040 1507 1253 1574 fratres,
1289 1517 1468 1572 utpote
1512 1510 1742 1574 pretioso
1793 1508 1994 1562 Christi
2038 1526 2163 1561 san-

588 1600 742 1666 guine
770 1599 1083 1667 redemptos.
1115 1600 1225 1651 dies
1259 1598 1478 1653 Prisc/uc
1507 1612 1753 1654 accurate
1794 1611 1844 1655 et
1888 1603 2029 1655 onmi
2078 1604 2163 1655 (li-

583 1694 806 1761 ligentia
849 1704 963 1760 post
1011 1696 1382 1761 wquiuoctium
1414 1694 1696 1748 celebrare.
1746 1694 1956 1760 Quibus
1998 1696 2159 1749 etiam

588 1795 669 1839 tot
698 1786 961 1840 adversus
989 1785 1207 1841 Judteos
1238 1787 1418 1839 addita
1455 1798 1604 1850 sunt,
1635 1797 1694 1840 ut
1742 1795 1997 1855 appareat
2041 1797 2165 1855 post

2256 584 2523 638 δασκαλία
2541 582 2607 633 δι’
2622 578 2958 640 Ἱππολύτου,
2993 588 3105 631 tum
3130 576 3399 645 Διαταγαὶ
3420 576 3757 641 ἀποστόλων,
3779 590 3858 627 ex

2258 676 2458 745 quibus
2486 674 2624 727 liber
2656 682 2885 726 octavus
2914 669 3191 739 praecipue
3217 677 3453 734 constat,
3479 664 3860 736 deprehendi-

2259 783 2403 821 mus.

2330 858 2489 912 Certe
2538 858 2681 911 inter
2731 856 2856 909 illas
2882 854 3233 917 didascalias,
3262 868 3399 921 quas
3429 852 3857 907 consarcinata!-

2260 952 2521 1005 librorum
2555 959 2682 1003 octo
2721 950 3029 1017 usurpavit,
3058 948 3227 1001 fuisse
3273 944 3626 998 Διδασκαλίαν
3673 945 3856 1011 Ἱγναο

2258 1044 2396 1103 τίου,
2438 1041 2840 1111 quamplurima
2868 1050 2996 1094 sunt
3023 1056 3145 1108 quae
3176 1048 3235 1092 ut
3263 1038 3574 1091 firmissime
3620 1037 3854 1091 credam

2261 1134 2520 1189 eﬂiciunt.
2577 1133 2682 1198 Qui
2729 1132 2967 1201 primum
3014 1133 3116 1186 has
3170 1131 3496 1184 didascalias
3544 1131 3849 1190 ﬁnxerunt,
3912 1140 3918 1209 ἶ

2262 1230 2382 1282 sine
2407 1228 2574 1281 dubio
2606 1242 2794 1279 eorum
2826 1227 3029 1294 scripta
3070 1234 3196 1279 ante
3224 1225 3415 1277 oculos
3448 1224 3707 1286 habuere,
3727 1223 3856 1291 qui-
3907 1256 3919 1271 .

2264 1321 2365 1374 bus
2410 1320 2667 1389 ﬁgmenta
2713 1335 2810 1373 sua
2851 1320 3015 1373 tribui
3063 1318 3391 1380 voluerunt,
3440 1327 3501 1371 ut
3545 1332 3639 1371 eos
3691 1317 3855 1385 ipsos
3904 1304 3914 1320 ’

2262 1420 2526 1481 quantum
2584 1420 2808 1480 possent
2842 1411 3252 1479 exprimerent;
3299 1410 3441 1462 unde
3489 1426 3596 1461 non
3653 1409 3856 1462 dubito

2262 1506 2556 1559 Clementis
2584 1504 2800 1575 διδαχὴν
2833 1505 2903 1555 ita
2937 1502 3107 1559 fuisse
3139 1504 3522 1571 compositam,
3550 1513 3610 1555 ut
3638 1506 3855 1572 episto-

2263 1599 2344 1652 las
2376 1599 2495 1667 ejus
2527 1598 2764 1651 maxime
2792 1596 3077 1651 referrent.
3113 1596 3190 1649 Ex
3218 1596 3321 1650 hac
3349 1596 3513 1666 igitur
3546 1598 3853 1651 Clementis

2264 1689 2572 1744 Didascalia
2600 1688 3101 1742 consarcinatorem
3147 1703 3209 1743 ea
3244 1689 3549 1755 sumpsisse
3582 1688 3853 1741 credibile

2264 1793 2378 1845 est,
2413 1800 2535 1853 quae
2587 1785 2653 1838 de
2699 1783 2949 1852 phoenice
2977 1782 3222 1836 habet-et
3250 1782 3590 1836 carminibus
3626 1779 3853 1851 Sibyllae

584 1886 836 1946 tempora
880 1878 1164 1947 Epiphanii
1201 1880 1314 1932 haec
1357 1879 1643 1932 immutata
1674 1878 1865 1941 fuisse,
1896 1889 1950 1931 et
1985 1888 2157 1932 totum
2196 1881 2236 1936 Β
2265 1878 2302 1930 l.
2337 1894 2390 1940 ν,
2418 1894 2466 1931 c.
2505 1877 2558 1940 6,
2592 1893 2659 1931 ex
2702 1876 2948 1945 epistolis
2981 1874 3276 1929 Clementis
3300 1874 3451 1943 prius
3478 1874 3766 1943 desumpta
3796 1883 3854 1928 et

588 1970 720 2021 illud
748 1980 911 2039 caput
938 1972 1095 2023 aliter
1126 1971 1284 2039 [vlane
1307 1980 1632 2038 conceptum
1666 1986 1809 2025 csse.
1838 1970 1994 2024 Unde
2031 1986 2163 2024 con-

584 2061 718 2130 jicio
745 2072 870 2117 octo
904 2063 1077 2117 libros
1120 2062 1589 2117 Constitutionum
1647 2071 1774 2131 post
1822 2078 1996 2116 aevum
2040 2062 2165 2132 Epi-

584 2154 777 2221 phanii
828 2168 896 2207 ex
942 2153 1224 2207 veteribus
1279 2154 1593 2208 didascaliis
1644 2164 1807 2223 atque
1856 2156 2166 2209 di‘ataxilms

588 2240 892 2296 immutatis
921 2243 1371 2312 interpolatisque
1416 2244 1588 2299 factos
1622 2260 1773 2307 esse;
1809 2260 1985 2312 neque
2014 2245 2160 2298 enim

582 2335 677 2389 ille
710 2351 997 2389 numerum
1024 2336 1290 2389 librorum
1309 2346 1596 2389 memorat.
1625 2335 1680 2389 ln
1711 2352 1921 2391 canone
1942 2337 2162 2405 quidem

586 2429 780 2482 ultimo
808 2444 996 2482 eorum
1023 2429 1114 2497 qui
1149 2429 1409 2483 dicuntur
1434 2431 1807 2498 apostolorum
1839 2472 1853 2493 ,
1887 2440 2012 2482 orto
2040 2429 2163 2481 libri

585 2517 1055 2572 Constitutionum
1084 2519 1288 2573 diserte
1314 2521 1677 2573 nominantur
1703 2538 1717 2585 ;
1768 2522 1862 2574 sed
1898 2521 2047 2573 illum
2073 2536 2167 2573 ca-

588 2625 789 2663 nonem
814 2611 888 2663 ita
929 2609 1099 2663 fuisse
1132 2621 1455 2679 conceptum
1492 2621 1615 2665 ante
1640 2621 1852 2665 sextum
1880 2612 2163 2673 saeculum,

592 2701 810 2769 opinor,
841 2715 946 2754 non
984 2710 1225 2769 apparet.
1255 2700 1499 2770 Septimo
1530 2702 1751 2771 quidem
1801 2704 1999 2756 saeculo
2043 2712 2167 2755 ante

586 2793 886 2846 concilium
940 2794 1261 2847 Trullanum
1312 2794 1582 2849 Maximus
1632 2804 1815 2848 monet
1852 2796 2164 2865 Dionysium

587 2886 798 2939 factum
846 2886 1161 2954 episcopum
1208 2884 1458 2947 Athenis,
1504 2886 1643 2939 κατὰ
1678 2886 1738 2938 τὸ
1780 2887 2077 2957 φερόμενον
2110 2888 2167 2939 ἐν

590 2976 803 3045 ἑϐδόμῳ
838 2975 1027 3045 βιϐλίῳ
1047 2975 1155 3027 τῶν
1190 2975 1559 3029 ἀποστολικῶν
1592 2976 1995 3047 διαταγμάτων,
2023 2980 2166 3047 quod

590 3083 741 3120 mine
791 3067 1021 3135 legimus
1055 3066 1151 3119 lib.
1193 3082 1300 3130 vn,
1337 3081 1457 3134 cap.
1487 3066 1579 3120 48.
1621 3067 1829 3121 Auctor
1861 3066 2165 3139 Imperfecti

593 3152 779 3221 Operis
812 3156 864 3209 in
899 3154 1211 3211 Matt/tamin
1234 3194 1249 3218 ,
1286 3154 1513 3210 homilia
1542 3158 1632 3221 55,
1667 3159 1854 3212 laudat
1882 3160 2065 3228 aliqua
2100 3175 2168 3213 ex

591 3244 733 3297 libro
762 3253 954 3298 octavo
976 3244 1265 3298 Canonum
1293 3248 1667 3313 apostolorum
1688 3290 1703 3313 ,
1735 3265 1858 3318 qua:
1896 3266 2044 3305 nunc
2074 3266 2165 3305 re-
2193 3218 2235 3275 ο

591 3336 881 3404 periuntur
928 3335 1026 3391 lib.
1086 3354 1228 3400 vm,
1269 3352 1385 3409 cap.
1448 3338 1484 3391 2
1541 3339 2032 3394 Constitutionum.
2100 3340 2168 3395 Et

591 3426 741 3482 hunc
786 3429 1003 3497 quidem
1038 3440 1314 3486 auctorem
1358 3431 1616 3485 Usserius
1661 3432 1794 3485 facit
1835 3448 1937 3484 non
1993 3434 2166 3486 minus

593 3520 908 3586 antiquum,
954 3535 1119 3589 quam
1169 3519 1273 3575 fuit
1315 3521 1672 3591 Epiphanius.
1730 3521 1834 3576 Sed
1866 3523 1983 3577 sine
2017 3525 2167 3577 omni

590 3611 964 3665 controversia
1014 3614 1188 3668 multo
1211 3614 1401 3682 junior
1439 3613 1563 3668 fuit.
1614 3614 1847 3683 Scripsit
1874 3614 2166 3668 Panarium

593 3699 932 3771 Epiphanius
975 3714 1100 3760 ante
1145 3708 1433 3776 imperium
1480 3706 1773 3762 Theodosii
1820 3726 1831 3759 :
1881 3709 2171 3777 imperavit

593 3793 938 3851 Theodosius
981 3800 1143 3853 annis
1186 3801 1456 3860 sedecim;
1505 3801 1598 3854 diu
1645 3811 1769 3870 post
1798 3800 2166 3857 Theodosium

592 3884 815 3955 scripsit
850 3898 1041 3943 auctor
1069 3889 1256 3958 Operis
1288 3892 1603 3961 imperfecti,
1635 3903 1694 3946 ut
1724 3894 1807 3948 vel
1830 3909 1896 3946 ex
1928 3894 2012 3948 his
2048 3910 2171 3949 ver-

591 3974 682 4031 bis
706 3986 854 4047 patet
883 3979 1072 4034 homil.
1103 3981 1171 4034 49
1197 4000 1213 4034 ε
1259 3982 1319 4036 Si
1345 3984 1462 4052 quis
1506 3994 1683 4036 autem
1716 3985 2014 4039 auditiones
2054 3987 2171 4055 qui-

594 4067 715 4120 dem
759 4069 1065 4137 prazliorum
1089 4111 1105 4135 ,
1153 4072 1319 4139 fames
1340 4114 1355 4139 ,
1377 4083 1427 4126 et
1452 4074 1733 4140 tumultus,
1761 4084 1813 4127 et
1843 4075 2169 4143 pestilentias

594 4159 858 4231 intelligat
885 4177 995 4216 esse
1024 4165 1201 4216 omnia
1223 4164 1331 4217 haec
1356 4166 1499 4217 mala
1526 4167 1855 4234 spiritualia,
1886 4184 2004 4239 quae
2027 4168 2172 4236 facta

595 4262 719 4304 sunt
754 4262 992 4321 tempore
1024 4253 1363 4308 Constantini
1396 4256 1555 4309 simul
1598 4268 1647 4309 et
1690 4256 1969 4311 Theodosii
2010 4275 2172 4328 usque

596 4356 757 4394 nunc.
802 4340 948 4395 Inter
997 4352 1241 4413 tempora
1288 4344 1455 4414 igitur
1500 4345 1789 4415 Epiphanii
1835 4356 1890 4401 et
1931 4350 2172 4404 auctOris

601 4433 789 4502 Operis
821 4436 1139 4505 imperfecti,
1171 4440 1426 4492 existimo
1451 4440 1884 4494 Constitutiones
1906 4442 2175 4510 aposwlo-

597 4542 722 4581 rum
763 4541 831 4581 ex
875 4530 1107 4586 diversis
1135 4531 1447 4587 didascaliis
1484 4532 1904 4601 diataxibusque
1945 4534 2170 4588 minori-
2200 4559 2244 4614 Ι)

597 4619 702 4673 bus
734 4621 994 4676 conflatas
1011 4624 1077 4677 ad
1105 4625 1360 4678 volumen
1389 4633 1517 4679 octo
1544 4625 1805 4679 librorum
1834 4627 2166 4692 excrevisse,

597 4713 745 4781 quod
788 4716 857 4769 ab
890 4715 983 4769 illo
1030 4717 1288 4772 haeretico
1327 4718 1484 4773 avide
1512 4726 1812 4785 arreptum,
1857 4719 1951 4787 qui
1982 4722 2169 4788 spuria

599 4805 897 4860 Clementis
920 4806 1267 4876 aliorumque
1295 4805 1497 4876 scripta
1525 4806 1726 4875 sapius
1752 4806 1992 4861 adducit.
2029 4806 2171 4861 Fue-

598 4907 730 4952 runt
758 4899 922 4963 igitur
948 4915 1014 4953 ex
1041 4901 1315 4954 sententia
1349 4909 1535 4953 nostra
1570 4898 1876 4967 antiquitus
1920 4899 1973 4951 hi
2022 4900 2167 4964 libri,

598 4990 760 5061 quasi
791 4993 861 5046 ab
889 4993 1153 5061 apostolis
1198 4993 1407 5061 scripti.
1438 5002 1533 5046 aut
1553 4993 1774 5058 dictati,
1800 4992 1998 5063 Διδαχὴ
2033 4994 2169 5057 ἀπο-

600 5084 801 5137 στόλων
820 5124 835 5149 ,
868 5084 1149 5149 Διατάξεις
1181 5085 1491 5137 ἀποστόλων
1511 5124 1524 5146 ,
1568 5084 1891 5137 Διδασκαλία
1926 5085 2040 5155 Κλή
2051 5101 2173 5153 μεν-

596 5188 710 5239 τος,
734 5174 1056 5227 Διδασκαλία
1085 5174 1367 5243 Ἰγνατίου,
1389 5173 1713 5227 Διδασκαλία
1744 5174 1808 5226 δι’
1835 5172 2169 5235 Ἱππολύτου,

599 5267 800 5338 Διδαχὴ
838 5266 1219 5337 Πολυκάρπου.
1254 5266 1332 5320 Ex
1386 5268 1471 5321 his
1507 5268 1788 5327 omnibus,
1824 5274 1878 5319 et
1900 5267 2021 5318 aliis
2054 5264 2171 5318 for-

564 5411 579 5425 ,
603 5374 751 5417 tasse
783 5362 963 5415 adhuc
987 5360 1281 5429 incognitis
1305 5362 1550 5420 conﬂata:
1587 5371 1712 5415 sunt
1740 5363 2035 5429 Διαταγαὶ,
2056 5362 2173 5415 sive

601 5451 862 5523 καθολικὴ
890 5450 1226 5505 διδασκαλία.
1258 5451 1331 5505 Ει
1354 5468 1485 5506 sane
1510 5468 1639 5507 sunt
1671 5453 1725 5506 in
1764 5452 1919 5505 libris
1953 5453 2139 5506 Consti
2160 5482 2174 5492 -

604 5545 876 5598 tutionum
921 5544 1096 5613 capita
1131 5547 1397 5613 quaedam,
1426 5560 1547 5613 quae
1584 5545 1722 5598 nihil
1762 5545 1907 5598 aliud
1951 5560 2072 5598 esse
2103 5544 2177 5596 vi-

604 5636 803 5690 dentur
850 5652 1013 5705 quam
1067 5637 1305 5692 methodi
1357 5640 1528 5706 gratia
1590 5636 1750 5691 facta:
1805 5638 2175 5691 connexiones

605 5728 875 5798 quaedam,
904 5730 1104 5799 quibus
1150 5745 1255 5784 una
1295 5729 1451 5783 alteri
1483 5730 1780 5783 didascaha
1827 5730 2176 5783 subnectere-

596 5830 712 5891 _tur.
756 5820 927 5889 Quale
970 5831 1133 5892 caput
1178 5823 1399 5878 tertium
1431 5823 1553 5877 libri
1585 5824 1759 5877 octavi
1801 5836 1944 5885 esse,
1972 5823 2072 5889 ipsi
2106 5836 2174 5875 cx

2264 1980 2609 2039 exaggerata.
2672 1970 2745 2022 Ex
2803 1969 3029 2030 eadem,
3089 1968 3142 2021 ni
3206 1968 3386 2031 fallor,
3438 1969 3607 2022 totius
3661 1968 3852 2036 operis

2265 2062 2589 2131 promminm
2620 2060 2938 2127 descripsit;
2990 2073 3097 2113 non
3132 2059 3277 2111 enim
3305 2073 3334 2111 a
3366 2067 3643 2127 postremo
3669 2057 3852 2111 colle-

2266 2160 2414 2205 ctore
2440 2151 2568 2203 illud
2611 2151 2812 2203 factum
2844 2160 3006 2217 puto;
3039 2164 3200 2217 quem
3242 2147 3544 2217 Epiphanio
3569 2148 3852 2215 juniorem

2266 2260 2386 2300 esse
2404 2245 2603 2307 sentio,
2630 2244 2724 2311 qui
2754 2240 3079 2296 sententiam
3115 2241 3261 2293 illam
3288 2256 3351 2292 ex
3378 2239 3644 2307 prooemio
3669 2239 3806 2291 citat
3829 2258 3843 2292 :

2264 2335 2400 2387 Θεοῦ
2452 2335 2646 2403 φυτεία
2690 2336 2722 2404 ἡ
2770 2332 3031 2403 καθολικὴ
3080 2332 3394 2403 Ἐκκλησία,
3446 2332 3541 2384 καὶ
3584 2329 3853 2401 ἀμπελὼν

2267 2426 2433 2481 αὐτοῦ
2464 2425 2737 2489 ἐκλεκτός,
2774 2423 3012 2477 Ecclesia
3038 2424 3297 2477 catholica
3323 2423 3481 2475 arbor
3508 2440 3540 2475 a
3566 2422 3672 2475 Deo
3701 2431 3849 2487 sata,

2266 2530 2313 2573 et
2359 2519 2509 2571 vinea
2550 2518 2662 2585 ejus
2714 2517 2896 2571 electa.
2940 2517 3237 2570 Clementis
3290 2525 3470 2569 autem
3517 2515 3689 2567 simiae
3742 2515 3851 2567 ista

2267 2610 2506 2673 ascribo,
2534 2608 2996 2679 ὲνεστερνισμένοι
3044 2608 3134 2660 τὸν
3179 2606 3339 2675 φόϐον
3374 2605 3559 2667 αὐτοῦ,
3605 2614 3664 2657 ut
3708 2605 3855 2658 allu-

2267 2704 2419 2755 deret
2451 2702 2517 2755 ad
2549 2702 2637 2754 illa
2666 2702 2718 2754 in
2750 2700 2991 2769 Epistola
3018 2701 3137 2769 ejus
3166 2700 3229 2753 ad
3263 2698 3577 2752 Corinthios
3609 2712 3715 2749 non
3753 2712 3853 2749 sa-

2268 2794 2337 2848 tis
2379 2795 2529 2859 trita,
2580 2793 2982 2863 ὲστερνισμένοι
3034 2788 3132 2863 ἦτε
3179 2795 3289 2854 τοῖς
3344 2789 3689 2859 σπλάγχνοις.
3725 2788 3851 2841 Jam

2267 2900 2399 2938 vero
2431 2894 2577 2937 tanta
2605 2895 2687 2937 est
2715 2885 3070 2953 epistolarum
3103 2882 3314 2953 lgnatii,
3345 2881 3646 2950 praesertim
3676 2881 3856 2933 inter-

2269 2979 2600 3047 polatarum,
2626 2994 2748 3032 cum
2782 2978 3288 3031 Constitutionibus
3326 2975 3649 3038 similitudo,
3683 2987 3855 3042 atque

2269 3068 2622 3137 conspiratio,
2654 3077 2714 3121 ut
2742 3083 2861 3122 eam
2910 3084 3017 3121 non
3068 3076 3275 3121 tantum
3319 3065 3626 3119 Turrianus
3651 3074 3706 3119 et
3738 3064 3853 3117 Bo-

2269 3157 2415 3223 vius,
2462 3160 2526 3211 ad
2563 3159 2899 3227 probandam
2932 3159 3403 3214 Constitutionum
3439 3155 3852 3227 antiquitatem,

2270 3250 2363 3305 sed
2410 3260 2463 3304 et
2516 3249 2774 3306 Usserius
2804 3252 2966 3305 etiam
3000 3251 3290 3311 notaverit,
3317 3260 3375 3303 ut
3404 3250 3663 3320 probaret
3690 3265 3854 3302 eum-

2268 3341 2390 3395 dem
2423 3341 2594 3396 fuisse
2623 3341 2921 3396 Clementis
2960 3353 3013 3397 et
3058 3342 3249 3410 lgnatii
3281 3342 3753 3409 interpolatorem.
3786 3339 3857 3392 Et

2270 3430 2530 3485 Turriani
2559 3432 2782 3501 quidem
2830 3442 2993 3501 atque
3028 3432 3179 3487 Bovii
3219 3434 3486 3487 sententia
3524 3432 3720 3484 merito
3750 3447 3854 3485 ex-

2270 3524 2421 3593 plosa
2452 3533 2554 3578 est.
2594 3522 2850 3578 Usserius
2878 3533 3056 3577 autem
3110 3526 3160 3578 id
3209 3525 3353 3594 quod
3391 3524 3562 3577 voluit
3588 3524 3859 3592 probasse

2270 3630 2378 3667 non
2412 3616 2643 3681 videtur,
2684 3618 2937 3685 quamvis
2974 3617 3255 3669 veritatem
3308 3632 3441 3685 pene
3486 3617 3747 3685 attigerit.
3796 3614 3854 3668 ld

2269 3708 2414 3761 enim
2457 3709 2591 3761 mihi
2620 3710 2893 3765 maximus
2938 3711 3026 3764 ille
3056 3725 3361 3764 consensus
3409 3711 3589 3776 potius
3644 3710 3855 3771 innuit,

2270 3798 2626 3851 Διδασκαλίαν
2675 3798 2865 3869 lgnatii
2917 3801 3415 3856 Constitutionibus
3459 3801 3627 3855 fuisse
3675 3804 3856 3855 inter-

2270 3904 2541 3958 spersam,
2572 3906 2800 3960 eamque
2828 3891 3185 3945 Διδασκαλίαν
3215 3892 3387 3946 fuisse
3435 3892 3500 3944 ad
3555 3893 3860 3960 interpola-

2271 3986 2357 4032 tas
2389 3978 2582 4049 lgnatii
2607 3980 2870 4048 epistolas
2907 3980 3330 4046 conformatam,
3363 3981 3446 4035 vel
3470 3982 3654 4049 potius
3680 3982 3859 4035 inter-

2272 4072 2573 4139 polatorem
2615 4071 2811 4142 lgnatii
2852 4088 2882 4127 e
2927 4073 3233 4128 Didascalia
3283 4076 3527 4143 ejusdem
3579 4090 3709 4127 suas
3741 4076 3861 4143 pri-

2273 4177 2423 4214 mum
2469 4163 2699 4217 lacinias
2727 4165 2974 4233 epistolis
3013 4166 3333 4220 intexuisse.
3366 4165 3521 4231 Quod
3571 4181 3695 4219 cum
3742 4167 3856 4219 alia

2274 4256 2537 4322 suadent,
2568 4268 2680 4311 tum
2713 4263 2874 4311 etiam
2908 4259 3039 4312 illud
3074 4259 3128 4311 in
3165 4260 3399 4328 epistola
3432 4260 3497 4313 ad
3530 4258 3856 4314 Trallianos

2273 4346 2343 4399 ab
2374 4348 2761 4416 interpolatore
2803 4350 3045 4403 additum
3081 4368 3093 4403 :
3128 4351 3369 4403 Αἰδεῖσοε
3400 4350 3455 4403 δὲ
3486 4350 3579 4403 καὶ
3607 4350 3696 4401 τὸν
3730 4350 3855 4402 ἐπει

2276 4455 2474 4491 σκοπόν
2505 4442 2533 4493 ὑ
2543 4442 2655 4510 μῶν
2683 4442 2759 4504 ὡς
2778 4443 3031 4512 Χριστὸν,
3056 4441 3175 4495 καθ’
3197 4443 3224 4493 ὃ
3246 4443 3372 4511 ὑμῖν
3394 4442 3443 4493 οἱ
3471 4441 3729 4511 μακάριοι
3748 4440 3859 4493 διε-

2272 4530 2503 4595 τάξαντο
2529 4534 2833 4586 ἀπόστολοι.
2876 4533 3208 4587 Veneramini
3252 4544 3429 4586 autem
3463 4543 3511 4587 et
3552 4534 3858 4601 episcopum

2273 4633 2501 4676 vestrum
2526 4626 2663 4678 sicut
2688 4625 2976 4689 Christum,
3008 4637 3065 4679 ut
3089 4626 3228 4679 vobis
3253 4626 3392 4680 beati
3416 4626 3642 4694 apostoli
3664 4626 3863 4677 consti-

2274 4725 2504 4769 luerunt.
2530 4716 2665 4770 Cum
2698 4718 2842 4770 enim
2892 4719 3027 4770 nihil
3078 4718 3191 4771 illic
3237 4720 3291 4771 in
3343 4718 3578 4788 genuina
3622 4716 3857 4784 epistola

2270 4803 2466 4874 lgnatii
2498 4806 2565 4860 de
2594 4809 2942 4862 veneratione
2973 4809 3232 4878 episcopo
3286 4809 3590 4877 praestanda
3641 4808 3861 4862 dicere-

2275 4907 2384 4960 tur,
2416 4899 2511 4952 sed
2538 4899 2603 4953 de
2632 4900 2758 4969 fuga
2808 4902 3189 4955 haereticorum
3230 4903 3532 4956 secundum
3582 4910 3858 4971 praecepta

2273 4993 2592 5060 apostolica,
2619 4995 2734 5048 sive
2757 4995 3099 5064 διατάγματα
3123 4994 3230 5046 τῶν
3250 4993 3581 5057 ἀποστόλων,
3612 4994 3861 5062 interpo-

2275 5081 2435 5146 lator,
2474 5085 2765 5139 occasione
2794 5085 2897 5139 bac
2924 5095 3160 5154 arrepta,
3212 5086 3277 5139 ad
3318 5085 3408 5137 illa
3437 5083 3702 5154 confugit,
3733 5101 3861 5154 quae

2275 5171 2328 5223 in
2354 5171 2854 5229 Constitutionibus
2880 5177 3190 5241 exstabant,
3224 5192 3289 5228 ex
3322 5174 3628 5229 Didascalia
3658 5174 3789 5245 Igua
3821 5183 3879 5233 ιιι

2276 5264 2395 5315 sine
2445 5264 2611 5318 dubio
2654 5266 2962 5334 desumpta.
2994 5265 3071 5320 lta
3101 5267 3154 5319 in
3188 5267 3395 5335 prolixa
3432 5267 3520 5319 illa
3557 5267 3770 5336 interpo
3796 5269 3865 5322 la-

2278 5354 2446 5422 tione,
2472 5373 2575 5425 qua
2609 5358 2789 5412 viduis
2838 5359 3026 5412 eadem
3083 5370 3351 5427 praerepta
3383 5360 3495 5424 dat,
3525 5369 3580 5413 et
3608 5375 3761 5413 exem
3787 5363 3877 5429 pla

2277 5450 2553 5517 proponit,
2585 5466 2705 5519 quae
2742 5452 2795 5504 in
2823 5451 3326 5506 Constitutionibus
3376 5452 3413 5505 Ι.
3447 5468 3527 5517 ιιι,
3558 5469 3609 5507 c.
3656 5453 3688 5507 6
3714 5463 3770 5507 et
3824 5453 3876 5517 7,

2279 5551 2575 5595 occurrunt
2600 5584 2613 5607 ,
2654 5545 2837 5595 statim
2887 5544 3167 5613 subjungit
3202 5561 3215 5598 :
3263 5543 3448 5598 Ταῦτα
3485 5546 3582 5614 οὐχ
3615 5545 3690 5607 ὡς
3722 5546 3859 5598 ἀπό-

2280 5635 2463 5698 στολος
2499 5635 2875 5706 διατάσσομαι.
2911 5636 3040 5691 Hth
3066 5654 3169 5691 non
3188 5652 3243 5692 ut
3265 5640 3533 5708 apostolus
3558 5641 3818 5693 constituo
3836 5683 3851 5704 ,

2279 5728 2423 5794 quod
2449 5742 2641 5780 omnes
2684 5728 2868 5780 norint
2910 5730 3024 5784 haec
3055 5730 3109 5785 in
3140 5729 3445 5786 Didascalia
3479 5731 3854 5800 apostolorum

2282 5819 2503 5874 nomine
2532 5818 2701 5874 fuisse
2733 5819 2997 5885 iniuncta.
