4136 6444
358 394 469 449 135

1147 393 1197 447 J.
1240 392 1612 449 PEARSONII
1648 392 1972 449 VINDICLE
2012 391 2434 448 [GNATIANE.
2468 422 2538 433 —
2566 391 2748 448 PARS
2785 392 2827 448 1.

3531 392 3631 453 158

426 516 722 571 Uoncludo
772 516 983 585 itaque,
1034 516 1092 570 in
1126 515 1501 571 Stichometria
1536 517 1695 571 nobis
1737 517 1947 585 objecta
1979 524 2023 578 Α
2055 531 2164 569 sure
2199 515 2413 579 salutis,
2458 523 2675 583 possunt
2704 515 2924 568 discere.
2953 512 3080 568 Haec
3120 512 3374 581 lrenaeus,
3404 529 3471 569 ex
3502 528 3636 570 con-

364 606 637 675 Ἰγνατεου
660 622 869 662 nomen
896 603 1045 664 inter
1065 610 1237 665 libros
1280 607 1416 663 Novi
1449 602 1781 665 Testamenti
1813 624 1948 677 apo-

356 698 605 767 cryphos
651 699 921 767 positum,
956 715 1067 753 non
1116 700 1378 755 denotare
1425 699 1619 770 lgnatii
1666 702 1946 769 epistolas,

355 806 479 858 quae
529 791 681 844 inter
716 792 1034 862 apocrypha
1084 808 1355 861 nusquam
1404 802 1652 862 repertae,
1678 808 1799 861 qua:
1829 800 1952 860 post

357 891 601 936 mortem
626 883 878 937 omnium
915 884 1291 952 apostolorum
1318 885 1555 953 scriptae,
1589 900 1710 954 qum
1736 885 1804 938 ab
1830 885 1951 954 ipso

356 974 409 1028 in
445 977 646 1029 itinere
676 984 937 1039 exarata,
968 991 1188 1030 omnem
1240 978 1603 1047 apostolicam
1655 980 1952 1033 auctorita-

359 1077 468 1121 tem
497 1082 647 1136 δεῖρε
677 1067 747 1120 de
775 1067 1048 1121 industria
1090 1068 1459 1135 amoliuntur;
1493 1070 1586 1122 sed
1614 1068 1844 1138 Διδαχὴν
1869 1071 1949 1125 ci-

357 1160 484 1212 dem
516 1157 736 1228 lgnatio
777 1160 1146 1229 suppositam,
1183 1160 1341 1229 quasi
1376 1160 1477 1229 ipsi
1510 1161 1578 1214 ab
1607 1163 1892 1230 apostolis,
1921 1178 1952 1216 a

356 1251 563 1320 quibus
587 1251 879 1304 ordinatus
901 1260 985 1305 est
1004 1251 1310 1307 Antiochiae
1333 1252 1644 1322 episcopus,
1665 1254 1950 1320 dictatam,

356 1360 481 1413 qua:
506 1345 561 1397 in
592 1344 703 1398 alio
736 1343 982 1398 lndiculo
1009 1346 1152 1400 inter
1180 1341 1318 1398 Novi
1359 1337 1696 1399 Testamenti
1727 1362 1953 1416 apocry-

356 1441 464 1507 pha
502 1439 799 1507 reperitur.
829 1436 983 1492 Unde
1012 1445 1179 1507 patet,
1214 1438 1422 1490 nullum
1450 1438 1630 1492 adhuc
1652 1447 1843 1492 testem
1870 1455 1955 1492 re-

357 1532 524 1599 periri
556 1533 828 1600 potuisse,
862 1532 951 1601 qui
981 1532 1188 1586 diceret
1232 1529 1502 1599 Epistolas
1545 1528 1737 1600 Ignatii
1785 1531 1955 1586 fuisse

357 1628 773 1696 supposititias,
798 1637 892 1680 aut
914 1627 1009 1697 qui
1030 1627 1097 1679 de
1123 1641 1311 1680 earum
1334 1626 1682 1694 antiquitate,
1702 1627 1931 1681 veritate

356 1722 807 1791 auctoritateque
837 1723 923 1776 vel
955 1722 1210 1776 dubitare
1248 1721 1539 1775 videretur.

987 1874 1220 1932 CAPUT
1256 1874 1325 1931 ν.

358 1990 751 2063 Testimonium
792 1990 850 2045 S.
890 1990 1177 2061 Polycarpi
1201 1992 1263 2045 ab
1288 1994 1683 2063 exceptionibus
1717 1996 1957 2050 vindica-

428 2073 539 2135 tur.
569 2060 683 2135 Nec
708 2062 866 2135 [idem
893 2064 939 2114 ei
964 2060 1165 2135 deesse,
1202 2079 1290 2115 nec
1324 2060 1451 2135 vim.
1481 2067 1787 2120 Auctoritas
1827 2067 1955 2135 Epi-

430 2133 588 2185 stola:
612 2133 682 2205 ad
718 2131 1082 2205 Philippenses
1115 2132 1177 2185 ab
1210 2134 1451 2205 omnibus
1476 2149 1683 2205 recepta
1711 2149 1810 2191 est.
1846 2131 1956 2191 Au-

416 2204 666 2277 ctoritati
709 2203 823 2271 ejus
862 2220 966 2277 no_u
996 2205 1213 2272 derogat
1246 2203 1634 2260 Stichometria
1663 2225 1779 2277 qua:
1813 2209 1952 2261 dici-

424 2284 516 2326 tur
555 2272 869 2343 Nicephori.
911 2273 1186 2344 Posterior
1214 2291 1337 2343 pars
1372 2277 1612 2344 epistola:
1650 2272 1753 2331 non
1780 2282 1953 2332 minus

423 2347 662 2414 genuina
716 2361 876 2413 quam
921 2347 1091 2414 prior.
1131 2342 1512 2400 Testimonium
1562 2360 1803 2403 nostrum
1844 2366 1954 2403 esse

428 2415 715 2468 mendacio
749 2416 1050 2483 inspersum
1076 2426 1260 2483 aperta
1289 2416 1561 2471 calumnia
1580 2429 1678 2473 est.
1700 2421 1955 2473 Partica-

424 2485 481 2537 la
510 2502 761 2553 suprema
784 2485 1053 2555 prioribus
1084 2502 1187 2537 non
1217 2489 1561 2542 contradicit.
1600 2488 1687 2543 Vis
1714 2492 1950 2544 testimo-

428 2557 509 2608 nii
542 2554 869 2631 defenditur.
899 2554 1097 2608 Nullas
1110 2556 1258 2631 alias
1284 2559 1536 2631 epistolas
1556 2558 1950 2631 Ignatii,quam

414 2645 508 2680 eas
542 2643 678 2700 quas
722 2627 996 2693 habemus,
1032 2644 1064 2679 a
1102 2626 1398 2698 Polycarpo
1447 2626 1678 2699 intelligi
1720 2626 1951 2700 potuisse

422 2698 750 2751 ostenditur.

422 2814 567 2869 Cum
605 2820 771 2869 testes
817 2816 885 2867 ab
928 2814 1244 2868 adversario
1274 2814 1518 2880 adducti,
1554 2830 1651 2869 nec
1682 2814 1816 2869 talus
1849 2830 1947 2884 ap-

350 2915 610 2977 pareant,
639 2906 833 2976 quales
863 2907 955 2959 ille
979 2907 1171 2973 voluit,
1194 2922 1296 2961 nec
1324 2907 1376 2961 id
1401 2909 1628 2961 omnino
1656 2915 1944 2971 testentur,

351 3001 503 3069 quod
549 3000 839 3053 sententiae
881 3010 1083 3053 nostrae
1130 3008 1214 3054 est
1255 3002 1627 3065 contrarium;
1664 3000 1946 3053 videamus

352 3108 422 3146 an
471 3092 688 3160 aliquid
722 3092 828 3145 tale
856 3092 1125 3147 adversus
1154 3101 1321 3146 testes
1351 3100 1571 3147 nostros
1611 3092 1718 3145 dici
1750 3091 1945 3161 possit,

349 3202 444 3248 an,
480 3185 718 3252 scilicet,
753 3185 790 3238 ii
815 3200 926 3239 non
959 3186 1091 3251 sint,
1119 3202 1259 3255 quos
1293 3201 1416 3241 esse
1442 3201 1540 3240 nos
1571 3186 1825 3253 dicimus,
1851 3197 1947 3241 aut

336 3294 543 3333 'revera
586 3278 639 3332 id
674 3293 782 3331 non
819 3286 1113 3344 testentur,
1144 3276 1290 3347 quod
1323 3292 1425 3332 nos
1453 3277 1728 3331 volumus.

421 3369 673 3423 Primum
704 3385 803 3438 pro
841 3370 1140 3439 lgnatianis
1173 3369 1228 3423 S.
1253 3369 1543 3440 Polycarpi
1571 3371 1942 3424 testimonium

336 3472 457 3526 est,
502 3461 654 3531 quod
682 3461 861 3514 uestri
884 3461 1309 3515 disertissimum
1339 3469 1532 3530 putant
1564 3484 1575 3516 :
1604 3460 1698 3516 sed
1729 3462 1816 3514 vir
1842 3462 1945 3515 do-

351 3554 641 3607 ctissimus
665 3552 829 3622 longe
855 3552 1012 3605 aliter
1037 3553 1231 3619 sentit;
1265 3562 1318 3607 et
1347 3554 1473 3607 huic
1498 3553 1810 3607 testimonio
1834 3556 1943 3607 duo

350 3648 549 3702 deesse
580 3647 719 3711 vult,
756 3655 872 3700 tum
911 3645 1100 3712 fidem,
1132 3657 1245 3700 tum
1280 3648 1412 3700 vim.
1440 3646 1626 3701 Fidem
1650 3648 1698 3700 ei
1723 3648 1947 3717 derogat

346 3743 556 3811 primo,
598 3740 745 3810 quod
774 3740 1023 3809 epistola:
1057 3739 1339 3811 Polycarpi
1363 3758 1465 3793 non
1498 3742 1566 3793 sit
1596 3740 1736 3809 apud
1768 3757 1943 3795 omnes

346 3848 564 3904 recepta
594 3834 915 3887 auctoritas.

418 3927 691 3994 Quamvis
738 3930 854 3983 haec
898 3927 1206 3997 responsio,
1243 3926 1461 3981 etiamsi
1494 3943 1619 3981 vera
1642 3935 1807 3991 esset,
1840 3925 1943 3978 mi-

345 4022 501 4075 nime
525 4019 874 4075 satisfaceret
900 4022 1047 4088 (cum
1077 4030 1287 4074 certum
1317 4020 1407 4085 sit,
1441 4021 1600 4074 tidem
1627 4019 1944 4088 plenissime

344 4114 617 4167 adhibere
642 4113 839 4167 debere
874 4113 1152 4182 aliquibus
1184 4112 1360 4178 libris,
1380 4128 1615 4181 quorum
1647 4113 1943 4183 aliquando

341 4206 495 4275 apud
524 4223 706 4260 omnes
736 4223 841 4259 non
869 4206 1032 4275 fuerit
1057 4216 1263 4275 recepta
1292 4205 1612 4268 auctoritas,
1645 4214 1706 4260 ut
1736 4222 1801 4260 ex
1838 4205 1941 4258 ali-

343 4310 485 4371 quot
512 4301 763 4368 epistolis
794 4299 931 4354 Novi
962 4299 1299 4355 Testamenti
1324 4299 1533 4370 patet),
1585 4314 1705 4353 eam
1759 4307 1942 4353 tamen

343 4409 544 4448 assero
572 4393 738 4447 etiam
771 4409 893 4447 esse
924 4392 1141 4459 falsam,
1166 4403 1220 4447 et
1256 4393 1324 4446 ab
1354 4393 1505 4445 omni
1534 4392 1716 4461 specie
1742 4394 1943 4445 verita-

343 4488 416 4541 tis
444 4485 1049 4541 alicnam.Auctoritas
1072 4486 1218 4540 enim
1249 4485 1416 4554 hujus
1447 4483 1703 4555 Epistolae
1744 4483 1800 4540 S.
1834 4483 1941 4538 Po-

2053 604 2220 658 stanti
2265 613 2507 659 ccetuum
2558 604 2626 658 ab
2676 604 2940 683 apostolis
2968 603 3313 660 conditorum
3344 606 3636 661 traditione

2052 697 2372 765 disputans;
2407 705 2542 749 recte
2564 696 2776 765 quidem
2804 696 2917 762 ille,
2942 704 2992 749 et
3032 698 3287 765 apposite,
3318 708 3377 751 ut
3401 697 3635 755 Dallteus

2053 787 2168 855 ipse
2209 796 2462 851 testatur,
2495 788 2561 840 de
2599 786 2999 856 Areopagiticis
3047 788 3224 855 capite
3272 787 3533 843 secundo.
3566 789 3630 843 At

2053 896 2230 949 neque
2260 889 2415 943 recte,
2453 895 2630 948 neque
2676 881 2914 948 apposite
2957 881 3256 950 disputavit
3298 882 3554 949 lrenaaus,
3588 885 3631 939 si

2051 973 2167 1026 lucc
2211 974 2438 1042 epistola
2485 990 2514 1026 a
2556 972 2857 1043 Polycarpo
2894 974 3093 1042 scripta
3140 991 3248 1028 non
3306 978 3394 1041 sit,
3428 986 3523 1031 aut
3567 979 3634 1031 ah

2049 1066 2311 1120 Omnibus
2346 1078 2475 1121 tunc
2508 1067 2772 1135 temporis
2804 1083 2910 1120 non
2954 1069 3306 1137 reciperetur.
3338 1069 3413 1124 De
3441 1071 3633 1125 eadem

2055 1160 2285 1228 epistola
2314 1159 2600 1225 Eusebius,
2628 1160 2722 1228 qui
2760 1160 2902 1212 intra
2936 1172 3152 1214 centum
3182 1170 3307 1231 post
3344 1162 3632 1233 Polycarpi

2052 1261 2288 1303 mortem
2338 1266 2513 1305 annos
2557 1264 2717 1305 natus
2746 1260 2848 1314 est,
2886 1250 3028 1305 Hist.
3056 1252 3183 1306 eccl.
3213 1254 3250 1306 Ι.
3284 1270 3357 1320 tv,
3389 1270 3511 1323 cap.
3546 1255 3635 1319 Li,

2056 1353 2178 1411 post
2208 1346 2533 1411 productum
2571 1347 2674 1399 hoc
2702 1344 2887 1397 Irenaei
2918 1347 3289 1399 testimonium
3325 1365 3339 1401 :
3377 1348 3432 1399 ὐ
3457 1348 3637 1417 μέντοι

2049 1432 2409 1507 ’Πολύκαρπος
2437 1438 2493 1488 ἐν
2510 1439 2573 1506 τῇ
2606 1437 2906 1508 δηλωθείσῃ
2945 1438 3081 1508 πρὸς
3115 1438 3507 1509 Φιλιππησίους
3539 1440 3637 1491 αὐ-

2054 1524 2148 1577 τοῦ
2178 1530 2362 1598 γραφῇ
2389 1527 2663 1600 φερομένῃ
2691 1531 2770 1592 εἰς
2798 1529 2976 1599 δεῦρο,
2999 1530 3261 1601 κέχρηται
3288 1549 3396 1583 τισι
3431 1549 3636 1602 μαρτυι-

2058 1616 2201 1685 ρὶαις
2232 1613 2462 1686 ἀπὸτῆς
2494 1617 2701 1687 Πέτρου
2732 1620 3003 1689 προτέρας
3036 1621 3340 1693 ἐπιστολῆς.
3372 1622 3632 1691 Polycar-

2057 1723 2175 1775 pus,
2213 1706 2434 1771 scilicet,
2475 1724 2527 1759 tit
2576 1709 2847 1761 antedicta
2885 1710 2954 1761 ad
2985 1708 3347 1778 Philippenses
3385 1713 3630 1780 epistola,

2050 1813 2173 1868 qua:
2215 1816 2374 1867 usque
2402 1800 2577 1852 adhuc
2599 1801 2992 1869 circumfertur,
3027 1804 3194 1855 utitur
3216 1804 3532 1873 quibusdam
3556 1815 3633 1858 te-

1983 1893 2025 1947 B
2054 1893 2317 1945 stimoniis
2353 1908 2417 1945 ex
2452 1894 2620 1961 priori
2650 1892 2799 1946 Petri
2826 1894 3049 1963 epistola
3078 1897 3392 1965 desumptis.
3428 1898 3491 1951 Et
3518 1898 3638 1966 plus

2062 1983 2199 2037 rima
2228 1984 2446 2053 quidem
2479 1986 2790 2040 testimonia
2820 2003 2887 2042 ex
2928 1989 3093 2056 priori
3120 1989 3353 2057 epistola
3382 1991 3634 2059 deprom-

2054 2083 2171 2142 pta,
2200 2091 2262 2127 ex
2296 2076 2585 2144 posteriori
2616 2076 2785 2141 nulla,
2816 2077 2995 2132 adhuc
3031 2078 3086 2131 in
3134 2080 3235 2133 hac
3282 2080 3511 2148 epistola
3543 2095 3631 2135 re-

2054 2167 2360 2235 periuntur,
2385 2183 2505 2234 qute
2528 2183 2653 2220 cum
2681 2168 2747 2222 iis
2778 2169 3089 2237 conjuncta,
3115 2187 3236 2239 qua:
3265 2174 3332 2225 ad
3366 2174 3632 2241 [gnatium

2055 2258 2384 2327 pertinentia
2419 2258 2646 2312 totidem
2674 2261 2856 2315 verbis
2892 2263 3187 2331 exscripsit
3209 2262 3496 2329 Eusebius,
3533 2266 3634 2318 du-

2054 2354 2232 2407 bitare
2263 2368 2365 2407 nos
2396 2367 2504 2406 non
2538 2352 2744 2415 sinunt,
2771 2354 2903 2422 quin
2926 2355 3173 2407 eamdem
3205 2353 3491 2426 Polycarpi
3520 2358 3634 2425 epi-

2055 2447 2251 2499 stolam
2288 2445 2611 2511 habeamus,
2657 2461 2822 2515 quam
2858 2446 3045 2499 habuit
3082 2447 3370 2501 Eusebius.
3403 2447 3629 2502 Multum

2054 2534 2278 2601 lrenmo,
2303 2536 2536 2590 multum
2570 2537 2807 2592 Eusebio
2836 2538 3151 2593 tribuebant
3182 2549 3423 2605 veteres;
3456 2556 3633 2608 neque

2051 2628 2119 2681 de
2148 2637 2416 2696 scriptore
2443 2629 2701 2698 qu0piam
2742 2643 2933 2683 eorum
2981 2630 3312 2684 testimoniis
3354 2646 3634 2685 commetr-

2050 2721 2179 2773 dato
2210 2736 2449 2790 unquam
2481 2721 2825 2775 dubitabant.
2866 2720 2932 2773 Et
2959 2722 3004 2775 si
3036 2723 3086 2774 id
3111 2738 3303 2789 eorum
3332 2726 3635 2777 auctorita—

2049 2819 2157 2865 1em
2194 2811 2440 2867 effecisse
2469 2813 2731 2879 nolimus,
2766 2823 2826 2867 ut
2867 2814 2936 2868 ab
2987 2794 3247 2869 omnibus
3295 2816 3633 2884 reciperaui-

2050 2907 2166 2960 lucc
2195 2907 2462 2975 epistola;
2494 2907 2635 2960 idem
2661 2909 2958 2963 extorsisse
2994 2907 3268 2976 publicam
3296 2907 3352 2960 in
3384 2908 3631 2961 ecolesiis

2047 3001 2307 3054 Asiaticis
2350 3002 2641 3055 lectionem
2693 3001 2908 3055 difﬁteri
2939 3017 3045 3055 non
3078 3016 3394 3070 possumus.
3434 2999 3630 3055 Hiero-

2048 3108 2245 3162 nymus
2282 3093 2427 3147 enim
2474 3094 2529 3145 in
2559 3092 2818 3163 Catalogo
2844 3095 2957 3147 haec
2986 3096 3054 3148 de
3094 3092 3396 3164 Polycarpo
3425 3094 3586 3147 habet
3614 3110 3628 3146 :

2049 3182 2274 3253 Scripsit
2300 3185 2367 3236 ad
2397 3183 2762 3253 Philippenses
2788 3185 2940 3238 valde
2964 3184 3150 3238 utilem
3177 3186 3478 3254 epistolam,
3511 3202 3629 3255 qua:

2050 3293 2213 3346 usque
2243 3277 2396 3330 hodie
2425 3278 2477 3329 in
2510 3278 2649 3331 Asia:
2671 3287 2924 3331 conventu
2953 3277 3167 3347 legitur.
3196 3278 3281 3331 An
3315 3279 3429 3332 fieri
3452 3280 3629 3347 putuit

2050 3380 2108 3425 ut
2134 3372 2361 3440 epistola
2390 3371 2699 3441 Polycarpi,
2733 3373 2827 3440 qui
2854 3370 3081 3425 Joannis
3117 3372 3346 3437 apostoli
3393 3372 3630 3443 discipu-

2048 3464 2151 3529 lus,
2182 3474 2232 3515 et
2269 3463 2333 3514 ab
2369 3479 2428 3515 eo
2459 3465 2737 3532 episcopus
2785 3463 3087 3527 ordinatus,
3120 3464 3282 3515 totius
3314 3463 3458 3517 Asia:
3482 3465 3630 3532 prii:-

2047 3573 2165 3625 ceps
2197 3556 2320 3624 fuit,
2348 3556 2401 3608 in
2433 3564 2582 3609 tanta
2609 3556 2732 3609 luce
2762 3555 2966 3623 posita,
2992 3556 3046 3608 in
3078 3563 3352 3609 conventu
3383 3556 3628 3623 ejusdem

2046 3650 2190 3703 Asiae
2247 3649 2406 3713 lecta,
2455 3649 2524 3702 ab
2575 3648 2833 3701 omnibus
2882 3664 2991 3701 non
3040 3648 3425 3717 reciperetur?
3470 3650 3629 3704 Certe

2046 3738 2412 3809 Hieronymus
2442 3748 2495 3792 et
2525 3737 2907 3791 Theodoretus
2934 3737 3298 3809 Polycarpum
3332 3751 3629 3795 numerant

2048 3832 2187 3884 inter
2208 3830 2607 3884 vetustissimos
2629 3829 3081 3899 clarissimosque
3109 3829 3370 3885 Ecclesiae
3393 3832 3628 3901 scripto-

2046 3938 2153 3976 res.
2198 3921 2345 3975 inter
2393 3930 2575 3975 autem
2619 3921 2741 3989 ejus
2769 3936 2937 3989 opera
2967 3923 3083 3997 haec
3101 3923 3334 3991 epistola
3363 3932 3624 3994 tanquam

2045 4014 2321 4084 praecipua
2352 4029 2568 4082 semper
2602 4022 2889 4068 numerata
2917 4025 3021 4068 est.

2112 4108 2390 4161 Adversus
2438 4108 2579 4160 hanc
2604 4107 2853 4176 epistola:
2882 4106 3294 4179 Polycarpianae
3327 4112 3625 4166 auctorita-

2045 4210 2174 4267 tem,
2202 4202 2269 4255 ab
2298 4200 2554 4255 omnibus
2588 4210 2881 4269 receptam,
2932 4217 2963 4255 a
2999 4204 3216 4256 nemine
3255 4214 3419 4271 certe,
3450 4221 3625 4275 quan-

2045 4306 2157 4351 tum
2194 4297 2473 4362 novimus,
2526 4296 2581 4347 in
2615 4294 2845 4348 dubium
2894 4297 3170 4359 vocatam,
3207 4306 3361 4366 urget
3394 4298 3477 4350 vir
3523 4298 3622 4352 do-

2043 4392 2323 4446 ctissimus
2352 4391 2671 4459 scriptores,
2698 4388 3016 4457 etquidem,
3044 4399 3101 4442 ut
3123 4390 3221 4453 ait,
3242 4390 3621 4460 gravissimos,

2041 4483 2134 4552 qui
2180 4497 2301 4537 eam
2350 4481 2716 4552 apocrypham
2768 4494 2891 4533 esse
2938 4480 3279 4548 judicabant.
3318 4480 3624 4551 Scriptores

343 4579 559 4650 lycarpi
592 4579 662 4631 ad
702 4576 1083 4647 Philippenses
1128 4579 1196 4631 ab
1238 4578 1497 4632 omnibus
1547 4576 1651 4631 fuit
1696 4588 1936 4647 recepta,
1972 4600 2016 4654 Ι)
2045 4576 2121 4627 illi
2166 4574 2425 4629 dicuntur
2472 4570 2816 4639 Nicephorus
2847 4571 3161 4639 patriarcha
3214 4581 3269 4626 et
3295 4573 3623 4629 Anastasius

342 4676 443 4739 ita,
474 4674 712 4738 scilicet,
760 4682 820 4726 ut
866 4671 968 4725 viri
1000 4670 1285 4740 apostolici
1317 4672 1582 4741 scriptum
1607 4672 1942 4727 ecclesiasti-

342 4780 475 4819 cum
521 4772 581 4818 et
628 4763 998 4817 orthodoxum
1020 4762 1391 4831 judicaretur;
1425 4778 1604 4831 neque
1637 4779 1880 4833 unquam
1909 4780 1938 4819 a

341 4856 611 4927 quopiam
648 4869 718 4908 an
750 4854 857 4909 tale
885 4868 1079 4907 revera
1126 4853 1309 4918 fuerit,
1333 4853 1642 4908 dubitatum
1672 4854 1765 4909 sit.
1802 4853 1937 4908 Nam

339 4952 529 5021 primo
570 4947 837 5010 lrenaeus,
867 4947 961 5016 qui
990 4946 1167 5016 ipsum
1213 4945 1578 5018 Polycarpum
1603 4945 1756 5014 vidit,
1786 4947 1941 5001 lucu-

339 5040 724 5097 lentissimum
749 5038 878 5091 huic
898 5038 1142 5107 epistolae
1167 5037 1541 5092 testimonium
1564 5040 1786 5108 praebet,
1814 5038 1852 5093 l.
1878 5055 1938 5092 ill

337 5136 615 5189 Adversus
657 5132 878 5185 hereses
919 5143 938 5182 :
978 5130 1132 5183 Ἔστι
1177 5130 1235 5183 δὲ
1281 5130 1537 5202 ἐπιστολὴ
1582 5131 1936 5202 Πολυκάρπου

337 5226 484 5298 πρὸς
510 5221 907 5292 «summatm
936 5220 1295 5292 γεγραμμένη
1329 5220 1654 5294 ἱκανωτάτην
1675 5224 1732 5289 ἐξ
1754 5219 1820 5295 ἧς
1845 5222 1938 5276 καὶ

332 5321 431 5371 τὸν
468 5314 798 5387 χαρακτῆρα
832 5314 931 5383 τῆς
972 5312 1206 5376 πίστεως
1236 5311 1423 5377 αὑτοῦ,
1464 5314 1558 5365 καὶ
1585 5314 1645 5367 τὸ
1678 5317 1936 5387 κήρυγμα

332 5410 438 5480 τῆς
470 5406 727 5478 ἀληθείας
745 5406 795 5457 οἱ
819 5403 1130 5474 βουλόμενοι
1159 5405 1254 5456 καὶ
1282 5403 1657 5476 φροντίζοντες
1682 5407 1782 5478 τῆς
1810 5408 1936 5462 ἐαυ-

334 5504 450 5555 τῶν
497 5497 772 5570 σωτηρίας
819 5496 1074 5550 δύνανται
1124 5495 1334 5566 μαθεῖν.
1367 5497 1443 5552 Ita
1475 5497 1742 5554 Eusebius
1787 5498 1929 5557 Hist.

334 5592 470 5647 eccl.
506 5591 542 5644 l.
581 5606 650 5655 Iv,
683 5606 732 5644 c.
774 5589 865 5655 14,
908 5597 1067 5643 vetus
1115 5588 1301 5644 Irenzei
1354 5591 1666 5660 interpres:
1697 5592 1793 5647 Est
1834 5612 1932 5647 au-

338 5694 445 5738 tem
495 5693 547 5735 et
596 5681 822 5752 epistola
851 5681 1140 5751 Polycarpi
1198 5686 1267 5735 ad
1326 5682 1689 5753 Philippenses
1732 5688 1931 5756 scripta

333 5776 750 5848 perfectissima,
776 5790 841 5828 ea:
877 5790 984 5843 qua
1031 5784 1082 5827 et
1125 5774 1482 5829 characterem
1523 5776 1648 5845 ﬁdei
1695 5778 1831 5848 ejus,
1881 5788 1927 5831 et

334 5867 777 5936 pradicationem
806 5866 1069 5936 veritatis,
1110 5868 1199 5939 qui
1229 5867 1431 5937 volunt,
1455 5876 1503 5922 et
1531 5885 1709 5923 curam
1739 5868 1928 5925 habent

2045 4665 2523 4725 Bibliothecarius.
2555 4677 2792 4732 quorum
2838 4674 3029 4717 neuter
3056 4675 3181 4719 ante
3212 4682 3415 4719 nonum
3450 4682 3623 4722 szecu-

2044 4761 2157 4813 lum
2192 4759 2429 4828 scripsit.
2467 4756 2572 4812 Sed
2602 4759 2801 4828 primo,
2840 4776 2939 4815 nos
2982 4769 3107 4813 ante
3148 4759 3491 4815 ostendimus
3526 4759 3622 4815 Ni-

2043 4856 2341 4924 cephorum
2386 4854 2542 4907 illum
2592 4853 2794 4909 frustra
2843 4864 2893 4910 et
2946 4854 3065 4908 sine
3106 4853 3217 4907 ullo
3263 4853 3619 4910 fundamento

2043 4955 2302 5014 tanquam
2356 4953 2634 4999 auctorem
2691 4942 3081 4998 Stichometriaz
3114 4944 3359 5012 allegari,
3392 4952 3446 4998 et
3472 4944 3621 4997 Ana-

2044 5037 2273 5091 stasium
2320 5037 2700 5090 tantummodo
2751 5036 2900 5089 illius
2932 5035 3325 5090 Stichometrite
3354 5036 3620 5105 interpre-

2042 5138 2151 5183 tem
2183 5144 2321 5183 esse.
2360 5126 2632 5192 Secundo,
2664 5128 2711 5182 si
2757 5129 3148 5183 concederetur
3189 5128 3475 5196 epistolam
3506 5128 3616 5182 Po-

2039 5222 2245 5293 lycarpi
2279 5223 2344 5277 ad
2374 5222 2749 5293 Philippenses
2779 5224 2834 5276 in
2866 5237 2929 5276 ea
2962 5220 3339 5275 Stichometria
3389 5221 3616 5294 intelligi

2040 5315 2257 5381 debere,
2292 5330 2362 5370 ne
2393 5315 2525 5369 illud
2573 5316 2790 5384 quidem
2828 5314 3210 5368 auctoritatem
3244 5312 3364 5382 ejus
3391 5316 3618 5369 omnino

2040 5409 2300 5462 minuerit
2325 5424 2339 5475 ;
2372 5408 2756 5462 tantummodo
2786 5408 2932 5461 enim
2972 5410 3113 5461 inter
3141 5410 3449 5477 apocrypha
3478 5408 3616 5465 Novi

2038 5498 2374 5553 Tcstamenti
2401 5512 2741 5563 numeratur,
2767 5498 2871 5551 hoc
2901 5506 3004 5559 est,
3032 5511 3061 5549 α
3090 5512 3301 5550 canone
3332 5496 3432 5550 SS.
3469 5496 3618 5552 Scri-

2034 5598 2322 5660 pturarum
2354 5599 2700 5655 removetur;
2732 5604 2857 5644 cum
2901 5597 3085 5643 autem
3119 5590 3169 5643 in
3193 5588 3455 5646 Ecclesiis
3482 5591 3617 5661 lege‘

2034 5695 2205 5750 retur,
2240 5700 2269 5738 a
2300 5684 2582 5739 canonicis
2610 5682 2765 5738 libris
2800 5683 3059 5737 distincta
3089 5693 3144 5737 et
3176 5684 3319 5739 inter
3362 5666 3615 5740 ecclesia?

2036 5778 2204 5833 sticos
2233 5786 2446 5831 tantum
2476 5784 2766 5831 numerata
2793 5775 3122 5841 est.Tertio,
3153 5777 3437 5845 epistulam
3471 5778 3613 5832 hanc

2035 5870 2090 5925 in
2122 5867 2500 5925 Stichomctria
2527 5884 2706 5943 neque
2741 5868 3037 5940 nominari,
3074 5880 3168 5925 aut
3198 5870 3422 5942 intelligi
3451 5869 3611 5925 debe-
