4136 6390
604 393 706 449 155

1690 392 1745 447 S.
1785 392 2126 450 IGNATIUS.
2170 425 2236 434 -ο
2270 392 2801 452 PROLEGOMENA.

3757 403 3868 461 1'56

600 530 677 577 re,
710 522 805 568 aut
837 513 947 567 ullo
977 514 1140 568 modo
1174 515 1326 570 innui
1351 518 1628 582 concedo;
1669 518 1763 572 sed
1796 527 1854 570 ut
1892 518 2178 585 Ἰγνατεου,
2213 534 2252 587 Α
2285 518 2519 587 phorum
2573 518 2661 573 hic
2703 519 2930 572 omnino
2982 533 3089 572 non
3136 521 3512 590 agnoscimus.
3564 510 3873 593 Episiolam

599 607 672 660 ita
703 617 757 661 et
785 607 1140 677 Πολυκὰρπου
1174 609 1381 662 nomini
1417 610 1812 678 subjiciendam
1839 611 2060 681 διδαχὴν
2088 627 2181 664 ar-

598 701 810 764 bitror;
854 716 978 754 nam
1010 702 1260 770 quamvis
1292 701 1345 754 in
1377 702 1485 756 aiio
1512 701 1754 757 lndiculo
1781 702 2065 773 Polycarpi
2093 703 2179 757 di-

597 794 832 847 dascalia
883 810 990 847 non
1040 803 1373 863 compareat,
1420 804 1479 849 ut
1532 795 1621 849 illa
1677 796 1895 867 Ignatii,
1948 796 2181 866 ideoque

595 886 767 954 gratis
814 886 936 941 ﬁcta
989 902 1111 941 esse
1151 887 1436 955 videatur;
1476 897 1658 944 tamen
1693 906 1817 945 cum
1849 889 2181 944 Διδασκαλία

595 976 681 1029 διὰ
722 976 1035 1031 Ἱππολύτου
1068 979 1121 1033 in
1157 980 1309 1034 nullo
1338 978 1584 1035 Indiculo
1615 983 1817 1049 pariter
1845 982 2178 1046 inveniatur,

595 1084 715 1138 qua:
742 1078 922 1123 tamen
968 1070 1021 1123 in
1059 1086 1195 1125 mss.
1241 1072 1534 1140 reperitur,
1572 1084 1627 1128 et
1668 1073 1721 1127 in
1752 1072 2178 1129 Constitutioni-

596 1164 696 1218 bus
723 1178 862 1232 quas
901 1164 1169 1218 habemus
1193 1165 1527 1231 continetur,
1553 1166 1643 1220 vix
1667 1166 2029 1223 dubitandum
2056 1185 2178 1225 esse

593 1253 792 1317 sentio,
829 1254 961 1323 quin
993 1262 1117 1323 post
1147 1254 1545 1322 apostolorum,
1580 1255 1880 1312 Clementis
1933 1269 1989 1312 et
2021 1260 2178 1329 Igna-

592 1346 649 1398 tii
675 1345 1041 1409 διδασκαλίας,
1072 1346 1234 1399 etiam
1258 1345 1363 1399 alia
1382 1345 1668 1417 Polycarpi
1704 1349 1931 1419 intelligi
1957 1350 2172 1405 debeat.

592 1434 718 1489 Inde
754 1435 841 1488 illa
870 1436 922 1489 in
958 1437 1123 1490 veteri
1156 1437 1477 1502 didascalia,
1511 1454 1634 1508 quae
1676 1456 1823 1495 nunc
1866 1441 1918 1494 in
1949 1440 2176 1496 Consti-

592 1526 862 1580 tutionum
893 1527 991 1580 lib.
1031 1544 1111 1593 ιιι,
1138 1542 1258 1597 cap.
1292 1533 1346 1594 6,
1375 1529 1607 1597 legimus
1639 1550 1651 1584 :
1682 1532 1999 1603 Γνωριζέτω
2026 1529 2173 1605 οὗνὴ

588 1618 750 1688 χήρα,
783 1618 864 1671 ὅτι
892 1619 1272 1691 θυσιαστήριόν
1302 1624 1418 1675 ἐστι
1442 1622 1598 1689 Θεοῦ,
1629 1622 1778 1678 Sciat
1803 1626 1969 1695 igitur
1991 1626 2172 1691 vidua,

589 1710 726 1777 quod
768 1710 939 1765 altare
982 1713 1079 1767 Dei
1116 1715 1208 1777 sit,
1239 1714 1307 1769 ad
1347 1715 1449 1769 ista
1478 1715 1767 1787 Polycarpi
1800 1718 1973 1773 ellicta
2012 1738 2024 1772 :
2062 1719 2175 1783 Τὰς

588 1803 759 1873 χήρας
789 1806 1169 1876 σωφρονούσας
1199 1808 1326 1879 περὶ
1368 1809 1466 1879 τὴν
1503 1808 1598 1862 τοῦ
1639 1810 1844 1883 Κυρίου
1876 1812 2169 1867 πίπιν.....

2286 606 2571 680 Polyearpi
2599 610 2652 664 in
2684 611 3061 665 Stichometria
3091 627 3199 665 non
3236 613 3507 670 videmus.
3537 613 3594 669 Si
3622 631 3684 671 ea
3729 619 3864 673 sub-

2285 699 2640 769 intelligatur,
2675 701 2819 755 inter
2847 704 3103 771 pessima:
3144 710 3288 757 nota:
3327 708 3639 777 apocrypha
3683 716 3873 763 tamen

2282 792 2532 846 eamdem
2572 808 2863 847 numerare
2909 803 3221 863 portentum
3256 807 3534 865 putamus.
3583 798 3640 853 In
3689 801 3873 856 inter-

2280 892 2434 951 prete
2472 882 2858 939 Stichometrite
2895 886 3162 956 judicium
3202 889 3582 958 requirimus:
3624 908 3744 947 eam
3792 894 3872 949 ita

2281 989 2577 1043 exponere,
2617 986 2677 1029 ut
2721 987 2911 1032 contra
2958 991 3196 1033 mentem
3242 981 3491 1036 omnium
3532 986 3870 1039 saeculorum

2282 1066 2564 1135 loquatur,
2599 1070 3009 1139 iniquissimum
3050 1090 3173 1130 esse
3203 1076 3479 1144 dicimus;
3514 1084 3569 1132 et
3613 1078 3870 1135 clarissi-

2282 1174 2429 1213 mam
2464 1162 2942 1233 certissimamque
2975 1168 3326 1234 sententiam,
3360 1184 3469 1223 non
3502 1168 3866 1237 Hammondi,
3916 1176 3923 1189 ‘

2281 1250 2374 1304 sed
2410 1248 2668 1306 Ecclesiae
2710 1251 2951 1320 Asianis,
2982 1258 3341 1329 omniumque
3384 1275 3527 1330 quos
3560 1261 3767 1331 aliquid
3798 1263 3869 1316 de

2279 1342 2506 1410 epistola
2537 1343 2743 1399 dixisse
2800 1347 3057 1402 novimus
3096 1349 3562 1416 Christianorum,
3606 1354 3869 1409 incertis-

2279 1434 2433 1489 simae
2458 1434 2564 1488 ﬁcti
2589 1433 2883 1506 Nicephori
2912 1440 3243 1509 expositioni
3277 1444 3684 1512 anteponimus.

2350 1524 2532 1581 Prima
2568 1527 2684 1582 haec
2710 1530 2954 1585 velitatio
2990 1550 3002 1585 :
3051 1533 3147 1587 sed
3175 1536 3442 1602 secundo,
3486 1537 3571 1591 vir
3596 1538 3865 1596 doctissi-

2281 1633 2405 1673 mus
2442 1634 2567 1673 cum
2608 1627 2774 1675 totam
2816 1622 3103 1692 epistolam
3145 1627 3372 1695 rejicere
3415 1643 3476 1683 se
3535 1646 3696 1700 posse
3748 1648 3863 1687 non

2279 1720 2545 1779 speraret,
2589 1712 2643 1765 in
2686 1712 2826 1768 duas
2860 1724 3043 1784 partes
3086 1732 3208 1771 eam
3254 1719 3461 1785 divisit,
3510 1738 3654 1777 novo
3698 1724 3865 1793 plane

2280 1818 2417 1857 ausu
2491 1813 2546 1859 et
2610 1806 2877 1863 hactenus
2927 1809 3225 1877 inaudito;
3279 1815 3561 1883 superiora
3611 1818 3864 1887 epistola:

591 1896 956 1962 γινωσκούσας
985 1899 1066 1950 ὅτι
1085 1900 1190 1952 εἰσὶ
1209 1900 1590 1973 θυσιαστήριον
1613 1903 1771 1958 Θεοῦ.
1808 1903 1977 1959 Vetus
2004 1905 2157 1959 inter-

2279 1897 2504 1962 omittit,
2528 1907 2582 1953 et
2619 1900 2666 1954 si
2697 1900 2824 1970 quis
2862 1917 2924 1957 ea
2959 1904 3016 1959 S.
3053 1902 3355 1975 Polyearpo
3393 1882 3671 1965 ascribere
3703 1912 3861 1979 velit,

586 2002 710 2056 pres
746 2007 758 2043 :
801 1989 987 2046 Vidua:
1035 2007 1153 2044 vero
1194 1994 1402 2061 pudica:
1450 1996 1593 2048 circa
1635 1996 1793 2065 ﬁdem
1843 1996 2009 2052 Dei...
2039 1998 2170 2067 quia

584 2093 705 2137 sunt
747 2087 1046 2139 sacrarium
1078 2086 1192 2141 Dei.
1231 2088 1464 2159 Hmcque
1495 2093 1695 2163 saepius
1730 2102 1923 2149 auctor
1946 2094 2169 2149 Consti-

583 2177 856 2231 tutionum
890 2178 1152 2235 inculcat.
1186 2181 1416 2248 Quarto,
1458 2200 1636 2254 neque
1662 2184 2027 2256 Nicephorus.
2073 2204 2170 2243 ne-

580 2282 686 2337 que
732 2268 1079 2337 Anastasius,
1111 2288 1287 2342 neque
1325 2272 1719 2331 Stichometria:
1750 2287 1961 2345 auctor,
1991 2294 2170 2350 neque

579 2361 870 2429 quisquam
909 2363 1042 2417 noni
1078 2365 1263 2419 saeculi
1296 2368 1531 2436 scriptor
1568 2378 1799 2440 receptae
1844 2371 2011 2442 hujus
2053 2374 2168 2443 epi-

578 2451 731 2505 stola:
760 2455 1075 2509 auctoritati
1109 2456 1323 2512 olIicere
1352 2462 1627 2527 putandus
1648 2472 1753 2527 est,
1784 2479 1907 2532 quae
1938 2473 1992 2520 et
2018 2467 2167 2535 prio-

579 2546 755 2609 ribus,
784 2555 838 2601 et
860 2549 1050 2602 codem
1082 2566 1198 2603 aevo
1226 2560 1280 2605 et
1309 2554 1667 2621 sequentibus
1699 2556 1890 2624 viguit,
1929 2566 1983 2611 et
2013 2574 2041 2611 a
2072 2574 2167 2613 ne-

579 2637 727 2690 mine
753 2638 951 2706 rejecta
976 2639 1424 2708 deprehenditur.
1442 2645 1579 2699 Ante
1605 2644 1971 2715 Nicephorum
1996 2649 2167 2705 Maxi-

578 2744 702 2782 mus
731 2729 943 2785 abbas:
981 2732 1134 2801 Ἔχει
1180 2732 1238 2784 δὲ
1282 2735 1375 2787 καὶ
1412 2736 1700 2801 ἐπιστολὰς
1744 2739 1772 2790 ὁ
1815 2740 1976 2803 αὐτὸς
2024 2741 2166 2807 θεῖος

579 2819 933 2891 Πολύκαρπος
964 2822 1100 2892 πρὸς
1126 2822 1538 2895 Φιλιππησίους.
1565 2827 1900 2885 Venerabilis
1932 2831 2074 2886 Beda
2109 2834 2164 2887 in

578 2911 963 2983 Martyrologio
992 2917 1057 2968 ad
1088 2933 1164 2971 vu
1198 2916 1317 2973 Kal.
1350 2918 1577 2976 Januar.
1616 2921 1923 2994 Nicephoro
1962 2942 2166 2996 suppar

576 3002 851 3059 Photias:
894 3007 1229 3077 Ἀνεγνὼσϐη
1287 3011 1647 3083 Πολυκάρπου
1710 3017 1964 3089 ἐπιστολὴ
2025 3021 2165 3090 πρὸς

573 3094 966 3167 Φιλιππησίους
996 3101 1242 3170 γέμουσα
1280 3104 1483 3175 πολλῆς
1511 3107 1791 3173 νουθεσίας
1824 3112 1960 3181 μετὰ
1992 3130 2165 3183 σαφη-

2273 2003 2384 2043 ιιοιι
2419 1990 2706 2059 renititur;
2740 1992 2851 2046 imo
2894 1996 3301 2062 posterioribus
3340 2001 3585 2069 exceptis
3616 2003 3758 2055 nihil
3803 2004 3862 2057 in

2271 2081 2498 2150 epistola
2526 2099 2800 2138 occurrere
2834 2088 3105 2153 concedit,
3135 2089 3275 2158 quod
3315 2094 3395 2145 vel
3423 2108 3734 2164 quemquam
3770 2097 3861 2165 of-

2272 2172 2516 2241 fendere,
2567 2175 2645 2229 vel
2696 2176 3001 2247 Polgcarpo
3053 2180 3329 2251 indignum
3374 2187 3573 2239 censeri
3623 2188 3859 2253 debeat;

2272 2275 2605 2336 postremam
2631 2271 2953 2339 particulam
2977 2273 3251 2343 suggillat,
3277 2275 3330 2328 in
3356 2293 3461 2347 qua
3479 2279 3857 2337 testimonium

2270 2361 2338 2415 ab
2370 2360 2609 2416 Eusebio
2652 2364 2980 2433 productum
3014 2376 3215 2422 exstat.
3250 2367 3403 2424 Hanc
3435 2371 3600 2441 igitur
3625 2374 3745 2428 vult
3781 2386 3860 2429 te-

2268 2469 2407 2507 mere
2439 2464 2488 2507 et
2508 2466 2703 2525 praeter
2736 2460 2975 2512 auctoris
3013 2470 3256 2527 mentem,
3288 2464 3464 2517 aliena
3493 2482 3656 2520 manu
3683 2467 3858 2536 fuisse

2270 2558 2528 2602 assutam.
2558 2548 2629 2604 At
2651 2549 2873 2605 Eusebii
2905 2561 3066 2607 aetate
3095 2555 3184 2608 illa
3221 2557 3383 2611 etiam
3418 2568 3695 2627 postrema
3721 2577 3858 2631 par-

2271 2639 2435 2695 ticula
2468 2644 2773 2699 certissime
2795 2646 3080 2712 exstabat;
3107 2664 3174 2702 ex
3205 2650 3434 2718 epistola
3459 2650 3745 2724 Polyearpi
3783 2657 3857 2709 ah

2268 2730 2506 2788 Eusebio
2534 2738 2811 2806 exscripta
2845 2737 2967 2793 fuit.
3014 2738 3286 2796 Eusebius
3321 2758 3421 2797 nec
3452 2743 3564 2798 falli
3601 2762 3701 2801 nec
3747 2747 3857 2801 fal-

2266 2824 2380 2880 lere
2407 2827 2587 2895 potuit
2618 2844 2631 2879 :
2656 2837 2775 2883 erat
2812 2830 2956 2884 enim
2992 2841 3102 2886 tota
3127 2833 3358 2902 epistola
3391 2837 3650 2893 omnibus
3673 2854 3855 2908 expo-

2267 2918 2403 2985 sita;
2438 2930 2554 2974 erat
2585 2921 2639 2975 in
2676 2918 2938 2979 Ecclesiis
2961 2925 3239 2991 Asiaticis,
3267 2936 3398 2985 tunc
3423 2933 3687 3001 temp0ris
3717 2949 3850 2988 cum

2266 3012 2534 3068 scriberet
2563 3011 2857 3082 Eusebius,
2896 3018 3111 3087 publice
3142 3020 3316 3084 lecta;
3359 3024 3512 3077 novit
3548 3040 3669 3079 eam
3717 3024 3853 3081 Hie-

2266 3122 2552 3179 ronymus,
2583 3109 2744 3179 cujus
2785 3113 3050 3179 versioni,
3089 3114 3195 3169 nisi
3235 3116 3360 3171 aliis
3389 3128 3716 3188 occupatus,
3758 3120 3852 3174 in-

572 3186 720 3250 νείας
775 3190 876 3242 καὶ
906 3191 1224 3263 ἁπλότητος,
1259 3196 1401 3249 κατὰ
1441 3198 1533 3251 τὸν
1578 3200 2025 3271 ἐκκλησιαστικὸν
2064 3206 2157 3277 τῆς

2268 3194 2569 3262 cubuisset,
2591 3206 2647 3252 et
2670 3206 2849 3253 tamen
2880 3199 3187 3257 Eusebiana
3212 3220 3494 3276 nunquam
3526 3186 3848 3266 accusavit:

577 3279 875 3350 ἑρμηνείας
911 3283 1097 3338 τύπον.
1125 3284 1423 3355 Legebatur
1446 3299 1496 3343 et
1523 3289 1812 3361 Polycarpi
1844 3296 2068 3363 epistola
2097 3300 2157 3351 ad

2268 3285 2335 3340 de
2374 3285 2462 3341 illa
2499 3288 2663 3358 igitur
2694 3293 2978 3361 particula,
3017 3312 3182 3365 quam
3236 3301 3509 3369 excerpsit
3545 3299 3850 3371 Eusebius,

573 3370 938 3442 Pliilippenses
972 3376 1153 3432 multis
1188 3380 1382 3449 referta
1406 3382 1859 3441 admonitionibus
1898 3406 2019 3443 cum
2046 3409 2164 3461 per-

571 3465 856 3531 spicuitate
890 3484 952 3519 ac
976 3468 1338 3537 simplicitate,
1370 3473 1440 3525 ad
1466 3474 1879 3532 ecclesiasticam
1914 3480 2162 3552 loquendi

570 3558 820 3626 formam.
852 3557 952 3613 Ubi
980 3561 1157 3616 obiter
1185 3564 1616 3631 observandum,
1641 3586 1706 3623 eo
1735 3570 1854 3639 ipso
1883 3588 2031 3629 nono
2054 3593 2159 3632 saa-

567 3651 695 3705 culo
740 3652 883 3707 hanc
935 3652 1221 3725 Polycarpi
1251 3658 1539 3727 epistolam
1570 3677 1693 3715 cum
1738 3664 1827 3719 illa
1860 3666 2157 3727 Clementis

564 3744 636 3798 ad
660 3743 977 3800 Corinthios
1003 3746 1171 3803 fuisse
1195 3750 1551 3820 conjunctam
1573 3754 1670 3822 (ita
1696 3772 1887 3827 nempe
1903 3758 2152 3828 Photius,

566 3836 625 3887 ὲν
646 3836 724 3906 τῷ
740 3837 886 3908 αὐτῷ
906 3838 962 3891 δὲ
989 3839 1300 3913 βιϐλιδαρίῳ
1325 3844 1661 3919 ἀνεγνώσθη,
1688 3850 1743 3902 in
1764 3852 1944 3905 eodem
1974 3854 2153 3909 libello

566 3925 856 3995 legebatur)
885 3947 898 3994 ;
932 3930 1123 3985 iisdem
1156 3933 1410 3990 laudibus
1460 3951 1491 3990 a
1545 3937 1743 3994 Photio
1779 3942 1952 3999 fuisse
1981 3960 2151 4001 orna-

565 4025 713 4083 tam;
748 4019 996 4073 eamdem
1032 4022 1178 4075 enim
1214 4024 1681 4093 perspicuitatem,
1715 4031 2125 4100 simplicitatem

566 4116 624 4162 et
647 4108 1081 4164 ecclesiasticum
1113 4112 1489 4170 characterem
1527 4120 1745 4189 utrique
1787 4123 2016 4190 tribuit;
2046 4126 2148 4181 ob-

563 4198 829 4268 iectiones
886 4202 1101 4271 aliquas
1150 4202 1417 4262 adversus
1475 4209 1622 4263 illam
1680 4212 1979 4270 Clementis
2018 4226 2149 4272 time

566 4289 741 4346 fuisse
769 4290 965 4353 iactas,
992 4293 1255 4350 adversus
1297 4297 1439 4353 hanc
1481 4299 1766 4373 Polycarpi
1816 4307 2015 4362 nullas.
2042 4307 2148 4363 Eo-

562 4382 688 4436 dem
721 4397 836 4437 mvo
867 4383 1177 4452 Usuardus,
1203 4396 1258 4441 et
1286 4389 1405 4445 Ado
1441 4390 1765 4449 Viennensis
1795 4395 1849 4450 in
1880 4396 2146 4470 Martyro-

564 4473 710 4542 logio
737 4490 806 4527 xv
851 4474 969 4530 Kal.
1002 4475 1228 4534 Januar.
1257 4500 1270 4536 :
1300 4480 1515 4538 Natalis
1546 4485 1818 4541 beatorum
1848 4502 2143 4561 martyrum

2264 3377 2503 3434 dubitari
2533 3396 2642 3435 non
2679 3393 2879 3452 potest,
2913 3386 3016 3441 nisi
3053 3390 3219 3443 etiam
3248 3390 3315 3445 de
3349 3400 3458 3447 tota
3492 3396 3723 3465 epistola
3760 3413 3850 3452 sa-

2262 3470 2397 3535 mul,
2432 3472 2640 3543 absque
2671 3475 2778 3529 ulla
2812 3478 3041 3544 ratione,
3068 3480 3400 3539 dubitemus.

2333 3559 2528 3618 Sedex
2560 3565 2678 3635 ipsa
2719 3568 2972 3636 epistola,
3003 3586 3169 3639 quam
3215 3588 3326 3642 prae
3369 3576 3627 3633 manibus
3670 3579 3848 3637 halte-

2260 3670 2402 3720 mus,
2432 3656 2693 3726 disputat,
2722 3670 2775 3714 et
2802 3661 2981 3729 primo
3021 3664 3076 3716 in
3102 3681 3185 3725 ea,
3217 3666 3416 3737 inquit,
3447 3686 3567 3740 qum
3599 3673 3847 3730 testimo-

2256 3747 2402 3799 nium
2428 3759 2676 3804 nostrum
2707 3753 3030 3821 prwcedunt,
3058 3765 3116 3808 ut
3148 3757 3203 3811 in
3235 3759 3656 3816 decentissima»:
3679 3766 3845 3819 clau-

2254 3840 2428 3894 sulam
2455 3882 2468 3905 ,
2511 3842 2780 3897 desinebat
2824 3848 3047 3914 epistola
3090 3864 3108 3901 :
3156 3852 3361 3921 reliqua
3409 3864 3583 3909 autem
3619 3859 3847 3915 minime

2253 3933 2538 3999 coltwrent,
2568 3946 2722 4006 atque
2752 3938 2868 3991 ideo
2890 3943 3232 4011 expungenda
3267 3955 3409 3999 sunt.
3450 3946 3845 4008 Verumenim-

2254 4038 2385 4077 vero
2414 4026 2558 4080 unde
2596 4026 2674 4081 illi
2704 4041 2891 4083 notum
2923 4038 3007 4085 est
3042 4029 3328 4105 Polycarpi
3359 4040 3647 4107 epistolam
3680 4043 3733 4097 in
3765 4063 3841 4103 ea

2251 4114 2416 4170 verba
2444 4117 2719 4174 desiisse?
2750 4137 2819 4177 an
2861 4140 2981 4180 eam
3015 4146 3257 4200 unquam
3306 4135 3518 4191 audivit
3560 4139 3614 4193 in
3661 4142 3843 4198 totius

2252 4201 2396 4259 Asia:
2428 4218 2696 4263 conventu
2734 4212 2971 4269 lectam?
3001 4234 3068 4271 an
3106 4236 3346 4291 unquam
3375 4225 3509 4281 vidit
3540 4226 3836 4301 Polycarpi

2250 4295 2534 4364 epistolam
2571 4301 2654 4355 vel
2704 4302 2891 4362 Grzcce
2925 4310 3006 4363 vel
3044 4310 3257 4379 Latine,
3308 4317 3391 4370 vel
3437 4335 3565 4388 ms.,
3596 4324 3679 4376 vel
3727 4325 3838 4377 im-

2246 4400 2517 4457 pressam,
2551 4407 2674 4462 quae
2699 4396 2753 4450 in
2784 4413 2847 4451 ea
2881 4402 3045 4457 verba
3075 4404 3397 4462 desineret?
3428 4411 3655 4468 minime
3694 4432 3835 4486 gen-

2248 4478 2407 4534 tium.
2435 4480 2577 4548 Quid
2619 4485 2824 4557 igitur?
2862 4489 3082 4549 ludicio
3139 4495 3189 4551 ι.
3236 4497 3419 4556 Dallaai
3460 4519 3524 4559 ea
3575 4478 3833 4568 clausula

561 4562 683 4633 Ruﬁ
719 4574 767 4619 et
798 4564 1027 4635 Zosimi,
1069 4569 1134 4623 de
1178 4588 1402 4641 quorum
1428 4592 1594 4645 agone
1619 4577 1763 4645 felici
1798 4580 1859 4635 S.
1888 4580 2145 4654 Polycar-

2259 4583 2364 4627 arat
2404 4572 2824 4648 decentissima;
2875 4600 3049 4654 quare
3093 4604 3204 4645 non
3252 4592 3441 4649 debuit
3488 4595 3831 4671 Polycarpus

553 4672 655 4715 pus
686 4658 911 4726 epistola
957 4660 1027 4714 ad
1059 4660 1425 4735 Philippenses
1472 4669 1679 4722 scribit.
1711 4669 1844 4728 Post
1883 4674 1985 4731 hos
2038 4675 2143 4748 Syc

557 4762 718 4801 meon
751 4746 1169 4820 Metaphrastes,
1204 4756 1467 4812 Actorum
1497 4758 1553 4813 S.
1589 4758 1781 4831 lgnatii
1808 4746 2136 4837 anonymus.

556 4836 952 4904 Suidas,verbo
972 4845 1670 4921 ΠολύκαρποσἝγραψεν
1697 4836 1983 4929 ἐπιστολὴν
2003 4858 2142 4931 πρὸς

556 4928 957 5001 Φιλιππησίους
992 4933 1130 4986 πάνυ
1181 4935 1519 5012 θαυμαστήν.
1570 4940 1795 5013 Scripsit
1857 4928 2134 5017 epistolam

552 5019 627 5073 ad
641 5018 1009 5093 Philippeuses
1030 5042 1247 5096 prorsus
1264 5031 1658 5089 admirandam.
1678 5034 1888 5102 Quibus
1903 5042 2136 5099 addendi

554 5108 824 5181 Georgius
855 5112 1270 5185 Pachymerius,
1298 5117 1570 5177 Honorius
1597 5124 2132 5196 Augustodunensis,

550 5210 609 5253 et
634 5199 978 5273 Nieepborus
1004 5205 1282 5275 Callistus,
1309 5212 1401 5281 qui
1446 5225 1568 5282 post
1596 5214 1962 5286 Nicephorum
1991 5220 2136 5277 Con-

551 5289 1102 5360 stantinopolitanum
1156 5296 1298 5352 idem
1352 5300 1420 5355 de
1471 5303 1527 5357 S.
1566 5303 1852 5379 Polycarpi
1903 5311 2131 5381 epistola

550 5392 679 5432 cum
710 5379 800 5447 iis,
829 5383 922 5451 qui
959 5394 1085 5439 ante
1116 5388 1317 5457 vixere,
1358 5395 1724 5461 protulerunt.

629 5470 827 5527 Verum
855 5474 939 5529 hic
972 5476 1263 5547 Nicep/tori
1289 5486 1607 5549 patriarcha:
1645 5492 1894 5560 primarii
1928 5495 1995 5552 de
2026 5498 2130 5556 hac

552 5565 779 5633 epistola
827 5569 1095 5638 judicium
1149 5573 1471 5632 ﬂammandi
1510 5584 1784 5637 sententia:
1839 5589 2128 5658 prazferre,

550 5656 721 5721 nulla,
762 5659 956 5731 inquit,
994 5664 1195 5720 invidia
1218 5678 1315 5723 est.
1342 5671 1411 5725 At
1438 5688 1547 5726 non
1576 5674 1666 5730 hic
1691 5676 1758 5731 de
1781 5656 2006 5747 invidia,
2032 5686 2127 5739 sed

549 5749 616 5804 de
646 5765 857 5823 recepta
887 5754 947 5809 S.
979 5756 1263 5830 Polycarpt
1288 5768 1614 5821 auctoritate
1641 5771 1928 5838 quaeritur.
1956 5773 2129 5829 Ham-

544 5842 811 5899 mondum
841 5860 966 5903 cum
994 5847 1300 5921 Nicephoro
1340 5870 1447 5909 non
1480 5872 1863 5928 comparamus
1899 5881 1912 5918 :
1958 5862 2122 5923 Nice-

2244 4663 2403 4761 plura
2434 4667 2634 4724 addere
2658 4687 2672 4723 :
2704 4673 2868 4743 igitur
2898 4677 2952 4731 iu
2980 4694 3044 4733 ea
3071 4684 3235 4738 verba
3264 4686 3549 4744 desinebat
3568 4663 3824 4761 epistola.

2242 4752 2432 4851 Neque
2453 4759 2597 4851 enim
2630 4765 2932 4831 putandum
2965 4779 3050 4825 est
3089 4771 3451 4847 Polycarpum
3486 4752 3643 4851 plura
3677 4787 3825 4840 scri-

2244 4847 2371 4903 bere
2392 4850 2656 4919 voluisse,
2685 4872 2851 4925 quam
2897 4863 3235 4929 permitteret
3276 4847 3544 4927 Dallaeus!
3578 4873 3742 4932 Certe
3773 4880 3824 4935 si

2240 4942 2347 4996 hac
2386 4942 2502 5014 lege
2556 4946 2610 5000 in
2669 4950 2919 5019 epistolis
2956 4958 3233 5015 veteribus
3277 4964 3355 5017 uti
3403 4964 3593 5033 liceat,
3626 4984 3822 5029 omnes

2239 5048 2378 5102 pene
2404 5037 2686 5107 clausulas,
2714 5060 2836 5113 qua:
2874 5064 3020 5104 nunc
3045 5062 3285 5120 exstant,
3330 5044 3493 5113 erunt
3538 5062 3695 5119 nobis
3722 5082 3822 5121 ex-

2238 5133 2561 5198 pungendm.
2605 5134 2798 5192 Nonne
2841 5156 3036 5196 versus
3088 5144 3313 5203 ultimus
3363 5153 3564 5220 capitis
3615 5156 3820 5214 decimi

2237 5222 2414 5289 quinti
2449 5223 2707 5294 Epistola:
2733 5232 2805 5286 ad
2839 5231 3119 5293 Romanos
3147 5238 3319 5294 :Deus
3352 5254 3527 5298 autem
3554 5251 3704 5315 pacis
3748 5254 3820 5305 sit

2234 5328 2356 5365 cum
2402 5318 2643 5373 omnibus
2689 5324 2853 5391 vobis,
2894 5325 3080 5395 Amen,
3125 5329 3514 5392 decentissima
3566 5341 3819 5399 clausula

2234 5417 2338 5469 est,
2369 5417 2543 5464 totum
2580 5412 2745 5483 igitur
2769 5426 2932 5486 caput
2972 5420 3245 5477 decimum
3285 5436 3501 5483 sextum
3543 5432 3649 5486 erit
3686 5450 3814 5490 erau

2232 5496 2493 5554 dendum.
2539 5499 2731 5558 Nonne
2780 5522 2972 5563 versus
3011 5511 3237 5570 ultimus
3280 5518 3425 5571 tertii
3466 5523 3661 5591 capitis
3686 5524 3808 5597 Epi-

2234 5590 2388 5645 stola:
2430 5593 2497 5647 ad
2540 5592 2809 5664 Ephesios
2843 5614 2859 5651 :
2896 5600 3012 5670 Ipsi
3052 5604 3226 5674 gloria
3270 5608 3325 5662 in
3360 5590 3624 5680 Ecclesia,
3660 5627 3711 5671 et
3732 5590 3807 5673 ἐυ

2232 5682 2446 5739 Christo
2478 5687 2630 5755 Jesu,
2670 5691 2724 5744 in
2759 5709 2935 5749 omnes
2965 5702 3327 5766 generationes
3367 5709 3553 5761 seaculi
3579 5715 3779 5769 stet:qu
3808 5743 3812 5748 -

2231 5794 2373 5844 rum,
2407 5780 2594 5849 Amen,
2635 5785 3028 5846 decentissima
3078 5794 3323 5852 clausula
3355 5802 3476 5855 est?
3517 5802 3598 5858 An
3638 5806 3803 5877 igitur

2233 5871 2333 5925 tria
2366 5874 2575 5945 reliqua
2610 5878 2786 5949 capita
2816 5896 2916 5952 pro
2957 5888 3161 5945 assulis
3193 5900 3321 5947 sunt
3359 5894 3607 5952 habenda
3631 5871 3813 5957 9⁷618-
