4136 6404
293 411 398 465 157

1030 408 1081 464 J.
1125 408 1490 465 PEARSONII
1533 408 1852 470 VIND‘CIE
1893 406 2312 465 lGNA'l‘IANIE.
2355 440 2423 448 ——
2456 409 2635 464 PARS
2670 410 2711 464 Ι.

3445 413 3547 466 158

286 544 449 583 mens
477 527 778 593 Romanus,
812 529 1053 598 epistolae
1083 533 1148 585 ad
1180 530 1495 585 Corinthios
1538 532 1735 601 pagina
1773 532 1865 597 29,
1895 551 1940 606 Δ
1969 534 2152 601 piatis.
2184 530 2461 586 Continent
2481 534 2621 585 enim
2647 532 2711 586 de
2735 534 2840 602 fide
2871 543 2919 587 et
2944 535 3206 602 patientia
3228 536 3513 589 instructio
3548 586 3551 587 ν

287 618 395 673 Per
442 618 628 674 Jesum
670 619 971 686 Christum,
1020 622 1218 691 inquit,
1266 624 1350 675 cui
1390 623 1560 693 gloria
1608 625 1776 676 omnis
1824 634 1873 676 et

288 713 690 782 magniﬁcentia
727 715 787 767 in
826 716 1028 769 sarcula
1069 714 1406 771 saeculorum.
1451 717 1639 770 Amen.
1683 714 1875 771 Nonne

287 804 401 858 hac
431 805 830 863 decentissima
863 807 1112 863 clausula
1146 808 1274 864 est?
1310 807 1481 879 Igitur
1509 808 1873 879 quadraginta

282 907 494 965 septem
546 900 767 971 pagina:
822 908 955 957 sunt
996 911 1218 956 assutae.
1263 901 1525 956 Eamdem
1569 902 1870 957 clausulam

281 990 556 1045 habemus
593 1006 719 1063 pag.
757 994 855 1059 41,
894 992 984 1059 50,
1024 994 1116 1059 57,
1147 994 1238 1058 59,
1268 994 1361 1059 66,
1398 994 1500 1060 75;
1533 1009 1672 1064 opus
1707 995 1874 1065 igitur

276 1083 383 1136 erit
411 1081 723 1140 Marcionis
748 1086 1043 1152 machaera,
1084 1095 1146 1141 ut
1189 1086 1303 1140 haec
1340 1094 1395 1140 et
1422 1086 1623 1141 similia
1663 1088 1871 1142 rescin-

274 1175 509 1231 dantur.
562 1176 641 1232 Ea
677 1178 925 1248 quidem,
974 1194 1097 1248 quae
1138 1188 1446 1248 sequuntur
1492 1179 1866 1235 testimonium

272 1281 561 1335 nostrum,
599 1271 817 1326 admitti
856 1285 1022 1342 posse
1064 1276 1161 1338 ait,
1205 1274 1333 1329 licet
1362 1273 1746 1330 decentissima
1778 1277 1869 1332 illa

269 1362 528 1417 clausula
558 1366 931 1433 prmsserit.
952 1365 1023 1419 At
1043 1367 1089 1421 si
1110 1375 1233 1436 post
1256 1367 1694 1423 decentissimam
1721 1369 1871 1425 clau-

268 1455 451 1509 solam
493 1456 711 1525 aliquid
740 1456 957 1511 admitti
984 1459 1180 1527 possit,
1204 1473 1304 1512 cur
1323 1473 1432 1513 non
1461 1460 1595 1516 illud
1618 1462 1686 1516 de
1713 1461 1869 1531 lgna-

268 1547 382 1602 tio?
404 1548 498 1602 An
535 1550 634 1604 illa
666 1551 911 1607 absurde
939 1553 1149 1607 inserta
1178 1562 1342 1623 atque
1378 1553 1575 1610 iniulta
1604 1555 1714 1611 diei
1742 1571 1870 1626 pos-

267 1652 415 1710 sunt,
455 1660 593 1714 qua:
623 1652 749 1715 post
796 1660 991 1701 omnes
1032 1646 1304 1701 salutares
1353 1647 1756 1703 admonitiones
1799 1649 1867 1703 ad

267 1735 457 1801 ﬁdem,
529 1739 857 1807 patientiam
923 1749 979 1794 et
1030 1739 1451 1795 aediﬁcationem
1499 1742 1864 1811 pertinentes,

264 1830 565 1897 speciatim
591 1831 664 1885 ad
690 1830 797 1885 ista
823 1832 1175 1901 respondent,
1199 1847 1323 1902 quae
1344 1833 1449 1902 ipsi
1473 1833 1539 1888 ad
1561 1849 1702 1903 quos
1729 1835 1867 1888 scri-

1978 638 2091 674 nem
2122 623 2406 692 perfectam
2437 624 2721 677 secundum
2762 623 2977 678 Domini
3005 638 3340 695 praceptum.
3378 626 3542 681 Ense.

1975 712 2123 767 bium
2175 729 2242 768 ex
2292 713 2523 783 epistola
2574 713 2887 786 Polycarpi,
2942 710 3065 787 qua:
3122 727 3253 772 tunc
3297 720 3541 793 omnium

1973 808 2231 863 manibus
2264 809 2574 872 tenebatur,
2619 810 2734 864 haec
2769 811 2887 881 ipsa
2926 812 3093 868 verba
3132 814 3545 884 transcripsisse

1972 901 2285 965 credimus;
2331 910 2446 954 tum
2478 902 2625 970 quod
2677 902 2794 971 ipse
2838 905 2940 958 hoc
2979 912 3213 969 asserat,
3247 915 3361 960 tum
3395 906 3541 975 quod

1972 992 2027 1046 in
2057 993 2223 1047 veteri
2247 994 2469 1062 vulgata
2496 994 2751 1049 versione
2773 996 3019 1065 epistola:
3041 996 3100 1051 S.
3120 996 3407 1068 Polyearpi
3430 998 3545 1052 haec

1970 1083 2271 1141 etiamnum
2326 1085 2570 1156 legamus
2618 1103 2631 1138 :
2682 1086 2951 1157 Epistolas
3005 1088 3384 1159 sane-Ignatii
3425 1106 3545 1160 qua:

1972 1179 2299 1232 transmisso:
2317 1189 2439 1232 sunt
2457 1180 2599 1233 vobis
2616 1183 2739 1249 (pro
2759 1181 2930 1250 nobis)
2961 1181 3026 1235 ab
3039 1199 3117 1245 eo,
3137 1193 3185 1236 et
3202 1184 3360 1250 alias,
3374 1202 3544 1254 quan—

1971 1280 2259 1340 tuscunque
2289 1271 2430 1340 apud
2473 1288 2566 1325 nos
2596 1272 2899 1339 habuimus,
2947 1272 3340 1330 transmisimus
3373 1275 3539 1339 vobis,

1970 1363 2258 1419 secundum
2285 1366 2424 1433 quod
2467 1365 2783 1431 mandastis,
2818 1382 2936 1435 qua:
2967 1376 3089 1419 sunt
3132 1367 3380 1436 subjecta:
3422 1368 3543 1420 huic

1968 1456 2205 1527 epistola
2248 1472 2267 1511 :
2299 1472 2364 1511 ex
2402 1457 2592 1527 quibus
2643 1473 2866 1528 magnus
2909 1459 3051 1512 vobis
3103 1461 3201 1513 erit
3251 1460 3539 1528 profectus.

1971 1547 2251 1603 Continent
2281 1550 2421 1603 enim
2459 1549 2638 1617 ﬁdem,
2679 1551 3016 1620 patientiam,
3052 1560 3103 1605 et
3133 1567 3333 1605 omnem
3369 1550 3543 1620 adiﬁ-

1968 1640 2226 1694 cationem
2274 1640 2345 1693 ad
2390 1639 2677 1695 Dominum
2715 1652 2957 1697 nostrum
3000 1645 3379 1714 pertinentem;
3424 1653 3540 1696 tum

1969 1731 2208 1803 denique
2234 1733 2379 1802 quod
2425 1732 2677 1800 Photius,
2710 1735 2804 1805 qtti
2856 1735 3000 1791 hanc
3033 1737 3207 1807 ipsam
3253 1736 3538 1805 epistolam

1968 1823 2117 1895 legit,
2139 1834 2193 1880 et
2218 1833 2504 1896 tantopere
2531 1825 2794 1891 laudavit,
2817 1827 2960 1882 idem
2984 1842 3095 1881 non
3122 1828 3358 1883 obscure
3378 1837 3541 1881 teste-

265 1920 362 1983 bit,
396 1920 615 1976 litteris
637 1921 758 1976 suis
778 1923 1233 1991 postulaverant?
1256 1922 1632 1994 Pbilippenses
1662 1925 1731 1979 ad
1759 1924 1866 1978 Po-

1965 1925 2076 1984 tur,
2109 1933 2234 1973 cum
2277 1918 2353 1973 ait
2387 1937 2399 1972 :
2448 1918 2608 1988 Λέγει
2644 1918 2701 1972 δὲ
2745 1919 2839 1973 καὶ
2879 1920 2980 1984 τὰς
3025 1921 3313 1984 ἐπιστολὰς
3357 1921 3540 1983 αὐτοῖς

264 2011 561 2082 lycarputn
594 2013 937 2083 scripserant
965 2014 1035 2070 de
1067 2015 1351 2071 mittendis
1383 2016 1582 2071 litteris
1610 2016 1726 2072 suis
1754 2018 1865 2071 An-

265 2105 564 2170 tiochiam,
587 2115 648 2159 et
664 2116 965 2161 oraverant
1005 2106 1168 2161 etiam
1203 2118 1264 2162 ut
1282 2108 1545 2177 epistolas
1566 2108 1624 2165 S.
1650 2111 1862 2180 lgnatii,

262 2213 401 2267 quas
432 2199 595 2267 apud
624 2214 686 2253 se
712 2199 960 2266 haberet,
993 2201 1063 2254 ad
1093 2200 1244 2269 ipsos
1272 2200 1491 2255 mittere
1522 2201 1860 2273 dignaretur.

262 2288 459 2344 Nonne
489 2291 561 2343 ad
592 2291 761 2345 linem
790 2290 1038 2360 epistola:
1060 2293 1431 2361 responsoria:
1460 2303 1865 2366 peropportune

264 2382 477 2438 laceret
508 2382 880 2454 Polycarpos,
911 2383 959 2438 si
999 2383 1092 2439 illa
1139 2395 1447 2453 reponeret,
1489 2401 1613 2456 qua:
1645 2386 1749 2456 ipsi
1794 2387 1866 2443 ab

261 2492 326 2531 eo
352 2476 792 2546 emagitabant?
812 2474 952 2531 Cum
983 2476 1243 2546 epistolas
1271 2476 1462 2547 lgnatii
1493 2494 1607 2533 sua:
1636 2480 1865 2549 subjun-

265 2568 463 2629 xisset,
502 2583 575 2621 an
602 2566 674 2621 de
705 2566 817 2622 illis
849 2566 980 2621 alibi
1014 2568 1196 2636 potius
1230 2568 1532 2637 quidquam
1575 2570 1859 2636 scriberet,

260 2677 425 2728 quam
461 2660 539 2714 ad
587 2659 758 2713 tinem
787 2660 1037 2728 epistolae
1066 2675 1202 2725 suae,
1246 2661 1337 2715 cui
1382 2676 1576 2715 earum
1617 2678 1862 2731 συναγω-

260 2753 361 2822 γὴν
393 2752 830 2821 subjunxerat?
862 2748 1010 2805 Nihil
1056 2752 1143 2807 his
1172 2761 1322 2807 certe
1359 2761 1456 2807 aut
1491 2754 1571 2807 rei
1600 2754 1726 2823 ipsi,
1767 2763 1865 2809 aut

261 2846 399 2899 mori
453 2844 758 2899 hominum
805 2845 860 2898 in
906 2843 1323 2901 conscribendis
1367 2846 1616 2916 epistolis
1662 2861 1865 2902 conve-

263 2938 516 2993 nientius
539 2939 852 3009 excogitari
884 2946 1084 3009 potest.

330 3029 509 3085 Levia
558 3031 735 3101 igitur
772 3032 889 3085 haec
929 3039 1079 3094 sunt,
1119 3030 1203 3085 vel
1242 3029 1363 3099 ipso
1407 3029 1610 3085 Dallaao
1636 3029 1857 3100 judice:

260 3122 348 3175 sed
374 3132 428 3176 et
478 3123 641 3176 aliud
671 3130 775 3186 est,
824 3122 1026 3193 inquit,
1065 3121 1233 3175 multo
1276 3122 1508 3193 gravius,
1545 3122 1685 3192 quod
1726 3123 1863 3176 hanc

261 3216 323 3267 de
353 3215 678 3286 lgnatianis
710 3216 1033 3286 particulam
1064 3232 1169 3269 non
1207 3216 1464 3280 auctoris,
1499 3216 1589 3269 sed
1631 3215 1862 3285 alicujus

263 3308 493 3362 alterius
520 3324 640 3362 esse
666 3309 870 3379 arguit.
896 3305 1068 3362 Grave
1092 3307 1314 3378 quidem
1339 3308 1466 3369 hoc,
1498 3309 1545 3363 si
1573 3324 1700 3363 vera
1725 3308 1858 3370 sint,

262 3416 385 3468 qua:
438 3400 712 3469 proximo
764 3400 945 3469 capite
992 3400 1195 3455 asserit
1240 3399 1630 3466 adversarius,
1686 3399 1861 3453 locum

266 3504 485 3558 nempe,
506 3504 625 3559 quo
652 3490 934 3561 lgnatiana
964 3490 1342 3557 nominantur,
1362 3491 1559 3561 insigni
1588 3492 1862 3546 mendacio

264 3583 565 3653 deformem
599 3598 751 3648 esse,
788 3591 845 3638 et
874 3598 1000 3653 qua:
1038 3583 1219 3653 capite
1248 3583 1319 3638 '56
1349 3585 1555 3654 pariter
1590 3584 1859 3650 allirmat,

268 3676 594 3747 Polycarpi,
630 3677 865 3744 scilicet,
909 3677 1049 3747 quod
1089 3678 1315 3746 affertur
1356 3677 1717 3732 testimonium
1751 3694 1864 3732 esse

263 3769 624 3823 subdititium
660 3769 1043 3839 mendacioque
1071 3770 1389 3839 inspersum.
1420 3768 1601 3826 Grave
1640 3769 1861 3840 quidem

262 3860 478 3915 crimen
521 3860 900 3926 mendacium,
930 3860 1238 3929 praesertim
1284 3861 1333 3915 si
1375 3859 1591 3930 insigne
1618 3860 1726 3937 sit,
1767 3875 1863 3915 ne-

262 3968 371 4021 que
405 3953 581 4007 video
614 3951 898 4023 quomodo
934 3952 1188 4007 excusari
1218 3952 1458 4022 possint,
1487 3951 1584 4022 qui
1614 3952 1864 4007 testimo-

266 4046 354 4099 nio
386 4055 637 4101 utuntur
667 4052 781 4099 tam
820 4044 975 4115 gravi
1011 4044 1244 4100 crimine
1286 4045 1558 4115 insperso.
1601 4043 1724 4100 Non
1770 4060 1864 4100 ne-

266 4138 544 4207 gligenter
566 4137 738 4207 igitur
757 4138 1111 4207 quaerendum
1136 4147 1223 4193 est
1245 4137 1362 4204 ubi,
1385 4138 1492 4193 hoc
1512 4137 1862 4193 mendacium

268 4230 512 4286 inveniri
545 4231 725 4299 possit
756 4248 769 4284 :
808 4245 936 4284 nam
974 4240 1144 4295 certe,
1178 4238 1239 4285 ut
1268 4244 1417 4285 nunc
1447 4244 1509 4286 se
1547 4244 1637 4285 res
1677 4229 1862 4296 habet,

268 4331 360 4375 aut
391 4323 449 4376 in
480 4321 819 4393 Polycarpo,
857 4331 955 4377 aut
990 4323 1044 4376 in
1069 4322 1329 4391 Eusebio,
1360 4331 1459 4379 aut
1486 4323 1545 4377 in
1567 4323 1865 4395 impostore

268 4412 481 4483 aliquo,
512 4421 616 4465 aut
652 4413 706 4466 in
740 4412 1118 4467 testimonium
1149 4412 1430 4482 ali‘erente,
1465 4421 1563 4470 aut
1598 4413 1655 4468 in
1695 4429 1862 4484 repu-

267 4504 451 4559 diante
482 4503 843 4559 mendacium
874 4511 979 4561 est.

1978 2010 2240 2078 Ἰγνατίου
2278 2008 2374 2065 τοῦ
2423 2010 2681 2083 θεοφόρου
2715 2012 3136 2078 ἀπεσταλκέναι,
3179 2014 3311 2067 dicit
3361 2020 3540 2067 autem

1965 2099 2348 2172 (Polycarpus)
2393 2118 2448 2155 se
2498 2102 2663 2156 etiam
2712 2099 2916 2172 lgnatii
2967 2105 3240 2173 theopltori
3285 2106 3539 2173 epistolas

1964 2194 2093 2263 ipsis
2127 2195 2507 2248 transmisisse.
2541 2192 2658 2249 Hoc
2684 2195 2908 2250 unicum
2935 2196 3311 2251 testimonium
3337 2213 3403 2251 ex
3431 2197 3540 2250 Po-

1963 2287 2172 2358 lycarpi
2219 2287 2450 2357 epistola
2492 2287 2891 2358 depromimus,
2935 2287 3079 2358 quod
3126 2288 3538 2359 integerrimum

1963 2394 2087 2435 esse
2121 2391 2401 2448 putamus,
2442 2389 2497 2434 et
2531 2381 2621 2435 cui
2666 2381 2815 2435 nulla
2853 2396 3097 2451 unquam
3129 2382 3283 2437 labes
3312 2399 3539 2453 aspersa

1963 2481 2066 2538 est,
2100 2480 2391 2542 antequam
2426 2486 2457 2525 a
2502 2472 2711 2527 nostris
2747 2484 2846 2541 pro
2890 2471 3192 2543 lgnatianis
3235 2474 3532 2529 adducere-

1964 2576 2074 2622 tur.
2116 2566 2264 2622 Satis
2308 2568 2477 2637 igitur
2504 2582 2606 2623 nos
2637 2567 2790 2637 ipsos
2819 2582 2850 2622 a
2880 2567 3154 2625 mendacii
3187 2571 3419 2626 crimine
3452 2582 3538 2626 tu~

1966 2659 2064 2714 tati
2094 2674 2309 2714 sumus.
2335 2635 2353 2637 _
2638 2635 2678 2668 δ

2037 2749 2097 2806 S.
2128 2750 2491 2823 Polycarpum
2524 2752 2626 2821 ipsi
2653 2752 2723 2807 ab
2753 2753 2904 2807 omni
2934 2754 3251 2823 suspicione
3281 2754 3535 2819 liberant,

1963 2841 2086 2897 ideo
2113 2843 2259 2897 enim
2305 2844 2497 2899 volunt
2537 2844 2654 2898 haec
2683 2860 2714 2898 a
2743 2843 3044 2916 Polycarpo
3070 2846 3295 2901 minime
3335 2848 3535 2916 scripta

1964 2934 2161 3001 fuisse,
2205 2936 2353 3005 quod
2386 2936 2456 2990 ab
2494 2935 2615 3005 ejus
2638 2936 2928 3006 prudentia
2961 2945 3125 3007 atque
3156 2938 3445 2993 sanctitate
3473 2956 3538 2993 ea

1963 3028 2204 3082 maxime
2254 3028 2552 3082 abhorrere
2602 3028 2961 3083 arbitrantur.
3016 3028 3157 3095 Quid
3212 3031 3423 3101 igitur?
3467 3046 3535 3084 an

1964 3120 2227 3175 mentitus
2257 3129 2343 3175 est
2370 3118 2662 3184 Eusebius,
2694 3130 2747 3175 et
2774 3135 2840 3174 ea
2871 3120 3030 3175 nobis
3064 3122 3309 3187 tradidit,
3331 3138 3454 3193 qua:
3483 3123 3536 3175 in

1964 3211 2192 3281 epistola
2219 3211 2503 3283 Polycarpi
2538 3228 2641 3267 sua
2668 3222 2828 3269 aetate
2859 3215 3087 3269 minime
3111 3216 3499 3285 comparebant
3516 3217 3541 3269 ’ἓ

1962 3303 2045 3357 An
2071 3304 2163 3359 ille
2191 3306 2427 3360 lectores
2460 3303 2651 3360 fallere
2690 3306 2930 3362 voluisse
2962 3308 3239 3377 putandus
3267 3317 3352 3363 est
3382 3308 3437 3361 in
3481 3324 3539 3360 re

1964 3402 2077 3447 tam
2114 3403 2303 3464 aperta
2343 3403 2398 3449 et
2443 3395 2703 3450 omnibus
2746 3403 2878 3451 tunc
2904 3398 3170 3467 temporis
3213 3398 3540 3453 notissima?

1962 3483 2155 3541 Nonne
2180 3486 2411 3555 epistola
2446 3486 2733 3559 Polycarpi
2763 3489 2817 3542 in
2844 3498 3115 3544 conventu
3146 3488 3292 3543 Asiae
3318 3490 3538 3559 publice

1962 3577 2101 3633 lecta
2126 3577 2248 3644 fuit,
2272 3593 2397 3633 cum
2416 3573 2712 3634 Historiam
2741 3594 2897 3634 suam
2929 3579 3209 3635 scribebat
3230 3577 3498 3636 Eusebius
3513 3582 3540 3636 ἲ

1962 3670 2047 3724 An
2077 3670 2403 3725 sententiam
2429 3670 2568 3726 bene
2594 3670 2812 3740 longam
2837 3671 2954 3740 ipse
2974 3670 3319 3725 comminisci
3342 3671 3536 3738 voluit,

1963 3770 2017 3816 et
2041 3762 2289 3832 epistola
2308 3762 2571 3826 inserere,
2599 3762 2668 3817 ad
2694 3763 2856 3817 tidem
2880 3761 3178 3833 lgnatianis
3205 3761 3534 3831 faciendam,

1965 3855 2081 3910 suis
2118 3855 2530 3926 derogandam?
2574 3853 2691 3911 Hoc
2737 3856 2905 3910 etiam
2941 3854 3108 3911 nimis
3143 3871 3394 3912 crassum
3430 3873 3537 3927 pu-

1965 3954 2114 4013 tant;
2148 3962 2326 4017 neque
2364 3945 2753 4019 Polycarpum,
2777 3946 2963 4018 'neque
3001 3946 3301 4004 Eusebium
3338 3952 3538 4004 menti-

1966 4047 2080 4093 tum
2114 4040 2322 4107 voluit;
2371 4042 2465 4096 sed
2516 4041 2872 4111 impostorem
2916 4042 3106 4097 nescio
3147 4058 3334 4113 quem,
3373 4058 3535 4113 quem

1965 4141 2094 4187 ante
2136 4132 2431 4189 Eusebium
2476 4134 2683 4189 vixisse
2727 4134 3099 4199 hariolentur,
3142 4137 3237 4191 sed
3272 4152 3437 4206 quem
3482 4138 3541 4193 in

1962 4226 2106 4281 vivis
2135 4241 2404 4296 unquam,
2436 4242 2538 4282 nec
2569 4227 2684 4293 ille,
2717 4242 2819 4282 nec
2847 4228 2991 4283 alius
3016 4228 3317 4299 quispiam,
3365 4229 3540 4285 fuisse

1964 4318 2270 4386 praestabit.
2300 4318 2396 4375 llle
2421 4331 2605 4375 autem
2636 4319 2776 4374 falso
2801 4328 2858 4376 et
2898 4320 3047 4376 valre
3077 4330 3252 4375 totum
3284 4332 3536 4377 nostrum

1966 4409 2341 4465 testimonium
2394 4412 2569 4467 alicui
2609 4411 2855 4482 epistolae
2895 4411 3310 4483 Polycarpiana:
3348 4430 3539 4469 exem-

1964 4502 2104 4571 plari
2141 4504 2376 4559 inseruit
2408 4520 2421 4556 :
2469 4513 2524 4559 et
2565 4506 2752 4560 statim
2796 4514 2892 4559 aut
2936 4506 2990 4560 in
3030 4506 3350 4575 impostoris
3381 4516 3541 4561 auto-

334 4595 535 4651 Primo
565 4597 733 4667 igitur
760 4612 863 4651 nos
881 4596 975 4667 qui
994 4596 1366 4653 testimonium
1390 4595 1741 4667 proferimus,
1761 4611 1861 4651 nos
1894 4615 1941 4671 ο
1967 4596 2258 4664 graphum,
2291 4605 2387 4650 aut
2409 4596 2462 4649 in
2491 4596 2735 4651 libellum
2766 4598 3005 4668 aliquem
3049 4598 3117 4651 ab
3143 4598 3237 4651 illo
3277 4599 3542 4652 transcri-

271 4691 421 4758 ipsos
447 4690 530 4745 ab
553 4690 661 4744 boc
680 4689 912 4744 crimine
933 4696 1124 4760 aperte
1150 4688 1529 4745 liberabimus.
1548 4687 1675 4745 Haec
1694 4688 1860 4744 verba

271 4781 459 4837 (ἔωθε
518 4797 587 4836 ex
638 4779 877 4835 Eusebio
920 4781 1045 4836 sine
1084 4780 1199 4835 ullo
1239 4781 1368 4837 dolo
1418 4781 1859 4847 transcribimus,

274 4871 420 4927 Hist.
464 4874 604 4927 εισι.
644 4874 682 4927 i.
730 4888 815 4934 Ill,
851 4886 903 4927 c.
948 4872 1020 4927 '56
1056 4891 1071 4927 :
1117 4873 1230 4936 Τὰς
1261 4872 1553 4936 ἐπιστολὰς
1603 4873 1862 4943 Ἰγνατίου

268 4967 366 5028 τὰς
395 4964 755 5037 πεμφθείσας
786 4966 915 5035 ἡμῖν
944 4964 1038 5018 ἀπ’
1065 4964 1255 5030 αὐτοῦ,
1291 4966 1386 5019 καὶ
1428 4965 1596 5029 ἄλλας
1623 4966 1757 5028 ὅσας
1786 4964 1864 5017 εἴ·

268 5077 443 5131 χομεν
493 5060 630 5129 παρ’
674 5060 829 5129 ἡμῖν,
874 5056 1204 5129 ἐπέμψαμεν
1236 5058 1387 5127 ὑμῖν,
1437 5056 1620 5121 καθὼς
1660 5056 1861 5109 ἐνετεί-

266 5154 473 5218 λασθε,
529 5153 594 5206 αἶ
634 5169 780 5216 τινες
833 5150 1278 5222 ἀτωτεταγμέναι
1326 5152 1435 5204 εἰσὶ
1480 5152 1549 5221 τῇ
1603 5150 1862 5223 ἐπιστολῇ

265 5244 470 5316 ταύτῃ,
516 5242 580 5307 ἐξ
615 5235 691 5296 ὧν
734 5242 949 5313 μεγάλα
976 5240 1324 5314 ὠφεληθῆναι
1350 5240 1681 5313 δυνήσεσθε-ί
1704 5258 1862 5313 περι-

269 5334 459 5404 έχωσι
481 5334 594 5404 γὰρ
620 5334 801 5387 πίστιν
820 5335 917 5389 καὶ
942 5332 1240 5405 ῠτωμονὴν,
1261 5335 1355 5387 καὶ
1378 5335 1560 5387 πᾶσαν
1576 5335 1865 5407 οἰκοδομὴν

269 5426 370 5497 τὴν
399 5428 483 5491 εἰς
507 5426 601 5479 τὸν
631 5426 833 5498 Κύριον
854 5426 1013 5498 ἡμῶν
1039 5427 1371 5499 ἀνήκουσαν.
1398 5424 1524 5482 Haec
1555 5426 1722 5481 verba
1743 5441 1866 5496 quae

274 5534 431 5573 nunc
481 5520 537 5572 in
581 5516 824 5574 Eusebio
874 5519 1133 5590 legimus,
1186 5518 1255 5572 ab
1292 5518 1415 5587 ipso
1458 5516 1631 5571 fuisse
1661 5516 1865 5586 scripta

273 5628 388 5666 non
424 5612 747 5668 dubitamus
781 5631 795 5666 :
823 5614 906 5668 sic
932 5612 1079 5668 enim
1108 5627 1174 5667 ea
1204 5612 1348 5667 intra
1374 5625 1550 5666 annos
1578 5609 1649 5665 85
1670 5627 1702 5665 a
1744 5608 1866 5661 Ru-

276 5706 413 5767 ﬁno,
444 5704 574 5759 licet
602 5706 961 5776 negligenter,
990 5720 1152 5761 versa
1176 5705 1424 5760 videmus
1448 5726 1461 5755 :
1482 5700 1699 5756 Mittam
1724 5702 1865 5756 vobis

275 5806 327 5852 et
358 5797 384 5851 1
391 5799 564 5868 gnatii
593 5798 874 5868 epistolas,
899 5808 951 5852 et
983 5800 1122 5853 alias
1151 5800 1201 5853 si
1221 5814 1338 5869 qua:
1361 5799 1490 5864 sint,
1526 5811 1646 5867 qua:
1672 5794 1742 5848 ad
1773 5811 1866 5851 nos

282 5893 617 5946 transmissa:
647 5901 767 5945 sunt
790 5909 809 5957 ;
836 5908 901 5946 ex
927 5892 1116 5961 quibus
1145 5892 1432 5947 utilitatem
1461 5890 1753 5945 maximam
1775 5906 1865 5944 ca-

562 5988 838 6049 I’AmOL.
896 5987 1009 6049 Gn.
1046 5986 1121 6045 ν.

1966 4697 2121 4756 ptum
2164 4688 2376 4753 incidit,
2406 4703 2513 4743 non
2542 4688 2685 4743 forte
2727 4691 2820 4745 sed
2864 4689 3191 4756 certissime,
3231 4687 3538 4755 Eusebius;

1964 4793 2089 4833 cum
2118 4779 2284 4850 igitur
2320 4780 2471 4834 aliud
2501 4782 2783 4851 exemplar
2813 4797 2923 4837 non
2956 4782 3183 4847 videret,
3219 4791 3275 4836 et
3309 4783 3441 4851 quid
3484 4783 3541 4835 in

1965 4870 2110 4925 Asiae
2138 4882 2411 4934 conventu
2440 4873 2714 4944 legeretur
2744 4875 3039 4944 ignoraret,
3072 4874 3126 4927 in
3162 4873 3365 4928 foedum
3391 4889 3542 4927 erro-

1965 4979 2080 5018 rem
2111 4964 2369 5034 delapsus
2395 4975 2481 5021 est
2518 4966 2911 5022 Ecclesiastica:
2937 4967 3177 5020 historia:
3210 4965 3391 5021 Pater.
3439 4964 3544 5020 Ne-

1965 5071 2074 5125 que
2104 5056 2341 5124 mirum;
2389 5068 2509 5113 erat
2535 5060 2738 5130 quippe
2776 5060 3028 5131 egregius
3071 5057 3269 5113 artifex
3308 5058 3397 5111 hic
3440 5059 3545 5111 im-

1964 5159 2190 5217 postor;
2218 5148 2362 5203 idem
2393 5151 2562 5214 enim,
2596 5167 2772 5221 neque
2795 5153 3091 5222 quisquam
3123 5150 3263 5205 alius
3296 5148 3419 5209 fuit.
3444 5149 3538 5219 qui

1966 5256 2062 5296 sex
2085 5242 2173 5296 vel
2196 5250 2404 5311 septem
2435 5242 2699 5312 epistolas
2733 5259 2765 5297 a
2795 5259 2855 5299 se
2878 5242 3144 5297 conﬁctas
3178 5240 3386 5312 lgnatio
3409 5242 3540 5295 sub—

1918 5368 1923 5373 -
1967 5334 2125 5401 didit,
2151 5343 2202 5388 et
2236 5336 2349 5389 luce
2370 5334 2434 5388 de
2464 5334 2782 5404 quibusdam
2820 5334 3020 5404 lgnatii
3051 5351 3084 5387 a
3122 5331 3417 5402 Polycarpo
3442 5332 3539 5384 lit-

1968 5426 2095 5480 teris
2122 5426 2279 5494 hujus
2317 5425 2386 5479 ad
2417 5425 2778 5495 Philippenses
2816 5436 3064 5479 extrema:
3094 5424 3335 5493 epistola
3362 5423 3545 5479 subte-

1965 5522 2105 5584 xuit,
2129 5530 2301 5584 ratus,
2325 5508 2464 5589 quod
2484 5517 2698 5580 accidit,
2723 5518 2937 5571 lectores
2958 5519 3068 5570 lucc
3085 5518 3149 5571 de
3170 5519 3282 5571 suis
3304 5517 3543 5587 epistolis

1967 5620 2294 5681 accepturos.
2347 5609 2524 5680 llnjus
2564 5609 2801 5664 fallaciis
2831 5610 3095 5681 deceptus
3124 5619 3207 5664 est
3250 5608 3544 5668 Eusebius.

1969 5713 2030 5758 ut
2064 5704 2303 5769 videtur,
2354 5702 2439 5755 vir
2486 5702 2713 5757 minime
2758 5702 2965 5769 malus,
3008 5713 3105 5758 aut
3149 5702 3442 5773 suspicax;
3492 5700 3544 5752 in

1968 5794 2223 5851 eumdem
2276 5808 2520 5849 errorem
2563 5793 2780 5850 induxit
2820 5809 3013 5851 omnes
3060 5809 3155 5850 eos
3197 5792 3404 5857 Patres,
3452 5790 3547 5861 qui

1971 5887 2101 5943 dum
2138 5885 2369 5959 epistola
2412 5884 2699 5959 Polycarpi
2731 5888 2787 5943 in
2832 5896 3104 5945 conventu
3149 5886 3291 5940 Asia:
3329 5882 3546 5954 publice
