4136 6404
601 403 698 459 £35

1642 403 1699 457 S.
1740 401 2085 459 IGNATlUS.
2120 432 2188 443 —-
2229 403 2760 461 PROLEGOMENA.

3743 402 3846 457 HO

600 538 889 600 legeretur,
919 527 1122 591 vixere,
1147 526 1349 597 quique
1383 525 1671 597 epistolam
1700 526 1969 596 integram
2001 536 2056 580 et
2085 525 2168 580 in-
2198 543 2247 601 Α
2272 527 2529 584 dentibus
2556 536 2612 583 et
2635 544 2758 584 cum
2804 523 3161 597 sequentibus
3195 524 3465 595 congruit,
3498 538 3674 593 neque
3706 524 3848 577 inter

516 614 543 647 λ
598 630 913 690 corruptam
968 620 1152 673 videre
1196 634 1480 689 nunquam
1542 627 1856 689 potuerunt.
1904 618 1973 671 At
2016 626 2170 687 post-

597 727 763 784 quam
780 727 842 766 ea
867 711 967 782 legi
983 710 1489 780 desiit,quingentis
1518 719 1641 780 post
1667 709 1962 764 Eusebium
1985 709 2166 776 annis,

599 804 783 858 omnia
812 804 929 858 haec
959 803 1095 858 vidit
1135 801 1499 872 Nicephorus,
1532 802 1768 872 ideoque
1807 812 1916 856 tam
1954 802 2165 857 tristem

597 896 920 950 sententiam
952 895 1019 950 de
1048 894 1332 965 Polycarpi
1359 894 1589 964 epistola
1624 894 1767 959 tulit,
1798 904 1854 949 et
1885 895 2025 949 inter
2047 909 2169 963 pes-

596 989 750 1041 simae
801 999 942 1042 notae
988 987 1296 1057 apocrypha
1344 986 1675 1041 numeravit.
1732 985 1875 1040 Proh
1932 985 2166 1056 lepidam

595 1080 877 1145 fabulam!
925 1080 1068 1135 Proh
1111 1095 1279 1136 suave
1322 1078 1632 1135 somnium!
1671 1076 1795 1132 Haec
1832 1078 2017 1132 omnia
2060 1094 2165 1132 non

593 1183 808 1229 tantum
848 1183 1042 1228 contra
1071 1181 1344 1234 nostrum,
1382 1171 1476 1226 sed
1503 1180 1557 1225 et
1585 1184 1880 1225 commune
1915 1170 2164 1223 omnium

589 1269 883 1340 indicium,
908 1268 1021 1321 imo
1041 1276 1232 1321 contra
1263 1265 1437 1333 ipsius
1466 1262 1653 1318 Dalliei
1679 1263 2006 1318 sententiam
2035 1277 2170 1317 con-

593 1362 718 1415 licta
762 1368 913 1414 sunt.
944 1357 1325 1425 Quisquamne
1372 1354 1560 1410 credet
1613 1354 1886 1409 hominem
1929 1352 2023 1423 qui
2066 1352 2169 1408 sub

593 1451 789 1522 lguatii
819 1449 1043 1504 nomine
1066 1446 1325 1502 Ecclesiae
1348 1446 1631 1515 imponere
1651 1444 1847 1507 voluit,
1873 1453 2164 1513 antequam

592 1542 868 1598 Eusebius
918 1541 1206 1605 scriberet,
1252 1539 1357 1595 sub
1402 1540 1565 1593 linem
1610 1536 1755 1591 tertii
1805 1545 1902 1591 aut
1950 1536 2165 1592 initium

590 1636 775 1705 quarti
825 1634 1035 1696 szeculi,
1073 1643 1135 1687 ut
1176 1632 1229 1687 id
1262 1629 1478 1686 facilius
1519 1628 1745 1695 faceret,
1793 1629 2166 1699 maioremque

591 1726 974 1781 auctoritatem
1006 1725 1152 1779 lictis
1183 1723 1299 1779 suis
1331 1722 1708 1779 mercimoniis
1737 1721 2073 1789 conciliaret,
2103 1720 2163 1776 S.

589 1817 877 1891 Polycarpi
927 1818 1216 1888 epistolam
1254 1815 1434 1886 primo
1477 1814 2164 1884 corrumperevoluisse;

2270 635 2391 675 eam
2414 630 2470 675 et
2499 621 2666 674 ullam
2693 620 2855 673 aliam
2875 618 3122 688 epistola:
3146 616 3470 685 particulam
3498 615 3608 669 ulla
3634 615 3845 674 discre-

2270 713 2455 781 pantia
2492 721 2596 767 est.
2629 710 2807 767 Verba
2848 726 2971 781 quae
3008 708 3361 779 producimus
3401 707 3471 761 ab
3501 706 3740 762 Eusebio
3778 722 3844 759 ex

2270 804 2555 875 Polycarpi
2600 804 2831 875 epistola
2882 800 3213 872 transcripta
3252 814 3355 854 nec
3401 798 3669 871 lgnatium
3717 807 3848 852 tunc

2270 897 2533 967 temporis
2567 896 2622 951 in
2652 896 2814 960 vivis,
2849 909 2950 950 nec
2975 906 3251 948 mortuum
3286 890 3461 947 fuisse
3508 890 3847 962 signiﬁcant,

2272 1004 2375 1045 nec
2395 989 2521 1043 vitae
2542 996 2639 1043 aut
2661 985 2815 1041 necis
2837 985 3173 1039 mentionem
3191 984 3359 1038 ullam
3376 981 3618 1037 iaciunt:
3642 981 3848 1050 episto-

2269 1080 2351 1136 las
2398 1089 2609 1135 tantum
2652 1082 2833 1150 primo
2866 1080 3088 1151 petitas,
3135 1077 3260 1133 dein
3315 1075 3515 1131 missas
3576 1073 3854 1142 indicant,

2268 1189 2391 1245 quae
2413 1172 2623 1245 lgnatio
2657 1174 2741 1228 vel
2772 1174 2989 1229 vivente
3015 1172 3096 1227 vel
3127 1178 3347 1227 mortuo
3373 1177 3430 1224 et
3467 1166 3578 1238 peti
3614 1176 3669 1221 et
3703 1166 3850 1222 mitti

2269 1275 2585 1337 patuerunt.
2624 1264 2847 1321 Nullum
2895 1265 3063 1337 igitur
3110 1263 3195 1317 vel
3236 1261 3525 1317 minimum
3574 1260 3851 1319 mendacii

2271 1360 2560 1431 vestigium
2598 1360 2653 1413 in
2691 1357 3010 1413 testimonio
3038 1363 3228 1411 nostro
3250 1360 3501 1422 apparet.
3533 1350 3593 1406 Si
3622 1351 3755 1421 quid
3790 1352 3851 1414 in

2268 1452 2520 1520 sequenti
2546 1449 2817 1519 particula
2845 1449 3029 1504 minus
3054 1459 3362 1516 congruum
3394 1444 3667 1510 videatur,
3708 1442 3849 1497 illud

2268 1561 2377 1600 non
2401 1545 2577 1615 magis
2601 1551 2789 1600 nostra
2827 1542 2993 1598 verba
3026 1541 3200 1596 inlicit
3226 1554 3392 1611 quam
3424 1537 3629 1608 priora.
3658 1538 3726 1590 At
3758 1535 3851 1589 fa-

2270 1647 2413 1694 tetur
2441 1637 2676 1692 Dallaaus
2708 1636 2841 1689 nihil
2874 1635 2928 1689 in
2957 1633 3237 1704 prioribus
3269 1646 3566 1695 occurrere,
3596 1630 3736 1700 quod
3764 1628 3849 1683 vel

2264 1748 2579 1803 quemquam
2605 1730 2887 1799 oﬂeudcre,
2912 1728 2992 1783 uel
3017 1726 3315 1797 Polyearpo
3338 1725 3614 1795 indignum
3646 1722 3851 1776 censeri

2267 1824 2473 1879 debeat.
2514 1823 2657 1878 Idem
2702 1822 2874 1891 igitur
2901 1820 2968 1875 de
2997 1819 3206 1875 nostris
3250 1818 3479 1873 omnino
3527 1814 3849 1879 dicendum,

588 1926 716 1965 cum
759 1926 826 1965 ΘΧ
866 1911 955 1965 illa
1002 1925 1109 1964 una
1147 1924 1206 1964 ιθ
1249 1909 1371 1977 eius
1414 1907 1631 1962 fama“
1672 1906 1930 1962 “mnibus
1979 1917 2167 1976 aperta
2198 1897 2241 1954 Β
2269 1928 2365 1974 aut
2401 1917 2608 1988 aliquid
2640 1917 2694 1971 in
2726 1917 2797 1971 iis
2825 1914 3008 1971 verbis
3046 1911 3469 1977 ostendendum,
3497 1910 3645 1980 quod
3678 1908 3851 1979 Poly—

589 2002 752 2069 τοι-ει,
786 2002 1165 2072 maioremque
1190 1999 1259 2054 de
1289 1997 1585 2069 lgnatianis
1612 1996 1682 2051 ab
1706 1996 1828 2066 ipso
1856 1995 2165 2065 producen-

585 2097 675 2150 dis
704 2096 1073 2165 suspicionem
1121 2092 1390 2153 excitare,
1432 2097 1487 2143 et
1530 2089 1772 2159 seipsum
1804 2090 2009 2144 certius
2040 2103 2167 2158 pro-

584 2190 717 2243 dere
740 2204 848 2243 non
883 2186 1113 2257 posset?
1150 2183 1441 2256 Polycarpi
1465 2183 1611 2238 enim
1644 2184 1758 2238 haec
1786 2182 2017 2253 epistola
2046 2198 2167 2237 om-

584 2282 753 2338 nibus
794 2280 899 2336 l‘uit
938 2278 1214 2350 exposita,
1256 2277 1312 2331 in
1354 2276 1606 2331 ecclesiis
1646 2275 1906 2331 Asiaticis
1950 2274 2166 2345 publice

584 2375 763 2441 lecta;
804 2376 893 2429 cui
934 2373 980 2428 si
1025 2372 1160 2442 quid
1204 2384 1409 2425 novum
1455 2378 1505 2423 et
1556 2369 1821 2424 hactenus
1856 2368 2163 2423 inauditum

585 2469 903 2535 adderetur,
935 2468 1127 2532 latere,
1159 2474 1215 2521 et
1252 2463 1650 2533 non'protinns
1672 2462 2020 2517 innotescere
2055 2476 2163 2515 non

583 2560 783 2629 potuit.
815 2559 1023 2614 Fatuus
1051 2573 1185 2613 sane
1218 2555 1510 2625 impostor,
1543 2556 1639 2631 qui
1682 2555 1800 2609 haec
1835 2563 1946 2609 tam
1977 2552 2165 2624 pueri-

2268 2026 2438 2080 carpo
2466 2010 2537 2064 sit
2574 2008 2858 2078 indignum
2900 2023 2915 2060 :
2963 2005 3096 2060 illud
3126 2013 3310 2060 autem
3349 2018 3453 2058 nec
3482 2003 3563 2070 tit,
3595 2017 3697 2057 nec
3728 2002 3845 2056 tier'

2267 2099 2495 2154 omnino
2523 2106 2727 2169 potest.
2750 2096 2913 2152 Certe
2937 2095 3244 2168 Polycarpo
3282 2094 3566 2165 indignum
3600 2109 3708 2149 non
3737 2103 3849 2155 est.

2266 2199 2328 2246 ut
2349 2191 2609 2261 epistolas
2640 2187 2834 2261 lgnatii
2862 2190 3005 2259 apud
3032 2204 3092 2245 se
3125 2196 3497 2246 conservaret.
3528 2195 3591 2241 ut
3633 2185 3852 2255 Philip-

2265 2299 2464 2356 penses
2488 2298 2583 2340 eas
2620 2284 2690 2339 ab
2733 2283 2855 2353 ipso
2894 2291 3162 2352 peterent,
3208 2292 3305 2336 aut
3345 2290 3407 2336 ut
3439 2281 3510 2336 ab
3549 2280 3619 2336 iis
3648 2279 3852 2350 petitas

2266 2378 2525 2441 mitteret,
2569 2386 2625 2432 et
2674 2392 2790 2432 sua:
2823 2376 3071 2447 epistolae
3108 2374 3489 2445 subiungeret,
3542 2374 3620 2428 uti
3673 2373 3852 2427 moris

2264 2480 2410 2536 erat;
2443 2470 2526 2525 sic
2555 2470 2702 2524 enim
2751 2470 2935 2525 clerus
2964 2467 3251 2523 Romanus
3279 2468 3346 2522 ad
3379 2466 3437 2521 S.
3467 2466 3804 2537 Cyprianum
3832 2482 3848 2518 :

2267 2560 2463 2626 Quales
2491 2562 2701 2616 litteras
2736 2562 2788 2615 in
2831 2558 3076 2615 Siciliam
3112 2576 3316 2630 quoque
3352 2559 3677 2623 miserimus,
3715 2557 3851 2611 sub-

584 2651 710 2707 liter
735 2652 1074 2721 excogitaret
1106 2668 1119 2703 :
1164 2648 1366 2718 fungus
1402 2646 1693 2713 Eusebius,
1736 2646 1831 2716 qui
1864 2654 1975 2700 tam
2008 2645 2166 2701 adul-
2256 2653 2428 2722 jeetas
2456 2652 2671 2707 habebis
2702 2668 2721 2706 :
2762 2653 2843 2708 sic
2872 2651 3117 2724 synodus
3155 2651 3422 2708 adversus
3462 2648 3693 2704 Paulum
3746 2647 3851 2702 Sa-

584 2742 779 2798 terinis
811 2742 1089 2796 mercibus
1113 2748 1222 2794 tam
1248 2739 1410 2794 facile
1435 2739 1780 2809 deciperetur
1818 2756 1832 2793 τ
1874 2738 2004 2793 caeci
2035 2751 2161 2793 sur-

584 2834 712 2889 dive
733 2848 929 2889 omnes
950 2832 1161 2897 Patres,
1190 2833 1283 2902 qui
1303 2832 1531 2901 epistola
1572 2846 1667 2901 per
1699 2830 1880 2886 Asiam
1909 2838 2161 2897 sonante,

584 2925 703 2980 hinc
750 2939 861 2979 non
904 2923 1384 2994 deprehenderunt
1427 2941 1439 2976 :
1484 2922 1705 2987 unicus,
1748 2930 1803 2976 et
1850 2920 1941 2975 ille
1978 2921 2160 2985 ﬁctus,

582 3016 926 3087 Nicephorus
970 3017 1083 3071 haec
1120 3016 1328 3081 omnia,
1364 3015 1596 3077 scilicet,
1626 3012 1853 3081 detexit,
1894 3019 1949 3067 et
1989 3021 2160 3067 totam

583 3109 872 3182 Polycarpi
902 3109 1185 3179 epistolam
1210 3110 1277 3164 ad
1303 3108 1588 3164 scombros
1619 3106 2023 3162 condemnavit.
2054 3104 2161 3160 Sed

2265 2754 2611 2801 mosatenum
2649 2754 2876 2809 coacta,
2910 2744 2981 2799 ad
3026 2743 3348 2815 Dionysium
3386 2741 3650 2820 Romanae
3691 2743 3852 2796 urbis

2262 2837 2606 2907 episcopum,
2639 2836 2930 2906 epistolam
2961 2834 3209 2906 Dionysii
3238 2833 3595 2889 Alexandrini
3637 2848 3853 2887 memo-

2264 2938 2410 2995 rant,
2442 2923 2511 3000 ἦς
2554 2928 2649 2981 καὶ
2676 2928 2738 2981 τὸ
2765 2927 3121 2999 ἀντίγραφον,
3162 2928 3441 2996 inquiunt,
3476 2925 3850 2996 ὑπετάξαμεν,

2263 3019 2415 3089 cujus
2439 3020 2601 3073 etiam
2626 3019 2897 3089 exemplar
2921 3018 3265 3089 subjecimus.
3290 3016 3492 3073 Euseb.
3513 3015 3563 3069 ll
3569 3018 3660 3071 ist.
3689 3016 3847 3083 eccl.,

2264 3111 2301 3166 Ι.
2334 3128 2432 3179 vn,
2457 3128 2508 3166 c.
2534 3110 2625 3166 30.

582 3219 653 3259 an
683 3212 903 3273 propter
937 3202 1079 3257 hanc
1122 3202 1597 3273 intcrpolationem
1635 3198 1974 3269 Nicephorus
2002 3197 2158 3270 Poly-

2336 3206 2475 3261 Tota
2502 3206 2670 3277 igitur
2703 3205 2954 3261 criminis
3002 3204 3239 3275 obiectio
3287 3203 3356 3260 ad
3402 3204 3552 3259 illam
3603 3213 3853 3259 tantum-

580 3298 733 3367 carpi
766 3298 1051 3367 epistolam
1079 3296 1485 3361 condemnavit,
1536 3309 1665 3359 cum
1703 3292 1758 3348 id
1801 3309 1993 3349 verum
2038 3308 2164 3349 esse
2198 3292 2229 3298 ﬁ
2262 3299 2428 3353 modo
2462 3298 2785 3369 particulam
2820 3298 3075 3371 pertinet,
3130 3312 3369 3367 quacum
3404 3307 3654 3352 nostrum
3695 3297 3819 3351 testi

579 3391 650 3445 de
675 3389 926 3460 epistolis
954 3387 1148 3460 lgnatii
1193 3403 1303 3443 non
1353 3402 1517 3457 posse
1555 3385 1993 3457 pronuntiaverit
2034 3383 2164 3439 Dal-

580 3482 737 3545 laeus,
763 3481 909 3551 quod
939 3481 994 3535 in
1028 3481 1179 3535 nullo
1203 3481 1313 3534 alio
1341 3495 1506 3549 opere
1533 3480 1674 3535 idem
1700 3479 2006 3550 praestitum
2033 3478 2160 3535 sita

577 3565 927 3638 Nicephoro?
970 3568 1053 3622 An
1103 3568 1194 3622 ille
1234 3566 1604 3639 Nicephorum
1646 3569 1720 3624 ob
1758 3568 1905 3623 hanc
1932 3583 2158 3624 causam

561 3658 865 3741 _Polycarpi
896 3659 1183 3730 epistolam
1226 3660 1365 3715 adeo
1410 3661 1674 3727 nobilem,
1698 3670 1806 3716 tam
1828 3660 1920 3717 diu
1940 3661 2159 3731 publice

578 3752 802 3816 lectam,
824 3761 880 3807 et
905 3754 974 3808 ab
1002 3753 1262 3809 omnibus
1288 3753 1355 3808 ad
1383 3769 1540 3809 suam
1564 3770 1740 3825 usque
1759 3762 1975 3809 aetatem
2006 3761 2157 3810 tanta

577 3860 705 3902 cum
736 3845 1092 3900 veneratione
1120 3852 1434 3915 susceptam
1482 3861 1595 3901 uno
1633 3846 1861 3902 verbulo
1891 3845 2159 3916 reiecisse

575 3939 716 4005 vult,
742 3938 838 4009 qui
878 3937 1020 3993 idem
1050 3937 1107 3992 in
1141 3936 1351 4009 lgnatio
1376 3938 1494 3993 ﬁeri
1522 3954 1629 3993 non
1653 3940 1901 4009 potuisse
1930 3947 2158 3994 conten—

574 4031 678 4098 dit,
710 4032 816 4086 nisi
852 4028 1254 4086 Stichometriae
1282 4036 1479 4085 auctor
1512 4030 1564 4085 id
1614 4030 1794 4100 ipsum
1825 4031 2157 4096 monuisset,

573 4128 633 4178 et
660 4122 950 4193 diligenter
986 4137 1046 4178 se
1092 4123 1421 4193 purgasset?
1449 4121 1536 4176 An
1569 4122 1623 4177 id
1663 4120 1980 4192 Nicephoro
2019 4122 2155 4178 sub-

574 4216 784 4271 ol'uisse
817 4224 924 4270 tam
955 4224 1109 4271 certo
1149 4215 1367 4271 deliniri
1394 4223 1596 4285 potest,
1626 4230 1790 4285 quem
1823 4216 2021 4287 legisse
2044 4214 2155 4269 Po-

574 4308 859 4379 lycarpum
888 4309 1133 4364 nondum
1159 4308 1388 4375 scimus,
1429 4322 1555 4363 cum
1580 4306 1860 4373 Photium,
1888 4307 1981 4378 qui
2005 4322 2155 4363 eam-

572 4400 699 4456 dem
736 4402 919 4457 sedem
959 4409 1086 4472 post
1113 4415 1322 4472 paucos
1355 4415 1532 4456 annos
1568 4400 1764 4464 tenuit,
1804 4399 1947 4454 idem
1994 4399 2158 4470 plane

572 4493 756 4560 latuit,
788 4508 952 4564 quem
993 4502 1048 4548 et
1089 4492 1380 4564 epistolam
1420 4500 1478 4547 et
1521 4506 1587 4547 ea
1624 4491 1789 4547 verba
1825 4490 2022 4562 legisse
2052 4505 2153 4545 no~

570 4585 751 4641 vimus
772 4587 796 4641 ἳ

644 4679 753 4738 Sed
780 4683 913 4753 quid
941 4690 1222 4737 auctorem
1250 4678 1519 4735 mendacii
1544 4676 1864 4749 quaerimus,
1889 4678 1984 4749 qui
2011 4692 2151 4733 non-

571 4776 705 4832 dum
736 4775 1085 4831 mendacium
1132 4772 1309 4841 ipsum
1350 4769 1852 4840 deprehendimus?
1895 4768 2152 4825 Testimo-

572 4869 722 4923 nium
746 4865 1057 4937 Palycarpi,
1084 4864 1281 4933 inquit,
1307 4862 1646 4917 subdititiam
1667 4871 1768 4927 est,
1798 4870 1848 4916 et
1874 4860 2151 4915 mendacio

571 4962 894 5032 inspersum.
948 4957 1353 5014 Testimonium
1411 4955 1747 5022 audivimus,
1802 4955 2148 5011 mendacium

570 5067 683 5107 non
716 5050 1109 5121 perspicimus.
1142 5046 1250 5101 Sed
1278 5047 1545 5116 impostor
1592 5045 1657 5098 de
1685 5044 1900 5116 lgnatio
1942 5047 2023 5100 ita
2064 5047 2148 5099 lo-

568 5142 775 5213 quitur,
809 5149 871 5194 ut
896 5155 1019 5194 eum
1047 5152 1151 5207 quo
1180 5146 1410 5205 tempore
1436 5137 1549 5191 haec
1574 5136 1776 5205 scripta
1803 5144 1949 5201 sunt,
1973 5136 2149 5190 adhuc

570 5246 841 5303 superesse
880 5229 1163 5301 signiﬁcet.
1195 5226 1272 5283 De
1311 5229 1453 5298 ipso,
1485 5226 1679 5297 inquit,
1714 5224 1947 5297 lgnatio,
1984 5234 2042 5281 et
2079 5227 2149 5284 de

571 5323 661 5380 his
687 5322 780 5392 qui
812 5337 938 5378 cum
968 5336 1035 5376 eo
1075 5330 1224 5385 sunt,
1256 5319 1403 5389 quod
1438 5319 1645 5375 certius
1690 5318 2044 5388 agnoveritis,
2073 5318 2150 5373 si-

567 5415 845 5486 gnilicate.
893 5412 965 5466 At
1002 5412 1242 5480 epistola
1292 5420 1482 5465 auctor
1520 5412 1679 5481 plane
1730 5411 1840 5463 alia
1886 5410 2143 5480 loquitur,

567 5506 896 5577 apertissime
924 5505 1190 5575 alfirmans
1219 5503 1517 5575 Ignatium,
1534 5520 1638 5575 quo
1668 5512 1897 5572 tempore
1933 5504 2046 5574 ipse
2073 5504 2145 5557 ad

566 5598 931 5669 Philippenses
948 5598 1231 5663 scribebat,
1248 5598 1366 5668 jam
1383 5598 1549 5668 fuisse
1568 5596 2005 5668 τετελειωμένον.
2026 5594 2147 5652 Huc

568 5692 788 5748 tandem
827 5702 940 5748 tota
967 5692 1239 5749 mendacii
1263 5690 1557 5761 imputatio
1587 5690 1747 5745 redit.
1779 5688 1922 5756 Quid
1957 5698 2142 5744 autem

565 5802 681 5842 nate
706 5785 773 5841 ad
796 5785 1176 5842 testimonium
1208 5794 1481 5850 nostrum,
1507 5783 1653 5852 quod
1686 5797 1789 5837 nos
1808 5797 1874 5836 ex
1902 5780 2140 5836 Eusebio

562 5876 1275 5950 uanscripsimuswptime
1336 5885 1480 5934 certe
1514 5874 1649 5932 illud
1676 5883 1730 5930 et
1772 5889 1897 5930 cum
1931 5889 2138 5946 praece-

2261 3391 2509 3445 monium
2534 3391 2672 3444 nihil
2698 3405 2996 3445 commune
3036 3390 3221 3456 habet,
3249 3404 3373 3460 quae
3401 3389 3451 3444 si
3495 3389 3850 3460 admittatur,

2261 3483 2754 3553 nibilnosjnvat;
2805 3482 2851 3537 si
2900 3482 3204 3552 reiiciatur,
3260 3482 3397 3537 nihil
3442 3480 3604 3536 nobis
3654 3480 3881 3536 oﬂicit.

2258 3573 2459 3630 Nostra
2491 3584 2624 3629 tunc
2671 3576 2725 3629 in
2778 3573 3009 3643 epistola
3055 3573 3342 3645 Polycarpi
3370 3571 3508 3628 vidit
3550 3572 3850 3639 Eusebius,

2257 3681 2386 3721 cum
2417 3673 2531 3719 tota
2582 3673 2638 3719 et
2682 3664 2893 3735 integra
2946 3667 3001 3720 in
3034 3671 3310 3719 conventu
3358 3661 3505 3718 Asia!
3542 3663 3821 3734 legeretur

2258 3768 2385 3808 cum
2417 3751 2690 3808 Eusebius
2714 3768 2817 3809 nec
2838 3754 2959 3808 sine
3002 3768 3218 3808 summa
3248 3752 3583 3823 negligentia
3611 3763 3664 3808 et
3691 3754 3846 3808 osci-

2258 3846 2430 3901 tantia
2456 3845 2595 3914 falli,
2632 3862 2734 3902 nec
2764 3846 2885 3903 sine
2942 3845 3253 3902 incredibili
3301 3845 3534 3901 audacia
3562 3854 3619 3901 et
3660 3848 3849 3917 impu-

2257 3939 2442 3995 dentia
2470 3938 2661 3994 fallere
2686 3940 2885 4010 potuit.
2913 3938 3041 3995 Haec
3078 3938 3349 4011 particula
3376 3940 3695 4011 quingentis
3720 3949 3850 4010 post

2256 4031 2556 4088 Eusebium
2588 4035 2750 4090 annis
2778 4034 2836 4088 in
2858 4034 3049 4089 eadem
3080 4033 3314 4104 epistola
3339 4033 3613 4099 exstabat,
3666 4042 3729 4087 ut
3772 4047 3843 4087 ex

2257 4124 2454 4180 Photio
2479 4124 2782 4193 discimus;
2834 4141 2906 4181 an
2958 4126 3185 4196 reliquis
3227 4141 3412 4181 coaeva
3463 4124 3630 4180 fuerit
3677 4126 3847 4195 plane

2258 4217 2558 4273 nescimus.
2590 4216 2696 4272 Sed
2740 4218 2787 4272 si
2837 4217 3033 4273 demus
3060 4231 3184 4272 eam
3213 4217 3379 4271 etiam
3424 4215 3599 4271 fuisse
3648 4226 3840 4270 nostra

2258 4308 2576 4363 testimonio
2620 4318 2870 4381 tempore
2917 4308 3145 4365 Eusebii
3204 4308 3534 4379 subiectam,
3587 4308 3839 4362 nondum

2256 4408 2439 4456 tamen
2469 4400 2555 4465 vel
2581 4401 2730 4457 illam
2762 4402 3051 4458 mendacio
3077 4403 3383 4473 inspersam
3415 4415 3538 4457 esse
3578 4401 3841 4455 concedi-

2256 4506 2402 4547 mus.
2445 4490 2561 4547 lmo
2614 4507 2744 4548 vero
2806 4493 3087 4564 quomodo
3120 4494 3239 4548 haec
3283 4493 3492 4548 verba:
3531 4491 3604 4545 Et
3632 4492 3697 4545 de
3718 4493 3841 4558 ipso

2183 4583 2230 4638 D
2258 4584 2507 4656 lgnatio,
2534 4593 2588 4639 et
2640 4587 2706 4641 de
2748 4587 2830 4642 his
2884 4587 2976 4651 qui
3019 4602 3140 4640 cum
3177 4602 3238 4640 eo
3282 4595 3429 4653 sunt,
3471 4590 3610 4656 quod
3634 4586 3839 4639 certius

2254 4677 2575 4747 agnoveritis
2610 4677 2932 4748 signiﬁcate,
2954 4691 3079 4747 quae
3133 4676 3270 4731 nihil
3299 4676 3529 4731 omnino
3554 4687 3837 4740 asserunt,

2255 4766 2393 4821 nihil
2423 4767 2696 4821 alIirmant
2716 4774 2812 4821 aut
2844 4774 3066 4835 negant,
3100 4764 3372 4820 mendacii
3399 4772 3455 4818 et
3497 4763 3721 4833 quidem
3747 4762 3840 4817 in-

2253 4859 2429 4929 signis
2481 4874 2574 4915 rea
2618 4874 2742 4915 esse
2787 4858 3023 4928 possint,
3082 4873 3193 4912 non
3237 4856 3498 4926 intelligo.
3559 4855 3667 4922 Qui
3704 4856 3841 4912 talia

2253 4952 2394 5006 mihi
2419 4951 2710 5018 scriberet,
2741 4966 2866 5007 eum
2900 4966 2969 5006 ne
2997 4964 3124 5005 vera
3151 4948 3373 5019 quidem
3403 4948 3632 5015 dixisse,
3659 4948 3839 5003 multo

2251 5046 2438 5100 minus
2487 5046 2778 5100 mentitum
2826 5059 2949 5100 esse
3004 5044 3265 5099 dicerem.
3320 5042 3546 5109 Verum,
3594 5042 3842 5113 inquies,

2252 5139 2508 5211 quamvis
2530 5154 2641 5194 non
2689 5147 2970 5206 asserunt,
3026 5139 3269 5194 innuunt
3308 5146 3491 5193 tamen
3519 5136 3649 5193 illud
3681 5137 3839 5208 quod

2250 5242 2371 5288 erat
2394 5231 2615 5286 veritati
2646 5232 3013 5294 contrarium,
3047 5230 3281 5295 scilicet,
3328 5229 3602 5298 Ignatium
3632 5245 3835 5299 super-

2248 5339 2392 5390 esse,
2426 5323 2610 5379 vivere
2651 5332 2707 5378 et
2750 5323 2971 5387 valere,
3019 5338 3183 5393 quem
3227 5321 3564 5393 Polycarpus
3603 5331 3839 5378 noverat

2248 5426 2379 5471 ante
2403 5414 2724 5472 defunctum
2767 5431 2911 5471 esse.
2971 5414 3078 5470 Sed
3129 5430 3198 5470 ne
3239 5415 3343 5469 hoc
3372 5415 3594 5485 quidem
3638 5428 3837 5470 verum

2246 5516 2363 5575 est;
2396 5508 2679 5577 particula:
2708 5507 2858 5563 illius
2887 5516 3082 5561 auctor
3108 5521 3219 5563 non
3262 5505 3571 5574 signiﬁcat,
3598 5514 3696 5559 aut
3720 5506 3837 5561 ullo

2248 5600 2412 5655 modo
2444 5600 2625 5655 innuit
2661 5598 2933 5669 lgnatium
2964 5608 3096 5655 tunc
3148 5600 3202 5653 in
3234 5598 3376 5652 vivis
3405 5596 3598 5653 fuisse.
3649 5596 3833 5652 Verba

2244 5688 2531 5758 particulae
2576 5689 2631 5743 in
2689 5688 2860 5744 veteri
2918 5686 3114 5743 Latina
3167 5687 3467 5744 versione:
3514 5686 3584 5741 Et
3624 5688 3691 5741 de
3713 5688 3832 5757 ipso

2244 5782 2506 5854 Ignatio,
2566 5792 2616 5837 et
2689 5782 2752 5836 de
2804 5782 2872 5835 iis
2927 5781 3017 5852 qui
3062 5796 3181 5835 cum
3230 5796 3290 5836 eo
3342 5790 3468 5836 sunt
3518 5779 3727 5851 (Graece
3767 5793 3835 5837 ut

2243 5874 2481 5947 opinor,
2535 5873 2628 5928 καὶ
2692 5872 2821 5946 περὶ
2884 5870 3146 5942 Ἰγνατιου
3204 5872 3297 5927 καὶ
3358 5871 3486 5944 περὶ
3553 5870 3663 5925 τῶν
3712 5871 3834 5942 μετ’
