  <div class='ocr_page' id='page_1' title='image "/cluster/home/n/w/nwhite01/storage/ocr_20150623/5/coo.31924054872845/078.png"; bbox 0 0 4136 6408; ppageno 0'>
   <div class='ocr_carea' id='block_1_1' title="bbox 350 423 453 479">
    <p class='ocr_par' dir='ltr' id='par_1_1' title="bbox 350 423 453 479">
     <span class='ocr_line' id='line_1_1' title="bbox 350 423 453 479; baseline 0.029 -3"><span class='ocrx_word' id='word_1_1' title='bbox 350 423 453 479; x_wconf 62' lang='grc' dir='ltr'><strong>ηε</strong></span> 
     </span>
    </p>
   </div>
   <div class='ocr_carea' id='block_1_2' title="bbox 1096 419 2786 481">
    <p class='ocr_par' dir='ltr' id='par_1_2' title="bbox 1096 419 2786 481">
     <span class='ocr_line' id='line_1_2' title="bbox 1096 419 2786 481; baseline -0.001 -4"><span class='ocrx_word' id='word_1_2' title='bbox 1096 421 1148 477; x_wconf 74' lang='lat'><strong>1.</strong></span> <span class='ocrx_word' id='word_1_3' title='bbox 1189 419 1557 478; x_wconf 79' lang='lat' dir='ltr'><strong>PEARSONII</strong></span> <span class='ocrx_word' id='word_1_4' title='bbox 1597 421 1919 480; x_wconf 71' lang='lat' dir='ltr'><strong>VINDICIA&#39;I</strong></span> <span class='ocrx_word' id='word_1_5' title='bbox 1961 421 2383 481; x_wconf 62' lang='lat' dir='ltr'><strong>lGNATlANAE.</strong></span> <span class='ocrx_word' id='word_1_6' title='bbox 2420 454 2491 465; x_wconf 92' lang='lat'><em>—</em></span> <span class='ocrx_word' id='word_1_7' title='bbox 2521 420 2705 478; x_wconf 76' lang='lat' dir='ltr'><strong>PARS</strong></span> <span class='ocrx_word' id='word_1_8' title='bbox 2745 420 2786 476; x_wconf 88' lang='grc'><strong>1.</strong></span> 
     </span>
    </p>
   </div>
   <div class='ocr_carea' id='block_1_3' title="bbox 3510 416 3612 472">
    <p class='ocr_par' dir='ltr' id='par_1_3' title="bbox 3510 416 3612 472">
     <span class='ocr_line' id='line_1_3' title="bbox 3510 416 3612 472; baseline 0.01 -1"><span class='ocrx_word' id='word_1_9' title='bbox 3510 419 3532 471; x_wconf 74' lang='grc'><strong>1</strong></span> <span class='ocrx_word' id='word_1_10' title='bbox 3542 416 3612 472; x_wconf 63' lang='grc'><strong>42</strong></span> 
     </span>
    </p>
   </div>
   <div class='ocr_carea' id='block_1_4' title="bbox 344 541 3612 617">
    <p class='ocr_par' dir='ltr' id='par_1_4' title="bbox 344 541 3612 617">
     <span class='ocr_line' id='line_1_4' title="bbox 344 541 3612 617; baseline -0.001 -19"><span class='ocrx_word' id='word_1_11' title='bbox 344 544 543 617; x_wconf 79' lang='grc' dir='ltr'><strong>αὑτοῦ)</strong></span> <span class='ocrx_word' id='word_1_12' title='bbox 566 545 709 615; x_wconf 85' lang='lat' dir='ltr'><strong>quod</strong></span> <span class='ocrx_word' id='word_1_13' title='bbox 767 545 961 599; x_wconf 83' lang='lat' dir='ltr'><strong>certius</strong></span> <span class='ocrx_word' id='word_1_14' title='bbox 1025 546 1348 615; x_wconf 84' lang='lat' dir='ltr'><strong>agnoveritis</strong></span> <span class='ocrx_word' id='word_1_15' title='bbox 1389 545 1721 616; x_wconf 82' lang='lat' dir='ltr'><strong>signiﬁcate;</strong></span> <span class='ocrx_word' id='word_1_16' title='bbox 1771 549 1935 601; x_wconf 78' lang='lat' dir='ltr'><strong>verba</strong></span> <span class='ocrx_word' id='word_1_17' title='bbox 1964 556 2011 612; x_wconf 78' lang='grc' dir='ltr'><strong>Α</strong></span> <span class='ocrx_word' id='word_1_18' title='bbox 2110 548 2289 617; x_wconf 85' lang='lat' dir='ltr'><strong>Atque</strong></span> <span class='ocrx_word' id='word_1_19' title='bbox 2321 548 2436 601; x_wconf 69' lang='lat' dir='ltr'><strong>lucc</strong></span> <span class='ocrx_word' id='word_1_20' title='bbox 2467 547 2532 600; x_wconf 85' lang='lat' dir='ltr'><strong>de</strong></span> <span class='ocrx_word' id='word_1_21' title='bbox 2556 547 2687 611; x_wconf 81' lang='lat' dir='ltr'><strong>fide;</strong></span> <span class='ocrx_word' id='word_1_22' title='bbox 2743 559 2888 599; x_wconf 90' lang='lat' dir='ltr'><strong>nunc</strong></span> <span class='ocrx_word' id='word_1_23' title='bbox 2914 544 2983 599; x_wconf 89' lang='lat' dir='ltr'><strong>de</strong></span> <span class='ocrx_word' id='word_1_24' title='bbox 3030 543 3081 597; x_wconf 87' lang='lat' dir='ltr'><strong>vi</strong></span> <span class='ocrx_word' id='word_1_25' title='bbox 3122 541 3416 597; x_wconf 77' lang='lat' dir='ltr'><strong>testimonii</strong></span> <span class='ocrx_word' id='word_1_26' title='bbox 3446 555 3612 611; x_wconf 81' lang='lat' dir='ltr'><strong>agen-</strong></span> 
     </span>
    </p>
   </div>
   <div class='ocr_carea' id='block_1_5' title="bbox 345 632 1939 708">
    <p class='ocr_par' dir='ltr' id='par_1_5' title="bbox 345 632 1939 708">
     <span class='ocr_line' id='line_1_5' title="bbox 345 632 1939 708; baseline 0.002 -22"><span class='ocrx_word' id='word_1_27' title='bbox 345 632 529 689; x_wconf 85' lang='lat' dir='ltr'><strong>Pbotii</strong></span> <span class='ocrx_word' id='word_1_28' title='bbox 558 644 727 689; x_wconf 87' lang='lat' dir='ltr'><strong>sunt:</strong></span> <span class='ocrx_word' id='word_1_29' title='bbox 770 636 1010 687; x_wconf 77' lang='grc' dir='ltr'><strong>Αιτεῖται</strong></span> <span class='ocrx_word' id='word_1_30' title='bbox 1043 634 1458 706; x_wconf 81' lang='grc' dir='ltr'><strong>ἀναδιδαχθῆναι</strong></span> <span class='ocrx_word' id='word_1_31' title='bbox 1506 639 1638 708; x_wconf 80' lang='grc' dir='ltr'><strong>παρ’</strong></span> <span class='ocrx_word' id='word_1_32' title='bbox 1671 636 1853 689; x_wconf 83' lang='grc' dir='ltr'>αὐτῶν</span> <span class='ocrx_word' id='word_1_33' title='bbox 1886 637 1939 689; x_wconf 82' lang='grc' dir='ltr'><strong>εἴ</strong></span> 
     </span>
    </p>
   </div>
   <div class='ocr_carea' id='block_1_6' title="bbox 344 712 1938 799">
    <p class='ocr_par' dir='ltr' id='par_1_6' title="bbox 344 712 1938 799">
     <span class='ocr_line' id='line_1_6' title="bbox 344 712 1938 799; baseline 0.003 -20"><span class='ocrx_word' id='word_1_34' title='bbox 344 743 399 780; x_wconf 81' lang='grc' dir='ltr'><strong>τι</strong></span> <span class='ocrx_word' id='word_1_35' title='bbox 433 729 565 799; x_wconf 76' lang='grc' dir='ltr'>περὶ</span> <span class='ocrx_word' id='word_1_36' title='bbox 598 728 811 781; x_wconf 73' lang='grc' dir='ltr'><strong>ἑκείνου</strong></span> <span class='ocrx_word' id='word_1_37' title='bbox 832 726 1196 791; x_wconf 72' lang='grc' dir='ltr'><strong>διακούσαιεν,</strong></span> <span class='ocrx_word' id='word_1_38' title='bbox 1230 729 1361 798; x_wconf 82' lang='lat' dir='ltr'><strong>petit</strong></span> <span class='ocrx_word' id='word_1_39' title='bbox 1386 737 1446 781; x_wconf 85' lang='lat' dir='ltr'><strong>ut</strong></span> <span class='ocrx_word' id='word_1_40' title='bbox 1479 728 1545 782; x_wconf 89' lang='lat' dir='ltr'><strong>ab</strong></span> <span class='ocrx_word' id='word_1_41' title='bbox 1566 712 1711 799; x_wconf 87' lang='lat' dir='ltr'><strong>ipsis</strong></span> <span class='ocrx_word' id='word_1_42' title='bbox 1744 732 1938 784; x_wconf 87' lang='lat' dir='ltr'><strong>certior</strong></span> 
     </span>
    </p>
   </div>
   <div class='ocr_carea' id='block_1_7' title="bbox 345 819 1938 889">
    <p class='ocr_par' dir='ltr' id='par_1_7' title="bbox 345 819 1938 889">
     <span class='ocr_line' id='line_1_7' title="bbox 345 819 1938 889; baseline 0.001 -15"><span class='ocrx_word' id='word_1_43' title='bbox 345 823 467 889; x_wconf 77' lang='lat' dir='ltr'><strong>fiat,</strong></span> <span class='ocrx_word' id='word_1_44' title='bbox 498 822 548 874; x_wconf 92' lang='lat' dir='ltr'><strong>si</strong></span> <span class='ocrx_word' id='word_1_45' title='bbox 576 820 707 888; x_wconf 87' lang='lat' dir='ltr'><strong>quid</strong></span> <span class='ocrx_word' id='word_1_46' title='bbox 731 820 797 873; x_wconf 86' lang='lat' dir='ltr'><strong>de</strong></span> <span class='ocrx_word' id='word_1_47' title='bbox 840 819 936 873; x_wconf 86' lang='lat' dir='ltr'><strong>illo</strong></span> <span class='ocrx_word' id='word_1_48' title='bbox 972 821 1351 874; x_wconf 84' lang='lat' dir='ltr'><strong>inaudiverint.</strong></span> <span class='ocrx_word' id='word_1_49' title='bbox 1402 820 1593 875; x_wconf 87' lang='lat' dir='ltr'><strong>Primo</strong></span> <span class='ocrx_word' id='word_1_50' title='bbox 1621 829 1803 876; x_wconf 89' lang='lat' dir='ltr'><strong>autem</strong></span> <span class='ocrx_word' id='word_1_51' title='bbox 1838 837 1938 877; x_wconf 90' lang='lat' dir='ltr'><strong>au-</strong></span> 
     </span>
    </p>
   </div>
   <div class='ocr_carea' id='block_1_8' title="bbox 344 911 1933 983">
    <p class='ocr_par' dir='ltr' id='par_1_8' title="bbox 344 911 1933 983">
     <span class='ocr_line' id='line_1_8' title="bbox 344 911 1933 983; baseline 0.001 -16"><span class='ocrx_word' id='word_1_52' title='bbox 344 914 463 967; x_wconf 90' lang='lat' dir='ltr'><strong>dire</strong></span> <span class='ocrx_word' id='word_1_53' title='bbox 494 921 753 981; x_wconf 87' lang='lat' dir='ltr'><strong>poterant</strong></span> <span class='ocrx_word' id='word_1_54' title='bbox 776 911 1156 982; x_wconf 84' lang='lat' dir='ltr'><strong>Philippenses</strong></span> <span class='ocrx_word' id='word_1_55' title='bbox 1186 912 1393 983; x_wconf 86' lang='lat' dir='ltr'><strong>aliquid</strong></span> <span class='ocrx_word' id='word_1_56' title='bbox 1424 913 1493 968; x_wconf 90' lang='lat' dir='ltr'><strong>de</strong></span> <span class='ocrx_word' id='word_1_57' title='bbox 1540 911 1749 983; x_wconf 85' lang='lat' dir='ltr'><strong>lgnatio</strong></span> <span class='ocrx_word' id='word_1_58' title='bbox 1786 914 1933 981; x_wconf 85' lang='lat' dir='ltr'><strong>vivo,</strong></span> 
     </span>
    </p>
   </div>
   <div class='ocr_carea' id='block_1_9' title="bbox 342 1003 1931 1077">
    <p class='ocr_par' dir='ltr' id='par_1_9' title="bbox 342 1003 1931 1077">
     <span class='ocr_line' id='line_1_9' title="bbox 342 1003 1931 1077; baseline 0.001 -18"><span class='ocrx_word' id='word_1_59' title='bbox 342 1004 491 1075; x_wconf 84' lang='lat' dir='ltr'><strong>quod</strong></span> <span class='ocrx_word' id='word_1_60' title='bbox 520 1003 864 1076; x_wconf 82' lang='lat' dir='ltr'><strong>Polycarpus</strong></span> <span class='ocrx_word' id='word_1_61' title='bbox 890 1004 960 1059; x_wconf 90' lang='lat' dir='ltr'><strong>ab</strong></span> <span class='ocrx_word' id='word_1_62' title='bbox 990 1004 1097 1060; x_wconf 87' lang='lat' dir='ltr'><strong>illis</strong></span> <span class='ocrx_word' id='word_1_63' title='bbox 1127 1005 1270 1060; x_wconf 88' lang='lat' dir='ltr'><strong>scire</strong></span> <span class='ocrx_word' id='word_1_64' title='bbox 1288 1017 1512 1077; x_wconf 80' lang='lat' dir='ltr'><strong>caperet</strong></span> <span class='ocrx_word' id='word_1_65' title='bbox 1535 1008 1630 1061; x_wconf 91' lang='lat' dir='ltr'><strong>illo</strong></span> <span class='ocrx_word' id='word_1_66' title='bbox 1654 1006 1931 1061; x_wconf 86' lang='lat' dir='ltr'><strong>defuncto.</strong></span> 
     </span>
    </p>
   </div>
   <div class='ocr_carea' id='block_1_10' title="bbox 343 1092 1933 1167">
    <p class='ocr_par' dir='ltr' id='par_1_10' title="bbox 343 1092 1933 1167">
     <span class='ocr_line' id='line_1_10' title="bbox 343 1092 1933 1167; baseline 0.001 -19"><span class='ocrx_word' id='word_1_67' title='bbox 343 1094 617 1165; x_wconf 86' lang='lat' dir='ltr'><strong>lgnatius,</strong></span> <span class='ocrx_word' id='word_1_68' title='bbox 648 1102 711 1149; x_wconf 93' lang='lat' dir='ltr'><strong>ut</strong></span> <span class='ocrx_word' id='word_1_69' title='bbox 762 1092 1012 1149; x_wconf 87' lang='lat' dir='ltr'><strong>referunt</strong></span> <span class='ocrx_word' id='word_1_70' title='bbox 1065 1095 1213 1151; x_wconf 91' lang='lat' dir='ltr'><strong>illius</strong></span> <span class='ocrx_word' id='word_1_71' title='bbox 1238 1105 1381 1160; x_wconf 86' lang='lat' dir='ltr'><strong>acta,</strong></span> <span class='ocrx_word' id='word_1_72' title='bbox 1428 1113 1523 1166; x_wconf 88' lang='lat' dir='ltr'><strong>per</strong></span> <span class='ocrx_word' id='word_1_73' title='bbox 1568 1095 1933 1167; x_wconf 83' lang='lat' dir='ltr'><strong>Philippenses</strong></span> 
     </span>
    </p>
   </div>
   <div class='ocr_carea' id='block_1_11' title="bbox 340 1188 1935 1260">
    <p class='ocr_par' dir='ltr' id='par_1_11' title="bbox 340 1188 1935 1260">
     <span class='ocr_line' id='line_1_11' title="bbox 340 1188 1935 1260; baseline 0.003 -19"><span class='ocrx_word' id='word_1_74' title='bbox 340 1190 692 1258; x_wconf 81' lang='lat' dir='ltr'><strong>pertransivit</strong></span> <span class='ocrx_word' id='word_1_75' title='bbox 744 1188 1118 1242; x_wconf 74' lang='lat' dir='ltr'><strong>Macedoniam</strong></span> <span class='ocrx_word' id='word_1_76' title='bbox 1157 1190 1350 1259; x_wconf 87' lang='lat' dir='ltr'><strong>pedes;</strong></span> <span class='ocrx_word' id='word_1_77' title='bbox 1401 1205 1433 1244; x_wconf 89' lang='lat' dir='ltr'><strong>a</strong></span> <span class='ocrx_word' id='word_1_78' title='bbox 1489 1189 1935 1260; x_wconf 87' lang='lat' dir='ltr'><strong>Philippensibus</strong></span> 
     </span>
    </p>
   </div>
   <div class='ocr_carea' id='block_1_12' title="bbox 342 1279 1934 1353">
    <p class='ocr_par' dir='ltr' id='par_1_12' title="bbox 342 1279 1934 1353">
     <span class='ocr_line' id='line_1_12' title="bbox 342 1279 1934 1353; baseline 0 -18"><span class='ocrx_word' id='word_1_79' title='bbox 342 1281 500 1336; x_wconf 82' lang='lat' dir='ltr'><strong>missi</strong></span> <span class='ocrx_word' id='word_1_80' title='bbox 528 1289 663 1335; x_wconf 85' lang='lat' dir='ltr'><strong>sunt</strong></span> <span class='ocrx_word' id='word_1_81' title='bbox 692 1279 863 1349; x_wconf 86' lang='lat' dir='ltr'><strong>aliqui</strong></span> <span class='ocrx_word' id='word_1_82' title='bbox 887 1281 982 1349; x_wconf 87' lang='lat' dir='ltr'><strong>qui</strong></span> <span class='ocrx_word' id='word_1_83' title='bbox 1016 1295 1165 1346; x_wconf 89' lang='lat' dir='ltr'><strong>eum,</strong></span> <span class='ocrx_word' id='word_1_84' title='bbox 1206 1281 1435 1337; x_wconf 86' lang='lat' dir='ltr'><strong>honoris</strong></span> <span class='ocrx_word' id='word_1_85' title='bbox 1459 1292 1513 1337; x_wconf 90' lang='lat' dir='ltr'><strong>et</strong></span> <span class='ocrx_word' id='word_1_86' title='bbox 1559 1280 1934 1353; x_wconf 84' lang='lat' dir='ltr'><strong>refrigeratio-</strong></span> 
     </span>
    </p>
   </div>
   <div class='ocr_carea' id='block_1_13' title="bbox 340 1369 1935 1440">
    <p class='ocr_par' dir='ltr' id='par_1_13' title="bbox 340 1369 1935 1440">
     <span class='ocr_line' id='line_1_13' title="bbox 340 1369 1935 1440; baseline 0.002 -17"><span class='ocrx_word' id='word_1_87' title='bbox 340 1372 431 1424; x_wconf 86' lang='lat' dir='ltr'><strong>nis</strong></span> <span class='ocrx_word' id='word_1_88' title='bbox 464 1385 659 1434; x_wconf 86' lang='lat' dir='ltr'><strong>causa,</strong></span> <span class='ocrx_word' id='word_1_89' title='bbox 694 1370 748 1423; x_wconf 90' lang='lat' dir='ltr'><strong>in</strong></span> <span class='ocrx_word' id='word_1_90' title='bbox 774 1369 974 1423; x_wconf 90' lang='lat' dir='ltr'><strong>itinere</strong></span> <span class='ocrx_word' id='word_1_91' title='bbox 996 1370 1353 1437; x_wconf 85' lang='lat' dir='ltr'><strong>deducerent,</strong></span> <span class='ocrx_word' id='word_1_92' title='bbox 1384 1372 1529 1440; x_wconf 88' lang='lat' dir='ltr'><strong>quod</strong></span> <span class='ocrx_word' id='word_1_93' title='bbox 1562 1372 1695 1425; x_wconf 89' lang='lat' dir='ltr'><strong>mihi</strong></span> <span class='ocrx_word' id='word_1_94' title='bbox 1719 1372 1935 1426; x_wconf 90' lang='lat' dir='ltr'><strong>videtur</strong></span> 
     </span>
    </p>
   </div>
   <div class='ocr_carea' id='block_1_14' title="bbox 340 1461 1930 1533">
    <p class='ocr_par' dir='ltr' id='par_1_14' title="bbox 340 1461 1930 1533">
     <span class='ocr_line' id='line_1_14' title="bbox 340 1461 1930 1533; baseline 0.002 -18"><span class='ocrx_word' id='word_1_95' title='bbox 340 1462 686 1533; x_wconf 85' lang='lat' dir='ltr'><strong>Polycarpus</strong></span> <span class='ocrx_word' id='word_1_96' title='bbox 713 1462 768 1515; x_wconf 92' lang='lat' dir='ltr'><strong>in</strong></span> <span class='ocrx_word' id='word_1_97' title='bbox 802 1461 960 1516; x_wconf 88' lang='lat' dir='ltr'><strong>initio</strong></span> <span class='ocrx_word' id='word_1_98' title='bbox 1010 1461 1255 1531; x_wconf 59' lang='lat' dir='ltr'><strong>epistola</strong></span> <span class='ocrx_word' id='word_1_99' title='bbox 1294 1462 1562 1528; x_wconf 88' lang='lat' dir='ltr'><strong>innuisse,</strong></span> <span class='ocrx_word' id='word_1_100' title='bbox 1602 1464 1687 1518; x_wconf 84' lang='lat' dir='ltr'><strong>his</strong></span> <span class='ocrx_word' id='word_1_101' title='bbox 1711 1463 1930 1518; x_wconf 86' lang='lat' dir='ltr'><strong>verbis:</strong></span> 
     </span>
    </p>
   </div>
   <div class='ocr_carea' id='block_1_15' title="bbox 340 1552 1934 1626">
    <p class='ocr_par' dir='ltr' id='par_1_15' title="bbox 340 1552 1934 1626">
     <span class='ocr_line' id='line_1_15' title="bbox 340 1552 1934 1626; baseline -0.001 -20"><span class='ocrx_word' id='word_1_102' title='bbox 340 1554 675 1625; x_wconf 79' lang='grc' dir='ltr'><strong>Δεξαμένοις</strong></span> <span class='ocrx_word' id='word_1_103' title='bbox 703 1553 772 1606; x_wconf 81' lang='grc' dir='ltr'><strong>τὰ</strong></span> <span class='ocrx_word' id='word_1_104' title='bbox 810 1554 1108 1625; x_wconf 77' lang='grc' dir='ltr'><strong>μιμήματα</strong></span> <span class='ocrx_word' id='word_1_105' title='bbox 1136 1554 1237 1625; x_wconf 84' lang='grc' dir='ltr'><strong>τῆς</strong></span> <span class='ocrx_word' id='word_1_106' title='bbox 1274 1552 1510 1625; x_wconf 80' lang='grc' dir='ltr'><strong>ἀληθοῦς</strong></span> <span class='ocrx_word' id='word_1_107' title='bbox 1560 1555 1804 1626; x_wconf 81' lang='grc' dir='ltr'><strong>ἀγάπης,</strong></span> <span class='ocrx_word' id='word_1_108' title='bbox 1839 1554 1934 1607; x_wconf 77' lang='grc' dir='ltr'><strong>καὶ</strong></span> 
     </span>
    </p>
   </div>
   <div class='ocr_carea' id='block_1_16' title="bbox 340 1646 1933 1719">
    <p class='ocr_par' dir='ltr' id='par_1_16' title="bbox 340 1646 1933 1719">
     <span class='ocr_line' id='line_1_16' title="bbox 340 1646 1933 1719; baseline -0.001 -18"><span class='ocrx_word' id='word_1_109' title='bbox 340 1648 765 1717; x_wconf 72' lang='grc' dir='ltr'><strong>προπέμψασιν,</strong></span> <span class='ocrx_word' id='word_1_110' title='bbox 790 1648 868 1710; x_wconf 86' lang='grc' dir='ltr'><strong>ὼς</strong></span> <span class='ocrx_word' id='word_1_111' title='bbox 897 1646 1163 1701; x_wconf 72' lang='grc' dir='ltr'><strong>ἐπέϐαλεν</strong></span> <span class='ocrx_word' id='word_1_112' title='bbox 1208 1647 1358 1718; x_wconf 81' lang='grc' dir='ltr'><strong>ὑμῖν,</strong></span> <span class='ocrx_word' id='word_1_113' title='bbox 1391 1649 1518 1711; x_wconf 84' lang='grc' dir='ltr'>τοὺς</span> <span class='ocrx_word' id='word_1_114' title='bbox 1555 1647 1933 1719; x_wconf 77' lang='grc' dir='ltr'><strong>ὲνειλημένους</strong></span> 
     </span>
    </p>
   </div>
   <div class='ocr_carea' id='block_1_17' title="bbox 339 1740 1932 1811">
    <p class='ocr_par' dir='ltr' id='par_1_17' title="bbox 339 1740 1932 1811">
     <span class='ocr_line' id='line_1_17' title="bbox 339 1740 1932 1811; baseline 0.001 -18"><span class='ocrx_word' id='word_1_115' title='bbox 339 1742 457 1802; x_wconf 80' lang='grc' dir='ltr'><strong>τοῖς</strong></span> <span class='ocrx_word' id='word_1_116' title='bbox 484 1740 860 1811; x_wconf 81' lang='grc' dir='ltr'><strong>ἁγιοπρεπέσι</strong></span> <span class='ocrx_word' id='word_1_117' title='bbox 904 1740 1146 1810; x_wconf 79' lang='grc' dir='ltr'><strong>δεσμοῖς,</strong></span> <span class='ocrx_word' id='word_1_118' title='bbox 1191 1754 1315 1808; x_wconf 80' lang='lat' dir='ltr'><strong>quze</strong></span> <span class='ocrx_word' id='word_1_119' title='bbox 1343 1740 1564 1809; x_wconf 88' lang='lat' dir='ltr'><strong>quidem</strong></span> <span class='ocrx_word' id='word_1_120' title='bbox 1604 1741 1771 1795; x_wconf 86' lang='lat' dir='ltr'><strong>verba</strong></span> <span class='ocrx_word' id='word_1_121' title='bbox 1806 1755 1932 1795; x_wconf 78' lang='lat' dir='ltr'><strong>cum</strong></span> 
     </span>
    </p>
   </div>
   <div class='ocr_carea' id='block_1_18' title="bbox 341 1833 1932 1905">
    <p class='ocr_par' dir='ltr' id='par_1_18' title="bbox 341 1833 1932 1905">
     <span class='ocr_line' id='line_1_18' title="bbox 341 1833 1932 1905; baseline 0 -17"><span class='ocrx_word' id='word_1_122' title='bbox 341 1850 444 1889; x_wconf 88' lang='lat' dir='ltr'><strong>nec</strong></span> <span class='ocrx_word' id='word_1_123' title='bbox 468 1845 623 1890; x_wconf 85' lang='lat' dir='ltr'><strong>recte</strong></span> <span class='ocrx_word' id='word_1_124' title='bbox 655 1836 889 1905; x_wconf 84' lang='lat' dir='ltr'><strong>legeret,</strong></span> <span class='ocrx_word' id='word_1_125' title='bbox 925 1849 1025 1889; x_wconf 90' lang='lat' dir='ltr'><strong>nec</strong></span> <span class='ocrx_word' id='word_1_126' title='bbox 1060 1834 1287 1888; x_wconf 89' lang='lat' dir='ltr'><strong>omnino</strong></span> <span class='ocrx_word' id='word_1_127' title='bbox 1312 1833 1637 1903; x_wconf 70' lang='lat' dir='ltr'><strong>intelligeret</strong></span> <span class='ocrx_word' id='word_1_128' title='bbox 1656 1843 1817 1890; x_wconf 90' lang='lat' dir='ltr'><strong>vetus</strong></span> <span class='ocrx_word' id='word_1_129' title='bbox 1847 1835 1932 1888; x_wconf 83' lang='lat' dir='ltr'><strong>in-</strong></span> 
     </span>
    </p>
   </div>
   <div class='ocr_carea' id='block_1_19' title="bbox 339 1921 1932 1995">
    <p class='ocr_par' dir='ltr' id='par_1_19' title="bbox 339 1921 1932 1995">
     <span class='ocr_line' id='line_1_19' title="bbox 339 1921 1932 1995; baseline 0 -17"><span class='ocrx_word' id='word_1_130' title='bbox 339 1934 580 1995; x_wconf 85' lang='lat' dir='ltr'><strong>terpres,</strong></span> <span class='ocrx_word' id='word_1_131' title='bbox 610 1925 687 1979; x_wconf 88' lang='lat' dir='ltr'><strong>ita</strong></span> <span class='ocrx_word' id='word_1_132' title='bbox 720 1923 1004 1979; x_wconf 89' lang='lat' dir='ltr'><strong>transtulit</strong></span> <span class='ocrx_word' id='word_1_133' title='bbox 1051 1942 1065 1978; x_wconf 89' lang='lat'><strong>:</strong></span> <span class='ocrx_word' id='word_1_134' title='bbox 1110 1921 1415 1993; x_wconf 77' lang='lat' dir='ltr'><strong>Suscipiens</strong></span> <span class='ocrx_word' id='word_1_135' title='bbox 1445 1924 1735 1978; x_wconf 83' lang='lat' dir='ltr'><strong>imitabilia</strong></span> <span class='ocrx_word' id='word_1_136' title='bbox 1775 1924 1932 1979; x_wconf 86' lang='lat' dir='ltr'><strong>verba</strong></span> 
     </span>
    </p>
   </div>
   <div class='ocr_carea' id='block_1_20' title="bbox 340 2015 1933 2087">
    <p class='ocr_par' dir='ltr' id='par_1_20' title="bbox 340 2015 1933 2087">
     <span class='ocr_line' id='line_1_20' title="bbox 340 2015 1933 2087; baseline 0.003 -19"><span class='ocrx_word' id='word_1_137' title='bbox 340 2016 673 2081; x_wconf 77' lang='lat' dir='ltr'><strong>dilectionis,</strong></span> <span class='ocrx_word' id='word_1_138' title='bbox 697 2030 856 2085; x_wconf 84' lang='lat' dir='ltr'><strong>quam</strong></span> <span class='ocrx_word' id='word_1_139' title='bbox 915 2015 1233 2069; x_wconf 73' lang='lat' dir='ltr'><strong>ostendistis</strong></span> <span class='ocrx_word' id='word_1_140' title='bbox 1277 2015 1335 2069; x_wconf 89' lang='lat' dir='ltr'><strong>in</strong></span> <span class='ocrx_word' id='word_1_141' title='bbox 1362 2015 1497 2083; x_wconf 86' lang='lat' dir='ltr'><strong>illis,</strong></span> <span class='ocrx_word' id='word_1_142' title='bbox 1542 2017 1635 2086; x_wconf 92' lang='lat' dir='ltr'><strong>qui</strong></span> <span class='ocrx_word' id='word_1_143' title='bbox 1667 2018 1933 2087; x_wconf 59' lang='lat' dir='ltr'><strong>praemissi</strong></span> 
     </span>
    </p>
   </div>
   <div class='ocr_carea' id='block_1_21' title="bbox 340 2108 1934 2166">
    <p class='ocr_par' dir='ltr' id='par_1_21' title="bbox 340 2108 1934 2166">
     <span class='ocr_line' id='line_1_21' title="bbox 340 2108 1934 2166; baseline 0.001 -3"><span class='ocrx_word' id='word_1_144' title='bbox 340 2120 470 2164; x_wconf 78' lang='lat' dir='ltr'><strong>sunt</strong></span> <span class='ocrx_word' id='word_1_145' title='bbox 503 2109 638 2162; x_wconf 78' lang='lat' dir='ltr'><strong>viris</strong></span> <span class='ocrx_word' id='word_1_146' title='bbox 684 2108 889 2162; x_wconf 78' lang='lat' dir='ltr'><strong>sanctis</strong></span> <span class='ocrx_word' id='word_1_147' title='bbox 941 2108 1213 2162; x_wconf 85' lang='lat' dir='ltr'><strong>decorosis</strong></span> <span class='ocrx_word' id='word_1_148' title='bbox 1261 2108 1490 2164; x_wconf 75' lang='lat' dir='ltr'><strong>vinculis</strong></span> <span class='ocrx_word' id='word_1_149' title='bbox 1527 2111 1800 2164; x_wconf 72' lang='lat' dir='ltr'><strong>connexis.</strong></span> <span class='ocrx_word' id='word_1_150' title='bbox 1853 2110 1934 2166; x_wconf 84' lang='lat' dir='ltr'><strong>lta</strong></span> 
     </span>
    </p>
   </div>
   <div class='ocr_carea' id='block_1_22' title="bbox 343 2199 1934 2283">
    <p class='ocr_par' dir='ltr' id='par_1_22' title="bbox 343 2199 1934 2283">
     <span class='ocr_line' id='line_1_22' title="bbox 343 2199 1934 2283; baseline 0.001 -28"><span class='ocrx_word' id='word_1_151' title='bbox 343 2202 458 2263; x_wconf 89' lang='lat' dir='ltr'><strong>ille,</strong></span> <span class='ocrx_word' id='word_1_152' title='bbox 500 2201 805 2271; x_wconf 77' lang='grc' dir='ltr'><strong>δεξάμενος</strong></span> <span class='ocrx_word' id='word_1_153' title='bbox 835 2214 939 2270; x_wconf 93' lang='lat' dir='ltr'><strong>pro</strong></span> <span class='ocrx_word' id='word_1_154' title='bbox 971 2199 1301 2283; x_wconf 49' lang='grc' dir='ltr'><strong>δεξαμένοις.</strong></span> <span class='ocrx_word' id='word_1_155' title='bbox 1334 2200 1544 2271; x_wconf 79' lang='lat' dir='ltr'><strong>legens,</strong></span> <span class='ocrx_word' id='word_1_156' title='bbox 1595 2210 1760 2272; x_wconf 80' lang='lat' dir='ltr'><strong>atque</strong></span> <span class='ocrx_word' id='word_1_157' title='bbox 1810 2201 1934 2257; x_wconf 90' lang='lat' dir='ltr'><strong>ideo</strong></span> 
     </span>
    </p>
   </div>
   <div class='ocr_carea' id='block_1_23' title="bbox 340 2292 1931 2364">
    <p class='ocr_par' dir='ltr' id='par_1_23' title="bbox 340 2292 1931 2364">
     <span class='ocr_line' id='line_1_23' title="bbox 340 2292 1931 2364; baseline 0.001 -15"><span class='ocrx_word' id='word_1_158' title='bbox 340 2295 558 2364; x_wconf 87' lang='lat' dir='ltr'><strong>reliqua</strong></span> <span class='ocrx_word' id='word_1_159' title='bbox 613 2293 801 2349; x_wconf 83' lang='lat' dir='ltr'><strong>omnia</strong></span> <span class='ocrx_word' id='word_1_160' title='bbox 850 2292 1118 2347; x_wconf 84' lang='lat' dir='ltr'><strong>aliorsum</strong></span> <span class='ocrx_word' id='word_1_161' title='bbox 1158 2292 1414 2357; x_wconf 88' lang='lat' dir='ltr'><strong>trahens;</strong></span> <span class='ocrx_word' id='word_1_162' title='bbox 1446 2301 1504 2348; x_wconf 91' lang='lat' dir='ltr'><strong>tu</strong></span> <span class='ocrx_word' id='word_1_163' title='bbox 1535 2302 1755 2350; x_wconf 77' lang='lat' dir='ltr'><strong>vertas:</strong></span> <span class='ocrx_word' id='word_1_164' title='bbox 1782 2293 1931 2350; x_wconf 85' lang='lat' dir='ltr'><strong>Con-</strong></span> 
     </span>
    </p>
   </div>
   <div class='ocr_carea' id='block_1_24' title="bbox 341 2385 1933 2456">
    <p class='ocr_par' dir='ltr' id='par_1_24' title="bbox 341 2385 1933 2456">
     <span class='ocr_line' id='line_1_24' title="bbox 341 2385 1933 2456; baseline 0.002 -20"><span class='ocrx_word' id='word_1_165' title='bbox 341 2387 570 2455; x_wconf 78' lang='lat' dir='ltr'><strong>gavisus</strong></span> <span class='ocrx_word' id='word_1_166' title='bbox 595 2400 721 2440; x_wconf 86' lang='lat' dir='ltr'><strong>sum</strong></span> <span class='ocrx_word' id='word_1_167' title='bbox 751 2385 934 2449; x_wconf 85' lang='lat' dir='ltr'><strong>vobis,</strong></span> <span class='ocrx_word' id='word_1_168' title='bbox 983 2385 1075 2456; x_wconf 85' lang='lat' dir='ltr'><strong>qui</strong></span> <span class='ocrx_word' id='word_1_169' title='bbox 1129 2401 1264 2440; x_wconf 85' lang='lat' dir='ltr'><strong>verte</strong></span> <span class='ocrx_word' id='word_1_170' title='bbox 1291 2386 1578 2440; x_wconf 84' lang='lat' dir='ltr'><strong>charitatis</strong></span> <span class='ocrx_word' id='word_1_171' title='bbox 1602 2386 1933 2455; x_wconf 72' lang='lat' dir='ltr'><strong>exemplaria</strong></span> 
     </span>
    </p>
   </div>
   <div class='ocr_carea' id='block_1_25' title="bbox 339 2473 1931 2543">
    <p class='ocr_par' dir='ltr' id='par_1_25' title="bbox 339 2473 1931 2543">
     <span class='ocr_line' id='line_1_25' title="bbox 339 2473 1931 2543; baseline -0.002 -14"><span class='ocrx_word' id='word_1_172' title='bbox 339 2475 648 2543; x_wconf 66' lang='lat' dir='ltr'><strong>excepistis,</strong></span> <span class='ocrx_word' id='word_1_173' title='bbox 670 2484 721 2528; x_wconf 92' lang='lat' dir='ltr'><strong>et</strong></span> <span class='ocrx_word' id='word_1_174' title='bbox 742 2474 1069 2539; x_wconf 70' lang='lat' dir='ltr'><strong>deduxistis,</strong></span> <span class='ocrx_word' id='word_1_175' title='bbox 1092 2484 1150 2527; x_wconf 87' lang='lat' dir='ltr'><strong>ut</strong></span> <span class='ocrx_word' id='word_1_176' title='bbox 1180 2482 1350 2527; x_wconf 89' lang='lat' dir='ltr'><strong>vestro</strong></span> <span class='ocrx_word' id='word_1_177' title='bbox 1376 2474 1544 2542; x_wconf 75' lang='lat' dir='ltr'><strong>oﬂicio</strong></span> <span class='ocrx_word' id='word_1_178' title='bbox 1573 2473 1931 2539; x_wconf 81' lang='lat' dir='ltr'><strong>conveniebat,</strong></span> 
     </span>
    </p>
   </div>
   <div class='ocr_carea' id='block_1_26' title="bbox 341 2564 1927 2636">
    <p class='ocr_par' dir='ltr' id='par_1_26' title="bbox 341 2564 1927 2636">
     <span class='ocr_line' id='line_1_26' title="bbox 341 2564 1927 2636; baseline -0.001 -17"><span class='ocrx_word' id='word_1_179' title='bbox 341 2566 613 2620; x_wconf 70' lang='lat' dir='ltr'><strong>involutos</strong></span> <span class='ocrx_word' id='word_1_180' title='bbox 670 2564 934 2628; x_wconf 80' lang='lat' dir='ltr'><strong>vinculis,</strong></span> <span class='ocrx_word' id='word_1_181' title='bbox 985 2581 1105 2636; x_wconf 80' lang='lat' dir='ltr'><strong>qua:</strong></span> <span class='ocrx_word' id='word_1_182' title='bbox 1169 2565 1371 2619; x_wconf 86' lang='lat' dir='ltr'><strong>sanctis</strong></span> <span class='ocrx_word' id='word_1_183' title='bbox 1420 2573 1729 2619; x_wconf 83' lang='lat' dir='ltr'><strong>ornamento</strong></span> <span class='ocrx_word' id='word_1_184' title='bbox 1782 2575 1927 2618; x_wconf 88' lang='lat' dir='ltr'><strong>sunt.</strong></span> 
     </span>
    </p>
   </div>
   <div class='ocr_carea' id='block_1_27' title="bbox 342 2655 1933 2727">
    <p class='ocr_par' dir='ltr' id='par_1_27' title="bbox 342 2655 1933 2727">
     <span class='ocr_line' id='line_1_27' title="bbox 342 2655 1933 2727; baseline 0 -17"><span class='ocrx_word' id='word_1_185' title='bbox 342 2655 658 2712; x_wconf 76' lang='lat' dir='ltr'><strong>Halloixius</strong></span> <span class='ocrx_word' id='word_1_186' title='bbox 678 2656 765 2720; x_wconf 79' lang='grc' dir='ltr'><strong>ὡς</strong></span> <span class='ocrx_word' id='word_1_187' title='bbox 788 2656 1060 2711; x_wconf 76' lang='grc' dir='ltr'><strong>ἐπέϐαλεν</strong></span> <span class='ocrx_word' id='word_1_188' title='bbox 1094 2656 1240 2727; x_wconf 77' lang='grc' dir='ltr'><strong>ὑμῖν,</strong></span> <span class='ocrx_word' id='word_1_189' title='bbox 1277 2658 1534 2724; x_wconf 85' lang='lat' dir='ltr'><strong>reddidit,</strong></span> <span class='ocrx_word' id='word_1_190' title='bbox 1570 2667 1628 2711; x_wconf 86' lang='lat' dir='ltr'><strong>ut</strong></span> <span class='ocrx_word' id='word_1_191' title='bbox 1656 2657 1799 2712; x_wconf 79' lang='lat' dir='ltr'><strong>vobis</strong></span> <span class='ocrx_word' id='word_1_192' title='bbox 1823 2657 1933 2710; x_wconf 84' lang='lat' dir='ltr'><strong>Do-</strong></span> 
     </span>
    </p>
   </div>
   <div class='ocr_carea' id='block_1_28' title="bbox 340 2748 1932 2818">
    <p class='ocr_par' dir='ltr' id='par_1_28' title="bbox 340 2748 1932 2818">
     <span class='ocr_line' id='line_1_28' title="bbox 340 2748 1932 2818; baseline 0 -17"><span class='ocrx_word' id='word_1_193' title='bbox 340 2750 520 2802; x_wconf 66' lang='lat' dir='ltr'><strong>minus</strong></span> <span class='ocrx_word' id='word_1_194' title='bbox 548 2749 868 2817; x_wconf 80' lang='lat' dir='ltr'><strong>inspiravit;</strong></span> <span class='ocrx_word' id='word_1_195' title='bbox 902 2763 1006 2818; x_wconf 84' lang='lat' dir='ltr'><strong>ego</strong></span> <span class='ocrx_word' id='word_1_196' title='bbox 1029 2748 1234 2818; x_wconf 87' lang='lat' dir='ltr'><strong>potius,</strong></span> <span class='ocrx_word' id='word_1_197' title='bbox 1270 2757 1329 2801; x_wconf 89' lang='lat' dir='ltr'><strong>ut</strong></span> <span class='ocrx_word' id='word_1_198' title='bbox 1357 2757 1527 2802; x_wconf 90' lang='lat' dir='ltr'><strong>vestro</strong></span> <span class='ocrx_word' id='word_1_199' title='bbox 1557 2748 1722 2817; x_wconf 70' lang='lat' dir='ltr'><strong>ofﬁcio</strong></span> <span class='ocrx_word' id='word_1_200' title='bbox 1747 2764 1932 2801; x_wconf 78' lang='lat' dir='ltr'><strong>conre-</strong></span> 
     </span>
    </p>
   </div>
   <div class='ocr_carea' id='block_1_29' title="bbox 340 2837 1933 2909">
    <p class='ocr_par' dir='ltr' id='par_1_29' title="bbox 340 2837 1933 2909">
     <span class='ocr_line' id='line_1_29' title="bbox 340 2837 1933 2909; baseline 0.002 -18"><span class='ocrx_word' id='word_1_201' title='bbox 340 2838 546 2901; x_wconf 70' lang='lat' dir='ltr'><strong>uiebat,</strong></span> <span class='ocrx_word' id='word_1_202' title='bbox 579 2837 716 2907; x_wconf 89' lang='lat' dir='ltr'><strong>quia</strong></span> <span class='ocrx_word' id='word_1_203' title='bbox 772 2840 887 2891; x_wconf 63' lang='lat' dir='ltr'><strong>haec</strong></span> <span class='ocrx_word' id='word_1_204' title='bbox 930 2838 1105 2892; x_wconf 85' lang='lat' dir='ltr'><strong>multo</strong></span> <span class='ocrx_word' id='word_1_205' title='bbox 1132 2838 1468 2909; x_wconf 85' lang='lat' dir='ltr'><strong>simpliciora</strong></span> <span class='ocrx_word' id='word_1_206' title='bbox 1516 2848 1667 2903; x_wconf 88' lang='lat' dir='ltr'><strong>sunt,</strong></span> <span class='ocrx_word' id='word_1_207' title='bbox 1713 2847 1769 2894; x_wconf 86' lang='lat' dir='ltr'><strong>et</strong></span> <span class='ocrx_word' id='word_1_208' title='bbox 1825 2838 1933 2894; x_wconf 89' lang='lat' dir='ltr'><strong>hoc</strong></span> 
     </span>
    </p>
   </div>
   <div class='ocr_carea' id='block_1_30' title="bbox 340 2927 1933 2999">
    <p class='ocr_par' dir='ltr' id='par_1_30' title="bbox 340 2927 1933 2999">
     <span class='ocr_line' id='line_1_30' title="bbox 340 2927 1933 2999; baseline 0 -15"><span class='ocrx_word' id='word_1_209' title='bbox 340 2946 509 2985; x_wconf 85' lang='lat' dir='ltr'><strong>sensu</strong></span> <span class='ocrx_word' id='word_1_210' title='bbox 540 2930 686 2984; x_wconf 89' lang='lat' dir='ltr'><strong>bene</strong></span> <span class='ocrx_word' id='word_1_211' title='bbox 708 2928 922 2985; x_wconf 65' lang='lat' dir='ltr'><strong>Graeca.</strong></span> <span class='ocrx_word' id='word_1_212' title='bbox 953 2928 1304 2984; x_wconf 85' lang='lat' dir='ltr'><strong>Deducebant</strong></span> <span class='ocrx_word' id='word_1_213' title='bbox 1335 2929 1501 2999; x_wconf 81' lang='lat' dir='ltr'><strong>igitur</strong></span> <span class='ocrx_word' id='word_1_214' title='bbox 1530 2943 1599 2983; x_wconf 78' lang='lat' dir='ltr'><strong>ex</strong></span> <span class='ocrx_word' id='word_1_215' title='bbox 1620 2927 1933 2999; x_wconf 69' lang='lat' dir='ltr'><strong>Philippen-</strong></span> 
     </span>
    </p>
   </div>
   <div class='ocr_carea' id='block_1_31' title="bbox 340 3020 1929 3091">
    <p class='ocr_par' dir='ltr' id='par_1_31' title="bbox 340 3020 1929 3091">
     <span class='ocr_line' id='line_1_31' title="bbox 340 3020 1929 3091; baseline -0.001 -13"><span class='ocrx_word' id='word_1_216' title='bbox 340 3022 497 3078; x_wconf 84' lang='lat' dir='ltr'><strong>sibus</strong></span> <span class='ocrx_word' id='word_1_217' title='bbox 522 3022 699 3091; x_wconf 83' lang='lat' dir='ltr'><strong>aliqui</strong></span> <span class='ocrx_word' id='word_1_218' title='bbox 728 3021 1001 3091; x_wconf 84' lang='lat' dir='ltr'><strong>lgnatium</strong></span> <span class='ocrx_word' id='word_1_219' title='bbox 1025 3021 1368 3091; x_wconf 87' lang='lat' dir='ltr'><strong>comitesque</strong></span> <span class='ocrx_word' id='word_1_220' title='bbox 1392 3036 1491 3091; x_wconf 89' lang='lat' dir='ltr'><strong>per</strong></span> <span class='ocrx_word' id='word_1_221' title='bbox 1528 3020 1929 3086; x_wconf 76' lang='lat' dir='ltr'><strong>Macedoniam,</strong></span> 
     </span>
    </p>
   </div>
   <div class='ocr_carea' id='block_1_32' title="bbox 338 3112 1930 3184">
    <p class='ocr_par' dir='ltr' id='par_1_32' title="bbox 338 3112 1930 3184">
     <span class='ocr_line' id='line_1_32' title="bbox 338 3112 1930 3184; baseline 0.001 -17"><span class='ocrx_word' id='word_1_222' title='bbox 338 3114 482 3168; x_wconf 79' lang='lat' dir='ltr'><strong>forte</strong></span> <span class='ocrx_word' id='word_1_223' title='bbox 504 3114 677 3168; x_wconf 89' lang='lat' dir='ltr'><strong>etiam</strong></span> <span class='ocrx_word' id='word_1_224' title='bbox 711 3128 889 3182; x_wconf 86' lang='lat' dir='ltr'><strong>usque</strong></span> <span class='ocrx_word' id='word_1_225' title='bbox 938 3112 1303 3183; x_wconf 84' lang='lat' dir='ltr'><strong>Epidamum;</strong></span> <span class='ocrx_word' id='word_1_226' title='bbox 1352 3113 1497 3169; x_wconf 89' lang='lat' dir='ltr'><strong>unde</strong></span> <span class='ocrx_word' id='word_1_227' title='bbox 1537 3112 1930 3184; x_wconf 70' lang='lat' dir='ltr'><strong>pseudo—lgna-</strong></span> 
     </span>
    </p>
   </div>
   <div class='ocr_carea' id='block_1_33' title="bbox 337 3204 1929 3275">
    <p class='ocr_par' dir='ltr' id='par_1_33' title="bbox 337 3204 1929 3275">
     <span class='ocr_line' id='line_1_33' title="bbox 337 3204 1929 3275; baseline -0.001 -15"><span class='ocrx_word' id='word_1_228' title='bbox 337 3206 473 3270; x_wconf 87' lang='lat' dir='ltr'><strong>tius,</strong></span> <span class='ocrx_word' id='word_1_229' title='bbox 504 3206 593 3259; x_wconf 78' lang='lat' dir='ltr'><strong>vel</strong></span> <span class='ocrx_word' id='word_1_230' title='bbox 630 3204 817 3275; x_wconf 88' lang='lat' dir='ltr'><strong>potius</strong></span> <span class='ocrx_word' id='word_1_231' title='bbox 870 3204 1075 3274; x_wconf 87' lang='lat' dir='ltr'><strong>aliquis</strong></span> <span class='ocrx_word' id='word_1_232' title='bbox 1116 3204 1280 3269; x_wconf 87' lang='lat' dir='ltr'><strong>alius,</strong></span> <span class='ocrx_word' id='word_1_233' title='bbox 1305 3204 1401 3275; x_wconf 87' lang='lat' dir='ltr'><strong>qui</strong></span> <span class='ocrx_word' id='word_1_234' title='bbox 1433 3204 1651 3259; x_wconf 90' lang='lat' dir='ltr'><strong>titulum</strong></span> <span class='ocrx_word' id='word_1_235' title='bbox 1685 3204 1929 3275; x_wconf 73' lang='lat' dir='ltr'><strong>epistola:</strong></span> 
     </span>
    </p>
   </div>
   <div class='ocr_carea' id='block_1_34' title="bbox 336 3273 2000 3367">
    <p class='ocr_par' dir='ltr' id='par_1_34' title="bbox 336 3273 2000 3367">
     <span class='ocr_line' id='line_1_34' title="bbox 336 3273 2000 3367; baseline 0 -15"><span class='ocrx_word' id='word_1_236' title='bbox 336 3299 406 3352; x_wconf 87' lang='lat' dir='ltr'><strong>ad</strong></span> <span class='ocrx_word' id='word_1_237' title='bbox 433 3273 822 3367; x_wconf 79' lang='lat' dir='ltr'><strong>Philippenses</strong></span> <span class='ocrx_word' id='word_1_238' title='bbox 868 3273 1122 3366; x_wconf 77' lang='lat' dir='ltr'><strong>prtelixit,</strong></span> <span class='ocrx_word' id='word_1_239' title='bbox 1174 3273 1437 3365; x_wconf 72' lang='lat' dir='ltr'><strong>scriptam</strong></span> <span class='ocrx_word' id='word_1_240' title='bbox 1465 3311 1587 3350; x_wconf 87' lang='lat' dir='ltr'><strong>eam</strong></span> <span class='ocrx_word' id='word_1_241' title='bbox 1635 3273 1809 3351; x_wconf 78' lang='lat' dir='ltr'><strong>voluit</strong></span> <span class='ocrx_word' id='word_1_242' title='bbox 1856 3296 1927 3352; x_wconf 90' lang='lat' dir='ltr'><strong>ab</strong></span> <span class='ocrx_word' id='word_1_243' title='bbox 1953 3273 2000 3337; x_wconf 63' lang='grc' dir='ltr'><strong>(ἶ</strong></span> 
     </span>
    </p>
   </div>
   <div class='ocr_carea' id='block_1_35' title="bbox 335 3387 1930 3461">
    <p class='ocr_par' dir='ltr' id='par_1_35' title="bbox 335 3387 1930 3461">
     <span class='ocr_line' id='line_1_35' title="bbox 335 3387 1930 3461; baseline 0 -18"><span class='ocrx_word' id='word_1_244' title='bbox 335 3389 674 3460; x_wconf 77' lang='lat' dir='ltr'><strong>Epidamno.</strong></span> <span class='ocrx_word' id='word_1_245' title='bbox 731 3388 798 3442; x_wconf 80' lang='lat' dir='ltr'><strong>lli</strong></span> <span class='ocrx_word' id='word_1_246' title='bbox 846 3389 1015 3461; x_wconf 81' lang='lat' dir='ltr'><strong>igitur</strong></span> <span class='ocrx_word' id='word_1_247' title='bbox 1060 3387 1347 3458; x_wconf 87' lang='lat' dir='ltr'><strong>Philippos</strong></span> <span class='ocrx_word' id='word_1_248' title='bbox 1373 3388 1441 3442; x_wconf 82' lang='lat' dir='ltr'><strong>ab</strong></span> <span class='ocrx_word' id='word_1_249' title='bbox 1463 3387 1673 3457; x_wconf 86' lang='lat' dir='ltr'><strong>lgnatio</strong></span> <span class='ocrx_word' id='word_1_250' title='bbox 1724 3389 1930 3445; x_wconf 85' lang='lat' dir='ltr'><strong>reversi</strong></span> 
     </span>
    </p>
   </div>
   <div class='ocr_carea' id='block_1_36' title="bbox 336 3480 1931 3551">
    <p class='ocr_par' dir='ltr' id='par_1_36' title="bbox 336 3480 1931 3551">
     <span class='ocr_line' id='line_1_36' title="bbox 336 3480 1931 3551; baseline 0.001 -16"><span class='ocrx_word' id='word_1_251' title='bbox 336 3482 513 3536; x_wconf 85' lang='lat' dir='ltr'><strong>multa</strong></span> <span class='ocrx_word' id='word_1_252' title='bbox 542 3482 667 3537; x_wconf 88' lang='lat' dir='ltr'><strong>sine</strong></span> <span class='ocrx_word' id='word_1_253' title='bbox 695 3480 869 3537; x_wconf 89' lang='lat' dir='ltr'><strong>dubio</strong></span> <span class='ocrx_word' id='word_1_254' title='bbox 893 3481 962 3536; x_wconf 84' lang='lat' dir='ltr'><strong>de</strong></span> <span class='ocrx_word' id='word_1_255' title='bbox 999 3480 1121 3551; x_wconf 88' lang='lat' dir='ltr'><strong>ipso</strong></span> <span class='ocrx_word' id='word_1_256' title='bbox 1149 3482 1482 3548; x_wconf 86' lang='lat' dir='ltr'><strong>narrabant,</strong></span> <span class='ocrx_word' id='word_1_257' title='bbox 1518 3481 1690 3536; x_wconf 89' lang='lat' dir='ltr'><strong>multa</strong></span> <span class='ocrx_word' id='word_1_258' title='bbox 1722 3482 1792 3536; x_wconf 86' lang='lat' dir='ltr'><strong>de</strong></span> <span class='ocrx_word' id='word_1_259' title='bbox 1837 3495 1931 3536; x_wconf 91' lang='lat' dir='ltr'><strong>co-</strong></span> 
     </span>
    </p>
   </div>
   <div class='ocr_carea' id='block_1_37' title="bbox 336 3570 1941 3643">
    <p class='ocr_par' dir='ltr' id='par_1_37' title="bbox 336 3570 1941 3643">
     <span class='ocr_line' id='line_1_37' title="bbox 336 3570 1941 3643; baseline 0 -17"><span class='ocrx_word' id='word_1_260' title='bbox 336 3574 591 3639; x_wconf 85' lang='lat' dir='ltr'><strong>mitibus,</strong></span> <span class='ocrx_word' id='word_1_261' title='bbox 624 3587 750 3642; x_wconf 65' lang='lat' dir='ltr'><strong>quz</strong></span> <span class='ocrx_word' id='word_1_262' title='bbox 790 3571 851 3626; x_wconf 91' lang='lat' dir='ltr'><strong>S.</strong></span> <span class='ocrx_word' id='word_1_263' title='bbox 900 3570 1266 3643; x_wconf 83' lang='lat' dir='ltr'><strong>Polycarpum</strong></span> <span class='ocrx_word' id='word_1_264' title='bbox 1318 3572 1389 3627; x_wconf 87' lang='lat' dir='ltr'><strong>ab</strong></span> <span class='ocrx_word' id='word_1_265' title='bbox 1437 3572 1572 3642; x_wconf 89' lang='lat' dir='ltr'><strong>ipsis</strong></span> <span class='ocrx_word' id='word_1_266' title='bbox 1617 3572 1808 3627; x_wconf 88' lang='lat' dir='ltr'><strong>audire</strong></span> <span class='ocrx_word' id='word_1_267' title='bbox 1831 3586 1941 3626; x_wconf 78' lang='grc' dir='ltr'><strong>νο·-</strong></span> 
     </span>
    </p>
   </div>
   <div class='ocr_carea' id='block_1_38' title="bbox 333 3662 1932 3734">
    <p class='ocr_par' dir='ltr' id='par_1_38' title="bbox 333 3662 1932 3734">
     <span class='ocr_line' id='line_1_38' title="bbox 333 3662 1932 3734; baseline 0.003 -19"><span class='ocrx_word' id='word_1_268' title='bbox 333 3662 531 3729; x_wconf 86' lang='lat' dir='ltr'><strong>luisse,</strong></span> <span class='ocrx_word' id='word_1_269' title='bbox 573 3665 748 3719; x_wconf 90' lang='lat' dir='ltr'><strong>etiam</strong></span> <span class='ocrx_word' id='word_1_270' title='bbox 800 3673 927 3733; x_wconf 90' lang='lat' dir='ltr'><strong>post</strong></span> <span class='ocrx_word' id='word_1_271' title='bbox 966 3664 1292 3734; x_wconf 81' lang='lat' dir='ltr'><strong>martyrium</strong></span> <span class='ocrx_word' id='word_1_272' title='bbox 1346 3663 1406 3718; x_wconf 92' lang='lat' dir='ltr'><strong>S.</strong></span> <span class='ocrx_word' id='word_1_273' title='bbox 1459 3662 1673 3734; x_wconf 86' lang='lat' dir='ltr'><strong>lgnatii,</strong></span> <span class='ocrx_word' id='word_1_274' title='bbox 1703 3679 1800 3733; x_wconf 84' lang='lat' dir='ltr'><strong>par</strong></span> <span class='ocrx_word' id='word_1_275' title='bbox 1847 3673 1932 3719; x_wconf 90' lang='lat' dir='ltr'><strong>est</strong></span> 
     </span>
    </p>
   </div>
   <div class='ocr_carea' id='block_1_39' title="bbox 333 3755 1927 3827">
    <p class='ocr_par' dir='ltr' id='par_1_39' title="bbox 333 3755 1927 3827">
     <span class='ocr_line' id='line_1_39' title="bbox 333 3755 1927 3827; baseline -0.001 -16"><span class='ocrx_word' id='word_1_276' title='bbox 333 3758 588 3812; x_wconf 86' lang='lat' dir='ltr'><strong>credere.</strong></span> <span class='ocrx_word' id='word_1_277' title='bbox 622 3756 883 3811; x_wconf 86' lang='lat' dir='ltr'><strong>Secundo</strong></span> <span class='ocrx_word' id='word_1_278' title='bbox 917 3756 1112 3811; x_wconf 88' lang='lat' dir='ltr'><strong>audire</strong></span> <span class='ocrx_word' id='word_1_279' title='bbox 1139 3764 1386 3826; x_wconf 77' lang='lat' dir='ltr'><strong>poterant</strong></span> <span class='ocrx_word' id='word_1_280' title='bbox 1407 3755 1788 3827; x_wconf 89' lang='lat' dir='ltr'><strong>Philippenses</strong></span> <span class='ocrx_word' id='word_1_281' title='bbox 1822 3756 1927 3811; x_wconf 84' lang='lat' dir='ltr'><strong>ali-</strong></span> 
     </span>
    </p>
   </div>
   <div class='ocr_carea' id='block_1_40' title="bbox 330 3847 1930 3918">
    <p class='ocr_par' dir='ltr' id='par_1_40' title="bbox 330 3847 1930 3918">
     <span class='ocr_line' id='line_1_40' title="bbox 330 3847 1930 3918; baseline 0.001 -18"><span class='ocrx_word' id='word_1_282' title='bbox 330 3848 469 3916; x_wconf 89' lang='lat' dir='ltr'><strong>quid</strong></span> <span class='ocrx_word' id='word_1_283' title='bbox 499 3848 571 3902; x_wconf 89' lang='lat' dir='ltr'><strong>de</strong></span> <span class='ocrx_word' id='word_1_284' title='bbox 602 3847 816 3918; x_wconf 87' lang='lat' dir='ltr'><strong>lgnatio</strong></span> <span class='ocrx_word' id='word_1_285' title='bbox 839 3855 1080 3913; x_wconf 90' lang='lat' dir='ltr'><strong>mortuo,</strong></span> <span class='ocrx_word' id='word_1_286' title='bbox 1115 3862 1226 3902; x_wconf 92' lang='lat' dir='ltr'><strong>non</strong></span> <span class='ocrx_word' id='word_1_287' title='bbox 1255 3848 1437 3902; x_wconf 90' lang='lat' dir='ltr'><strong>minus</strong></span> <span class='ocrx_word' id='word_1_288' title='bbox 1462 3861 1627 3917; x_wconf 86' lang='lat' dir='ltr'><strong>quam</strong></span> <span class='ocrx_word' id='word_1_289' title='bbox 1678 3847 1805 3901; x_wconf 90' lang='lat' dir='ltr'><strong>vivo</strong></span> <span class='ocrx_word' id='word_1_290' title='bbox 1830 3865 1846 3903; x_wconf 92' lang='lat'><strong>:</strong></span> <span class='ocrx_word' id='word_1_291' title='bbox 1874 3854 1930 3901; x_wconf 90' lang='lat' dir='ltr'><strong>et</strong></span> 
     </span>
    </p>
   </div>
   <div class='ocr_carea' id='block_1_41' title="bbox 329 3936 1928 4010">
    <p class='ocr_par' dir='ltr' id='par_1_41' title="bbox 329 3936 1928 4010">
     <span class='ocr_line' id='line_1_41' title="bbox 329 3936 1928 4010; baseline -0.001 -18"><span class='ocrx_word' id='word_1_292' title='bbox 329 3937 687 4010; x_wconf 83' lang='lat' dir='ltr'><strong>Polycarpus</strong></span> <span class='ocrx_word' id='word_1_293' title='bbox 724 3939 843 3995; x_wconf 89' lang='lat' dir='ltr'><strong>sine</strong></span> <span class='ocrx_word' id='word_1_294' title='bbox 883 3938 1054 3993; x_wconf 89' lang='lat' dir='ltr'><strong>dubio</strong></span> <span class='ocrx_word' id='word_1_295' title='bbox 1077 3939 1218 3993; x_wconf 89' lang='lat' dir='ltr'><strong>scire</strong></span> <span class='ocrx_word' id='word_1_296' title='bbox 1259 3938 1435 4009; x_wconf 88' lang='lat' dir='ltr'><strong>magis</strong></span> <span class='ocrx_word' id='word_1_297' title='bbox 1490 3938 1684 3992; x_wconf 85' lang='lat' dir='ltr'><strong>avebat</strong></span> <span class='ocrx_word' id='word_1_298' title='bbox 1707 3951 1832 4008; x_wconf 64' lang='lat' dir='ltr'><strong>quae</strong></span> <span class='ocrx_word' id='word_1_299' title='bbox 1857 3936 1928 3991; x_wconf 90' lang='lat' dir='ltr'><strong>ad</strong></span> 
     </span>
    </p>
   </div>
   <div class='ocr_carea' id='block_1_42' title="bbox 326 4027 1924 4099">
    <p class='ocr_par' dir='ltr' id='par_1_42' title="bbox 326 4027 1924 4099">
     <span class='ocr_line' id='line_1_42' title="bbox 326 4027 1924 4099; baseline -0.003 -14"><span class='ocrx_word' id='word_1_300' title='bbox 326 4041 600 4094; x_wconf 87' lang='lat' dir='ltr'><strong>mortem,</strong></span> <span class='ocrx_word' id='word_1_301' title='bbox 628 4045 797 4099; x_wconf 86' lang='lat' dir='ltr'><strong>quam</strong></span> <span class='ocrx_word' id='word_1_302' title='bbox 837 4044 961 4099; x_wconf 64' lang='lat' dir='ltr'><strong>quae</strong></span> <span class='ocrx_word' id='word_1_303' title='bbox 992 4028 1061 4083; x_wconf 87' lang='lat' dir='ltr'><strong>ad</strong></span> <span class='ocrx_word' id='word_1_304' title='bbox 1093 4028 1311 4084; x_wconf 89' lang='lat' dir='ltr'><strong>vincula</strong></span> <span class='ocrx_word' id='word_1_305' title='bbox 1338 4027 1530 4097; x_wconf 84' lang='lat' dir='ltr'><strong>lgnatii</strong></span> <span class='ocrx_word' id='word_1_306' title='bbox 1558 4027 1924 4098; x_wconf 87' lang='lat' dir='ltr'><strong>pertinebant;</strong></span> 
     </span>
    </p>
   </div>
   <div class='ocr_carea' id='block_1_43' title="bbox 326 4120 1930 4193">
    <p class='ocr_par' dir='ltr' id='par_1_43' title="bbox 326 4120 1930 4193">
     <span class='ocr_line' id='line_1_43' title="bbox 326 4120 1930 4193; baseline -0.002 -16"><span class='ocrx_word' id='word_1_307' title='bbox 326 4138 500 4193; x_wconf 88' lang='lat' dir='ltr'><strong>quam</strong></span> <span class='ocrx_word' id='word_1_308' title='bbox 525 4123 795 4193; x_wconf 57' lang='lat' dir='ltr'><strong>praeclare</strong></span> <span class='ocrx_word' id='word_1_309' title='bbox 843 4138 904 4178; x_wconf 86' lang='lat' dir='ltr'><strong>se</strong></span> <span class='ocrx_word' id='word_1_310' title='bbox 930 4122 986 4176; x_wconf 90' lang='lat' dir='ltr'><strong>in</strong></span> <span class='ocrx_word' id='word_1_311' title='bbox 1018 4122 1139 4191; x_wconf 90' lang='lat' dir='ltr'><strong>ipso</strong></span> <span class='ocrx_word' id='word_1_312' title='bbox 1165 4120 1431 4191; x_wconf 83' lang='lat' dir='ltr'><strong>martyrio</strong></span> <span class='ocrx_word' id='word_1_313' title='bbox 1481 4120 1731 4191; x_wconf 81' lang='lat' dir='ltr'><strong>gesserit,</strong></span> <span class='ocrx_word' id='word_1_314' title='bbox 1759 4135 1930 4189; x_wconf 90' lang='lat' dir='ltr'><strong>quan-</strong></span> 
     </span>
    </p>
   </div>
   <div class='ocr_carea' id='block_1_44' title="bbox 326 4207 1957 4290">
    <p class='ocr_par' dir='ltr' id='par_1_44' title="bbox 326 4207 1957 4290">
     <span class='ocr_line' id='line_1_44' title="bbox 326 4207 1957 4290; baseline -0.002 -17"><span class='ocrx_word' id='word_1_315' title='bbox 326 4229 448 4276; x_wconf 81' lang='lat' dir='ltr'><strong>tum</strong></span> <span class='ocrx_word' id='word_1_316' title='bbox 476 4222 756 4275; x_wconf 85' lang='lat' dir='ltr'><strong>honorem</strong></span> <span class='ocrx_word' id='word_1_317' title='bbox 798 4218 1131 4275; x_wconf 75' lang='lat' dir='ltr'><strong>Christiana:</strong></span> <span class='ocrx_word' id='word_1_318' title='bbox 1179 4218 1431 4290; x_wconf 78' lang='lat' dir='ltr'><strong>religioni</strong></span> <span class='ocrx_word' id='word_1_319' title='bbox 1478 4216 1744 4280; x_wconf 89' lang='lat' dir='ltr'><strong>attulerit,</strong></span> <span class='ocrx_word' id='word_1_320' title='bbox 1795 4207 1957 4286; x_wconf 80' lang='lat' dir='ltr'><strong>quid</strong></span> 
     </span>
    </p>
   </div>
   <div class='ocr_carea' id='block_1_45' title="bbox 324 4309 1924 4382">
    <p class='ocr_par' dir='ltr' id='par_1_45' title="bbox 324 4309 1924 4382">
     <span class='ocr_line' id='line_1_45' title="bbox 324 4309 1924 4382; baseline -0.002 -14"><span class='ocrx_word' id='word_1_321' title='bbox 324 4313 574 4369; x_wconf 85' lang='lat' dir='ltr'><strong>comites</strong></span> <span class='ocrx_word' id='word_1_322' title='bbox 599 4312 652 4366; x_wconf 90' lang='lat' dir='ltr'><strong>ei</strong></span> <span class='ocrx_word' id='word_1_323' title='bbox 682 4312 740 4366; x_wconf 89' lang='lat' dir='ltr'><strong>in</strong></span> <span class='ocrx_word' id='word_1_324' title='bbox 791 4321 902 4367; x_wconf 87' lang='lat' dir='ltr'><strong>tam</strong></span> <span class='ocrx_word' id='word_1_325' title='bbox 934 4312 1203 4382; x_wconf 63' lang='lat' dir='ltr'><strong>praecipiti</strong></span> <span class='ocrx_word' id='word_1_326' title='bbox 1249 4312 1494 4382; x_wconf 90' lang='lat' dir='ltr'><strong>periculo</strong></span> <span class='ocrx_word' id='word_1_327' title='bbox 1542 4309 1924 4380; x_wconf 67' lang='lat' dir='ltr'><strong>praestiterint,</strong></span> 
     </span>
    </p>
   </div>
   <div class='ocr_carea' id='block_1_46' title="bbox 324 4401 1926 4477">
    <p class='ocr_par' dir='ltr' id='par_1_46' title="bbox 324 4401 1926 4477">
     <span class='ocr_line' id='line_1_46' title="bbox 324 4401 1926 4477; baseline -0.004 -16"><span class='ocrx_word' id='word_1_328' title='bbox 324 4406 463 4476; x_wconf 83' lang='lat' dir='ltr'><strong>quid</strong></span> <span class='ocrx_word' id='word_1_329' title='bbox 497 4405 655 4477; x_wconf 82' lang='lat' dir='ltr'><strong>passi</strong></span> <span class='ocrx_word' id='word_1_330' title='bbox 705 4404 841 4468; x_wconf 89' lang='lat' dir='ltr'><strong>sint,</strong></span> <span class='ocrx_word' id='word_1_331' title='bbox 890 4412 990 4460; x_wconf 90' lang='lat' dir='ltr'><strong>aut</strong></span> <span class='ocrx_word' id='word_1_332' title='bbox 1038 4402 1290 4469; x_wconf 90' lang='lat' dir='ltr'><strong>fecerint,</strong></span> <span class='ocrx_word' id='word_1_333' title='bbox 1317 4420 1387 4459; x_wconf 91' lang='lat' dir='ltr'><strong>an</strong></span> <span class='ocrx_word' id='word_1_334' title='bbox 1418 4403 1485 4459; x_wconf 89' lang='lat' dir='ltr'><strong>de</strong></span> <span class='ocrx_word' id='word_1_335' title='bbox 1509 4403 1761 4473; x_wconf 88' lang='lat' dir='ltr'><strong>reliquiis</strong></span> <span class='ocrx_word' id='word_1_336' title='bbox 1789 4401 1926 4458; x_wconf 89' lang='lat' dir='ltr'><strong>tanti</strong></span> 
     </span>
    </p>
   </div>
   <div class='ocr_carea' id='block_1_47' title="bbox 326 4494 1923 4570">
    <p class='ocr_par' dir='ltr' id='par_1_47' title="bbox 326 4494 1923 4570">
     <span class='ocr_line' id='line_1_47' title="bbox 326 4494 1923 4570; baseline -0.003 -16"><span class='ocrx_word' id='word_1_337' title='bbox 326 4498 600 4570; x_wconf 82' lang='lat' dir='ltr'><strong>martyris</strong></span> <span class='ocrx_word' id='word_1_338' title='bbox 624 4497 834 4568; x_wconf 89' lang='lat' dir='ltr'><strong>aliquid</strong></span> <span class='ocrx_word' id='word_1_339' title='bbox 859 4497 1331 4553; x_wconf 84' lang='lat' dir='ltr'><strong>conservaverint.</strong></span> <span class='ocrx_word' id='word_1_340' title='bbox 1381 4494 1501 4551; x_wconf 84' lang='lat' dir='ltr'><strong>Non</strong></span> <span class='ocrx_word' id='word_1_341' title='bbox 1531 4496 1682 4550; x_wconf 89' lang='lat' dir='ltr'><strong>enim</strong></span> <span class='ocrx_word' id='word_1_342' title='bbox 1712 4502 1923 4550; x_wconf 89' lang='lat' dir='ltr'><strong>tantum</strong></span> 
     </span>
    </p>
   </div>
   <div class='ocr_carea' id='block_1_48' title="bbox 2038 635 3613 706">
    <p class='ocr_par' dir='ltr' id='par_1_48' title="bbox 2038 635 3613 706">
     <span class='ocr_line' id='line_1_48' title="bbox 2038 635 3613 706; baseline -0.002 -13"><span class='ocrx_word' id='word_1_343' title='bbox 2038 639 2168 693; x_wconf 91' lang='lat' dir='ltr'><strong>dum</strong></span> <span class='ocrx_word' id='word_1_344' title='bbox 2195 648 2298 694; x_wconf 86' lang='lat' dir='ltr'><strong>est.</strong></span> <span class='ocrx_word' id='word_1_345' title='bbox 2331 639 2539 693; x_wconf 89' lang='lat' dir='ltr'><strong>Asserit</strong></span> <span class='ocrx_word' id='word_1_346' title='bbox 2563 637 2834 693; x_wconf 85' lang='lat' dir='ltr'><strong>Eusebius</strong></span> <span class='ocrx_word' id='word_1_347' title='bbox 2858 638 2959 691; x_wconf 91' lang='lat' dir='ltr'><strong>has</strong></span> <span class='ocrx_word' id='word_1_348' title='bbox 2985 637 3136 706; x_wconf 88' lang='lat' dir='ltr'><strong>ipsas</strong></span> <span class='ocrx_word' id='word_1_349' title='bbox 3167 635 3447 704; x_wconf 84' lang='lat' dir='ltr'><strong>epistolas,</strong></span> <span class='ocrx_word' id='word_1_350' title='bbox 3471 649 3613 704; x_wconf 76' lang='lat' dir='ltr'><strong>quas</strong></span> 
     </span>
    </p>
   </div>
   <div class='ocr_carea' id='block_1_49' title="bbox 2036 728 3613 801">
    <p class='ocr_par' dir='ltr' id='par_1_49' title="bbox 2036 728 3613 801">
     <span class='ocr_line' id='line_1_49' title="bbox 2036 728 3613 801; baseline -0.001 -16"><span class='ocrx_word' id='word_1_351' title='bbox 2036 730 2406 796; x_wconf 89' lang='lat' dir='ltr'><strong>defendimus,</strong></span> <span class='ocrx_word' id='word_1_352' title='bbox 2441 732 2609 787; x_wconf 86' lang='lat' dir='ltr'><strong>fuisse</strong></span> <span class='ocrx_word' id='word_1_353' title='bbox 2636 746 2668 785; x_wconf 89' lang='lat' dir='ltr'><strong>a</strong></span> <span class='ocrx_word' id='word_1_354' title='bbox 2705 729 3006 801; x_wconf 87' lang='lat' dir='ltr'><strong>Polycarpo</strong></span> <span class='ocrx_word' id='word_1_355' title='bbox 3047 736 3400 783; x_wconf 84' lang='lat' dir='ltr'><strong>memoratas.</strong></span> <span class='ocrx_word' id='word_1_356' title='bbox 3440 728 3550 781; x_wconf 76' lang='grc' dir='ltr'><strong>Καὶ</strong></span> <span class='ocrx_word' id='word_1_357' title='bbox 3581 730 3613 784; x_wconf 81' lang='grc' dir='ltr'><strong>ὁ</strong></span> 
     </span>
    </p>
   </div>
   <div class='ocr_carea' id='block_1_50' title="bbox 2036 818 3612 894">
    <p class='ocr_par' dir='ltr' id='par_1_50' title="bbox 2036 818 3612 894">
     <span class='ocr_line' id='line_1_50' title="bbox 2036 818 3612 894; baseline -0.002 -20"><span class='ocrx_word' id='word_1_358' title='bbox 2036 820 2393 894; x_wconf 82' lang='grc' dir='ltr'>Πολύκαρπος</span> <span class='ocrx_word' id='word_1_359' title='bbox 2412 821 2471 874; x_wconf 79' lang='grc' dir='ltr'><strong>δὲ</strong></span> <span class='ocrx_word' id='word_1_360' title='bbox 2505 821 2710 874; x_wconf 84' lang='grc' dir='ltr'><strong>τούτων</strong></span> <span class='ocrx_word' id='word_1_361' title='bbox 2755 819 2931 874; x_wconf 79' lang='grc' dir='ltr'>αὐτῶν</span> <span class='ocrx_word' id='word_1_362' title='bbox 2963 818 3233 891; x_wconf 80' lang='grc' dir='ltr'><strong>μέμνηται</strong></span> <span class='ocrx_word' id='word_1_363' title='bbox 3266 820 3325 872; x_wconf 83' lang='grc' dir='ltr'><strong>ὲν</strong></span> <span class='ocrx_word' id='word_1_364' title='bbox 3355 822 3421 889; x_wconf 77' lang='grc' dir='ltr'><strong>τῇ</strong></span> <span class='ocrx_word' id='word_1_365' title='bbox 3449 834 3612 890; x_wconf 82' lang='grc' dir='ltr'><strong>φερο-</strong></span> 
     </span>
    </p>
   </div>
   <div class='ocr_carea' id='block_1_51' title="bbox 2039 910 3611 985">
    <p class='ocr_par' dir='ltr' id='par_1_51' title="bbox 2039 910 3611 985">
     <span class='ocr_line' id='line_1_51' title="bbox 2039 910 3611 985; baseline -0.002 -19"><span class='ocrx_word' id='word_1_366' title='bbox 2039 913 2175 984; x_wconf 82' lang='grc' dir='ltr'><strong>μένῃ</strong></span> <span class='ocrx_word' id='word_1_367' title='bbox 2208 911 2374 966; x_wconf 84' lang='grc' dir='ltr'><strong>αὑτοῦ</strong></span> <span class='ocrx_word' id='word_1_368' title='bbox 2400 912 2537 985; x_wconf 83' lang='grc' dir='ltr'>πρὸς</span> <span class='ocrx_word' id='word_1_369' title='bbox 2558 912 2953 982; x_wconf 80' lang='grc' dir='ltr'><strong>Φιλιππησίους</strong></span> <span class='ocrx_word' id='word_1_370' title='bbox 2984 911 3259 983; x_wconf 76' lang='grc' dir='ltr'><strong>ἐπιστολῇ.</strong></span> <span class='ocrx_word' id='word_1_371' title='bbox 3290 910 3392 966; x_wconf 86' lang='lat' dir='ltr'><strong>Sed</strong></span> <span class='ocrx_word' id='word_1_372' title='bbox 3422 921 3472 965; x_wconf 89' lang='lat' dir='ltr'><strong>et</strong></span> <span class='ocrx_word' id='word_1_373' title='bbox 3501 910 3611 964; x_wconf 81' lang='lat' dir='ltr'><strong>Po-</strong></span> 
     </span>
    </p>
   </div>
   <div class='ocr_carea' id='block_1_52' title="bbox 2035 1003 3609 1074">
    <p class='ocr_par' dir='ltr' id='par_1_52' title="bbox 2035 1003 3609 1074">
     <span class='ocr_line' id='line_1_52' title="bbox 2035 1003 3609 1074; baseline 0 -17"><span class='ocrx_word' id='word_1_374' title='bbox 2035 1003 2283 1074; x_wconf 78' lang='lat' dir='ltr'><strong>lycarpus</strong></span> <span class='ocrx_word' id='word_1_375' title='bbox 2316 1005 2374 1057; x_wconf 88' lang='lat' dir='ltr'><strong>in</strong></span> <span class='ocrx_word' id='word_1_376' title='bbox 2427 1020 2528 1057; x_wconf 89' lang='lat' dir='ltr'><strong>sua</strong></span> <span class='ocrx_word' id='word_1_377' title='bbox 2558 1004 2627 1057; x_wconf 90' lang='lat' dir='ltr'><strong>ad</strong></span> <span class='ocrx_word' id='word_1_378' title='bbox 2662 1003 3021 1073; x_wconf 82' lang='lat' dir='ltr'><strong>Philippenses</strong></span> <span class='ocrx_word' id='word_1_379' title='bbox 3052 1003 3275 1072; x_wconf 88' lang='lat' dir='ltr'><strong>epistola</strong></span> <span class='ocrx_word' id='word_1_380' title='bbox 3302 1004 3609 1057; x_wconf 80' lang='lat' dir='ltr'><strong>earumdem</strong></span> 
     </span>
    </p>
   </div>
   <div class='ocr_carea' id='block_1_53' title="bbox 2035 1094 3607 1165">
    <p class='ocr_par' dir='ltr' id='par_1_53' title="bbox 2035 1094 3607 1165">
     <span class='ocr_line' id='line_1_53' title="bbox 2035 1094 3607 1165; baseline -0.001 -16"><span class='ocrx_word' id='word_1_381' title='bbox 2035 1096 2272 1150; x_wconf 85' lang='lat' dir='ltr'><strong>meminit</strong></span> <span class='ocrx_word' id='word_1_382' title='bbox 2323 1096 2688 1165; x_wconf 81' lang='lat' dir='ltr'><strong>epistolarum.</strong></span> <span class='ocrx_word' id='word_1_383' title='bbox 2748 1095 2904 1162; x_wconf 82' lang='lat' dir='ltr'><strong>Quod</strong></span> <span class='ocrx_word' id='word_1_384' title='bbox 2945 1094 3213 1151; x_wconf 85' lang='lat' dir='ltr'><strong>Eusebius</strong></span> <span class='ocrx_word' id='word_1_385' title='bbox 3254 1095 3473 1161; x_wconf 89' lang='lat' dir='ltr'><strong>asserit,</strong></span> <span class='ocrx_word' id='word_1_386' title='bbox 3506 1110 3607 1149; x_wconf 88' lang='lat' dir='ltr'><strong>no-</strong></span> 
     </span>
    </p>
   </div>
   <div class='ocr_carea' id='block_1_54' title="bbox 2035 1185 3608 1256">
    <p class='ocr_par' dir='ltr' id='par_1_54' title="bbox 2035 1185 3608 1256">
     <span class='ocr_line' id='line_1_54' title="bbox 2035 1185 3608 1256; baseline -0.001 -14"><span class='ocrx_word' id='word_1_387' title='bbox 2035 1186 2135 1242; x_wconf 89' lang='lat' dir='ltr'><strong>stri</strong></span> <span class='ocrx_word' id='word_1_388' title='bbox 2184 1188 2392 1256; x_wconf 87' lang='lat' dir='ltr'><strong>pariter</strong></span> <span class='ocrx_word' id='word_1_389' title='bbox 2418 1188 2722 1255; x_wconf 75' lang='lat' dir='ltr'><strong>afﬁrmant;</strong></span> <span class='ocrx_word' id='word_1_390' title='bbox 2754 1188 2989 1243; x_wconf 78' lang='lat' dir='ltr'><strong>Dallteus</strong></span> <span class='ocrx_word' id='word_1_391' title='bbox 3019 1197 3203 1256; x_wconf 76' lang='lat' dir='ltr'><strong>negat.</strong></span> <span class='ocrx_word' id='word_1_392' title='bbox 3241 1185 3466 1241; x_wconf 88' lang='lat' dir='ltr'><strong>Fatetur</strong></span> <span class='ocrx_word' id='word_1_393' title='bbox 3491 1187 3608 1256; x_wconf 88' lang='lat' dir='ltr'><strong>qui-</strong></span> 
     </span>
    </p>
   </div>
   <div class='ocr_carea' id='block_1_55' title="bbox 2033 1278 3609 1352">
    <p class='ocr_par' dir='ltr' id='par_1_55' title="bbox 2033 1278 3609 1352">
     <span class='ocr_line' id='line_1_55' title="bbox 2033 1278 3609 1352; baseline 0.001 -19"><span class='ocrx_word' id='word_1_394' title='bbox 2033 1278 2156 1334; x_wconf 89' lang='lat' dir='ltr'><strong>dem</strong></span> <span class='ocrx_word' id='word_1_395' title='bbox 2198 1281 2389 1335; x_wconf 86' lang='lat' dir='ltr'><strong>testari</strong></span> <span class='ocrx_word' id='word_1_396' title='bbox 2441 1296 2605 1351; x_wconf 88' lang='lat' dir='ltr'><strong>posse</strong></span> <span class='ocrx_word' id='word_1_397' title='bbox 2654 1280 3035 1352; x_wconf 83' lang='lat' dir='ltr'><strong>Polycarpum,</strong></span> <span class='ocrx_word' id='word_1_398' title='bbox 3066 1282 3280 1351; x_wconf 88' lang='lat' dir='ltr'><strong>aliquas</strong></span> <span class='ocrx_word' id='word_1_399' title='bbox 3322 1280 3609 1350; x_wconf 89' lang='lat' dir='ltr'><strong>scripsisse</strong></span> 
     </span>
    </p>
   </div>
   <div class='ocr_carea' id='block_1_56' title="bbox 2034 1371 3605 1443">
    <p class='ocr_par' dir='ltr' id='par_1_56' title="bbox 2034 1371 3605 1443">
     <span class='ocr_line' id='line_1_56' title="bbox 2034 1371 3605 1443; baseline 0 -18"><span class='ocrx_word' id='word_1_400' title='bbox 2034 1371 2294 1440; x_wconf 87' lang='lat' dir='ltr'><strong>epistolas</strong></span> <span class='ocrx_word' id='word_1_401' title='bbox 2325 1371 2615 1443; x_wconf 89' lang='lat' dir='ltr'><strong>lgnatium,</strong></span> <span class='ocrx_word' id='word_1_402' title='bbox 2646 1373 2747 1429; x_wconf 88' lang='lat' dir='ltr'><strong>has</strong></span> <span class='ocrx_word' id='word_1_403' title='bbox 2773 1383 2954 1427; x_wconf 89' lang='lat' dir='ltr'><strong>autem</strong></span> <span class='ocrx_word' id='word_1_404' title='bbox 2980 1387 3074 1428; x_wconf 90' lang='lat' dir='ltr'><strong>eas</strong></span> <span class='ocrx_word' id='word_1_405' title='bbox 3100 1371 3272 1427; x_wconf 89' lang='lat' dir='ltr'><strong>fuisse</strong></span> <span class='ocrx_word' id='word_1_406' title='bbox 3304 1380 3497 1442; x_wconf 89' lang='lat' dir='ltr'><strong>negat;</strong></span> <span class='ocrx_word' id='word_1_407' title='bbox 3532 1373 3605 1427; x_wconf 89' lang='lat' dir='ltr'><strong>si-</strong></span> 
     </span>
    </p>
   </div>
   <div class='ocr_carea' id='block_1_57' title="bbox 2033 1462 3609 1535">
    <p class='ocr_par' dir='ltr' id='par_1_57' title="bbox 2033 1462 3609 1535">
     <span class='ocr_line' id='line_1_57' title="bbox 2033 1462 3609 1535; baseline 0.001 -19"><span class='ocrx_word' id='word_1_408' title='bbox 2033 1463 2191 1519; x_wconf 90' lang='lat' dir='ltr'><strong>miles</strong></span> <span class='ocrx_word' id='word_1_409' title='bbox 2216 1464 2396 1533; x_wconf 90' lang='lat' dir='ltr'><strong>aliqua</strong></span> <span class='ocrx_word' id='word_1_410' title='bbox 2429 1480 2488 1520; x_wconf 91' lang='lat' dir='ltr'><strong>re</strong></span> <span class='ocrx_word' id='word_1_411' title='bbox 2515 1465 2684 1520; x_wconf 91' lang='lat' dir='ltr'><strong>fuisse</strong></span> <span class='ocrx_word' id='word_1_412' title='bbox 2731 1465 2979 1535; x_wconf 86' lang='lat' dir='ltr'><strong>largitur,</strong></span> <span class='ocrx_word' id='word_1_413' title='bbox 3028 1465 3249 1519; x_wconf 91' lang='lat' dir='ltr'><strong>easdem</strong></span> <span class='ocrx_word' id='word_1_414' title='bbox 3282 1462 3451 1519; x_wconf 90' lang='lat' dir='ltr'><strong>fuisse</strong></span> <span class='ocrx_word' id='word_1_415' title='bbox 3484 1479 3609 1533; x_wconf 89' lang='lat' dir='ltr'><strong>per-</strong></span> 
     </span>
    </p>
   </div>
   <div class='ocr_carea' id='block_1_58' title="bbox 2034 1554 3605 1629">
    <p class='ocr_par' dir='ltr' id='par_1_58' title="bbox 2034 1554 3605 1629">
     <span class='ocr_line' id='line_1_58' title="bbox 2034 1554 3605 1629; baseline 0.002 -21"><span class='ocrx_word' id='word_1_416' title='bbox 2034 1568 2212 1624; x_wconf 82' lang='lat' dir='ltr'><strong>negat.</strong></span> <span class='ocrx_word' id='word_1_417' title='bbox 2248 1554 2540 1612; x_wconf 82' lang='lat' dir='ltr'><strong>Rationem</strong></span> <span class='ocrx_word' id='word_1_418' title='bbox 2564 1559 2872 1629; x_wconf 89' lang='lat' dir='ltr'><strong>negationis</strong></span> <span class='ocrx_word' id='word_1_419' title='bbox 2901 1557 3119 1612; x_wconf 90' lang='lat' dir='ltr'><strong>unicam</strong></span> <span class='ocrx_word' id='word_1_420' title='bbox 3146 1557 3325 1621; x_wconf 74' lang='lat' dir='ltr'><strong>affert,</strong></span> <span class='ocrx_word' id='word_1_421' title='bbox 3363 1557 3511 1627; x_wconf 91' lang='lat' dir='ltr'><strong>quod</strong></span> <span class='ocrx_word' id='word_1_422' title='bbox 3552 1556 3605 1611; x_wconf 89' lang='lat' dir='ltr'><strong>id</strong></span> 
     </span>
    </p>
   </div>
   <div class='ocr_carea' id='block_1_59' title="bbox 2032 1646 3604 1722">
    <p class='ocr_par' dir='ltr' id='par_1_59' title="bbox 2032 1646 3604 1722">
     <span class='ocr_line' id='line_1_59' title="bbox 2032 1646 3604 1722; baseline 0.001 -21"><span class='ocrx_word' id='word_1_423' title='bbox 2032 1646 2328 1703; x_wconf 86' lang='lat' dir='ltr'><strong>clarissime</strong></span> <span class='ocrx_word' id='word_1_424' title='bbox 2350 1658 2400 1703; x_wconf 88' lang='lat' dir='ltr'><strong>et</strong></span> <span class='ocrx_word' id='word_1_425' title='bbox 2428 1650 2781 1720; x_wconf 69' lang='lat' dir='ltr'><strong>multiiariam</strong></span> <span class='ocrx_word' id='word_1_426' title='bbox 2804 1668 2837 1705; x_wconf 90' lang='lat' dir='ltr'><strong>a</strong></span> <span class='ocrx_word' id='word_1_427' title='bbox 2860 1666 2913 1705; x_wconf 82' lang='lat' dir='ltr'><strong>se</strong></span> <span class='ocrx_word' id='word_1_428' title='bbox 2949 1652 3110 1722; x_wconf 78' lang='lat' dir='ltr'><strong>fuerit</strong></span> <span class='ocrx_word' id='word_1_429' title='bbox 3148 1651 3604 1714; x_wconf 89' lang='lat' dir='ltr'><strong>demonstratum,</strong></span> 
     </span>
    </p>
   </div>
   <div class='ocr_carea' id='block_1_60' title="bbox 2032 1729 3607 1817">
    <p class='ocr_par' dir='ltr' id='par_1_60' title="bbox 2032 1729 3607 1817">
     <span class='ocr_line' id='line_1_60' title="bbox 2032 1729 3607 1817; baseline 0.001 -22"><span class='ocrx_word' id='word_1_430' title='bbox 2032 1741 2104 1795; x_wconf 90' lang='lat' dir='ltr'><strong>ob</strong></span> <span class='ocrx_word' id='word_1_431' title='bbox 2138 1756 2331 1811; x_wconf 88' lang='lat' dir='ltr'><strong>nempe</strong></span> <span class='ocrx_word' id='word_1_432' title='bbox 2371 1740 2864 1797; x_wconf 83' lang='lat' dir='ltr'><strong>Valentinianorum</strong></span> <span class='ocrx_word' id='word_1_433' title='bbox 2899 1729 3096 1817; x_wconf 67' lang='grc' dir='ltr'><strong>’σιγὴν,</strong></span> <span class='ocrx_word' id='word_1_434' title='bbox 3132 1754 3182 1798; x_wconf 88' lang='lat' dir='ltr'><strong>et</strong></span> <span class='ocrx_word' id='word_1_435' title='bbox 3232 1744 3607 1813; x_wconf 71' lang='lat' dir='ltr'><strong>Patripassiao</strong></span> 
     </span>
    </p>
   </div>
   <div class='ocr_carea' id='block_1_61' title="bbox 2033 1832 3606 1904">
    <p class='ocr_par' dir='ltr' id='par_1_61' title="bbox 2033 1832 3606 1904">
     <span class='ocr_line' id='line_1_61' title="bbox 2033 1832 3606 1904; baseline 0.003 -20"><span class='ocrx_word' id='word_1_436' title='bbox 2033 1848 2221 1885; x_wconf 87' lang='lat' dir='ltr'><strong>norum</strong></span> <span class='ocrx_word' id='word_1_437' title='bbox 2245 1832 2490 1897; x_wconf 69' lang='lat' dir='ltr'><strong>Ita&#39;resin,</strong></span> <span class='ocrx_word' id='word_1_438' title='bbox 2522 1833 2837 1904; x_wconf 86' lang='lat' dir='ltr'><strong>similiaque</strong></span> <span class='ocrx_word' id='word_1_439' title='bbox 2868 1850 2987 1904; x_wconf 76' lang='lat' dir='ltr'><strong>qua:</strong></span> <span class='ocrx_word' id='word_1_440' title='bbox 3028 1834 3146 1903; x_wconf 78' lang='lat' dir='ltr'><strong>ﬁeri</strong></span> <span class='ocrx_word' id='word_1_441' title='bbox 3179 1851 3279 1888; x_wconf 84' lang='lat' dir='ltr'><strong>non</strong></span> <span class='ocrx_word' id='word_1_442' title='bbox 3323 1844 3492 1904; x_wconf 77' lang='lat' dir='ltr'><strong>potest</strong></span> <span class='ocrx_word' id='word_1_443' title='bbox 3545 1845 3606 1888; x_wconf 81' lang='lat' dir='ltr'><strong>ut</strong></span> 
     </span>
    </p>
   </div>
   <div class='ocr_carea' id='block_1_62' title="bbox 1962 1912 3607 1994">
    <p class='ocr_par' dir='ltr' id='par_1_62' title="bbox 1962 1912 3607 1994">
     <span class='ocr_line' id='line_1_62' title="bbox 1962 1912 3607 1994; baseline 0.001 -16"><span class='ocrx_word' id='word_1_444' title='bbox 1962 1912 2004 1967; x_wconf 85' lang='grc' dir='ltr'><strong>Β</strong></span> <span class='ocrx_word' id='word_1_445' title='bbox 2032 1923 2268 1991; x_wconf 72' lang='lat' dir='ltr'><strong>epistolae</strong></span> <span class='ocrx_word' id='word_1_446' title='bbox 2299 1940 2415 1978; x_wconf 88' lang='lat' dir='ltr'><strong>vere</strong></span> <span class='ocrx_word' id='word_1_447' title='bbox 2458 1924 2522 1976; x_wconf 93' lang='lat' dir='ltr'><strong>ab</strong></span> <span class='ocrx_word' id='word_1_448' title='bbox 2552 1923 2768 1994; x_wconf 85' lang='lat' dir='ltr'><strong>lgnatio</strong></span> <span class='ocrx_word' id='word_1_449' title='bbox 2793 1926 3006 1994; x_wconf 74' lang='lat' dir='ltr'><strong>scripta:</strong></span> <span class='ocrx_word' id='word_1_450' title='bbox 3051 1925 3353 1981; x_wconf 79' lang='lat' dir='ltr'><strong>habuerint.</strong></span> <span class='ocrx_word' id='word_1_451' title='bbox 3412 1926 3489 1981; x_wconf 90' lang='lat' dir='ltr'><strong>Ita</strong></span> <span class='ocrx_word' id='word_1_452' title='bbox 3537 1929 3607 1981; x_wconf 85' lang='lat' dir='ltr'><strong>ah</strong></span> 
     </span>
    </p>
   </div>
   <div class='ocr_carea' id='block_1_63' title="bbox 2036 2016 3605 2088">
    <p class='ocr_par' dir='ltr' id='par_1_63' title="bbox 2036 2016 3605 2088">
     <span class='ocr_line' id='line_1_63' title="bbox 2036 2016 3605 2088; baseline 0.003 -19"><span class='ocrx_word' id='word_1_453' title='bbox 2036 2024 2361 2086; x_wconf 89' lang='lat' dir='ltr'><strong>argumento</strong></span> <span class='ocrx_word' id='word_1_454' title='bbox 2408 2031 2439 2070; x_wconf 91' lang='lat' dir='ltr'><strong>a</strong></span> <span class='ocrx_word' id='word_1_455' title='bbox 2470 2016 2799 2071; x_wconf 89' lang='lat' dir='ltr'><strong>testimoniis</strong></span> <span class='ocrx_word' id='word_1_456' title='bbox 2840 2017 3030 2087; x_wconf 91' lang='lat' dir='ltr'><strong>petito,</strong></span> <span class='ocrx_word' id='word_1_457' title='bbox 3080 2017 3145 2072; x_wconf 89' lang='lat' dir='ltr'><strong>ad</strong></span> <span class='ocrx_word' id='word_1_458' title='bbox 3176 2018 3308 2072; x_wconf 89' lang='lat' dir='ltr'><strong>illud</strong></span> <span class='ocrx_word' id='word_1_459' title='bbox 3352 2019 3499 2088; x_wconf 91' lang='lat' dir='ltr'><strong>quod</strong></span> <span class='ocrx_word' id='word_1_460' title='bbox 3537 2034 3605 2073; x_wconf 74' lang='lat' dir='ltr'><strong>ex</strong></span> 
     </span>
    </p>
   </div>
   <div class='ocr_carea' id='block_1_64' title="bbox 2036 2103 3603 2174">
    <p class='ocr_par' dir='ltr' id='par_1_64' title="bbox 2036 2103 3603 2174">
     <span class='ocr_line' id='line_1_64' title="bbox 2036 2103 3603 2174; baseline 0.003 -17"><span class='ocrx_word' id='word_1_461' title='bbox 2036 2103 2264 2159; x_wconf 88' lang='lat' dir='ltr'><strong>materia</strong></span> <span class='ocrx_word' id='word_1_462' title='bbox 2292 2104 2473 2174; x_wconf 89' lang='lat' dir='ltr'><strong>operis</strong></span> <span class='ocrx_word' id='word_1_463' title='bbox 2499 2104 2805 2171; x_wconf 86' lang='lat' dir='ltr'><strong>deducitur,</strong></span> <span class='ocrx_word' id='word_1_464' title='bbox 2831 2106 3129 2161; x_wconf 90' lang='lat' dir='ltr'><strong>desultorie</strong></span> <span class='ocrx_word' id='word_1_465' title='bbox 3154 2107 3372 2174; x_wconf 89' lang='lat' dir='ltr'><strong>transit,</strong></span> <span class='ocrx_word' id='word_1_466' title='bbox 3394 2117 3448 2162; x_wconf 91' lang='lat' dir='ltr'><strong>et</strong></span> <span class='ocrx_word' id='word_1_467' title='bbox 3479 2124 3603 2163; x_wconf 90' lang='lat' dir='ltr'><strong>cum</strong></span> 
     </span>
    </p>
   </div>
   <div class='ocr_carea' id='block_1_65' title="bbox 2033 2197 3603 2267">
    <p class='ocr_par' dir='ltr' id='par_1_65' title="bbox 2033 2197 3603 2267">
     <span class='ocr_line' id='line_1_65' title="bbox 2033 2197 3603 2267; baseline 0.003 -19"><span class='ocrx_word' id='word_1_468' title='bbox 2033 2204 2261 2249; x_wconf 79' lang='lat' dir='ltr'><strong>externo</strong></span> <span class='ocrx_word' id='word_1_469' title='bbox 2290 2204 2615 2265; x_wconf 85' lang='lat' dir='ltr'><strong>argumento</strong></span> <span class='ocrx_word' id='word_1_470' title='bbox 2655 2197 2943 2267; x_wconf 89' lang='lat' dir='ltr'><strong>premitur,</strong></span> <span class='ocrx_word' id='word_1_471' title='bbox 2995 2198 3061 2251; x_wconf 90' lang='lat' dir='ltr'><strong>ad</strong></span> <span class='ocrx_word' id='word_1_472' title='bbox 3098 2199 3374 2252; x_wconf 91' lang='lat' dir='ltr'><strong>internum</strong></span> <span class='ocrx_word' id='word_1_473' title='bbox 3408 2198 3603 2253; x_wconf 83' lang='lat' dir='ltr'><strong>confu-</strong></span> 
     </span>
    </p>
   </div>
   <div class='ocr_carea' id='block_1_66' title="bbox 2033 2286 3604 2361">
    <p class='ocr_par' dir='ltr' id='par_1_66' title="bbox 2033 2286 3604 2361">
     <span class='ocr_line' id='line_1_66' title="bbox 2033 2286 3604 2361; baseline 0.004 -22"><span class='ocrx_word' id='word_1_474' title='bbox 2033 2286 2128 2356; x_wconf 80' lang='lat' dir='ltr'><strong>git.</strong></span> <span class='ocrx_word' id='word_1_475' title='bbox 2154 2286 2354 2342; x_wconf 86' lang='lat' dir='ltr'><strong>Dicunt</strong></span> <span class='ocrx_word' id='word_1_476' title='bbox 2380 2289 2556 2343; x_wconf 87' lang='lat' dir='ltr'><strong>nostri</strong></span> <span class='ocrx_word' id='word_1_477' title='bbox 2586 2287 2946 2361; x_wconf 88' lang='lat' dir='ltr'><strong>Polycarpum</strong></span> <span class='ocrx_word' id='word_1_478' title='bbox 3001 2289 3190 2343; x_wconf 89' lang='lat' dir='ltr'><strong>testari</strong></span> <span class='ocrx_word' id='word_1_479' title='bbox 3242 2288 3300 2344; x_wconf 90' lang='lat' dir='ltr'><strong>S.</strong></span> <span class='ocrx_word' id='word_1_480' title='bbox 3333 2292 3604 2359; x_wconf 85' lang='lat' dir='ltr'><strong>lgnatium</strong></span> 
     </span>
    </p>
   </div>
   <div class='ocr_carea' id='block_1_67' title="bbox 2037 2377 3603 2450">
    <p class='ocr_par' dir='ltr' id='par_1_67' title="bbox 2037 2377 3603 2450">
     <span class='ocr_line' id='line_1_67' title="bbox 2037 2377 3603 2450; baseline 0.004 -20"><span class='ocrx_word' id='word_1_481' title='bbox 2037 2377 2135 2431; x_wconf 85' lang='lat' dir='ltr'><strong>has</strong></span> <span class='ocrx_word' id='word_1_482' title='bbox 2161 2377 2423 2447; x_wconf 83' lang='lat' dir='ltr'><strong>epistolas</strong></span> <span class='ocrx_word' id='word_1_483' title='bbox 2452 2379 2775 2449; x_wconf 88' lang='lat' dir='ltr'><strong>scripsisse;</strong></span> <span class='ocrx_word' id='word_1_484' title='bbox 2811 2380 3124 2449; x_wconf 88' lang='lat' dir='ltr'><strong>respondet,</strong></span> <span class='ocrx_word' id='word_1_485' title='bbox 3171 2381 3302 2450; x_wconf 74' lang='lat' dir='ltr'><strong>ipsa:</strong></span> <span class='ocrx_word' id='word_1_486' title='bbox 3359 2381 3603 2436; x_wconf 79' lang='lat' dir='ltr'><strong>luculen-</strong></span> 
     </span>
    </p>
   </div>
   <div class='ocr_carea' id='block_1_68' title="bbox 2036 2468 3605 2539">
    <p class='ocr_par' dir='ltr' id='par_1_68' title="bbox 2036 2468 3605 2539">
     <span class='ocr_line' id='line_1_68' title="bbox 2036 2468 3605 2539; baseline 0.006 -19"><span class='ocrx_word' id='word_1_487' title='bbox 2036 2469 2237 2523; x_wconf 81' lang='lat' dir='ltr'><strong>tissime</strong></span> <span class='ocrx_word' id='word_1_488' title='bbox 2259 2481 2471 2539; x_wconf 84' lang='lat' dir='ltr'><strong>negant.</strong></span> <span class='ocrx_word' id='word_1_489' title='bbox 2503 2468 2733 2526; x_wconf 85' lang='lat' dir='ltr'><strong>Frustra</strong></span> <span class='ocrx_word' id='word_1_490' title='bbox 2762 2472 2990 2525; x_wconf 91' lang='lat' dir='ltr'><strong>omnino</strong></span> <span class='ocrx_word' id='word_1_491' title='bbox 3030 2481 3084 2525; x_wconf 89' lang='lat' dir='ltr'><strong>et</strong></span> <span class='ocrx_word' id='word_1_492' title='bbox 3111 2472 3275 2528; x_wconf 90' lang='lat' dir='ltr'><strong>dictis</strong></span> <span class='ocrx_word' id='word_1_493' title='bbox 3325 2489 3491 2529; x_wconf 88' lang='lat' dir='ltr'><strong>causa</strong></span> <span class='ocrx_word' id='word_1_494' title='bbox 3520 2491 3605 2529; x_wconf 90' lang='lat' dir='ltr'><strong>re-</strong></span> 
     </span>
    </p>
   </div>
   <div class='ocr_carea' id='block_1_69' title="bbox 2031 2557 3607 2632">
    <p class='ocr_par' dir='ltr' id='par_1_69' title="bbox 2031 2557 3607 2632">
     <span class='ocr_line' id='line_1_69' title="bbox 2031 2557 3607 2632; baseline 0.004 -20"><span class='ocrx_word' id='word_1_495' title='bbox 2031 2557 2281 2615; x_wconf 71' lang='lat' dir='ltr'><strong>l&#39;ellendis</strong></span> <span class='ocrx_word' id='word_1_496' title='bbox 2316 2570 2633 2616; x_wconf 90' lang='lat' dir='ltr'><strong>nostrorum</strong></span> <span class='ocrx_word' id='word_1_497' title='bbox 2664 2561 3000 2632; x_wconf 89' lang='lat' dir='ltr'><strong>argumentis</strong></span> <span class='ocrx_word' id='word_1_498' title='bbox 3038 2576 3069 2616; x_wconf 88' lang='lat' dir='ltr'><strong>a</strong></span> <span class='ocrx_word' id='word_1_499' title='bbox 3099 2570 3341 2618; x_wconf 88' lang='lat' dir='ltr'><strong>veterum</strong></span> <span class='ocrx_word' id='word_1_500' title='bbox 3366 2558 3607 2620; x_wconf 84' lang='lat' dir='ltr'><strong>auctori-</strong></span> 
     </span>
    </p>
   </div>
   <div class='ocr_carea' id='block_1_70' title="bbox 2034 2652 3604 2724">
    <p class='ocr_par' dir='ltr' id='par_1_70' title="bbox 2034 2652 3604 2724">
     <span class='ocr_line' id='line_1_70' title="bbox 2034 2652 3604 2724; baseline 0.004 -20"><span class='ocrx_word' id='word_1_501' title='bbox 2034 2658 2142 2705; x_wconf 87' lang='lat' dir='ltr'><strong>tate</strong></span> <span class='ocrx_word' id='word_1_502' title='bbox 2164 2652 2397 2722; x_wconf 89' lang='lat' dir='ltr'><strong>sumptis</strong></span> <span class='ocrx_word' id='word_1_503' title='bbox 2419 2653 2715 2719; x_wconf 89' lang='lat' dir='ltr'><strong>insudavit,</strong></span> <span class='ocrx_word' id='word_1_504' title='bbox 2748 2654 2793 2708; x_wconf 92' lang='lat' dir='ltr'><strong>si</strong></span> <span class='ocrx_word' id='word_1_505' title='bbox 2840 2655 3057 2724; x_wconf 89' lang='lat' dir='ltr'><strong>quoties</strong></span> <span class='ocrx_word' id='word_1_506' title='bbox 3083 2670 3146 2709; x_wconf 90' lang='lat' dir='ltr'><strong>ea</strong></span> <span class='ocrx_word' id='word_1_507' title='bbox 3170 2655 3504 2721; x_wconf 81' lang='lat' dir='ltr'><strong>aﬂ‘eruntur,</strong></span> <span class='ocrx_word' id='word_1_508' title='bbox 3538 2657 3604 2711; x_wconf 88' lang='lat' dir='ltr'><strong>ad</strong></span> 
     </span>
    </p>
   </div>
   <div class='ocr_carea' id='block_1_71' title="bbox 2032 2744 3605 2819">
    <p class='ocr_par' dir='ltr' id='par_1_71' title="bbox 2032 2744 3605 2819">
     <span class='ocr_line' id='line_1_71' title="bbox 2032 2744 3605 2819; baseline 0.003 -20"><span class='ocrx_word' id='word_1_509' title='bbox 2032 2744 2168 2799; x_wconf 88' lang='lat' dir='ltr'><strong>tales</strong></span> <span class='ocrx_word' id='word_1_510' title='bbox 2219 2744 2720 2801; x_wconf 89' lang='lat' dir='ltr'><strong>demonstrationes</strong></span> <span class='ocrx_word' id='word_1_511' title='bbox 2768 2756 3050 2814; x_wconf 86' lang='lat' dir='ltr'><strong>recurrat;</strong></span> <span class='ocrx_word' id='word_1_512' title='bbox 3095 2763 3221 2802; x_wconf 90' lang='lat' dir='ltr'><strong>cum</strong></span> <span class='ocrx_word' id='word_1_513' title='bbox 3274 2764 3382 2802; x_wconf 88' lang='lat' dir='ltr'><strong>una</strong></span> <span class='ocrx_word' id='word_1_514' title='bbox 3439 2764 3605 2819; x_wconf 85' lang='lat' dir='ltr'><strong>opera</strong></span> 
     </span>
    </p>
   </div>
   <div class='ocr_carea' id='block_1_72' title="bbox 2030 2837 3605 2908">
    <p class='ocr_par' dir='ltr' id='par_1_72' title="bbox 2030 2837 3605 2908">
     <span class='ocr_line' id='line_1_72' title="bbox 2030 2837 3605 2908; baseline 0.004 -19"><span class='ocrx_word' id='word_1_515' title='bbox 2030 2837 2214 2906; x_wconf 89' lang='lat' dir='ltr'><strong>potius</strong></span> <span class='ocrx_word' id='word_1_516' title='bbox 2234 2837 2420 2892; x_wconf 88' lang='lat' dir='ltr'><strong>omnia</strong></span> <span class='ocrx_word' id='word_1_517' title='bbox 2467 2837 2754 2908; x_wconf 89' lang='lat' dir='ltr'><strong>repudiare</strong></span> <span class='ocrx_word' id='word_1_518' title='bbox 2801 2838 3069 2893; x_wconf 88' lang='lat' dir='ltr'><strong>debuerit.</strong></span> <span class='ocrx_word' id='word_1_519' title='bbox 3106 2837 3212 2894; x_wconf 89' lang='lat' dir='ltr'><strong>Sed</strong></span> <span class='ocrx_word' id='word_1_520' title='bbox 3250 2854 3353 2895; x_wconf 91' lang='lat' dir='ltr'><strong>nos</strong></span> <span class='ocrx_word' id='word_1_521' title='bbox 3379 2840 3605 2895; x_wconf 90' lang='lat' dir='ltr'><strong>demon-</strong></span> 
     </span>
    </p>
   </div>
   <div class='ocr_carea' id='block_1_73' title="bbox 2032 2929 3606 3002">
    <p class='ocr_par' dir='ltr' id='par_1_73' title="bbox 2032 2929 3606 3002">
     <span class='ocr_line' id='line_1_73' title="bbox 2032 2929 3606 3002; baseline 0.003 -19"><span class='ocrx_word' id='word_1_522' title='bbox 2032 2929 2328 2985; x_wconf 87' lang='lat' dir='ltr'><strong>strationes</strong></span> <span class='ocrx_word' id='word_1_523' title='bbox 2371 2929 2492 2999; x_wconf 84' lang='lat' dir='ltr'><strong>ejus</strong></span> <span class='ocrx_word' id='word_1_524' title='bbox 2543 2944 2734 2984; x_wconf 89' lang='lat' dir='ltr'><strong>omnes</strong></span> <span class='ocrx_word' id='word_1_525' title='bbox 2756 2945 2895 2999; x_wconf 90' lang='lat' dir='ltr'><strong>quas</strong></span> <span class='ocrx_word' id='word_1_526' title='bbox 2920 2930 3125 3001; x_wconf 90' lang='lat' dir='ltr'><strong>ubique</strong></span> <span class='ocrx_word' id='word_1_527' title='bbox 3167 2932 3448 3002; x_wconf 63' lang='lat' dir='ltr'><strong>pradicat,</strong></span> <span class='ocrx_word' id='word_1_528' title='bbox 3478 2948 3606 3002; x_wconf 89' lang='lat' dir='ltr'><strong>pro-</strong></span> 
     </span>
    </p>
   </div>
   <div class='ocr_carea' id='block_1_74' title="bbox 2033 3020 3605 3093">
    <p class='ocr_par' dir='ltr' id='par_1_74' title="bbox 2033 3020 3605 3093">
     <span class='ocr_line' id='line_1_74' title="bbox 2033 3020 3605 3093; baseline 0.003 -20"><span class='ocrx_word' id='word_1_529' title='bbox 2033 3022 2177 3074; x_wconf 80' lang='lat' dir='ltr'><strong>xima</strong></span> <span class='ocrx_word' id='word_1_530' title='bbox 2192 3020 2601 3086; x_wconf 89' lang='lat' dir='ltr'><strong>dissertatione,</strong></span> <span class='ocrx_word' id='word_1_531' title='bbox 2632 3022 2737 3077; x_wconf 91' lang='lat' dir='ltr'><strong>hoc</strong></span> <span class='ocrx_word' id='word_1_532' title='bbox 2759 3029 2863 3087; x_wconf 89' lang='lat' dir='ltr'><strong>est,</strong></span> <span class='ocrx_word' id='word_1_533' title='bbox 2885 3036 2987 3077; x_wconf 90' lang='lat' dir='ltr'><strong>suo</strong></span> <span class='ocrx_word' id='word_1_534' title='bbox 3010 3022 3154 3088; x_wconf 82' lang='lat' dir='ltr'><strong>loco,</strong></span> <span class='ocrx_word' id='word_1_535' title='bbox 3171 3023 3605 3093; x_wconf 86' lang='lat' dir='ltr'><strong>objectiunculas</strong></span> 
     </span>
    </p>
   </div>
   <div class='ocr_carea' id='block_1_75' title="bbox 2031 3112 3607 3185">
    <p class='ocr_par' dir='ltr' id='par_1_75' title="bbox 2031 3112 3607 3185">
     <span class='ocr_line' id='line_1_75' title="bbox 2031 3112 3607 3185; baseline 0.002 -18"><span class='ocrx_word' id='word_1_536' title='bbox 2031 3120 2243 3167; x_wconf 89' lang='lat' dir='ltr'><strong>tantum</strong></span> <span class='ocrx_word' id='word_1_537' title='bbox 2294 3112 2562 3181; x_wconf 85' lang='lat' dir='ltr'><strong>inﬁrmas,</strong></span> <span class='ocrx_word' id='word_1_538' title='bbox 2616 3112 3035 3184; x_wconf 88' lang='lat' dir='ltr'><strong>levissimasque</strong></span> <span class='ocrx_word' id='word_1_539' title='bbox 3085 3115 3434 3185; x_wconf 87' lang='lat' dir='ltr'><strong>conjecturas</strong></span> <span class='ocrx_word' id='word_1_540' title='bbox 3483 3130 3607 3170; x_wconf 87' lang='lat' dir='ltr'><strong>esse</strong></span> 
     </span>
    </p>
   </div>
   <div class='ocr_carea' id='block_1_76' title="bbox 2032 3204 3606 3280">
    <p class='ocr_par' dir='ltr' id='par_1_76' title="bbox 2032 3204 3606 3280">
     <span class='ocr_line' id='line_1_76' title="bbox 2032 3204 3606 3280; baseline 0.003 -22"><span class='ocrx_word' id='word_1_541' title='bbox 2032 3205 2555 3271; x_wconf 87' lang='lat' dir='ltr'><strong>demonstrabimus,</strong></span> <span class='ocrx_word' id='word_1_542' title='bbox 2607 3215 2771 3276; x_wconf 89' lang='lat' dir='ltr'><strong>atque</strong></span> <span class='ocrx_word' id='word_1_543' title='bbox 2812 3206 3028 3263; x_wconf 89' lang='lat' dir='ltr'><strong>interim</strong></span> <span class='ocrx_word' id='word_1_544' title='bbox 3061 3205 3168 3262; x_wconf 85' lang='lat' dir='ltr'><strong>hoc</strong></span> <span class='ocrx_word' id='word_1_545' title='bbox 3218 3206 3400 3275; x_wconf 90' lang='lat' dir='ltr'><strong>ipsum</strong></span> <span class='ocrx_word' id='word_1_546' title='bbox 3446 3204 3606 3280; x_wconf 83' lang='lat' dir='ltr'><strong>Poly-</strong></span> 
     </span>
    </p>
   </div>
   <div class='ocr_carea' id='block_1_77' title="bbox 2030 3296 3605 3367">
    <p class='ocr_par' dir='ltr' id='par_1_77' title="bbox 2030 3296 3605 3367">
     <span class='ocr_line' id='line_1_77' title="bbox 2030 3296 3605 3367; baseline 0.003 -16"><span class='ocrx_word' id='word_1_547' title='bbox 2030 3297 2177 3367; x_wconf 89' lang='lat' dir='ltr'><strong>carpi</strong></span> <span class='ocrx_word' id='word_1_548' title='bbox 2206 3296 2578 3353; x_wconf 89' lang='lat' dir='ltr'><strong>testimonium</strong></span> <span class='ocrx_word' id='word_1_549' title='bbox 2634 3297 3016 3364; x_wconf 82' lang='lat' dir='ltr'><strong>defendemus,</strong></span> <span class='ocrx_word' id='word_1_550' title='bbox 3068 3306 3126 3354; x_wconf 90' lang='lat' dir='ltr'><strong>et</strong></span> <span class='ocrx_word' id='word_1_551' title='bbox 3171 3308 3327 3353; x_wconf 78' lang='lat' dir='ltr'><strong>extra</strong></span> <span class='ocrx_word' id='word_1_552' title='bbox 3385 3314 3605 3355; x_wconf 89' lang='lat' dir='ltr'><strong>omnem</strong></span> 
     </span>
    </p>
   </div>
   <div class='ocr_carea' id='block_1_78' title="bbox 2031 3389 3004 3460">
    <p class='ocr_par' dir='ltr' id='par_1_78' title="bbox 2031 3389 3004 3460">
     <span class='ocr_line' id='line_1_78' title="bbox 2031 3389 3004 3460; baseline 0.001 -17"><span class='ocrx_word' id='word_1_553' title='bbox 2031 3389 2483 3446; x_wconf 86' lang='lat' dir='ltr'><strong>contradictionis</strong></span> <span class='ocrx_word' id='word_1_554' title='bbox 2514 3390 2689 3446; x_wconf 88' lang='lat' dir='ltr'><strong>aleam</strong></span> <span class='ocrx_word' id='word_1_555' title='bbox 2714 3404 3004 3460; x_wconf 80' lang='lat' dir='ltr'><strong>ponemus.</strong></span> 
     </span>
    </p>
   </div>
   <div class='ocr_carea' id='block_1_79' title="bbox 2104 3480 3606 3553">
    <p class='ocr_par' dir='ltr' id='par_1_79' title="bbox 2104 3480 3606 3553">
     <span class='ocr_line' id='line_1_79' title="bbox 2104 3480 3606 3553; baseline 0.001 -19"><span class='ocrx_word' id='word_1_556' title='bbox 2104 3480 2243 3548; x_wconf 84' lang='lat' dir='ltr'><strong>Has,</strong></span> <span class='ocrx_word' id='word_1_557' title='bbox 2294 3481 2494 3552; x_wconf 88' lang='lat' dir='ltr'><strong>inquit,</strong></span> <span class='ocrx_word' id='word_1_558' title='bbox 2523 3483 2801 3552; x_wconf 84' lang='lat' dir='ltr'><strong>scripsisse</strong></span> <span class='ocrx_word' id='word_1_559' title='bbox 2837 3480 3105 3553; x_wconf 89' lang='lat' dir='ltr'><strong>lgnatium</strong></span> <span class='ocrx_word' id='word_1_560' title='bbox 3132 3497 3236 3535; x_wconf 86' lang='lat' dir='ltr'><strong>non</strong></span> <span class='ocrx_word' id='word_1_561' title='bbox 3275 3482 3407 3535; x_wconf 87' lang='lat' dir='ltr'><strong>dicit</strong></span> <span class='ocrx_word' id='word_1_562' title='bbox 3459 3481 3606 3536; x_wconf 87' lang='lat' dir='ltr'><strong>locus</strong></span> 
     </span>
    </p>
   </div>
   <div class='ocr_carea' id='block_1_80' title="bbox 2031 3573 3607 3645">
    <p class='ocr_par' dir='ltr' id='par_1_80' title="bbox 2031 3573 3607 3645">
     <span class='ocr_line' id='line_1_80' title="bbox 2031 3573 3607 3645; baseline -0.002 -15"><span class='ocrx_word' id='word_1_563' title='bbox 2031 3575 2284 3645; x_wconf 86' lang='lat' dir='ltr'><strong>objectus.</strong></span> <span class='ocrx_word' id='word_1_564' title='bbox 2317 3575 2458 3642; x_wconf 85' lang='lat' dir='ltr'><strong>Quid</strong></span> <span class='ocrx_word' id='word_1_565' title='bbox 2486 3575 2686 3645; x_wconf 82' lang='lat' dir='ltr'><strong>igitur?</strong></span> <span class='ocrx_word' id='word_1_566' title='bbox 2709 3590 2780 3630; x_wconf 91' lang='lat' dir='ltr'><strong>an</strong></span> <span class='ocrx_word' id='word_1_567' title='bbox 2815 3575 2998 3629; x_wconf 84' lang='lat' dir='ltr'><strong>minus</strong></span> <span class='ocrx_word' id='word_1_568' title='bbox 3036 3573 3290 3629; x_wconf 90' lang='lat' dir='ltr'><strong>idoneum</strong></span> <span class='ocrx_word' id='word_1_569' title='bbox 3324 3583 3409 3629; x_wconf 90' lang='lat' dir='ltr'><strong>est</strong></span> <span class='ocrx_word' id='word_1_570' title='bbox 3451 3574 3607 3629; x_wconf 87' lang='lat' dir='ltr'><strong>testi-</strong></span> 
     </span>
    </p>
   </div>
   <div class='ocr_carea' id='block_1_81' title="bbox 2030 3664 3608 3737">
    <p class='ocr_par' dir='ltr' id='par_1_81' title="bbox 2030 3664 3608 3737">
     <span class='ocr_line' id='line_1_81' title="bbox 2030 3664 3608 3737; baseline -0.002 -14"><span class='ocrx_word' id='word_1_571' title='bbox 2030 3669 2302 3735; x_wconf 88' lang='lat' dir='ltr'><strong>monium,</strong></span> <span class='ocrx_word' id='word_1_572' title='bbox 2332 3676 2429 3722; x_wconf 88' lang='lat' dir='ltr'><strong>aut</strong></span> <span class='ocrx_word' id='word_1_573' title='bbox 2463 3682 2533 3722; x_wconf 90' lang='lat' dir='ltr'><strong>eo</strong></span> <span class='ocrx_word' id='word_1_574' title='bbox 2562 3667 2784 3722; x_wconf 89' lang='lat' dir='ltr'><strong>nomine</strong></span> <span class='ocrx_word' id='word_1_575' title='bbox 2818 3666 3004 3721; x_wconf 87' lang='lat' dir='ltr'><strong>statim</strong></span> <span class='ocrx_word' id='word_1_576' title='bbox 3040 3665 3437 3737; x_wconf 80' lang='lat' dir='ltr'><strong>rejiciendum?</strong></span> <span class='ocrx_word' id='word_1_577' title='bbox 3470 3664 3608 3731; x_wconf 85' lang='lat' dir='ltr'><strong>Quis</strong></span> 
     </span>
    </p>
   </div>
   <div class='ocr_carea' id='block_1_82' title="bbox 2032 3748 3619 3828">
    <p class='ocr_par' dir='ltr' id='par_1_82' title="bbox 2032 3748 3619 3828">
     <span class='ocr_line' id='line_1_82' title="bbox 2032 3748 3619 3828; baseline -0.001 -15"><span class='ocrx_word' id='word_1_578' title='bbox 2032 3773 2273 3828; x_wconf 86' lang='lat' dir='ltr'><strong>unquam</strong></span> <span class='ocrx_word' id='word_1_579' title='bbox 2306 3770 2553 3813; x_wconf 87' lang='lat' dir='ltr'><strong>veterum</strong></span> <span class='ocrx_word' id='word_1_580' title='bbox 2600 3757 2739 3812; x_wconf 80' lang='lat' dir='ltr'><strong>dixit</strong></span> <span class='ocrx_word' id='word_1_581' title='bbox 2786 3771 2883 3812; x_wconf 90' lang='lat' dir='ltr'><strong>eos</strong></span> <span class='ocrx_word' id='word_1_582' title='bbox 2911 3756 3107 3828; x_wconf 88' lang='lat' dir='ltr'><strong>libros,</strong></span> <span class='ocrx_word' id='word_1_583' title='bbox 3132 3771 3273 3826; x_wconf 88' lang='lat' dir='ltr'><strong>quos</strong></span> <span class='ocrx_word' id='word_1_584' title='bbox 3326 3772 3474 3812; x_wconf 91' lang='lat' dir='ltr'><strong>nunc</strong></span> <span class='ocrx_word' id='word_1_585' title='bbox 3505 3748 3619 3812; x_wconf 12' lang='lat' dir='ltr'><strong>ha—r</strong></span> 
     </span>
    </p>
   </div>
   <div class='ocr_carea' id='block_1_83' title="bbox 2029 3848 3609 3920">
    <p class='ocr_par' dir='ltr' id='par_1_83' title="bbox 2029 3848 3609 3920">
     <span class='ocr_line' id='line_1_83' title="bbox 2029 3848 3609 3920; baseline -0.003 -15"><span class='ocrx_word' id='word_1_586' title='bbox 2029 3849 2246 3917; x_wconf 89' lang='lat' dir='ltr'><strong>bemus,</strong></span> <span class='ocrx_word' id='word_1_587' title='bbox 2303 3848 2474 3906; x_wconf 87' lang='lat' dir='ltr'><strong>fuisse</strong></span> <span class='ocrx_word' id='word_1_588' title='bbox 2522 3849 2592 3905; x_wconf 89' lang='lat' dir='ltr'><strong>ab</strong></span> <span class='ocrx_word' id='word_1_589' title='bbox 2651 3849 2759 3905; x_wconf 90' lang='lat' dir='ltr'><strong>illis</strong></span> <span class='ocrx_word' id='word_1_590' title='bbox 2805 3848 3065 3920; x_wconf 85' lang='lat' dir='ltr'><strong>scriptos,</strong></span> <span class='ocrx_word' id='word_1_591' title='bbox 3101 3850 3304 3919; x_wconf 86' lang='lat' dir='ltr'><strong>quibus</strong></span> <span class='ocrx_word' id='word_1_592' title='bbox 3343 3850 3456 3919; x_wconf 88' lang='lat' dir='ltr'><strong>jam</strong></span> <span class='ocrx_word' id='word_1_593' title='bbox 3506 3849 3609 3902; x_wconf 90' lang='lat' dir='ltr'><strong>tri-</strong></span> 
     </span>
    </p>
   </div>
   <div class='ocr_carea' id='block_1_84' title="bbox 2029 3941 3608 4012">
    <p class='ocr_par' dir='ltr' id='par_1_84' title="bbox 2029 3941 3608 4012">
     <span class='ocr_line' id='line_1_84' title="bbox 2029 3941 3608 4012; baseline -0.001 -15"><span class='ocrx_word' id='word_1_594' title='bbox 2029 3941 2311 3997; x_wconf 79' lang='lat' dir='ltr'><strong>buuntur?</strong></span> <span class='ocrx_word' id='word_1_595' title='bbox 2334 3941 2418 3996; x_wconf 83' lang='lat' dir='ltr'><strong>An</strong></span> <span class='ocrx_word' id='word_1_596' title='bbox 2441 3957 2633 3997; x_wconf 88' lang='lat' dir='ltr'><strong>eorum</strong></span> <span class='ocrx_word' id='word_1_597' title='bbox 2666 3942 2961 4012; x_wconf 88' lang='lat' dir='ltr'><strong>quisquam</strong></span> <span class='ocrx_word' id='word_1_598' title='bbox 2994 3941 3134 3996; x_wconf 90' lang='lat' dir='ltr'><strong>vidit</strong></span> <span class='ocrx_word' id='word_1_599' title='bbox 3181 3952 3368 3997; x_wconf 89' lang='lat' dir='ltr'><strong>nostra</strong></span> <span class='ocrx_word' id='word_1_600' title='bbox 3422 3956 3608 3996; x_wconf 83' lang='lat' dir='ltr'><strong>exem-</strong></span> 
     </span>
    </p>
   </div>
   <div class='ocr_carea' id='block_1_85' title="bbox 2029 4032 3609 4105">
    <p class='ocr_par' dir='ltr' id='par_1_85' title="bbox 2029 4032 3609 4105">
     <span class='ocr_line' id='line_1_85' title="bbox 2029 4032 3609 4105; baseline 0.001 -18"><span class='ocrx_word' id='word_1_601' title='bbox 2029 4032 2239 4105; x_wconf 88' lang='lat' dir='ltr'><strong>plaria?</strong></span> <span class='ocrx_word' id='word_1_602' title='bbox 2293 4046 2362 4087; x_wconf 88' lang='lat' dir='ltr'><strong>an</strong></span> <span class='ocrx_word' id='word_1_603' title='bbox 2410 4032 2554 4087; x_wconf 87' lang='lat' dir='ltr'><strong>scire</strong></span> <span class='ocrx_word' id='word_1_604' title='bbox 2607 4032 2720 4087; x_wconf 89' lang='lat' dir='ltr'><strong>ullo</strong></span> <span class='ocrx_word' id='word_1_605' title='bbox 2754 4032 2920 4087; x_wconf 89' lang='lat' dir='ltr'><strong>modo</strong></span> <span class='ocrx_word' id='word_1_606' title='bbox 2950 4034 3161 4102; x_wconf 88' lang='lat' dir='ltr'><strong>potuit,</strong></span> <span class='ocrx_word' id='word_1_607' title='bbox 3216 4032 3348 4103; x_wconf 86' lang='lat' dir='ltr'><strong>quid</strong></span> <span class='ocrx_word' id='word_1_608' title='bbox 3376 4046 3478 4087; x_wconf 91' lang='lat' dir='ltr'><strong>uos</strong></span> <span class='ocrx_word' id='word_1_609' title='bbox 3504 4032 3609 4088; x_wconf 87' lang='lat' dir='ltr'><strong>hac</strong></span> 
     </span>
    </p>
   </div>
   <div class='ocr_carea' id='block_1_86' title="bbox 2029 4121 3606 4195">
    <p class='ocr_par' dir='ltr' id='par_1_86' title="bbox 2029 4121 3606 4195">
     <span class='ocr_line' id='line_1_86' title="bbox 2029 4121 3606 4195; baseline -0.001 -17"><span class='ocrx_word' id='word_1_610' title='bbox 2029 4133 2186 4179; x_wconf 79' lang='lat' dir='ltr'><strong>aetate</strong></span> <span class='ocrx_word' id='word_1_611' title='bbox 2209 4124 2552 4195; x_wconf 77' lang='lat' dir='ltr'><strong>legeremus“!</strong></span> <span class='ocrx_word' id='word_1_612' title='bbox 2595 4121 2655 4177; x_wconf 88' lang='lat' dir='ltr'><strong>Si</strong></span> <span class='ocrx_word' id='word_1_613' title='bbox 2707 4125 2789 4179; x_wconf 90' lang='lat' dir='ltr'><strong>sic</strong></span> <span class='ocrx_word' id='word_1_614' title='bbox 2814 4124 3041 4179; x_wconf 88' lang='lat' dir='ltr'><strong>criticen</strong></span> <span class='ocrx_word' id='word_1_615' title='bbox 3092 4138 3347 4179; x_wconf 80' lang='lat' dir='ltr'><strong>exercere</strong></span> <span class='ocrx_word' id='word_1_616' title='bbox 3374 4124 3606 4194; x_wconf 73' lang='lat' dir='ltr'><strong>placeat,</strong></span> 
     </span>
    </p>
   </div>
   <div class='ocr_carea' id='block_1_87' title="bbox 2029 4215 3607 4272">
    <p class='ocr_par' dir='ltr' id='par_1_87' title="bbox 2029 4215 3607 4272">
     <span class='ocr_line' id='line_1_87' title="bbox 2029 4215 3607 4272; baseline 0.001 -2"><span class='ocrx_word' id='word_1_617' title='bbox 2029 4216 2284 4271; x_wconf 88' lang='lat' dir='ltr'><strong>universa</strong></span> <span class='ocrx_word' id='word_1_618' title='bbox 2308 4226 2552 4271; x_wconf 86' lang='lat' dir='ltr'><strong>veterum</strong></span> <span class='ocrx_word' id='word_1_619' title='bbox 2578 4215 2890 4271; x_wconf 88' lang='lat' dir='ltr'><strong>testimonia</strong></span> <span class='ocrx_word' id='word_1_620' title='bbox 2913 4216 3188 4271; x_wconf 87' lang='lat' dir='ltr'><strong>incassum</strong></span> <span class='ocrx_word' id='word_1_621' title='bbox 3216 4216 3371 4271; x_wconf 88' lang='lat' dir='ltr'><strong>libris</strong></span> <span class='ocrx_word' id='word_1_622' title='bbox 3402 4216 3607 4272; x_wconf 85' lang='lat' dir='ltr'><strong>nostris</strong></span> 
     </span>
    </p>
   </div>
   <div class='ocr_carea' id='block_1_88' title="bbox 2028 4307 3607 4379">
    <p class='ocr_par' dir='ltr' id='par_1_88' title="bbox 2028 4307 3607 4379">
     <span class='ocr_line' id='line_1_88' title="bbox 2028 4307 3607 4379; baseline -0.001 -16"><span class='ocrx_word' id='word_1_623' title='bbox 2028 4307 2315 4363; x_wconf 83' lang='lat' dir='ltr'><strong>doctorum</strong></span> <span class='ocrx_word' id='word_1_624' title='bbox 2356 4309 2600 4363; x_wconf 87' lang='lat' dir='ltr'><strong>virorum</strong></span> <span class='ocrx_word' id='word_1_625' title='bbox 2653 4308 2924 4364; x_wconf 89' lang='lat' dir='ltr'><strong>industria</strong></span> <span class='ocrx_word' id='word_1_626' title='bbox 2951 4308 3223 4379; x_wconf 66' lang='lat' dir='ltr'><strong>praeﬁxit:</strong></span> <span class='ocrx_word' id='word_1_627' title='bbox 3274 4323 3398 4378; x_wconf 68' lang='lat' dir='ltr'><strong>quae</strong></span> <span class='ocrx_word' id='word_1_628' title='bbox 3426 4310 3607 4378; x_wconf 87' lang='lat' dir='ltr'><strong>potius</strong></span> 
     </span>
    </p>
   </div>
   <div class='ocr_carea' id='block_1_89' title="bbox 2028 4400 3608 4470">
    <p class='ocr_par' dir='ltr' id='par_1_89' title="bbox 2028 4400 3608 4470">
     <span class='ocr_line' id='line_1_89' title="bbox 2028 4400 3608 4470; baseline 0 -15"><span class='ocrx_word' id='word_1_629' title='bbox 2028 4400 2083 4455; x_wconf 92' lang='lat' dir='ltr'><strong>in</strong></span> <span class='ocrx_word' id='word_1_630' title='bbox 2111 4407 2391 4470; x_wconf 86' lang='lat' dir='ltr'><strong>posterum</strong></span> <span class='ocrx_word' id='word_1_631' title='bbox 2446 4400 2724 4458; x_wconf 87' lang='lat' dir='ltr'><strong>eradenda</strong></span> <span class='ocrx_word' id='word_1_632' title='bbox 2775 4402 3070 4468; x_wconf 89' lang='lat' dir='ltr'><strong>videntur;</strong></span> <span class='ocrx_word' id='word_1_633' title='bbox 3101 4401 3151 4456; x_wconf 81' lang='lat' dir='ltr'><strong>si</strong></span> <span class='ocrx_word' id='word_1_634' title='bbox 3176 4400 3325 4455; x_wconf 88' lang='lat' dir='ltr'><strong>enim</strong></span> <span class='ocrx_word' id='word_1_635' title='bbox 3368 4401 3482 4455; x_wconf 67' lang='lat' dir='ltr'><strong>haec</strong></span> <span class='ocrx_word' id='word_1_636' title='bbox 3508 4400 3608 4455; x_wconf 85' lang='lat' dir='ltr'><strong>ob—</strong></span> 
     </span>
    </p>
   </div>
   <div class='ocr_carea' id='block_1_90' title="bbox 2028 4491 3608 4561">
    <p class='ocr_par' dir='ltr' id='par_1_90' title="bbox 2028 4491 3608 4561">
     <span class='ocr_line' id='line_1_90' title="bbox 2028 4491 3608 4561; baseline -0.004 -13"><span class='ocrx_word' id='word_1_637' title='bbox 2028 4493 2266 4549; x_wconf 87' lang='lat' dir='ltr'><strong>servatio</strong></span> <span class='ocrx_word' id='word_1_638' title='bbox 2310 4493 2594 4561; x_wconf 88' lang='lat' dir='ltr'><strong>obtineat,</strong></span> <span class='ocrx_word' id='word_1_639' title='bbox 2652 4493 2807 4547; x_wconf 84' lang='lat' dir='ltr'><strong>nihili</strong></span> <span class='ocrx_word' id='word_1_640' title='bbox 2841 4502 2973 4548; x_wconf 92' lang='lat' dir='ltr'><strong>sunt</strong></span> <span class='ocrx_word' id='word_1_641' title='bbox 3003 4492 3209 4547; x_wconf 88' lang='lat' dir='ltr'><strong>omnia.</strong></span> <span class='ocrx_word' id='word_1_642' title='bbox 3269 4491 3453 4547; x_wconf 82' lang='lat' dir='ltr'><strong>Verba</strong></span> <span class='ocrx_word' id='word_1_643' title='bbox 3478 4498 3608 4547; x_wconf 89' lang='lat' dir='ltr'><strong>sunt</strong></span> 
     </span>
    </p>
   </div>
   <div class='ocr_carea' id='block_1_91' title="bbox 324 4581 3606 4675">
    <p class='ocr_par' dir='ltr' id='par_1_91' title="bbox 324 4581 3606 4675">
     <span class='ocr_line' id='line_1_91' title="bbox 324 4581 3606 4675; baseline -0.003 -31"><span class='ocrx_word' id='word_1_644' title='bbox 324 4590 395 4645; x_wconf 87' lang='lat' dir='ltr'><strong>de</strong></span> <span class='ocrx_word' id='word_1_645' title='bbox 420 4589 665 4661; x_wconf 82' lang='lat' dir='ltr'><strong>lgnatio,</strong></span> <span class='ocrx_word' id='word_1_646' title='bbox 709 4588 806 4643; x_wconf 88' lang='lat' dir='ltr'><strong>sed</strong></span> <span class='ocrx_word' id='word_1_647' title='bbox 866 4589 1030 4644; x_wconf 87' lang='lat' dir='ltr'><strong>etiam</strong></span> <span class='ocrx_word' id='word_1_648' title='bbox 1081 4589 1150 4644; x_wconf 90' lang='lat' dir='ltr'><strong>de</strong></span> <span class='ocrx_word' id='word_1_649' title='bbox 1196 4586 1428 4643; x_wconf 84' lang='lat' dir='ltr'><strong>Philone</strong></span> <span class='ocrx_word' id='word_1_650' title='bbox 1475 4594 1532 4642; x_wconf 91' lang='lat' dir='ltr'><strong>et</strong></span> <span class='ocrx_word' id='word_1_651' title='bbox 1567 4586 1926 4657; x_wconf 87' lang='lat' dir='ltr'><strong>Agatbopode</strong></span> <span class='ocrx_word' id='word_1_652' title='bbox 1952 4613 2003 4675; x_wconf 70' lang='grc' dir='ltr'><strong>υ</strong></span> <span class='ocrx_word' id='word_1_653' title='bbox 2031 4581 2215 4675; x_wconf 77' lang='lat' dir='ltr'><strong>Dallaei</strong></span> <span class='ocrx_word' id='word_1_654' title='bbox 2247 4602 2270 4675; x_wconf 14' lang='grc' dir='ltr'><strong>εγ</strong></span> <span class='ocrx_word' id='word_1_655' title='bbox 2313 4583 2637 4675; x_wconf 53' lang='lat' dir='ltr'><strong>Quod—enim</strong></span> <span class='ocrx_word' id='word_1_656' title='bbox 2661 4584 2842 4649; x_wconf 87' lang='lat' dir='ltr'><strong>aiunt,</strong></span> <span class='ocrx_word' id='word_1_657' title='bbox 2884 4582 3179 4675; x_wconf 66' lang='lat' dir='ltr'><strong>[quatiatur</strong></span> <span class='ocrx_word' id='word_1_658' title='bbox 3223 4583 3366 4675; x_wconf 83' lang='lat' dir='ltr'><strong>apud</strong></span> <span class='ocrx_word' id='word_1_659' title='bbox 3412 4592 3606 4675; x_wconf 65' lang='lat' dir='ltr'><strong>veteres</strong></span> 
     </span>
    </p>
   </div>
   <div class='ocr_carea' id='block_1_92' title="bbox 324 4678 1923 4751">
    <p class='ocr_par' dir='ltr' id='par_1_92' title="bbox 324 4678 1923 4751">
     <span class='ocr_line' id='line_1_92' title="bbox 324 4678 1923 4751; baseline -0.003 -13"><span class='ocrx_word' id='word_1_660' title='bbox 324 4682 634 4738; x_wconf 81' lang='lat' dir='ltr'><strong>comitibus</strong></span> <span class='ocrx_word' id='word_1_661' title='bbox 654 4681 782 4750; x_wconf 85' lang='lat' dir='ltr'><strong>ejus</strong></span> <span class='ocrx_word' id='word_1_662' title='bbox 809 4681 1030 4750; x_wconf 56' lang='lat' dir='ltr'><strong>quaerit.</strong></span> <span class='ocrx_word' id='word_1_663' title='bbox 1056 4678 1247 4736; x_wconf 91' lang='lat' dir='ltr'><strong>Potuit</strong></span> <span class='ocrx_word' id='word_1_664' title='bbox 1274 4680 1439 4749; x_wconf 90' lang='lat' dir='ltr'><strong>igitur</strong></span> <span class='ocrx_word' id='word_1_665' title='bbox 1470 4678 1806 4751; x_wconf 88' lang='lat' dir='ltr'><strong>Polycarpus</strong></span> <span class='ocrx_word' id='word_1_666' title='bbox 1836 4679 1923 4733; x_wconf 88' lang='lat' dir='ltr'><strong>in—</strong></span> 
     </span>
    </p>
   </div>
   <div class='ocr_carea' id='block_1_93' title="bbox 326 4773 1925 4847">
    <p class='ocr_par' dir='ltr' id='par_1_93' title="bbox 326 4773 1925 4847">
     <span class='ocr_line' id='line_1_93' title="bbox 326 4773 1925 4847; baseline -0.006 -9"><span class='ocrx_word' id='word_1_667' title='bbox 326 4780 491 4838; x_wconf 64' lang='lat' dir='ltr'><strong>tuendi</strong></span> <span class='ocrx_word' id='word_1_668' title='bbox 531 4778 725 4835; x_wconf 88' lang='lat' dir='ltr'><strong>studio</strong></span> <span class='ocrx_word' id='word_1_669' title='bbox 754 4777 1011 4832; x_wconf 87' lang='lat' dir='ltr'><strong>audiendi</strong></span> <span class='ocrx_word' id='word_1_670' title='bbox 1038 4776 1247 4847; x_wconf 89' lang='lat' dir='ltr'><strong>aliquid</strong></span> <span class='ocrx_word' id='word_1_671' title='bbox 1271 4776 1341 4832; x_wconf 85' lang='lat' dir='ltr'><strong>de</strong></span> <span class='ocrx_word' id='word_1_672' title='bbox 1370 4774 1585 4847; x_wconf 86' lang='lat' dir='ltr'><strong>lgnatio</strong></span> <span class='ocrx_word' id='word_1_673' title='bbox 1606 4774 1752 4839; x_wconf 90' lang='lat' dir='ltr'><strong>vivo,</strong></span> <span class='ocrx_word' id='word_1_674' title='bbox 1776 4773 1925 4844; x_wconf 89' lang='lat' dir='ltr'><strong>quod</strong></span> 
     </span>
    </p>
   </div>
   <div class='ocr_carea' id='block_1_94' title="bbox 326 4866 1927 4939">
    <p class='ocr_par' dir='ltr' id='par_1_94' title="bbox 326 4866 1927 4939">
     <span class='ocr_line' id='line_1_94' title="bbox 326 4866 1927 4939; baseline -0.005 -10"><span class='ocrx_word' id='word_1_675' title='bbox 326 4872 581 4929; x_wconf 75' lang='lat' dir='ltr'><strong>nondum</strong></span> <span class='ocrx_word' id='word_1_676' title='bbox 614 4870 928 4935; x_wconf 88' lang='lat' dir='ltr'><strong>audiverat,</strong></span> <span class='ocrx_word' id='word_1_677' title='bbox 958 4869 1087 4923; x_wconf 89' lang='lat' dir='ltr'><strong>licet</strong></span> <span class='ocrx_word' id='word_1_678' title='bbox 1113 4883 1241 4923; x_wconf 90' lang='lat' dir='ltr'><strong>eum</strong></span> <span class='ocrx_word' id='word_1_679' title='bbox 1276 4868 1390 4939; x_wconf 87' lang='lat' dir='ltr'><strong>jam</strong></span> <span class='ocrx_word' id='word_1_680' title='bbox 1434 4866 1756 4923; x_wconf 89' lang='lat' dir='ltr'><strong>defunctum</strong></span> <span class='ocrx_word' id='word_1_681' title='bbox 1802 4879 1927 4921; x_wconf 84' lang='lat' dir='ltr'><strong>esse</strong></span> 
     </span>
    </p>
   </div>
   <div class='ocr_carea' id='block_1_95' title="bbox 323 4958 1925 5031">
    <p class='ocr_par' dir='ltr' id='par_1_95' title="bbox 323 4958 1925 5031">
     <span class='ocr_line' id='line_1_95' title="bbox 323 4958 1925 5031; baseline -0.004 -11"><span class='ocrx_word' id='word_1_682' title='bbox 323 4980 436 5019; x_wconf 80' lang='lat' dir='ltr'><strong>non</strong></span> <span class='ocrx_word' id='word_1_683' title='bbox 463 4963 787 5028; x_wconf 81' lang='lat' dir='ltr'><strong>dubitaret;</strong></span> <span class='ocrx_word' id='word_1_684' title='bbox 818 4962 993 5031; x_wconf 89' lang='lat' dir='ltr'><strong>potuit</strong></span> <span class='ocrx_word' id='word_1_685' title='bbox 1020 4960 1253 5016; x_wconf 86' lang='lat' dir='ltr'><strong>aviditas</strong></span> <span class='ocrx_word' id='word_1_686' title='bbox 1275 4974 1403 5015; x_wconf 88' lang='lat' dir='ltr'><strong>eum</strong></span> <span class='ocrx_word' id='word_1_687' title='bbox 1436 4968 1619 5015; x_wconf 86' lang='lat' dir='ltr'><strong>tenere</strong></span> <span class='ocrx_word' id='word_1_688' title='bbox 1642 4959 1827 5028; x_wconf 89' lang='lat' dir='ltr'><strong>aliqua</strong></span> <span class='ocrx_word' id='word_1_689' title='bbox 1856 4958 1925 5013; x_wconf 89' lang='lat' dir='ltr'><strong>de</strong></span> 
     </span>
    </p>
   </div>
   <div class='ocr_carea' id='block_1_96' title="bbox 322 5052 1925 5127">
    <p class='ocr_par' dir='ltr' id='par_1_96' title="bbox 322 5052 1925 5127">
     <span class='ocr_line' id='line_1_96' title="bbox 322 5052 1925 5127; baseline -0.002 -16"><span class='ocrx_word' id='word_1_690' title='bbox 322 5056 450 5127; x_wconf 80' lang='lat' dir='ltr'><strong>ipso</strong></span> <span class='ocrx_word' id='word_1_691' title='bbox 481 5063 712 5110; x_wconf 87' lang='lat' dir='ltr'><strong>mortuo</strong></span> <span class='ocrx_word' id='word_1_692' title='bbox 744 5054 995 5123; x_wconf 90' lang='lat' dir='ltr'><strong>vivisque</strong></span> <span class='ocrx_word' id='word_1_693' title='bbox 1047 5054 1344 5109; x_wconf 88' lang='lat' dir='ltr'><strong>comitibus</strong></span> <span class='ocrx_word' id='word_1_694' title='bbox 1391 5052 1752 5124; x_wconf 87' lang='lat' dir='ltr'><strong>intelligendi,</strong></span> <span class='ocrx_word' id='word_1_695' title='bbox 1802 5065 1925 5121; x_wconf 67' lang='lat' dir='ltr'><strong>quae</strong></span> 
     </span>
    </p>
   </div>
   <div class='ocr_carea' id='block_1_97' title="bbox 318 5145 1923 5221">
    <p class='ocr_par' dir='ltr' id='par_1_97' title="bbox 318 5145 1923 5221">
     <span class='ocr_line' id='line_1_97' title="bbox 318 5145 1923 5221; baseline -0.004 -16"><span class='ocrx_word' id='word_1_696' title='bbox 318 5151 483 5221; x_wconf 69' lang='lat' dir='ltr'><strong>prius</strong></span> <span class='ocrx_word' id='word_1_697' title='bbox 539 5147 613 5203; x_wconf 85' lang='lat' dir='ltr'><strong>ad</strong></span> <span class='ocrx_word' id='word_1_698' title='bbox 677 5148 1059 5219; x_wconf 87' lang='lat' dir='ltr'><strong>Philippenses</strong></span> <span class='ocrx_word' id='word_1_699' title='bbox 1112 5147 1169 5201; x_wconf 90' lang='lat' dir='ltr'><strong>in</strong></span> <span class='ocrx_word' id='word_1_700' title='bbox 1222 5146 1583 5214; x_wconf 79' lang='lat' dir='ltr'><strong>Macedonia,</strong></span> <span class='ocrx_word' id='word_1_701' title='bbox 1634 5161 1802 5216; x_wconf 90' lang='lat' dir='ltr'><strong>quam</strong></span> <span class='ocrx_word' id='word_1_702' title='bbox 1854 5145 1923 5200; x_wconf 86' lang='lat' dir='ltr'><strong>ad</strong></span> 
     </span>
    </p>
   </div>
   <div class='ocr_carea' id='block_1_98' title="bbox 320 5235 1925 5314">
    <p class='ocr_par' dir='ltr' id='par_1_98' title="bbox 320 5235 1925 5314">
     <span class='ocr_line' id='line_1_98' title="bbox 320 5235 1925 5314; baseline -0.005 -16"><span class='ocrx_word' id='word_1_703' title='bbox 320 5243 700 5314; x_wconf 82' lang='lat' dir='ltr'><strong>Smyrnenses</strong></span> <span class='ocrx_word' id='word_1_704' title='bbox 726 5240 782 5295; x_wconf 90' lang='lat' dir='ltr'><strong>in</strong></span> <span class='ocrx_word' id='word_1_705' title='bbox 832 5239 963 5295; x_wconf 86' lang='lat' dir='ltr'><strong>Asia</strong></span> <span class='ocrx_word' id='word_1_706' title='bbox 1019 5240 1307 5309; x_wconf 89' lang='lat' dir='ltr'><strong>pervenire</strong></span> <span class='ocrx_word' id='word_1_707' title='bbox 1333 5246 1577 5309; x_wconf 90' lang='lat' dir='ltr'><strong>possent.</strong></span> <span class='ocrx_word' id='word_1_708' title='bbox 1630 5235 1753 5293; x_wconf 88' lang='lat' dir='ltr'><strong>Non</strong></span> <span class='ocrx_word' id='word_1_709' title='bbox 1793 5244 1925 5292; x_wconf 91' lang='lat' dir='ltr'><strong>sunt</strong></span> 
     </span>
    </p>
   </div>
   <div class='ocr_carea' id='block_1_99' title="bbox 318 5330 1923 5408">
    <p class='ocr_par' dir='ltr' id='par_1_99' title="bbox 318 5330 1923 5408">
     <span class='ocr_line' id='line_1_99' title="bbox 318 5330 1923 5408; baseline -0.004 -16"><span class='ocrx_word' id='word_1_710' title='bbox 318 5336 497 5408; x_wconf 76' lang='lat' dir='ltr'><strong>igitur</strong></span> <span class='ocrx_word' id='word_1_711' title='bbox 527 5337 647 5390; x_wconf 68' lang='lat' dir='ltr'><strong>hac</strong></span> <span class='ocrx_word' id='word_1_712' title='bbox 682 5334 752 5389; x_wconf 90' lang='lat' dir='ltr'><strong>de</strong></span> <span class='ocrx_word' id='word_1_713' title='bbox 774 5334 966 5389; x_wconf 87' lang='lat' dir='ltr'><strong>eadem</strong></span> <span class='ocrx_word' id='word_1_714' title='bbox 1022 5349 1082 5389; x_wconf 90' lang='lat' dir='ltr'><strong>re</strong></span> <span class='ocrx_word' id='word_1_715' title='bbox 1122 5332 1495 5398; x_wconf 87' lang='lat' dir='ltr'><strong>dissentanea,</strong></span> <span class='ocrx_word' id='word_1_716' title='bbox 1540 5331 1692 5386; x_wconf 90' lang='lat' dir='ltr'><strong>nulla</strong></span> <span class='ocrx_word' id='word_1_717' title='bbox 1730 5330 1787 5384; x_wconf 91' lang='lat' dir='ltr'><strong>in</strong></span> <span class='ocrx_word' id='word_1_718' title='bbox 1834 5330 1923 5385; x_wconf 88' lang='lat' dir='ltr'><strong>his</strong></span> 
     </span>
    </p>
   </div>
   <div class='ocr_carea' id='block_1_100' title="bbox 316 5421 1921 5496">
    <p class='ocr_par' dir='ltr' id='par_1_100' title="bbox 316 5421 1921 5496">
     <span class='ocr_line' id='line_1_100' title="bbox 316 5421 1921 5496; baseline -0.001 -18"><span class='ocrx_word' id='word_1_719' title='bbox 316 5428 516 5485; x_wconf 74' lang='lat' dir='ltr'><strong>verbis</strong></span> <span class='ocrx_word' id='word_1_720' title='bbox 560 5427 927 5483; x_wconf 85' lang='lat' dir='ltr'><strong>contrarietas</strong></span> <span class='ocrx_word' id='word_1_721' title='bbox 974 5432 1072 5480; x_wconf 88' lang='lat' dir='ltr'><strong>aut</strong></span> <span class='ocrx_word' id='word_1_722' title='bbox 1122 5423 1518 5496; x_wconf 49' lang='lat' dir='ltr'><strong>repugnantias</strong></span> <span class='ocrx_word' id='word_1_723' title='bbox 1552 5422 1734 5491; x_wconf 84' lang='lat' dir='ltr'><strong>Quare</strong></span> <span class='ocrx_word' id='word_1_724' title='bbox 1784 5421 1921 5478; x_wconf 82' lang='lat' dir='ltr'><strong>satis</strong></span> 
     </span>
    </p>
   </div>
   <div class='ocr_carea' id='block_1_101' title="bbox 316 5514 1919 5588">
    <p class='ocr_par' dir='ltr' id='par_1_101' title="bbox 316 5514 1919 5588">
     <span class='ocr_line' id='line_1_101' title="bbox 316 5514 1919 5588; baseline -0.005 -11"><span class='ocrx_word' id='word_1_725' title='bbox 316 5520 629 5577; x_wconf 81' lang='lat' dir='ltr'><strong>manifesto</strong></span> <span class='ocrx_word' id='word_1_726' title='bbox 685 5536 789 5575; x_wconf 89' lang='lat' dir='ltr'><strong>nos</strong></span> <span class='ocrx_word' id='word_1_727' title='bbox 835 5527 1142 5575; x_wconf 76' lang='lat' dir='ltr'><strong>extremam</strong></span> <span class='ocrx_word' id='word_1_728' title='bbox 1195 5517 1523 5588; x_wconf 87' lang='lat' dir='ltr'><strong>particulam</strong></span> <span class='ocrx_word' id='word_1_729' title='bbox 1564 5532 1596 5570; x_wconf 87' lang='lat' dir='ltr'><strong>a</strong></span> <span class='ocrx_word' id='word_1_730' title='bbox 1640 5514 1919 5571; x_wconf 88' lang='lat' dir='ltr'><strong>mendacii</strong></span> 
     </span>
    </p>
   </div>
   <div class='ocr_carea' id='block_1_102' title="bbox 316 5608 1921 5680">
    <p class='ocr_par' dir='ltr' id='par_1_102' title="bbox 316 5608 1921 5680">
     <span class='ocr_line' id='line_1_102' title="bbox 316 5608 1921 5680; baseline -0.004 -9"><span class='ocrx_word' id='word_1_731' title='bbox 316 5614 562 5671; x_wconf 81' lang='lat' dir='ltr'><strong>crimine</strong></span> <span class='ocrx_word' id='word_1_732' title='bbox 591 5613 993 5679; x_wconf 83' lang='lat' dir='ltr'><strong>liberavimus;</strong></span> <span class='ocrx_word' id='word_1_733' title='bbox 1022 5626 1149 5667; x_wconf 88' lang='lat' dir='ltr'><strong>eum</strong></span> <span class='ocrx_word' id='word_1_734' title='bbox 1210 5620 1425 5677; x_wconf 85' lang='lat' dir='ltr'><strong>autem,</strong></span> <span class='ocrx_word' id='word_1_735' title='bbox 1440 5609 1538 5680; x_wconf 89' lang='lat' dir='ltr'><strong>qui</strong></span> <span class='ocrx_word' id='word_1_736' title='bbox 1571 5618 1682 5663; x_wconf 88' lang='lat' dir='ltr'><strong>tam</strong></span> <span class='ocrx_word' id='word_1_737' title='bbox 1712 5608 1921 5664; x_wconf 85' lang='lat' dir='ltr'><strong>diserte</strong></span> 
     </span>
    </p>
   </div>
   <div class='ocr_carea' id='block_1_103' title="bbox 319 5700 1916 5775">
    <p class='ocr_par' dir='ltr' id='par_1_103' title="bbox 319 5700 1916 5775">
     <span class='ocr_line' id='line_1_103' title="bbox 319 5700 1916 5775; baseline -0.004 -15"><span class='ocrx_word' id='word_1_738' title='bbox 319 5704 696 5760; x_wconf 79' lang='lat' dir='ltr'><strong>testimonium</strong></span> <span class='ocrx_word' id='word_1_739' title='bbox 726 5703 1016 5775; x_wconf 88' lang='lat' dir='ltr'><strong>Polycarpi</strong></span> <span class='ocrx_word' id='word_1_740' title='bbox 1061 5702 1338 5757; x_wconf 83' lang='lat' dir='ltr'><strong>mendacio</strong></span> <span class='ocrx_word' id='word_1_741' title='bbox 1383 5701 1723 5771; x_wconf 77' lang='lat' dir='ltr'><strong>inspersum,</strong></span> <span class='ocrx_word' id='word_1_742' title='bbox 1759 5710 1808 5754; x_wconf 86' lang='lat' dir='ltr'><strong>et</strong></span> <span class='ocrx_word' id='word_1_743' title='bbox 1834 5700 1916 5753; x_wconf 84' lang='lat' dir='ltr'><strong>lo-</strong></span> 
     </span>
    </p>
   </div>
   <div class='ocr_carea' id='block_1_104' title="bbox 315 5793 1914 5869">
    <p class='ocr_par' dir='ltr' id='par_1_104' title="bbox 315 5793 1914 5869">
     <span class='ocr_line' id='line_1_104' title="bbox 315 5793 1914 5869; baseline -0.003 -15"><span class='ocrx_word' id='word_1_744' title='bbox 315 5815 442 5854; x_wconf 69' lang='lat' dir='ltr'><strong>cum</strong></span> <span class='ocrx_word' id='word_1_745' title='bbox 464 5799 667 5867; x_wconf 79' lang='lat' dir='ltr'><strong>insigni</strong></span> <span class='ocrx_word' id='word_1_746' title='bbox 686 5799 960 5852; x_wconf 75' lang='lat' dir='ltr'><strong>mendacio</strong></span> <span class='ocrx_word' id='word_1_747' title='bbox 985 5797 1276 5869; x_wconf 75' lang='lat' dir='ltr'><strong>deformem</strong></span> <span class='ocrx_word' id='word_1_748' title='bbox 1297 5795 1458 5865; x_wconf 82' lang='lat' dir='ltr'><strong>dixit,</strong></span> <span class='ocrx_word' id='word_1_749' title='bbox 1487 5795 1580 5852; x_wconf 87' lang='lat' dir='ltr'><strong>alii</strong></span> <span class='ocrx_word' id='word_1_750' title='bbox 1603 5794 1699 5866; x_wconf 87' lang='lat' dir='ltr'><strong>qui</strong></span> <span class='ocrx_word' id='word_1_751' title='bbox 1722 5793 1914 5850; x_wconf 88' lang='lat' dir='ltr'><strong>volunt</strong></span> 
     </span>
    </p>
   </div>
   <div class='ocr_carea' id='block_1_105' title="bbox 314 5891 949 5964">
    <p class='ocr_par' dir='ltr' id='par_1_105' title="bbox 314 5891 949 5964">
     <span class='ocr_line' id='line_1_105' title="bbox 314 5891 949 5964; baseline -0.002 -16"><span class='ocrx_word' id='word_1_752' title='bbox 314 5901 372 5948; x_wconf 88' lang='lat' dir='ltr'><strong>et</strong></span> <span class='ocrx_word' id='word_1_753' title='bbox 398 5900 663 5964; x_wconf 73' lang='lat' dir='ltr'><strong>possunt,</strong></span> <span class='ocrx_word' id='word_1_754' title='bbox 695 5891 949 5951; x_wconf 83' lang='lat' dir='ltr'><strong>liberem.</strong></span> 
     </span>
    </p>
   </div>
   <div class='ocr_carea' id='block_1_106' title="bbox 2027 4670 3605 4744">
    <p class='ocr_par' dir='ltr' id='par_1_106' title="bbox 2027 4670 3605 4744">
     <span class='ocr_line' id='line_1_106' title="bbox 2027 4670 3605 4744; baseline -0.002 -17"><span class='ocrx_word' id='word_1_755' title='bbox 2027 4673 2097 4729; x_wconf 87' lang='lat' dir='ltr'><strong>ab</strong></span> <span class='ocrx_word' id='word_1_756' title='bbox 2121 4674 2274 4729; x_wconf 90' lang='lat' dir='ltr'><strong>omni</strong></span> <span class='ocrx_word' id='word_1_757' title='bbox 2302 4689 2419 4729; x_wconf 79' lang='lat' dir='ltr'><strong>tevo</strong></span> <span class='ocrx_word' id='word_1_758' title='bbox 2449 4672 2641 4727; x_wconf 85' lang='lat' dir='ltr'><strong>Patres</strong></span> <span class='ocrx_word' id='word_1_759' title='bbox 2679 4675 2798 4744; x_wconf 89' lang='lat' dir='ltr'><strong>pari</strong></span> <span class='ocrx_word' id='word_1_760' title='bbox 2851 4690 2971 4728; x_wconf 85' lang='lat' dir='ltr'><strong>cum</strong></span> <span class='ocrx_word' id='word_1_761' title='bbox 3019 4673 3306 4728; x_wconf 84' lang='lat' dir='ltr'><strong>Clementis</strong></span> <span class='ocrx_word' id='word_1_762' title='bbox 3340 4682 3392 4727; x_wconf 87' lang='lat' dir='ltr'><strong>et</strong></span> <span class='ocrx_word' id='word_1_763' title='bbox 3439 4670 3605 4741; x_wconf 82' lang='lat' dir='ltr'><strong>Poly-</strong></span> 
     </span>
    </p>
   </div>
   <div class='ocr_carea' id='block_1_107' title="bbox 2028 4765 3608 4839">
    <p class='ocr_par' dir='ltr' id='par_1_107' title="bbox 2028 4765 3608 4839">
     <span class='ocr_line' id='line_1_107' title="bbox 2028 4765 3608 4839; baseline -0.006 -13"><span class='ocrx_word' id='word_1_764' title='bbox 2028 4770 2177 4839; x_wconf 89' lang='lat' dir='ltr'><strong>carpi</strong></span> <span class='ocrx_word' id='word_1_765' title='bbox 2219 4767 2460 4838; x_wconf 86' lang='lat' dir='ltr'><strong>epistolis</strong></span> <span class='ocrx_word' id='word_1_766' title='bbox 2516 4768 2821 4823; x_wconf 79' lang='lat' dir='ltr'><strong>reverentia</strong></span> <span class='ocrx_word' id='word_1_767' title='bbox 2868 4782 3084 4837; x_wconf 90' lang='lat' dir='ltr'><strong>semper</strong></span> <span class='ocrx_word' id='word_1_768' title='bbox 3123 4767 3319 4837; x_wconf 78' lang='lat' dir='ltr'><strong>fuisse,</strong></span> <span class='ocrx_word' id='word_1_769' title='bbox 3354 4765 3411 4819; x_wconf 91' lang='lat' dir='ltr'><strong>id</strong></span> <span class='ocrx_word' id='word_1_770' title='bbox 3441 4766 3608 4818; x_wconf 89' lang='lat' dir='ltr'><strong>miror</strong></span> 
     </span>
    </p>
   </div>
   <div class='ocr_carea' id='block_1_108' title="bbox 2025 4857 3606 4932">
    <p class='ocr_par' dir='ltr' id='par_1_108' title="bbox 2025 4857 3606 4932">
     <span class='ocr_line' id='line_1_108' title="bbox 2025 4857 3606 4932; baseline -0.006 -15"><span class='ocrx_word' id='word_1_771' title='bbox 2025 4864 2096 4919; x_wconf 88' lang='lat' dir='ltr'><strong>iis</strong></span> <span class='ocrx_word' id='word_1_772' title='bbox 2130 4863 2389 4918; x_wconf 67' lang='lat' dir='ltr'><strong>excidisse</strong></span> <span class='ocrx_word' id='word_1_773' title='bbox 2423 4861 2513 4931; x_wconf 89' lang='lat' dir='ltr'><strong>qui</strong></span> <span class='ocrx_word' id='word_1_774' title='bbox 2566 4862 2725 4932; x_wconf 87' lang='lat' dir='ltr'><strong>probe</strong></span> <span class='ocrx_word' id='word_1_775' title='bbox 2762 4862 2973 4925; x_wconf 86' lang='lat' dir='ltr'><strong>sciunt,</strong></span> <span class='ocrx_word' id='word_1_776' title='bbox 3014 4869 3294 4929; x_wconf 86' lang='lat' dir='ltr'><strong>utramque</strong></span> <span class='ocrx_word' id='word_1_777' title='bbox 3335 4858 3471 4912; x_wconf 84' lang='lat' dir='ltr'><strong>hanc</strong></span> <span class='ocrx_word' id='word_1_778' title='bbox 3496 4857 3606 4926; x_wconf 87' lang='lat' dir='ltr'><strong>epi-</strong></span> 
     </span>
    </p>
   </div>
   <div class='ocr_carea' id='block_1_109' title="bbox 2025 4951 3607 5026">
    <p class='ocr_par' dir='ltr' id='par_1_109' title="bbox 2025 4951 3607 5026">
     <span class='ocr_line' id='line_1_109' title="bbox 2025 4951 3607 5026; baseline -0.004 -13"><span class='ocrx_word' id='word_1_779' title='bbox 2025 4960 2219 5014; x_wconf 83' lang='lat' dir='ltr'><strong>stolam</strong></span> <span class='ocrx_word' id='word_1_780' title='bbox 2247 4957 2312 5011; x_wconf 91' lang='lat' dir='ltr'><strong>ab</strong></span> <span class='ocrx_word' id='word_1_781' title='bbox 2338 4955 2546 5012; x_wconf 74' lang='lat' dir='ltr'><strong>Irenteo</strong></span> <span class='ocrx_word' id='word_1_782' title='bbox 2568 4955 2773 5026; x_wconf 83' lang='lat' dir='ltr'><strong>magnis</strong></span> <span class='ocrx_word' id='word_1_783' title='bbox 2797 4953 3044 5008; x_wconf 81' lang='lat' dir='ltr'><strong>laudibus</strong></span> <span class='ocrx_word' id='word_1_784' title='bbox 3073 4951 3393 5007; x_wconf 86' lang='lat' dir='ltr'><strong>celebratam</strong></span> <span class='ocrx_word' id='word_1_785' title='bbox 3416 4952 3607 5021; x_wconf 46' lang='lat' dir='ltr'><strong>fuisse,»</strong></span> 
     </span>
    </p>
   </div>
   <div class='ocr_carea' id='block_1_110' title="bbox 2026 5042 3609 5118">
    <p class='ocr_par' dir='ltr' id='par_1_110' title="bbox 2026 5042 3609 5118">
     <span class='ocr_line' id='line_1_110' title="bbox 2026 5042 3609 5118; baseline -0.007 -12"><span class='ocrx_word' id='word_1_786' title='bbox 2026 5063 2077 5106; x_wconf 89' lang='lat' dir='ltr'><strong>et</strong></span> <span class='ocrx_word' id='word_1_787' title='bbox 2127 5050 2514 5106; x_wconf 87' lang='lat' dir='ltr'><strong>Clementinam</strong></span> <span class='ocrx_word' id='word_1_788' title='bbox 2543 5047 2753 5118; x_wconf 88' lang='lat' dir='ltr'><strong>proprie</strong></span> <span class='ocrx_word' id='word_1_789' title='bbox 2801 5063 2836 5101; x_wconf 89' lang='lat' dir='ltr'><strong>a</strong></span> <span class='ocrx_word' id='word_1_790' title='bbox 2884 5045 3145 5113; x_wconf 83' lang='lat' dir='ltr'><strong>Dionysio</strong></span> <span class='ocrx_word' id='word_1_791' title='bbox 3178 5042 3459 5098; x_wconf 81' lang='lat' dir='ltr'><strong>Corinthio</strong></span> <span class='ocrx_word' id='word_1_792' title='bbox 3485 5042 3609 5096; x_wconf 85' lang='lat' dir='ltr'><strong>lau-</strong></span> 
     </span>
    </p>
   </div>
   <div class='ocr_carea' id='block_1_111' title="bbox 2024 5133 3606 5210">
    <p class='ocr_par' dir='ltr' id='par_1_111' title="bbox 2024 5133 3606 5210">
     <span class='ocr_line' id='line_1_111' title="bbox 2024 5133 3606 5210; baseline -0.005 -13"><span class='ocrx_word' id='word_1_793' title='bbox 2024 5144 2230 5198; x_wconf 88' lang='lat' dir='ltr'><strong>datam.</strong></span> <span class='ocrx_word' id='word_1_794' title='bbox 2284 5139 2391 5196; x_wconf 86' lang='lat' dir='ltr'><strong>Sed</strong></span> <span class='ocrx_word' id='word_1_795' title='bbox 2443 5154 2614 5210; x_wconf 84' lang='lat' dir='ltr'><strong>qnare</strong></span> <span class='ocrx_word' id='word_1_796' title='bbox 2646 5139 2877 5193; x_wconf 87' lang='lat' dir='ltr'><strong>miretur</strong></span> <span class='ocrx_word' id='word_1_797' title='bbox 2922 5152 3032 5191; x_wconf 91' lang='lat' dir='ltr'><strong>non</strong></span> <span class='ocrx_word' id='word_1_798' title='bbox 3056 5136 3239 5201; x_wconf 91' lang='lat' dir='ltr'><strong>video,</strong></span> <span class='ocrx_word' id='word_1_799' title='bbox 3278 5149 3405 5189; x_wconf 90' lang='lat' dir='ltr'><strong>cum</strong></span> <span class='ocrx_word' id='word_1_800' title='bbox 3438 5133 3606 5204; x_wconf 87' lang='lat' dir='ltr'><strong>probe</strong></span> 
     </span>
    </p>
   </div>
   <div class='ocr_carea' id='block_1_112' title="bbox 2024 5222 3608 5300">
    <p class='ocr_par' dir='ltr' id='par_1_112' title="bbox 2024 5222 3608 5300">
     <span class='ocr_line' id='line_1_112' title="bbox 2024 5222 3608 5300; baseline -0.01 -9"><span class='ocrx_word' id='word_1_801' title='bbox 2024 5235 2318 5300; x_wconf 28' lang='lat' dir='ltr'><strong>sciat,.nec</strong></span> <span class='ocrx_word' id='word_1_802' title='bbox 2341 5229 2693 5286; x_wconf 70' lang='lat' dir='ltr'><strong>S.-lrenaeum</strong></span> <span class='ocrx_word' id='word_1_803' title='bbox 2728 5228 2870 5282; x_wconf 87' lang='lat' dir='ltr'><strong>hanc</strong></span> <span class='ocrx_word' id='word_1_804' title='bbox 2889 5223 3201 5297; x_wconf 87' lang='lat' dir='ltr'><strong>Polycarpi,</strong></span> <span class='ocrx_word' id='word_1_805' title='bbox 3236 5234 3332 5277; x_wconf 88' lang='lat' dir='ltr'><strong>aut</strong></span> <span class='ocrx_word' id='word_1_806' title='bbox 3360 5222 3608 5277; x_wconf 79' lang='lat' dir='ltr'><strong>Clemen-</strong></span> 
     </span>
    </p>
   </div>
   <div class='ocr_carea' id='block_1_113' title="bbox 2025 5314 3607 5392">
    <p class='ocr_par' dir='ltr' id='par_1_113' title="bbox 2025 5314 3607 5392">
     <span class='ocr_line' id='line_1_113' title="bbox 2025 5314 3607 5392; baseline -0.008 -13"><span class='ocrx_word' id='word_1_807' title='bbox 2025 5326 2114 5390; x_wconf 90' lang='lat' dir='ltr'><strong>tis,</strong></span> <span class='ocrx_word' id='word_1_808' title='bbox 2145 5338 2245 5379; x_wconf 90' lang='lat' dir='ltr'><strong>nec</strong></span> <span class='ocrx_word' id='word_1_809' title='bbox 2274 5314 2595 5392; x_wconf 85' lang='lat' dir='ltr'><strong>Dionysium</strong></span> <span class='ocrx_word' id='word_1_810' title='bbox 2628 5319 2770 5373; x_wconf 87' lang='lat' dir='ltr'><strong>hanc</strong></span> <span class='ocrx_word' id='word_1_811' title='bbox 2816 5316 2876 5372; x_wconf 89' lang='lat' dir='ltr'><strong>S.</strong></span> <span class='ocrx_word' id='word_1_812' title='bbox 2923 5315 3223 5371; x_wconf 85' lang='lat' dir='ltr'><strong>Clementis</strong></span> <span class='ocrx_word' id='word_1_813' title='bbox 3244 5314 3464 5385; x_wconf 89' lang='lat' dir='ltr'><strong>proprie</strong></span> <span class='ocrx_word' id='word_1_814' title='bbox 3485 5314 3607 5367; x_wconf 81' lang='lat' dir='ltr'><strong>lau-</strong></span> 
     </span>
    </p>
   </div>
   <div class='ocr_carea' id='block_1_114' title="bbox 2021 5404 3603 5476">
    <p class='ocr_par' dir='ltr' id='par_1_114' title="bbox 2021 5404 3603 5476">
     <span class='ocr_line' id='line_1_114' title="bbox 2021 5404 3603 5476; baseline -0.008 -3"><span class='ocrx_word' id='word_1_815' title='bbox 2021 5418 2200 5473; x_wconf 87' lang='lat' dir='ltr'><strong>dasse.</strong></span> <span class='ocrx_word' id='word_1_816' title='bbox 2266 5413 2327 5469; x_wconf 89' lang='lat' dir='ltr'><strong>S.</strong></span> <span class='ocrx_word' id='word_1_817' title='bbox 2375 5412 2566 5468; x_wconf 73' lang='lat' dir='ltr'><strong>Irentei</strong></span> <span class='ocrx_word' id='word_1_818' title='bbox 2617 5411 2781 5466; x_wconf 87' lang='lat' dir='ltr'><strong>verba</strong></span> <span class='ocrx_word' id='word_1_819' title='bbox 2812 5416 2981 5465; x_wconf 86' lang='lat' dir='ltr'><strong>sunt:</strong></span> <span class='ocrx_word' id='word_1_820' title='bbox 3016 5405 3124 5461; x_wconf 82' lang='lat' dir='ltr'><strong>Sub</strong></span> <span class='ocrx_word' id='word_1_821' title='bbox 3159 5406 3257 5460; x_wconf 80' lang='lat' dir='ltr'><strong>hoc</strong></span> <span class='ocrx_word' id='word_1_822' title='bbox 3291 5406 3458 5476; x_wconf 89' lang='lat' dir='ltr'><strong>igitur</strong></span> <span class='ocrx_word' id='word_1_823' title='bbox 3486 5404 3603 5461; x_wconf 64' lang='lat' dir='ltr'><strong>Clez</strong></span> 
     </span>
    </p>
   </div>
   <div class='ocr_carea' id='block_1_115' title="bbox 2024 5500 3603 5577">
    <p class='ocr_par' dir='ltr' id='par_1_115' title="bbox 2024 5500 3603 5577">
     <span class='ocr_line' id='line_1_115' title="bbox 2024 5500 3603 5577; baseline -0.009 -12"><span class='ocrx_word' id='word_1_824' title='bbox 2024 5507 2557 5577; x_wconf 84' lang='lat' dir='ltr'><strong>mente,dissensione</strong></span> <span class='ocrx_word' id='word_1_825' title='bbox 2582 5521 2687 5559; x_wconf 87' lang='lat' dir='ltr'><strong>non</strong></span> <span class='ocrx_word' id='word_1_826' title='bbox 2712 5503 2922 5557; x_wconf 86' lang='lat' dir='ltr'><strong>modica</strong></span> <span class='ocrx_word' id='word_1_827' title='bbox 2952 5502 3093 5557; x_wconf 87' lang='lat' dir='ltr'><strong>inter</strong></span> <span class='ocrx_word' id='word_1_828' title='bbox 3123 5518 3216 5555; x_wconf 90' lang='lat' dir='ltr'><strong>eos</strong></span> <span class='ocrx_word' id='word_1_829' title='bbox 3242 5501 3334 5571; x_wconf 85' lang='lat' dir='ltr'><strong>qui</strong></span> <span class='ocrx_word' id='word_1_830' title='bbox 3359 5500 3603 5556; x_wconf 82' lang='lat' dir='ltr'><strong>Corintltt</strong></span> 
     </span>
    </p>
   </div>
   <div class='ocr_carea' id='block_1_116' title="bbox 2020 5591 3604 5670">
    <p class='ocr_par' dir='ltr' id='par_1_116' title="bbox 2020 5591 3604 5670">
     <span class='ocr_line' id='line_1_116' title="bbox 2020 5591 3604 5670; baseline -0.007 -12"><span class='ocrx_word' id='word_1_831' title='bbox 2020 5612 2190 5658; x_wconf 84' lang='lat' dir='ltr'><strong>essent</strong></span> <span class='ocrx_word' id='word_1_832' title='bbox 2224 5601 2416 5670; x_wconf 80' lang='lat' dir='ltr'><strong>fratres</strong></span> <span class='ocrx_word' id='word_1_833' title='bbox 2444 5599 2614 5669; x_wconf 80' lang='lat' dir='ltr'><strong>facta,</strong></span> <span class='ocrx_word' id='word_1_834' title='bbox 2644 5596 2859 5665; x_wconf 85' lang='lat' dir='ltr'><strong>scripsit</strong></span> <span class='ocrx_word' id='word_1_835' title='bbox 2888 5610 3006 5664; x_wconf 73' lang='lat' dir='ltr'><strong>quae</strong></span> <span class='ocrx_word' id='word_1_836' title='bbox 3036 5602 3115 5649; x_wconf 88' lang='lat' dir='ltr'><strong>est</strong></span> <span class='ocrx_word' id='word_1_837' title='bbox 3149 5592 3334 5647; x_wconf 81' lang='lat' dir='ltr'><strong>Romte</strong></span> <span class='ocrx_word' id='word_1_838' title='bbox 3365 5591 3604 5647; x_wconf 84' lang='lat' dir='ltr'><strong>Ecclesia</strong></span> 
     </span>
    </p>
   </div>
   <div class='ocr_carea' id='block_1_117' title="bbox 2020 5685 3603 5767">
    <p class='ocr_par' dir='ltr' id='par_1_117' title="bbox 2020 5685 3603 5767">
     <span class='ocr_line' id='line_1_117' title="bbox 2020 5685 3603 5767; baseline -0.007 -16"><span class='ocrx_word' id='word_1_839' title='bbox 2020 5695 2412 5767; x_wconf 86' lang='lat' dir='ltr'><strong>potentissimas</strong></span> <span class='ocrx_word' id='word_1_840' title='bbox 2471 5694 2680 5747; x_wconf 88' lang='lat' dir='ltr'><strong>litteras</strong></span> <span class='ocrx_word' id='word_1_841' title='bbox 2739 5690 3057 5746; x_wconf 80' lang='lat' dir='ltr'><strong>Corinthiis.</strong></span> <span class='ocrx_word' id='word_1_842' title='bbox 3114 5686 3237 5743; x_wconf 86' lang='lat' dir='ltr'><strong>Non</strong></span> <span class='ocrx_word' id='word_1_843' title='bbox 3291 5685 3426 5767; x_wconf 75' lang='lat' dir='ltr'><strong>dicit</strong></span> <span class='ocrx_word' id='word_1_844' title='bbox 3462 5686 3603 5740; x_wconf 67' lang='lat' dir='ltr'><strong>hanc</strong></span> 
     </span>
    </p>
   </div>
   <div class='ocr_carea' id='block_1_118' title="bbox 2019 5780 3603 5861">
    <p class='ocr_par' dir='ltr' id='par_1_118' title="bbox 2019 5780 3603 5861">
     <span class='ocr_line' id='line_1_118' title="bbox 2019 5780 3603 5861; baseline -0.008 -15"><span class='ocrx_word' id='word_1_845' title='bbox 2019 5789 2327 5861; x_wconf 85' lang='lat' dir='ltr'><strong>epistolam,</strong></span> <span class='ocrx_word' id='word_1_846' title='bbox 2370 5802 2560 5858; x_wconf 86' lang='lat' dir='ltr'><strong>quam</strong></span> <span class='ocrx_word' id='word_1_847' title='bbox 2615 5800 2763 5841; x_wconf 91' lang='lat' dir='ltr'><strong>nunc</strong></span> <span class='ocrx_word' id='word_1_848' title='bbox 2824 5784 3114 5850; x_wconf 86' lang='lat' dir='ltr'><strong>habemus,</strong></span> <span class='ocrx_word' id='word_1_849' title='bbox 3163 5782 3231 5837; x_wconf 85' lang='lat' dir='ltr'><strong>ad</strong></span> <span class='ocrx_word' id='word_1_850' title='bbox 3288 5780 3603 5835; x_wconf 80' lang='lat' dir='ltr'><strong>Corinthios</strong></span> 
     </span>
    </p>
   </div>
   <div class='ocr_carea' id='block_1_119' title="bbox 2021 5868 3601 5952">
    <p class='ocr_par' dir='ltr' id='par_1_119' title="bbox 2021 5868 3601 5952">
     <span class='ocr_line' id='line_1_119' title="bbox 2021 5868 3601 5952; baseline -0.013 -13"><span class='ocrx_word' id='word_1_851' title='bbox 2021 5893 2152 5941; x_wconf 87' lang='lat' dir='ltr'><strong>tunc</strong></span> <span class='ocrx_word' id='word_1_852' title='bbox 2179 5880 2351 5940; x_wconf 82' lang='lat' dir='ltr'><strong>fuisse</strong></span> <span class='ocrx_word' id='word_1_853' title='bbox 2381 5879 2676 5952; x_wconf 86' lang='lat' dir='ltr'><strong>scriptam;</strong></span> <span class='ocrx_word' id='word_1_854' title='bbox 2724 5892 2834 5935; x_wconf 89' lang='lat' dir='ltr'><strong>non</strong></span> <span class='ocrx_word' id='word_1_855' title='bbox 2877 5874 3119 5931; x_wconf 76' lang='lat' dir='ltr'><strong>afﬁrmat</strong></span> <span class='ocrx_word' id='word_1_856' title='bbox 3145 5874 3308 5938; x_wconf 85' lang='lat' dir='ltr'><strong>hanc,</strong></span> <span class='ocrx_word' id='word_1_857' title='bbox 3339 5887 3405 5926; x_wconf 84' lang='lat' dir='ltr'><strong>ne</strong></span> <span class='ocrx_word' id='word_1_858' title='bbox 3438 5868 3601 5922; x_wconf 84' lang='lat' dir='ltr'><strong>ullam</strong></span> 
     </span>
    </p>
   </div>
  </div>
