4136 6390
554 418 656 475 H5

1596 407 1653 461 S.
1689 403 2037 463 IGNATIUS.
2078 432 2148 441 —
2185 399 2716 456 PROLECOMENA.

3701 393 3801 446 1M

552 540 771 612 quidrm
797 552 827 592 a
879 536 1155 591 Clemente
1187 532 1356 595 fuisse
1387 540 1690 586 exaratam.
1728 531 1801 582 De
1838 524 2120 597 Polycarpi
2154 530 2194 583 Λ
2228 523 2487 593 probatus
2533 524 2622 588 sit,
2655 532 2713 575 ut
2765 519 3149 583 Antiochense,
3186 516 3238 570 id
3267 528 3352 571 est
3379 514 3627 570 omnium
3679 530 3806 582 qua-

552 627 782 699 epistola
815 627 929 681 hare
958 624 1159 679 habet:
1216 623 1313 676 Est
1372 633 1549 676 autem
1592 632 1641 675 ct
1688 619 1911 690 epistola
1958 618 2121 686 Poly-

551 722 699 792 carpi
724 720 793 774 ad
822 717 1182 787 Pltilippenses
1236 718 1437 785 scripta
1489 714 1895 784 perfectissima,
1927 727 1991 766 ea:
2019 728 2125 780 qua

552 814 911 867 characterem
959 809 1082 879 ﬁdei
1139 807 1284 877 ejus,
1310 817 1360 861 et
1391 806 1823 876 prwdicationem
1864 802 2122 867 veritatis,

550 904 642 968 qui
672 901 874 966 volunt,
913 910 961 955 et
1004 914 1186 953 curam
1239 896 1430 950 habent
1461 913 1571 951 sua:
1622 895 1816 950 salutis
1841 934 1855 959 ,
1909 905 2125 960 possunt

550 1001 776 1056 discere.
806 995 924 1051 Non
957 994 1193 1049 allirmat
1219 994 1465 1048 eamdem
1488 991 1773 1064 epistolam
1798 1005 1918 1045 eam
1957 987 2128 1044 fuisse

552 1108 675 1163 qua:
704 1106 851 1146 nunc
897 1097 1098 1149 exstat,
1135 1087 1248 1141 imo
1299 1087 1507 1141 nullum
1564 1085 1934 1140 characterem
1964 1081 2129 1138 tradit

556 1184 686 1239 huic
718 1181 1071 1252 peculiarem.
1105 1178 1181 1233 De
1208 1178 1505 1234 Clementis
1548 1176 1780 1247 epistola
1832 1174 2127 1245 Dionysius

552 1274 968 1329 Corinthiorum
993 1272 1307 1341 episc0pus,
1333 1271 1402 1325 ad
1433 1268 1679 1325 Soterem
1709 1267 1896 1322 Romae
1916 1267 2129 1335 episco-

554 1382 683 1437 pum
721 1366 836 1420 haec
878 1363 1106 1419 scribit:
1146 1361 1321 1416 Hodie
1372 1378 1583 1416 sacrum
1606 1360 1746 1414 diem
1796 1359 2130 1413 Dominicum

556 1459 948 1528 transegimus,
1004 1456 1059 1508 in
1109 1471 1211 1526 quo
1273 1454 1552 1524 epistolam
1605 1464 1834 1507 vestram
1882 1452 2126 1521 legimus,

553 1567 713 1621 quam
741 1550 953 1619 quidem
1006 1558 1252 1620 perpetuo
1275 1547 1519 1615 deinceps
1550 1544 1774 1614 legentes
1814 1542 2028 1612 perinde
2067 1558 2130 1595 ac

554 1660 786 1713 priorem
834 1643 985 1701 illam
1030 1642 1175 1695 nobis
1234 1657 1267 1693 a
1317 1638 1581 1693 Clemente
1633 1637 1889 1698 scriptam
1939 1634 2132 1703 episto-

556 1737 701 1801 lam,
744 1736 957 1803 optimis
1003 1733 1280 1804 praeceptis
1334 1748 1396 1785 ac
1461 1729 1791 1783 documentis
1836 1725 2131 1779 abundabi-

556 1846 696 1884 mus.
728 1828 921 1882 Tradit
965 1826 1187 1897 quidem
1217 1834 1272 1880 et
1305 1824 1394 1878 ille
1448 1822 1736 1892 epistolam
1773 1818 2067 1889 quamdam
2098 1833 2129 1873 a

2230 614 2372 684 apud
2396 624 2583 685 gentes
2630 622 2790 668 erant
2844 610 3215 666 Ecclesiarum
3262 607 3683 676 antiquissimae,
3738 604 3808 659 ad

2230 708 2467 772 haee,ob
2522 706 2760 761 civitatis
2814 706 2868 759 in
2920 704 3125 759 saeculo
3178 701 3593 771 amplitudinem
3644 707 3807 767 atque

2230 799 2624 870 praestantiam,
2655 797 3030 862 nobilissimae,
3076 794 3275 866 praefici
3330 794 3612 848 meruerit.
3661 790 3807 858 Quid

2229 892 2350 962 ejus
2384 900 2669 961 postremo
2716 890 3038 961 martyrium
3094 887 3298 953 dicam,
3326 900 3434 956 quo
3479 900 3643 955 opere
3669 884 3809 939 nihil

2232 998 2471 1052 unquam
2502 982 2646 1051 apud
2705 990 2922 1036 nostros
2953 979 3310 1035 excellentius
3346 986 3442 1032 aut
3485 976 3811 1047 praeclarius

2232 1075 2478 1131 habitum
2532 1072 2702 1129 fuisse
2754 1072 2997 1128 scimus?
3048 1070 3223 1141 Hujus
3245 1085 3376 1141 ergo
3402 1069 3537 1123 tanti
3592 1084 3656 1123 ac
3683 1068 3813 1123 talis

2230 1167 2355 1233 viri,
2384 1167 2439 1221 in
2462 1181 2574 1237 quo
2596 1181 2812 1221 summa
2855 1164 3039 1219 omnia
3070 1170 3250 1228 erant,
3301 1162 3349 1217 si
3399 1162 3520 1215 alia:
3550 1160 3811 1226 fuissent,

2231 1277 2396 1333 quam
2430 1276 2555 1332 quae
2584 1276 2730 1315 nunc
2773 1259 3240 1315 circumferuntur
3287 1258 3551 1329 epistolae,
3578 1272 3674 1312 eas
3692 1257 3813 1327 jam

2231 1352 2299 1407 ab
2323 1352 2432 1406 illis
2457 1349 2817 1421 temporibus,
2845 1349 3169 1418 saeculisque
3188 1346 3432 1417 proxime
3454 1346 3819 1415 sequentibus

2231 1444 2615 1501 celeberrimas
2641 1444 2811 1499 fuisse
2840 1457 3067 1498 necesse
3116 1450 3223 1501 est.
3270 1449 3326 1494 et
3376 1449 3502 1511 post
3531 1439 3817 1509 apostolo-

2232 1554 2354 1593 rum
2385 1539 2628 1607 ipsorum
2669 1547 2724 1591 et
2776 1535 3077 1592 Clementis
3138 1533 3185 1589 si
3233 1533 3371 1589 forte
3419 1533 3624 1603 scripta
3651 1533 3819 1599 longe

2232 1631 2630 1687 nobilissimas.
2684 1630 2789 1685 Sed
2836 1645 2931 1685 eas
2989 1637 3187 1698 praeter
3248 1627 3492 1682 auctoris
3532 1626 3816 1691 meritum,

2232 1724 2412 1794 ipsum
2470 1723 2695 1793 insuper
2745 1733 2984 1791 tempus,
3036 1736 3148 1791 quo
3176 1720 3318 1775 datae
3365 1736 3486 1775 esse
3529 1720 3816 1781 dicuntur,

2232 1831 2397 1886 supra
2428 1816 2652 1871 modum
2687 1815 2977 1869 nobilitare
2999 1813 3208 1869 debuit.
3245 1812 3425 1867 Inuuit
3452 1814 3600 1868 enim
3647 1811 3819 1882 Poly-

553 1919 834 1975 Clementc
860 1918 928 1973 ad
951 1918 1272 1973 Corinthios
1311 1916 1571 1985 scriptam
1622 1912 1814 1978 fuisse,
1847 1920 1902 1967 et
1928 1912 1983 1966 in
2028 1910 2121 1966 Ec-
2161 1907 2203 1966 B
2231 1924 2429 1979 carpus
2451 1909 2520 1964 ab
2544 1907 2755 1978 lgnatio
2785 1907 2840 1961 in
2876 1906 3169 1976 supremis,
3224 1906 3277 1959 in
3314 1905 3556 1976 martyrii
3583 1905 3821 1959 medita-

553 2011 719 2066 clesia
751 2011 943 2066 lectam
974 2027 987 2063 :
1036 2025 1145 2063 non
1171 2008 1303 2063 dicit
1329 2008 1486 2068 hanc.
1514 2021 1679 2077 quam
1715 2003 1913 2060 Junius
1940 2021 2005 2057 ex
2041 2020 2132 2059 co-
2235 2003 2405 2066 tione,
2428 2016 2495 2057 eo
2519 2000 2639 2071 ipso
2692 2010 2938 2069 tempore
2991 2001 3223 2070 scriptas
3253 2000 3460 2063 fuisse,
3508 2013 3620 2069 quo
3669 2000 3820 2053 edita

553 2106 674 2160 dice
701 2104 870 2176 Regio
899 2104 1223 2174 descripsit,
1258 2118 1377 2157 eam
1437 2100 1645 2155 fuisse:
1690 2100 1799 2154 imo
1825 2098 2004 2168 qualis
2043 2097 2133 2151 illa
2235 2095 2541 2151 Antiochiae
2599 2094 2741 2163 apud
2794 2092 3092 2164 Trajanum
3142 2094 3562 2164 prmelarissima
3608 2091 3823 2147 Clnisti

555 2199 720 2254 fuerit
753 2213 919 2269 quam
974 2195 1245 2252 Corinthii
1304 2194 1574 2264 legebant,
1617 2192 1768 2245 nullo
1828 2190 1994 2248 modo
2035 2189 2133 2244 de-
2236 2187 2605 2253 confessione,
2660 2186 2924 2256 principis
2974 2202 3071 2241 ore
3117 2188 3185 2240 ad
3248 2186 3455 2241 bestias
3496 2185 3821 2249 damnatus,

553 2289 749 2360 pingit,
775 2297 836 2343 ut
868 2299 1110 2342 nostram
1142 2285 1207 2340 ad
1235 2285 1387 2339 illius
1416 2284 1788 2339 characterem
1819 2280 2137 2336 examinare

553 2394 864 2451 possemus.
898 2376 966 2432 Et
1002 2387 1182 2432 tamen
1215 2378 1331 2431 haec
1374 2374 1561 2430 lrenaei
1597 2386 1651 2430 et
1709 2372 1955 2445 Dionysii
1983 2371 2137 2427 testi-

557 2471 742 2525 monia
766 2468 835 2524 ad
869 2468 1271 2523 Clementinam
1333 2465 1624 2535 epistolam
1664 2463 2135 2519 Statuminandam

557 2576 814 2633 magnam
848 2561 958 2614 vim
988 2558 1191 2614 habere
1218 2558 1432 2623 volunt,
1488 2554 1775 2628 Polycarpi
1807 2563 1989 2610 autem
2023 2552 2139 2611 suf-

558 2649 793 2721 fragium
849 2658 904 2704 et
962 2650 1138 2704 multo
1198 2648 1483 2718 antiquius
1540 2656 1704 2717 atque
1760 2645 2022 2701 disertius
2070 2646 2138 2701 ad

560 2742 753 2813 lgnatii
778 2740 1042 2811 epistolas
1063 2740 1474 2796 conlirlnandas
1503 2740 1662 2811 plane
1693 2741 1924 2796 nullam.

631 2832 757 2889 llaec
788 2849 913 2889 cum
945 2832 1106 2888 unica
1161 2831 1233 2887 sit
1283 2833 1541 2902 objectio,
1584 2847 1705 2903 quae
1751 2832 1971 2902 proprie
2030 2832 2137 2887 vim

557 2927 862 2983 testimonii
891 2934 1121 2997 spectat,
1152 2933 1351 2996 praeter
1396 2925 1672 2981 silentium
1725 2924 1932 2993 lrenaai,
1992 2925 2141 2996 quod

561 3019 815 3090 proximo
863 3019 1044 3089 capite
1105 3016 1533 3073 examinandum
1592 3027 1716 3084 est;
1782 3032 2018 3087 eumque
2077 3033 2138 3072 ea

563 3124 675 3167 tam
712 3111 899 3181 iniqua
942 3126 1009 3166 ac
1038 3110 1172 3167 levis
1202 3110 1307 3176 sit,
1336 3119 1396 3164 ut
1424 3124 1615 3165 omnes
1640 3110 1854 3177 vident;
1894 3120 2139 3179 superest

564 3215 625 3260 ut
658 3203 1038 3276 Polycarpiani
1087 3202 1331 3273 suffragii
1385 3201 1555 3256 robur
1607 3202 1770 3257 latius
1816 3202 2137 3272 explicetur,

564 3299 924 3367 omniumque
953 3295 1131 3351 oculis
1180 3295 1385 3351 clarius
1415 3304 1742 3364 exponatur.
1777 3292 1964 3349 Primo
1991 3294 2138 3349 enim

565 3392 899 3463 Polycarpus
930 3403 1041 3443 non
1076 3396 1287 3444 tantum
1318 3398 1552 3444 testatur
1603 3387 1894 3458 scripsisse
1931 3387 2142 3457 aliquas

563 3484 822 3555 epistolas
869 3480 1169 3553 lgnatium,
1199 3481 1295 3537 sed
1346 3480 1622 3552 significat
1666 3479 1992 3551 συναγωγὴν
2023 3480 2142 3550 epi-

563 3578 829 3633 stolarum
859 3575 981 3646 ejus
1010 3583 1143 3629 tunc
1176 3574 1439 3645 temporis
1471 3572 1720 3645 Smyrnae
1736 3588 1795 3628 se
1822 3588 1935 3643 prae
1964 3572 2142 3627 mani-

565 3672 668 3727 bus
694 3669 996 3735 habuisse;
1041 3666 1360 3723 earumdem
1402 3665 1685 3736 exemplar
1736 3664 1978 3734 epistolae
2027 3678 2144 3719 suae

564 3766 755 3833 (quam
787 3760 1009 3816 aliunde
1038 3761 1093 3814 in
1124 3757 1375 3814 ecclesiis
1406 3755 1667 3812 Asiaticis
1690 3755 1910 3829 publice
1940 3756 2137 3810 lectam

566 3853 793 3923 scimus)
822 3868 881 3909 se
911 3850 1215 3921 subjecisse
1254 3846 1446 3915 tradit,
1474 3856 1529 3903 et
1569 3846 2015 3918 Philippensibus
2040 3844 2145 3900 mi-

566 3947 728 4013 sisse,
760 3946 925 4017 idque
949 3945 1195 4015 ipsorum
1228 3952 1456 4013 rogatu;
1486 3942 1679 4012 quanti
1709 3955 1805 3997 eas
1848 3943 1961 4010 ipse
1998 3940 2145 3995 testi-

567 4048 745 4095 maret
768 4038 1011 4108 optimus
1055 4037 1222 4107 judex
1249 4034 1525 4101 ostendit,
1552 4048 1759 4104 easque
1784 4031 2147 4102 Philippensi-

570 4134 673 4186 bus
699 4129 1026 4186 utilissimas
1078 4127 1198 4184 fore
1250 4126 1561 4197 profitetur,
1611 4134 1665 4181 et
1709 4126 1893 4193 fidem,
1934 4126 2148 4196 patien—

571 4222 731 4290 tiam,
756 4236 1086 4292 omnemque
1138 4218 1558 4275 aedificationem
1603 4218 1671 4273 ad
1704 4216 1996 4271 Dominum
2026 4231 2149 4287 per-

574 4314 839 4368 tinentem
863 4314 1148 4368 continere
1179 4312 1434 4367 aﬂlrmat.
1487 4305 1615 4364 Haec
1638 4309 1705 4363 de
1726 4307 1978 4377 epistolis
2007 4321 2148 4376 quas

572 4406 691 4476 ipse
718 4403 939 4475 collegit
965 4413 1021 4459 et
1050 4403 1193 4473 apud
1246 4417 1306 4458 se
1338 4400 1529 4457 habuit
1576 4414 1701 4454 cum
1734 4405 1963 4453 testatur
1988 4394 2151 4468 Poly-

572 4513 796 4569 carpus,
819 4497 1040 4554 easdem
1067 4497 1295 4553 omnino
1322 4510 1449 4551 eum
1482 4490 1837 4554 intellexisse,
1869 4504 2010 4560 quas
2050 4505 2150 4547 nos

2166 3254 2213 3316 C

2239 2277 2468 2333 Romam
2497 2278 2563 2332 ad
2591 2286 2821 2331 mortem
2872 2290 2973 2346 pro
3034 2275 3265 2331 Domino
3313 2275 3674 2347 oppetendam
3719 2277 3826 2330 ab—

2238 2367 2561 2424 ducebatur.
2592 2367 2728 2423 Cum
2779 2367 2946 2438 igitur
2997 2369 3297 2422 charorum
3346 2368 3552 2437 pietate
3588 2382 3824 2436 praeser-

2240 2462 2335 2515 tim
2367 2475 2431 2516 ac
2475 2461 2676 2515 virtute
2709 2459 3087 2529 praestantium
3137 2460 3381 2515 virorum
3442 2460 3496 2515 in
3545 2461 3826 2531 supremis

2240 2553 2416 2608 editas
2445 2569 2609 2609 voces
2635 2567 2833 2624 magna
2892 2568 3025 2607 cura
3079 2553 3351 2623 excipere,
3397 2568 3640 2620 servare,
3682 2554 3827 2608 cele-

2237 2650 2403 2711 brare
2431 2649 2820 2718 memoriaeque
2846 2657 3197 2718 posterorum
3226 2647 3488 2702 mandare
3518 2649 3824 2713 soleamus,

2241 2756 2354 2810 quo
2384 2739 2568 2795 studio
2611 2754 2643 2793 a
2685 2739 2822 2793 viris
2874 2738 2985 2792 illis
3016 2746 3115 2792 aut
3138 2737 3389 2793 ecclesiis
3411 2748 3669 2808 exceptas
3698 2752 3828 2793 esse

2241 2847 2339 2902 par
2365 2842 2447 2887 est
2478 2831 2808 2888 sanctissimi
2866 2829 3124 2901 martyris
3178 2830 3245 2886 ad
3294 2845 3354 2887 se
3397 2832 3452 2885 in
3485 2829 3623 2901 ipsa,
3652 2840 3712 2887 ut
3740 2832 3828 2887 sic

2243 2925 2447 2993 dicam,
2478 2940 2644 2980 arena
2676 2925 2907 2994 scriptas
2934 2923 3164 2991 litteras,
3188 2939 3300 2993 quo
3324 2925 3636 2979 animorum
3668 2933 3823 2979 mutu

2243 3017 2525 3085 recitatas,
2549 3032 2657 3087 qua
2688 3017 2955 3073 charitate
2980 3032 3107 3072 eum
3139 3018 3276 3082 suis,
3298 3031 3631 3087 quacunque
3659 3016 3826 3071 Chri-

2242 3114 2312 3166 sti
2366 3128 2564 3169 nomen
2624 3114 2951 3178 colebatur,
3012 3114 3278 3170 fratribus
3344 3115 3829 3182 communicatasj

2244 3204 2533 3262 Summum
2581 3208 2941 3263 ecclesiarum
2991 3207 3045 3262 in
3097 3207 3230 3262 istas
3259 3207 3521 3277 epistolas
3551 3222 3826 3273 amorem,

2244 3314 2516 3353 summam
2554 3299 2985 3369 colligendarum
3032 3309 3088 3355 et
3143 3298 3538 3354 servandarum
3576 3309 3629 3353 et
3676 3300 3826 3367 apud

2243 3388 2441 3445 fratres
2462 3390 3001 3445 disseminandarum
3032 3406 3221 3445 curam
3243 3431 3260 3455 ,
3293 3405 3683 3459 summumque
3706 3400 3827 3445 stu-

2243 3484 2397 3539 dium
2430 3481 2603 3538 fuisse
2632 3484 2766 3538 satis
2796 3491 3028 3537 testatur
3056 3481 3113 3538 S.
3142 3481 3499 3555 Polycarpus,
3538 3482 3595 3537 S.
3649 3480 3830 3537 Joan—

2245 3576 2331 3632 nis
2353 3575 2583 3646 apostoli
2619 3575 2825 3645 pariter
2874 3574 3201 3644 discipulus,
3242 3575 3339 3643 qui
3370 3575 3438 3629 ab
3470 3590 3537 3629 eo
3575 3572 3835 3645 Smyrna:

2244 3666 2539 3737 episcopus
2590 3666 2900 3731 ordinatus,
2950 3666 3121 3721 totius
3177 3666 3323 3721 Asiae.
3380 3666 3656 3736 princeps,
3716 3666 3834 3736 ipsi

2245 3757 2455 3830 lgnatio
2494 3758 2781 3813 familiaris
2816 3757 2938 3824 fuit,
2971 3760 3064 3827 qui
3098 3757 3258 3813 docet
3308 3773 3369 3813 se
3398 3773 3431 3812 a
3455 3756 3833 3827 Philippensi-

2244 3850 2349 3906 bus
2386 3860 2637 3920 rogatum
2666 3864 2859 3905 omnes
2896 3847 3091 3919 lgnatii
3139 3850 3420 3920 epistolas,
3467 3864 3838 3920 quascunque

2246 3944 2389 4014 apud
2419 3959 2478 3999 se
2512 3944 2756 4010 haberet,
2772 3942 3080 4014 collegisse,
3105 3958 3309 4013 easque
3332 3944 3401 3998 ad
3428 3944 3578 4012 ipsos
3597 3942 3684 3997 his
3707 3944 3836 4001 suis

2244 4036 2443 4094 litteris
2483 4035 2763 4106 subjectas
2812 4036 3048 4091 mittere.
3102 4035 3179 4089 Ex
3212 4036 3298 4091 his
3356 4035 3494 4091 satis
3520 4049 3668 4090 nunc
3692 4050 3837 4089 con-

2247 4137 2361 4185 stat
2396 4128 2522 4185 illas
2558 4128 2819 4198 epistolas
2847 4142 2988 4198 quas
3011 4128 3233 4198 scripsit
3266 4126 3526 4198 lgnatius,
3554 4142 3691 4197 quas
3712 4129 3836 4183 col-

2249 4222 2382 4292 legit
2405 4230 2461 4277 et
2484 4222 2655 4277 edidit
2688 4220 3048 4292 Polycarpus,
3108 4236 3216 4275 non
3266 4221 3514 4291 potuisse
3563 4235 3669 4274 non
3701 4235 3836 4276 esse

2250 4314 2418 4379 illius,
2444 4322 2498 4369 et
2540 4312 2808 4382 proximae
2857 4314 3114 4383 deinceps
3144 4314 3422 4368 memoriae
3468 4312 3832 4375 Christianis.

2250 4407 2554 4478 pnesertim
2584 4422 2716 4463 vero
2754 4407 3008 4462 litteratis
3032 4418 3087 4462 et
3124 4407 3394 4472 eruditis,
3423 4408 3469 4461 si
3499 4407 3594 4476 qui
3619 4418 3833 4473 essent,

2252 4497 2593 4553 notissimas.
2622 4496 2763 4564 Quid
2793 4498 2941 4567 quod
2997 4498 3111 4552 haec
3142 4496 3259 4566 ipsa
3289 4496 3346 4550 S.
3390 4495 3675 4565 Polycarpi
3710 4496 3839 4564 epi-

574 4590 867 4655 habemus,
918 4604 1060 4660 quas
1106 4596 1234 4642 ante
1274 4600 1377 4641 nos
1435 4581 1730 4648 Eusebius,
1785 4580 2145 4644 Athanasius,
2178 4595 2223 4652 υ
2252 4588 2854 4661 διοιει,αυειιειι³ιίειηε
2903 4598 3187 4658 tantopere
3232 4588 3689 4658 prmicabamur,
3735 4602 3838 4657 per

574 4681 977 4744 Theodoretus,
1025 4679 1229 4749 aliique
1279 4676 1628 4738 habuerunt,
1676 4681 1733 4728 et
1776 4671 2066 4738 contendo,
2094 4680 2139 4727 et

2255 4683 2362 4737 tria
2394 4682 2609 4754 integra
2639 4682 2842 4738 saecula
2871 4681 2924 4735 in
2952 4689 3223 4736 conventu
3249 4679 3394 4735 Asiae
3445 4679 3661 4749 publice
3685 4678 3837 4750 lege-

574 4786 763 4848 aperte
791 4775 1130 4844 tirmiterque
1167 4771 1363 4844 probo.
1419 4771 1529 4824 Aut
1557 4767 1705 4823 enim
1764 4765 1871 4820 illa;
1910 4765 2139 4836 epistola

2253 4786 2427 4841 retur,
2486 4789 2598 4845 qua
2647 4788 2863 4830 summa
2917 4788 3106 4827 eorum
3164 4772 3370 4828 utilitas
3427 4770 3833 4836 incnleabatur,

575 4882 716 4940 (11³³³
737 4865 1037 4938 Publica”it
1062 4863 1421 4935 POlycarPusv
1445 4861 1531 4917 hic
1555 4860 1686 4929 39333
1711 4866 1860 4920 ευηίο
1886 4872 2025 4928 (111³8
2049 4872 2151 4912 n0-
2254 4866 2538 4936 animique
2567 4864 2853 4920 hominum
2884 4865 3213 4933 scriptorum
3253 4864 3412 4917 fidem
3445 4862 3750 4931 antiquam,
3776 4872 3845 4917 et-

576 4959 679 5016 ειτί
711 4957 1032 5022 defendunt,
1058 4965 1155 5010 aut
1176 4955 1399 5010 fuerunt
1427 4953 1548 5008 alia:
1585 4960 1641 5008 et
1672 4950 1743 5007 ab
1782 4950 1868 5006 his
1900 4950 2150 5004 diversae.
2250 4960 2594 5029 pauentum,
2627 4966 2683 5013 et
2712 4957 3127 5013 gdilicationem
3181 4955 3577 5011 continentium
3619 4953 3833 5022 cupidi.

577 5048 687 5106 Sed
726 5047 869 5115 aliae,
894 5055 952 5103 et
973 5047 1044 5102 ab
1066 5045 1153 5102 his
1173 5045 1405 5101 diversae
1436 5059 1546 5099 non
1588 5043 1831 5099 fuerunt.
1859 5041 2139 5112 Reliquum

2252 5059 2367 5105 tate
2397 5060 2662 5120 perpetuo
2712 5049 3175 5105 accendebantur.
3228 5047 3288 5103 Si
3344 5046 3511 5117 igitur
3562 5045 3667 5100 alia
3713 5052 3769 5099 et
3799 5060 3835 5099 a

578 5142 748 5213 igitur
767 5152 854 5197 est
888 5148 951 5194 ut
982 5140 1067 5195 hae
1090 5139 1223 5209 ipsa:
1251 5136 1475 5193 fuerint.
1502 5135 1775 5207 Epistolas
1811 5144 1991 5190 autem
2015 5149 2155 5205 quas
2258 5155 2449 5201 nostra
2504 5144 2725 5199 diversa
2786 5141 2891 5198 fuit
2927 5141 3213 5212 Polycarpi
3273 5139 3591 5210 συναγωγὴ,
3619 5138 3665 5193 si
3710 5138 3840 5193 alia

578 5231 881 5305 publicavit
899 5230 1258 5303 PolycarpuS.
1290 5244 1399 5285 non
1446 5228 1617 5285 fuisse
1645 5229 1804 5295 alias,
1850 5236 1903 5283 et
1944 5228 2013 5283 ab
2044 5228 2153 5292 his.
2254 5237 2499 5306 epistulae
2529 5234 2726 5306 lgnatil
2785 5234 2989 5290 fuerint
3017 5248 3156 5303 quas
3208 5232 3298 5286 ille
3347 5230 3589 5300 collegit,
3631 5238 3686 5283 et
3717 5230 3839 5285 suis

580 5340 721 5397 quas
750 5339 899 5380 nunc
927 5324 1216 5387 habemus,
1245 5323 1516 5386 diversas,
1548 5322 1631 5377 sic
1664 5319 1896 5376 ostendo
1922 5338 1934 5372 :

656 5416 716 5472 S.
752 5416 1044 5487 lgnatium,
1079 5415 1174 5487 qui
1205 5415 1399 5488 paucis
1425 5424 1553 5484 post
1570 5412 1629 5468 S.
1653 5410 1885 5467 Joannis
1923 5411 2157 5482 apostoli

585 5518 817 5565 mortem
846 5509 1008 5564 annis
1049 5508 1374 5580 martyrium
1424 5506 1613 5561 Romae
1667 5504 1834 5569 fecit,
1879 5504 2161 5573 apostolos

585 5605 765 5673 ipsum
795 5602 1091 5668 audivisse,
1116 5611 1173 5657 et
1199 5617 1265 5658 ex
1302 5602 1388 5656 his
1417 5599 1729 5671 purissimis
1749 5597 2159 5654 Christianismi

587 5695 832 5751 fontibus
874 5695 1182 5751 doctrinam
1239 5708 1397 5749 suam
1434 5693 1691 5749 hausisse
1738 5700 1977 5747 constat.
2043 5689 2161 5746 Huc

584 5787 794 5843 accedit
818 5787 1021 5843 eximia
1053 5787 1155 5841 viri
1188 5785 1447 5857 dignitas,
1482 5785 1578 5854 qui
1604 5798 1714 5838 non
1750 5784 1913 5839 modo
1938 5797 2162 5853 aposto-

586 5879 763 5936 lotum
805 5880 1129 5951 discipulus,
1187 5879 1281 5934 sed
1311 5893 1502 5933 eorum
1555 5879 1778 5947 insuper
1816 5877 2023 5947 judicio
2081 5879 2162 5935 sic

2259 5328 2453 5384 litteris
2492 5327 2923 5393 commendavit,
2956 5337 3010 5382 et
3043 5324 3485 5395 Philippensibus
3516 5323 3839 5378 communi-

2259 5420 2423 5483 cavit,
2456 5434 2623 5487 quam
2648 5434 2748 5483 ea,
2781 5434 2921 5488 quas
2945 5434 3046 5475 nos
3079 5419 3345 5473 habemus
3368 5424 3425 5471 et
3447 5425 3577 5470 ante
3598 5431 3699 5470 nos
3737 5415 3841 5470 ha-

2260 5512 2378 5567 buit
2404 5510 2712 5579 Eusebius;
2744 5511 2854 5571 illa;
2883 5522 3030 5567 certe
3082 5520 3142 5565 ut
3185 5509 3320 5564 viris
3347 5508 3601 5563 litteratis
3642 5504 3843 5574 praeci-

2260 5620 2369 5674 pue
2401 5616 2565 5675 atque
2607 5605 2840 5660 eruditis
2893 5604 3217 5667 notissimae,
3268 5618 3366 5672 per
3396 5602 3580 5656 omnia
3616 5599 3706 5655 illa
3734 5613 3844 5654 sa-

2262 5692 2407 5759 cula,
2434 5695 2738 5763 praesertim
2767 5694 2971 5764 quibus
3013 5693 3299 5764 Polycarpi
3340 5693 3568 5763 epistola
3596 5692 3651 5746 in
3682 5689 3844 5744 Asia-

2263 5787 2387 5842 ticis
2419 5787 2668 5843 ecclesiis
2727 5802 2858 5845 sane
2890 5788 3257 5843 nobilissimis
3294 5786 3645 5858 personabat,
3680 5785 3840 5838 inno-

2266 5890 2531 5936 tesccrent
2556 5890 2717 5945 atque
2736 5889 3164 5949 agnoscerentur
3192 5895 3416 5939 necesse
3438 5879 3560 5935 fuit.
3603 5877 3663 5932 In
3688 5885 3841 5935 tanta
