4136 6394
331 447 457 504 145

1080 458 1130 505 J.
1172 448 1535 506 PEARSONII
1577 450 1892 506 VINDICIJE
1936 449 2354 507 ΙΟΝΑΤΙΑΝᾸΞ.
2398 482 2464 493 -
2500 451 2679 507 PARS
2707 451 2748 507 l.

324 570 750 624 existimatione
803 586 928 625 cum
988 572 1167 641 primo
1206 572 1426 637 fuerint,
1479 582 1625 629 tanta
1673 590 1801 629 cura
1836 582 1916 629 at-
1945 580 1989 636 Α
2020 573 2412 641 Theodoretus,
2440 576 2576 631 duas
2628 573 2877 628 Gelasius
2929 569 3221 628 sententias
3275 568 3585 634 laudarunt,

324 678 449 731 que
473 663 658 716 studio
708 663 778 717 ab
837 664 1069 719 ecclesia
1128 665 1195 719 ad
1240 666 1526 720 ecclesiam
1559 666 1913 730 transmissm,

322 764 449 807 tam
484 755 725 823 publica,
754 765 974 827 tamque
996 768 1254 827 perpetua
1278 759 1797 813 commemoratione
1822 774 1916 811 or»

322 856 477 901 natae
504 856 675 918 atque
699 849 1008 919 posteritati
1039 851 1454 915 commendatae,
1487 866 1594 905 non
1621 861 1917 921 potuerunt

317 940 562 993 omnino
593 939 787 1005 latere,
813 948 867 996 et
897 941 1028 997 viris
1069 942 1266 1008 doctis,
1323 951 1377 997 et
1409 943 1720 1012 apostolicae
1747 945 1917 998 tradi-

316 1031 500 1087 tionis
536 1033 782 1088 maxime
830 1033 1071 1089 curiosis
1100 1035 1295 1105 ignotae
1324 1050 1464 1090 esse.
1494 1035 1563 1090 At
1590 1036 1637 1090 si
1669 1037 1913 1091 omnium

314 1123 780 1179 Christianorum
811 1141 909 1195 per
962 1128 1067 1181 tria
1116 1127 1334 1187 smcula,
1372 1143 1479 1180 non
1535 1135 1743 1182 tantum
1794 1139 1916 1199 post

314 1213 548 1285 lgnatii.
584 1217 681 1271 sed
714 1227 768 1273 et
811 1217 1099 1289 Polycarpi
1151 1228 1403 1286 mortem,
1450 1220 1621 1275 libros
1663 1222 1916 1277 consula-

314 1323 476 1371 lllllS,
504 1308 721 1361 nullam
781 1309 1039 1375 aliarum,
1096 1326 1260 1379 quam
1303 1326 1442 1380 quas
1473 1327 1572 1366 nos
1626 1312 1911 1379 habemus,

310 1395 527 1467 lgnatii
592 1399 951 1468 epistolarum
1017 1401 1349 1455 mentionem
1403 1418 1644 1472 unquam
1716 1401 1913 1458 factam

309 1490 706 1545 inveniemus.
747 1491 896 1547 Alias
942 1493 1105 1563 igitur
1174 1509 1454 1563 nunquam
1514 1491 1683 1551 fuisse
1737 1496 1912 1549 mani-

305 1580 531 1636 festum
566 1593 672 1639 est.
688 1582 916 1650 Clarus,
949 1586 1003 1638 ni
1038 1584 1217 1651 fallor,
1251 1601 1432 1641 rerum
1468 1602 1663 1654 nexus,
1689 1587 1831 1643 clara
1860 1596 1915 1643 et

307 1671 713 1729 indubitabilis
741 1676 1085 1732 consecutio.

379 1764 504 1831 Qui
537 1766 786 1836 quinque
808 1768 893 1821 vel
937 1782 1033 1821 sex
1085 1768 1345 1837 epistolas
1384 1784 1561 1839 nuper
1587 1768 1795 1840 lgnatio
1827 1781 1911 1826 at-

301 1854 561 1909 tributas
592 1864 857 1926 tanquam
886 1858 1105 1927 spurias
1133 1868 1187 1912 et
1214 1858 1367 1915 fictas
1391 1860 1730 1929 rejiciebant,
1761 1863 1813 1917 id
1853 1878 1912 1919 se

301 1942 441 1997 ideo
474 1942 680 1999 fecisse
721 1944 1139 2014 profitebantur,
1191 1948 1335 2017 quod
1381 1947 1597 2004 Eusebii
1628 1962 1683 2006 et
1714 1950 1907 2008 Hiero-

302 2037 465 2106 nymi
516 2047 766 2106 tempore
804 2054 914 2093 non
965 2049 1288 2095 exstarent:
1321 2055 1387 2096 θο
1434 2052 1616 2096 autem
1669 2052 1911 2115 tempore

302 2144 418 2181 non
446 2129 744 2184 exstitisse
768 2129 893 2184 inde
915 2130 1265 2202 colligebant,
1316 2135 1462 2202 quod
1492 2150 1590 2189 nec
1620 2134 1907 2205 Eusebius,

300 2235 407 2274 nec
437 2220 823 2292 Hieronymus
867 2238 1058 2278 earum
1113 2225 1441 2291 meminerit,
1486 2242 1609 2281 cum
1648 2228 1785 2283 alias
1813 2244 1909 2284 sex

295 2323 627 2380 septemve,
652 2329 791 2383 quas
826 2316 1001 2369 nostri
1033 2314 1350 2383 defendunt,
1385 2318 1673 2389 diligenter
1702 2335 1912 2375 memo~

299 2415 558 2469 rassent,
614 2413 778 2475 atque
811 2407 1252 2477 descripsissent.
1283 2408 1436 2465 Hanc
1463 2425 1653 2465 eorum
1682 2421 1909 2466 senten-

299 2498 439 2550 tiam
504 2506 675 2567 atque
730 2498 999 2554 rationem
1030 2509 1086 2555 et
1114 2501 1301 2556 laudat
1328 2508 1382 2557 et
1402 2503 1750 2573 amplectitur
1780 2504 1909 2559 Dal-

298 2590 468 2646 keus.
513 2591 651 2647 Nam
684 2594 754 2650 de
790 2593 1014 2652 Usserio
1034 2597 1288 2667 loquens,
1323 2598 1437 2652 haec
1466 2600 1644 2669 capite
1669 2599 1911 2656 secundo

296 2684 547 2737 scribit:
584 2682 833 2740 Primum
866 2704 988 2757 ergo
1015 2704 1110 2743 sea:
1140 2689 1263 2744 illas
1296 2691 1547 2760 epistolas
1575 2692 1645 2745 ad
1678 2691 1911 2747 Mariam

295 2770 733 2840 Cassobolitam,
763 2779 835 2831 ad
864 2777 1237 2851 Polycarpum,
1272 2783 1340 2836 ad
1377 2782 1677 2851 Tarsenses,
1713 2784 1783 2838 ad
1810 2786 1913 2839 An-

310 2865 624 2933 tiochenos,
662 2869 734 2921 ad
757 2868 1043 2938 Heronem,
1076 2882 1127 2927 et
1160 2873 1229 2926 ad
1262 2872 1647 2945 Pbilippenses,
1682 2876 1799 2942 has,
1829 2877 1911 2931 in-

296 2970 490 3023 quam,
533 2960 773 3015 nondum
810 2961 1026 3017 Eusebii
1050 2974 1101 3019 et
1136 2964 1449 3036 Hieronymi
1477 2968 1793 3037 temporibus
1820 2984 1912 3024 ea:-

298 3049 518 3104 stitisse
540 3052 669 3105 inde
700 3052 1031 3109 validissime
1052 3056 1261 3125 probat,
1314 3058 1454 3129 quod
1492 3059 1557 3113 de
1590 3060 1657 3114 iis
1693 3069 1911 3130 uterque

298 3140 401 3195 iste
430 3144 682 3211 scriptor
714 3145 926 3198 nullum
962 3145 1177 3200 verbum
1213 3147 1365 3217 facit,
1400 3148 1494 3218 qui
1523 3165 1616 3203 sea:
1646 3149 1786 3203 alias
1814 3165 1911 3202 su-

2018 680 2209 721 omnes
2236 681 2301 721 ex
2330 666 2573 734 epistolis
2604 667 2827 729 nostris,
2852 681 2915 719 ex
2954 664 3057 718 alia
3105 664 3285 732 aliqua
3319 678 3383 717 ne
3423 677 3586 716 unam

2017 759 2257 829 quidem.
2290 758 2423 811 Aliae
2450 758 2611 828 igitur
2642 774 2805 827 quam
2863 765 3061 811 nostra:
3112 756 3302 825 lgnatii
3345 755 3583 825 epistola:

2017 867 2297 921 nunquam
2339 852 2560 905 fuerunt
2585 867 2615 905 a
2648 851 2949 921 Polycarpo
2979 849 3284 919 posteritati
3303 865 3586 905 commen-

2016 942 2174 997 datae.
2224 940 2405 1008 Quare
2458 957 2581 997 cum
2618 942 2686 996 ab
2734 942 2825 996 illo
2874 942 3069 1010 aliqua:
3106 940 3306 996 fuerint
3347 941 3589 995 collectae

2016 1033 2430 1103 publicamque,
2467 1042 2529 1086 ut
2561 1048 2625 1087 ex
2676 1033 2849 1102 ipsius
2900 1032 3217 1087 testimonio
3254 1040 3438 1102 patet;
3468 1031 3590 1085 alia:

2017 1131 2197 1180 autem
2228 1131 2331 1178 eta
2359 1124 2562 1179 nostris
2610 1123 2841 1179 diversae
2873 1139 2980 1178 non
3034 1120 3257 1191 fuerint,
3294 1132 3351 1178 ut
3376 1137 3441 1176 ex
3477 1122 3589 1177 alto

2016 1223 2096 1270 tot
2126 1216 2449 1270 saeculorum
2482 1215 2700 1271 silentio
2726 1214 3073 1268 manifestum
3095 1221 3207 1279 est;
3241 1222 3407 1268 restat
3428 1223 3486 1268 ut
3506 1214 3591 1268 ha:

2016 1305 2147 1375 ipsa:
2169 1305 2393 1372 fuerint,
2421 1322 2560 1377 quas
2592 1306 2765 1360 nostri
2795 1304 3117 1371 defendunt,
3153 1321 3291 1375 quas
3320 1304 3594 1361 Eusebius

2014 1398 2170 1461 vidit,
2207 1399 2517 1469 descripsit,
2549 1398 2852 1455 deﬂoravit.

2085 1510 2346 1576 Quaenam
2395 1512 2564 1575 enim,
2617 1528 2825 1582 quaeso,
2854 1513 2960 1567 illae
2980 1512 3225 1582 epistola:
3254 1522 3402 1576 sunt,
3436 1514 3481 1567 si
3507 1514 3589 1569 ha:

2016 1619 2121 1658 non
2145 1605 2253 1658 sint
2276 1604 2298 1658 ?
2324 1602 2456 1670 Quis
2486 1620 2580 1659 eas
2606 1621 2846 1675 unquam
2878 1605 3048 1675 legit?
3078 1605 3202 1675 quis
3231 1605 3403 1660 oculis
3430 1621 3591 1659 usur-

2014 1696 2205 1766 pavit?
2231 1696 2356 1765 quis
2393 1696 2477 1750 vel
2529 1695 2693 1750 fando
2723 1697 2791 1751 de
2829 1696 2952 1751 aliis
3002 1696 3249 1766 epistolis
3283 1695 3353 1750 ab
3382 1694 3588 1766 lguatio

2014 1788 2257 1856 scriptis,
2287 1802 2317 1841 a
2342 1786 2640 1859 Polycarpo
2663 1787 2908 1842 collectis
2930 1787 3135 1856 aliquid
3165 1786 3418 1840 audivit?
3441 1787 3585 1849 aliis,

2016 1880 2259 1949 inquam,
2290 1895 2457 1949 quam
2493 1895 2633 1950 quas
2667 1879 2977 1934 habemus?
3005 1880 3086 1932 An
3126 1879 3235 1934 ullo
3262 1878 3424 1932 modo
3450 1878 3590 1931 veri-

2011 1970 2189 2026 simile
2222 1978 2326 2043 est,
2368 1970 2631 2041 epistolas
2661 1986 2691 2025 a
2741 1979 2895 2026 tanto
2955 1979 3194 2041 martyre
3250 1977 3525 2035 exaratas,
3558 1984 3590 2025 a

2012 2070 2164 2114 tanto
2188 2062 2363 2117 editas
2386 2070 2550 2130 atque
2578 2060 2849 2125 laudatas,
2874 2061 3120 2130 epistola:
3148 2061 3310 2114 etiam
3339 2060 3413 2114 illi
3455 2061 3590 2115 sub-

2005 2153 2202 2222 jectas,
2234 2167 2357 2222 qua:
2377 2168 2473 2223 per
2504 2160 2583 2207 tot
2614 2153 2813 2207 saecula
2847 2152 3059 2222 publice
3087 2152 3223 2207 lecta
3251 2167 3439 2207 earum
3471 2170 3589 2207 me-

2010 2245 2240 2299 moriam
2278 2253 2543 2315 perpetuo
2567 2244 2996 2315 redintegrahat,
3042 2245 3226 2299 statim
3258 2244 3507 2314 periisse,
3536 2256 3590 2299 et

2010 2336 2079 2390 ab
2119 2336 2365 2391 omnium
2414 2337 2588 2393 oculis
2640 2345 2855 2406 ereptas
2901 2335 3117 2391 fuisse?
3149 2337 3231 2391 An
3277 2337 3590 2406 putabimus

2010 2424 2202 2492 lgnatii
2232 2427 2439 2482 ossium
2488 2427 2748 2497 reliquias
2796 2426 2968 2479 Roma
3022 2425 3368 2480 Antiochiam
3405 2435 3589 2480 trans-

2009 2526 2275 2588 portatas,
2320 2527 2581 2588 tantaque
2617 2517 2967 2572 veneratione
3004 2532 3099 2586 per
3133 2524 3211 2570 tot
3263 2531 3441 2571 annos
3494 2517 3591 2571 ha-

2010 2610 2157 2667 bitas
2184 2628 2199 2677 ;
2225 2611 2488 2680 epistolas
2518 2620 2698 2665 autem
2726 2610 2777 2663 in
2815 2609 2933 2678 ipso
2965 2609 3157 2664 itinere
3184 2610 3436 2679 scriptas,
3464 2623 3591 2677 pro-

2009 2702 2224 2774 pediem
2257 2702 2313 2755 in
2338 2710 2535 2760 ventos
2571 2702 2818 2756 abiisse?
2847 2702 2929 2754 An
2975 2700 3360 2771 conjicicmus,
3412 2700 3588 2769 impe-

2014 2802 2168 2849 rante
2195 2793 2491 2859 Antonino,
2520 2802 2614 2848 aut
2636 2792 2878 2855 Aurelio,
2908 2793 3010 2847 hoc
3032 2802 3117 2847 est
3143 2834 3158 2858 ,
3183 2794 3307 2848 vivo
3332 2793 3509 2848 adhuc
3536 2802 3591 2850 et

2010 2886 2224 2941 valente
2264 2884 2322 2940 S.
2353 2885 2676 2957 Polycarpo,
2721 2884 2876 2941 fictas
2912 2884 3105 2951 fuisse,
3134 2884 3232 2940 has
3259 2900 3398 2954 quas
3423 2886 3592 2942 habe-

2012 2993 2135 3035 mus
2190 2978 2474 3049 epistolas,
2520 2994 2645 3033 cum
2705 2977 2976 3033 Salmasio
3028 2985 3083 3032 et
3130 2978 3451 3045 Albertino;
3497 2989 3591 3033 aut

2011 3069 2203 3124 saltem
2226 3070 2411 3125 statim
2440 3081 2565 3140 post
2587 3070 2889 3125 Clementis
2934 3070 3291 3124 Alexandrini
3326 3079 3581 3135 mortem,

2011 3176 2135 3217 cum
2161 3160 2464 3229 Blondello,
2494 3178 2730 3233 quorum
2768 3163 2948 3233 ipsum
2989 3161 3246 3218 Dallteum
3273 3164 3477 3233 pudet?
3505 3163 3588 3219 An

297 3239 545 3306 perieres
582 3237 745 3292 ambo
783 3248 1098 3293 memorant.
1126 3238 1238 3294 Cur
1268 3241 1407 3294 enim
1440 3240 1536 3295 has
1560 3243 1733 3311 potius
1750 3258 1909 3311 quam

2013 3263 2193 3309 autem
2244 3255 2404 3309 tertio
2454 3254 2655 3309 saeculo
2707 3263 2961 3320 exeunte,
2991 3262 3087 3309 aut
3117 3254 3338 3309 ineunte
3366 3264 3586 3324 quarto,

296 3330 450 3394 illas,
491 3332 540 3383 si
596 3330 749 3395 illas,
787 3331 834 3384 si
880 3341 1132 3402 utrasque
1190 3342 1404 3397 norunt,
1441 3333 1752 3387 dixissent?
1797 3331 1910 3389 Cur

300 3438 420 3475 vero
443 3437 541 3476 eas
570 3422 931 3476 eruditissimi
960 3440 1023 3476 ac
1054 3424 1455 3494 diligentissimi
1495 3426 1731 3480 homines
1760 3427 1911 3498 igno-

299 3525 510 3573 rarent.
540 3516 593 3569 si
624 3523 802 3577 erant,
840 3524 901 3567 ut
935 3526 1126 3568 narrat
1172 3516 1458 3581 Baronius,
1490 3534 1523 3571 a
1551 3517 1909 3587 Philippensi-

300 3605 394 3659 ιιι
424 3622 553 3660 σιω
584 3620 683 3659 sea:
711 3606 1047 3675 superiorum
1095 3608 1164 3660 ad
1203 3624 1290 3662 eos
1343 3610 1509 3664 missa
1540 3626 1574 3663 a
1607 3609 1907 3681 Polycarpo

298 3698 619 3751 collectione
671 3698 1010 3766 conjunctae?
1049 3697 1174 3752 Non
1230 3700 1412 3769 fuisse,
1449 3701 1679 3773 adeoque
1723 3720 1887 3775 neque

300 3802 413 3845 tum
448 3792 739 3845 exstitisse
784 3791 907 3845 inde
957 3800 1193 3856 constat,
1228 3794 1370 3859 quod
1402 3810 1492 3849 eas
1523 3792 1783 3850 Eusebius
1815 3813 1907 3852 ne-

298 3886 489 3938 scierit
514 3898 535 3937 ξ
570 3883 858 3936 nescivisse
882 3881 1054 3935 altum
1076 3882 1188 3952 ejus
1208 3884 1274 3937 de
1301 3884 1383 3938 his
1405 3885 1673 3940 silentium
1703 3889 1903 3959 arguit.

299 3973 353 4025 Si
383 3982 578 4026 autem
605 3971 724 4026 haec
756 3972 1091 4028 validissime
1115 3973 1345 4043 probent
1377 3975 1491 4029 sive
1518 3978 1759 4047 quinque
1792 3979 1907 4034 sive

298 4082 387 4119 sex
413 4067 547 4120 illas
572 4065 839 4134 epistolas
867 4076 1111 4136 tempore
1139 4064 1357 4124 Eusebii
1379 4077 1433 4124 et
1455 4069 1763 4143 Hieronymi
1794 4090 1904 4128 non

298 4159 613 4222 exstitisse,
657 4158 906 4227 adeoque
935 4167 1120 4228 postea
1147 4160 1486 4231 excogitatas
1511 4172 1565 4217 et
1592 4164 1747 4220 fictas
1777 4164 1907 4222 fuis-

300 4265 387 4315 se;
424 4259 693 4304 nostrum
744 4258 893 4305 certe
946 4260 1327 4317 argumentum
1363 4254 1699 4311 validissime
1736 4256 1902 4312 etiam

302 4343 524 4410 probat,
558 4342 701 4396 alias
727 4356 893 4412 quam
934 4350 1153 4397 nostras
1183 4342 1372 4415 lgnatii
1396 4346 1658 4416 epistolas
1687 4362 1789 4404 nec
1816 4363 1906 4403 eo-

301 4435 422 4491 dem
456 4450 563 4489 nec
587 4434 704 4487 ullo
724 4434 835 4487 alio
854 4435 1207 4491 antecedente
1228 4452 1344 4491 :evo
1360 4438 1712 4508 apparuisse;
1750 4446 1810 4495 ut
1835 4440 1903 4496 de

302 4526 421 4580 aliis
448 4541 483 4579 a
522 4523 829 4593 Polycarpo
884 4524 1147 4593 collectis,
1206 4528 1257 4580 in
1293 4543 1460 4582 unum
1491 4544 1691 4599 corpus
1743 4530 1905 4585 reda-

2010 3362 2134 3403 culm
2166 3346 2417 3401 homines
2445 3346 2689 3416 undique
2717 3346 3026 3401 doctissimi
3056 3347 3109 3400 in
3143 3344 3384 3401 Ecclesia
3428 3345 3589 3401 tiore-

2011 3446 2150 3502 rent,
2181 3446 2236 3492 et
2283 3436 2632 3500 bibliothecas
2681 3439 2846 3494 variae
2872 3438 2937 3492 ad
2965 3435 3209 3493 veterum
3242 3437 3588 3494 Christiano-

2008 3545 2131 3584 rum
2169 3529 2373 3599 scripta
2426 3529 2800 3584 conservanda
2849 3529 3236 3592 conderentur,
3273 3529 3587 3598 putabimus

2010 3621 2147 3676 alias
2171 3620 2431 3690 epistolas
2457 3634 2646 3674 earum
2675 3619 2799 3674 loco
2823 3618 3138 3689 suppositas
3160 3617 3353 3684 fuisse,
3379 3628 3433 3674 et
3455 3619 3583 3685 illis,

2010 3713 2213 3783 quibus
2247 3711 2549 3767 Christiani
2597 3726 2693 3781 per
2723 3719 2804 3765 tot
2833 3713 3008 3765 annds
3038 3719 3455 3775 consueverant,
3488 3726 3585 3780 pe-

2007 3805 2154 3859 nitus
2187 3804 2419 3859 sublatis
2448 3800 2818 3858 successisse?
2851 3801 2989 3857 Ecce
3017 3802 3162 3857 enim
3208 3801 3459 3866 Dallazus,
3492 3805 3585 3872 qui

2009 3896 2171 3951 modo
2201 3896 2553 3966 impostorem
2587 3909 2751 3950 suum
2793 3892 3080 3965 Polycarpi
3136 3894 3381 3964 epistolae
3432 3896 3585 3950 testi-

2006 3987 2254 4042 monium
2304 3994 2555 4042 nostrum
2591 3985 2914 4050 inseruisse,
2956 3994 3010 4040 et
3050 3987 3139 4041 ubi
3163 3996 3320 4041 antea
3352 4003 3458 4041 non
3489 4003 3585 4042 ex-

2007 4086 2200 4146 staret,
2231 4074 2512 4133 infulsisse
2559 4077 2766 4133 diserte
2788 4076 3111 4143 afﬁrmabat,
3137 4092 3261 4131 cum
3292 4077 3360 4132 de
3392 4087 3584 4132 aucto—

2005 4169 2167 4224 ritate
2219 4169 2464 4239 epistolm
2508 4166 2919 4239 Polycarpiante
2950 4177 3237 4238 ageretur:
3273 4184 3420 4225 nunc
3457 4184 3584 4225 cum

2005 4262 2073 4317 de
2108 4264 2159 4315 vi
2189 4260 2485 4317 testimonii
2522 4259 2723 4331 agitur,
2769 4260 3052 4315 conversis
3073 4259 3206 4315 velis
3225 4262 3502 4331 remisque
3527 4261 3582 4316 in

2006 4352 2190 4406 omnia
2241 4352 2347 4406 alia
2400 4350 2595 4417 fertur,
2649 4365 2760 4404 non
2808 4348 2999 4403 eodem
3034 4349 3254 4418 quidem
3305 4351 3446 4417 loco,
3487 4352 3583 4407 sed

2006 4452 2165 4499 caute
2188 4443 2521 4513 provideque
2565 4441 2745 4511 capite
2770 4440 2864 4506 26,
2897 4440 2989 4494 uhi
3018 4448 3193 4495 totum
3242 4438 3440 4495 fabula:
3470 4456 3585 4497 sum

2007 4544 2388 4605 argumentum
2420 4535 2687 4602 contexit,
2723 4532 2886 4587 aliam
2926 4533 3086 4587 nobis
3125 4547 3345 4588 scenam
3386 4536 3585 4603 aperit.

302 4619 422 4679 etis,
455 4617 530 4671 ad
566 4616 847 4673 Ecclesias
877 4620 1239 4685 transmissis,
1271 4629 1327 4676 et
1355 4621 1557 4693 insigni
1589 4623 1769 4695 elogio
1801 4638 1897 4680 or-
1930 4610 1977 4667 Ῐ⁸
2009 4627 2133 4681 Vult
2164 4628 2308 4683 enim
2340 4627 2677 4696 impostorem
2720 4639 2902 4689 suum,
2934 4640 3054 4677 cum
3078 4627 3306 4694 scriptas
3340 4626 3461 4679 hinc
3497 4625 3584 4679 di-

304 4713 445 4766 natis
477 4710 662 4781 loqui,
707 4710 867 4781 plane
901 4721 1273 4768 commentum
1308 4715 1503 4785 sapiat.
1547 4706 1729 4772 Ncmo'
1749 4718 1896 4773 enim

303 4813 424 4858 ante
456 4802 791 4866 Eusebium,
838 4804 920 4857 vel
949 4802 1362 4876 Hieronymum,
1415 4807 1496 4861 vel
1528 4808 1693 4863 etiam
1722 4808 1900 4867 Theo-

301 4898 586 4960 doretum,
616 4904 713 4947 aut
738 4893 1039 4961 Gelasium,
1073 4910 1235 4950 nemo
1259 4906 1384 4952 ante
1404 4898 1583 4967 quinti
1613 4901 1797 4955 saculi
1828 4902 1896 4957 tl-

303 5004 448 5049 nem,
505 5001 624 5055 quo
657 4994 868 5041 veteres
912 5002 1105 5043 omnes
1156 4990 1513 5047 ecclesiastici
1561 5001 1616 5051 et
1642 4994 1896 5050 catholici

299 5082 640 5150 scriptores,
675 5094 742 5133 ac
779 5079 836 5132 in
866 5078 1060 5148 primis
1099 5078 1157 5134 S.
1205 5079 1470 5150 lgnatius,
1503 5084 1559 5137 in
1585 5094 1899 5141 controver-

299 5173 398 5228 siis
428 5172 561 5227 tidei
594 5182 709 5226 tum
733 5186 763 5225 a
788 5166 1098 5237 catholicis,
1123 5182 1236 5226 tum
1264 5189 1293 5227 a
1322 5176 1601 5232 modernis
1630 5177 1899 5235 haereticis

300 5274 569 5333 tanquam
601 5262 796 5317 arbitri
834 5264 1287 5329 admittebantur,
1315 5266 1401 5320 vel
1434 5266 1636 5334 virum,
1686 5270 1771 5324 vel
1801 5285 1895 5325 ec-

299 5356 533 5410 clesiam
564 5356 733 5409 aliam
764 5355 1090 5421 nominavit,
1116 5356 1183 5409 ad
1223 5372 1389 5423 quam
1422 5356 1664 5428 lgnatius
1684 5361 1895 5417 litteras

303 5450 574 5513 dederat;
613 5462 778 5502 nemo
824 5448 989 5501 ullam
1021 5450 1350 5503 sententiam
1384 5465 1450 5505 ex
1490 5451 1599 5505 ulla
1645 5451 1751 5506 alia
1781 5453 1897 5523 epi-

307 5543 445 5595 stola
497 5541 794 5611 excerpsit.
830 5539 908 5593 Ex
948 5542 1156 5597 nostris
1210 5558 1377 5597 unam
1424 5544 1681 5610 Irenzeus,
1728 5561 1894 5600 unam

306 5631 669 5704 Theophilus,
700 5641 799 5688 aut
830 5633 1098 5704 antiquus
1142 5634 1327 5691 Basilii
1379 5647 1597 5701 auctor,
1648 5635 1896 5707 ejusdem

308 5740 431 5779 curn
462 5724 668 5781 Irean
696 5725 820 5793 aevi,
847 5724 985 5780 duas
1017 5723 1301 5796 Origenes.
1334 5741 1501 5782 unam
1525 5726 1894 5797 pseudo-Dio-

311 5818 514 5886 nysius,
557 5819 872 5888 complures
943 5816 1233 5885 Eusebius,
1306 5834 1472 5874 unam
1539 5818 1891 5885 Athanasius,

315 5911 445 5967 duas
486 5910 939 5982 Chrysostomus,
970 5911 1154 5982 plures
1201 5910 1583 5985 Hieronymus,
1623 5912 1891 5984 plurimas

2003 4719 2219 4773 dicisset
2241 4717 2372 4772 olim
2396 4718 2561 4787 fuisse
2585 4715 2650 4769 ab
2682 4714 2897 4787 Ignatio
2929 4717 3139 4787 aliquas
3168 4718 3581 4787 epistolas,eas-

2002 4826 2101 4881 que
2135 4809 2254 4879 jam
2304 4808 2601 4864 desiderari
2646 4808 3111 4874 animadverteret,
3150 4809 3431 4864 consilium
3460 4810 3583 4866 inde

2001 4898 2198 4967 cepisse
2236 4914 2362 4952 suas
2395 4897 2492 4951 sub
2526 4896 2709 4951 eodem
2753 4898 2960 4952 neruine
2999 4898 3232 4969 ﬁngendi
3278 4910 3329 4953 et
3367 4899 3578 4955 edendi.

2000 4990 2265 5056 Quamvis
2286 4988 2469 5044 Dallzei
2501 4990 2769 5059 impostor
2794 4990 2969 5045 mirus
2997 4991 3191 5045 artifex
3220 4991 3311 5056 sit,
3342 5006 3442 5046 nec
3477 4992 3580 5046 nti-

2001 5086 2122 5139 nori
2152 5085 2353 5154 ingenii
2386 5085 2641 5138 acumine
2668 5084 2948 5153 praeditus,
2972 5100 3139 5154 quam
3185 5084 3321 5152 ipse,
3351 5098 3457 5137 non
3490 5092 3581 5137 ta-

1998 5194 2124 5233 men
2164 5178 2280 5233 haec
2310 5177 2418 5232 duo
2450 5176 2590 5230 idem
2630 5184 2889 5245 praestare
2927 5176 3135 5245 potuit;
3171 5190 3278 5229 non
3302 5177 3476 5245 potuit
3508 5190 3576 5230 ex

1998 5268 2282 5342 Polycarpi
2330 5269 2560 5338 epistola
2607 5268 2840 5328 discere.
2880 5267 3114 5335 scriptas
3156 5265 3327 5322 fuisse
3350 5266 3480 5322 olim
3504 5268 3576 5322 ab

1999 5364 2206 5435 lgnatio
2242 5363 2456 5433 aliquas
2505 5363 2787 5433 epistolas,
2836 5371 2890 5415 et
2932 5361 3076 5414 idem
3120 5375 3183 5415 ea
3235 5361 3420 5424 verba,
3452 5377 3574 5431 qua:

1998 5454 2102 5508 hoc
2123 5454 2301 5522 ipsum
2334 5452 2597 5517 indicant,
2632 5452 2894 5508 inserere.
2936 5451 2992 5505 Si
3019 5451 3134 5521 ipse
3161 5451 3372 5521 primus
3398 5469 3464 5506 ea
3490 5453 3574 5507 in-

1997 5545 2189 5609 seruit,
2242 5559 2351 5598 non
2389 5544 2554 5615 igitur
2582 5545 2637 5598 in
2682 5542 2968 5615 Polycarpi
2997 5542 3231 5612 epistola
3258 5544 3410 5612 prius
3451 5542 3573 5599 fuc-

1996 5643 2156 5703 runt;
2184 5650 2355 5705 quare
2378 5635 2503 5691 inde
2534 5636 2746 5691 discere
2774 5651 2879 5689 non
2924 5637 3122 5706 potuit.
3151 5637 3233 5690 An
3257 5636 3379 5691 ideo
3402 5637 3576 5692 insul-

1997 5729 2089 5797 sit,
2110 5738 2173 5784 ut
2203 5744 2315 5784 non
2362 5736 2574 5785 tantum
2629 5730 2791 5796 alios,
2843 5729 2938 5785 sed
2962 5737 3016 5785 et
3042 5731 3284 5797 seipsum
3316 5729 3574 5785 falleret?

1996 5840 2063 5878 an
2111 5824 2202 5878 illa
2240 5823 2660 5893 interpolatione
2690 5839 2795 5879 non
2837 5832 3048 5879 tantum
3083 5826 3227 5887 aliis,
3260 5826 3355 5881 sed
3383 5833 3438 5879 et
3467 5823 3583 5879 sibi-

1996 5914 2271 5983 persuasit
2310 5915 2539 5986 scriptas
2576 5914 2745 5973 fuisse
2777 5914 2989 5987 aliquas
3039 5916 3107 5973 ab
3136 5915 3339 5984 lgnatto
3364 5915 3571 5977 episto-

3485 445 3593 505 Uli-
3648 481 3659 495 .
