4136 6386
590 432 687 488 H7

1624 425 1682 480 S.
1723 422 2071 482 lGNATlUS.
2115 455 2174 465 -—
2216 423 2741 479 PROLEGOMENA.

3733 423 3838 481 HS

588 556 688 621 las,
726 555 870 626 quod
924 567 1117 608 omnes
1168 559 1291 606 ante
1321 566 1467 615 eum,
1514 548 1741 614 scilicet,
1793 546 2147 619 ignorabant!

2258 547 2492 601 Paulus:
2526 546 2660 600 Οὔτε
2692 548 2799 619 γὰρ
2828 548 2956 618 ἐγὼ.
2993 548 3116 602 οὔτε
3160 546 3317 611 ἄλλος
3364 548 3549 619 ὅμοιος
3588 548 3709 617 ἐμοὶ
3738 547 3841 603 δύ-

588 647 693 701 Sed
718 646 847 717 quid
888 659 1026 714 opus
1054 652 1138 698 est
1172 652 1232 697 ut
1261 642 1531 710 impostor
1578 642 1681 695 hoc
1708 657 1773 696 ex
1801 641 2030 710 epistola
2054 638 2157 694 Po-

586 738 789 810 lycarpi
819 737 1071 801 disceret,
1104 742 1217 798 aut,
1252 744 1311 788 ut
1340 733 1432 787 alii
1477 732 1601 787 inde
1649 732 1954 797 haurirent,
1999 746 2160 786 cura-

588 830 711 885 ret?
743 830 911 895 Quasi
944 846 1062 883 vero
1092 829 1369 898 quisquam
1423 826 1551 880 adeo
1585 825 1779 879 stultus
1808 825 1899 888 sit,
1925 835 1982 878 ut
2011 834 2157 892 neget

595 922 924 991 Implissimte
954 921 1187 974 civitatis
1216 920 1534 988 episcopum,
1569 917 1637 971 ad
1666 917 1774 971 hac
1796 917 2157 985 apostolorum

584 1012 908 1080 discipulum
958 1013 1095 1065 ullas
1138 1010 1213 1064 vel
1268 1010 1495 1063 scribere
1546 1012 1800 1079 potuisse,
1850 1010 1927 1063 vel
1979 1025 2157 1063 revera

586 1106 859 1174 scripsisse
884 1105 1109 1158 litteras.
1138 1101 1313 1157 Verba
1336 1110 1465 1157 sunt
1504 1101 1707 1155 Dallaei.
1751 1100 2025 1167 Quorsum
2057 1099 2157 1170 igi-

586 1205 674 1249 tur
707 1197 1059 1263 impostorem
1111 1209 1269 1247 suum
1317 1192 1383 1246 ad
1423 1189 1780 1262 Polycarpum
1825 1190 2070 1253 remittit,
2096 1196 2157 1244 ut

587 1289 689 1340 hoc
722 1285 789 1339 ab
810 1300 876 1339 eo
911 1284 1121 1339 discat?
1146 1298 1409 1353 quorsum
1436 1297 1561 1337 eum
1606 1282 1879 1336 violentas
1909 1281 2157 1350 epistola

584 1377 884 1431 notissima:
929 1392 1125 1430 manus
1181 1374 1383 1429 inferre
1430 1374 1594 1443 cogit,
1632 1382 1691 1429 ut
1721 1374 1857 1429 alios
1886 1374 2026 1427 idem
2058 1373 2156 1429 do-

582 1480 722 1536 ceat,
751 1469 896 1540 quod
930 1484 997 1523 ne
1021 1468 1173 1524 stulti
1206 1467 1423 1537 quidem
1452 1483 1647 1539 negare
1680 1464 2017 1538 potuerunt?
2049 1463 2153 1519 Sed

583 1565 631 1619 si
665 1565 769 1618 hoc
806 1565 1075 1634 impostor
1099 1580 1166 1617 ex
1218 1560 1517 1633 Polycarpo
1560 1561 1861 1627 didicisset,
1894 1559 2154 1630 epistolas

583 1657 775 1729 Ignatii
815 1658 884 1712 ab
929 1658 1048 1727 ipso
1096 1657 1351 1713 collectas
1376 1667 1429 1711 et
1467 1655 1771 1725 posteritati
1802 1652 2152 1709 commenda-

584 1760 667 1806 tas
707 1750 899 1817 fuisse,
950 1750 1093 1805 unde
1125 1765 1221 1805 eas
1259 1750 1372 1820 jam
1404 1747 1702 1803 desiderari
1728 1742 2155 1802 animadvertit?

583 1842 727 1896 unde
756 1843 862 1897 hoc
909 1842 993 1896 vir
1023 1843 1377 1899 doctissimus
1426 1843 1661 1898 didicit?
1707 1843 1831 1912 quis
1875 1842 2153 1896 collectio-

582 1953 705 1992 nem
735 1935 1017 2007 Polycarpi
1063 1937 1291 2006 periisse
1317 1936 1475 2004 dixit,
1529 1946 1625 1992 aut
1654 1936 1884 1991 credidit
1910 1936 1933 1988 ?
1962 1934 2151 1990 Nonne

579 2030 772 2084 eodem
800 2030 959 2085 tertio
982 2030 1185 2085 smeulo
1210 2029 1423 2084 dixerat
1448 2028 1750 2100 Origenes:
1779 2028 2065 2098 Eleganter
2096 2027 2148 2080 in

580 2122 860 2187 cujusdam
891 2122 1143 2193 martyris
1186 2122 1412 2192 epistola
1453 2123 1708 2191 scriptum
1763 2121 1953 2186 reperi,
1982 2119 2147 2190 lgna-

580 2212 711 2263 tium
734 2210 875 2275 dico,
906 2212 1205 2281 episcopum
1237 2211 1532 2265 Antiochia:
1571 2222 1686 2281 post
1722 2208 1943 2265 Petrum
1968 2227 2151 2265 secun-

577 2304 727 2368 dum,
746 2305 836 2374 qui
862 2306 915 2359 in
940 2305 1298 2372 persecutione
1338 2305 1519 2360 Roma:
1547 2307 1796 2377 pugnavit
1836 2306 1906 2360 ad
1923 2307 2153 2361 bestias?

578 2398 658 2454 An
689 2399 781 2468 qui
809 2396 1169 2469 Polycarpum
1200 2400 1424 2469 legerat,
1473 2399 1781 2469 lectamque
1807 2400 1927 2471 ejus
1950 2402 2151 2455 etiam-

580 2506 710 2543 num
748 2490 801 2543 in
829 2490 1062 2559 publicis
1090 2492 1451 2546 conventibus
1501 2492 1791 2561 epistolam
1822 2500 2066 2557 noverat,
2097 2499 2152 2545 et

576 2595 642 2634 ex
696 2581 885 2635 eadem
957 2580 1360 2650 lgnatianorum
1441 2583 1760 2653 συναγωγὴν
1818 2590 1965 2636 tanta
2018 2598 2151 2638 cura

581 2672 829 2745 Smyrna:
876 2688 1273 2742 conservatam,
1325 2678 1380 2731 in
1436 2676 1809 2732 Macedoniam
1853 2686 2001 2732 tanta
2025 2693 2150 2732 cum

579 2766 742 2821 laude
777 2768 1180 2831 transmissam,
1209 2768 1688 2832 animadverterat,
1725 2770 1919 2825 eodem
1951 2770 2153 2825 sarculo

578 2876 690 2931 quo
714 2858 976 2930 Origenes
1006 2860 1254 2915 eamdem
1292 2861 1629 2929 laudaverat,
1653 2862 1896 2918 funditus
1926 2864 2155 2932 periisse

581 2962 771 3021 putare
799 2952 1019 3021 potuit?
1043 2951 1216 3007 Nimis
1262 2968 1447 3009 crassa
1478 2954 1594 3009 htec
1643 2964 1790 3021 sunt,
1844 2971 2009 3025 quam
2043 2965 2154 3010 uta

577 3046 710 3099 viris
740 3044 919 3099 doctis
947 3054 1300 3115 coquantur;
1348 3046 1510 3100 nimis
1564 3046 1826 3114 invalida,
1876 3062 2041 3118 quam
2095 3057 2155 3103 ut

578 3145 959 3207 argumentum
1012 3146 1261 3192 nostrum
1333 3138 1635 3206 debilitent,
1687 3155 1798 3210 quo
1853 3155 1963 3195 non
2017 3141 2154 3197 alias

2257 655 2412 692 ναται
2441 639 2901 711 κατακολουθῆσαι
2922 644 2985 713 τῇ
3022 642 3183 713 σοφία
3202 641 3294 694 τοῦ
3328 642 3598 711 μακαρίου
3638 642 3730 694 καί
3749 642 3840 694 ὲν-

2256 728 2408 795 δόξου
2442 731 2676 795 Παύλου,
2706 733 2765 797 ὃς
2792 734 3081 805 γενόμενος
3116 737 3175 788 ὲν
3202 735 3331 805 ὑμῖν
3381 735 3522 788 κατὰ
3546 734 3839 806 πρόσωπον

2256 823 2365 876 τῶν
2392 824 2513 877 τότε
2546 824 2869 896 ἀνθρώπων,
2905 826 3142 892 ἐδίδαξεν
3193 826 3438 897 ἀκριϐῶς
3472 827 3565 879 καὶ
3603 825 3839 896 βεόαίως

2256 915 2348 969 τὸν
2381 917 2510 987 περὶ
2550 916 2808 986 ἀληθείας
2854 917 3039 985 λόγον’
3074 918 3133 982 ὃς
3172 919 3267 973 καὶ
3299 918 3454 973 ἀπὼν
3490 920 3617 991 ὑμῖν
3666 920 3835 989 ἔγρα-

2255 1006 2356 1077 ψεν
2390 1008 2693 1072 ἐπιστολάς.
2746 1009 2958 1075 Quibus
2986 1010 3113 1079 quis
3150 1026 3258 1064 non
3306 1011 3451 1065 videt
3506 1028 3632 1066 eum
3676 1010 3838 1081 lgna-

2257 1100 2392 1153 tium
2424 1109 2672 1154 nostrum
2696 1100 2763 1155 ad
2793 1100 3081 1170 Ephesios,
3114 1102 3441 1172 quibuscum
3477 1106 3678 1173 pariter
3700 1120 3837 1160 con-

2256 1201 2507 1247 versatus
2533 1201 2617 1247 est
2641 1203 2693 1247 et
2716 1193 2781 1246 ad
2814 1208 2955 1263 quos
2988 1195 3285 1262 scripserat
3308 1194 3363 1249 S.
3391 1194 3614 1262 Paulus,
3649 1197 3838 1251 imita-

2258 1292 2370 1339 tum
2409 1299 2530 1339 esse
2578 1284 2651 1337 ita
2687 1285 3048 1339 scribentem:
3083 1283 3212 1339 Οἶδα
3267 1288 3351 1351 τίς
3404 1289 3541 1358 είμι,
3573 1290 3665 1341 καὶ
3689 1289 3836 1343 τίσιν

2256 1374 2471 1444 γράφω.
2499 1375 2710 1429 Παύλου
2743 1376 3056 1447 συμμύσται
3088 1378 3184 1431 τοῦ
3217 1380 3572 1450 ἡγιασμένον,
3620 1399 3837 1451 μεμαρ-

2255 1468 2562 1539 τυρημένου
2609 1468 3091 1543 ἀξιομακαρίστου.
3147 1468 3221 1527 Οῦ
3267 1474 3476 1542 γένοιτό
3508 1492 3595 1545 μοι
3626 1475 3734 1527 ὑπὸ
3763 1476 3837 1529 τά

2256 1560 2377 1631 ἴχνη
2417 1561 2726 1632 εὑρεθῆναι,
2772 1564 2849 1616 ὅτ’
2878 1562 2943 1617 ἂν
2997 1563 3132 1617 Θεοῦ
3189 1565 3462 1635 ἐπιτύχω·
3495 1567 3553 1630 ὃς
3592 1569 3650 1621 ὲν
3678 1569 3835 1643 πάσῃ

2254 1652 2511 1723 ἐπιστολῇ
2541 1653 2865 1724 μνημονεύει
2898 1654 3052 1725 ὑμῶν
3083 1658 3141 1709 ὲν
3164 1657 3385 1728 Χριστῷ
3430 1658 3622 1729 Ἰησοῦ.
3648 1657 3835 1714 Monet

2254 1742 2609 1815 Polycarpus,
2686 1754 2746 1800 ut
2797 1744 3175 1816 Philippenses
3235 1749 3346 1803 sint
3402 1750 3836 1822 ὑποτασσόμενοι

2254 1838 2662 1910 πρεσϐυτέροις,
2720 1839 2813 1893 καὶ
2856 1840 3121 1905 διακόνοις
3164 1842 3241 1905 ὡς
3285 1842 3405 1913 Θεῷ
3450 1845 3544 1896 καὶ⁵
3590 1844 3835 1916 Χριστῷ,

2253 1931 2398 2000 quod
2448 1933 2607 1987 toties
2638 1932 2878 1987 inculcat
2910 1931 3153 2003 lgnatius
3183 1947 3391 1989 noster.
3431 1934 3506 1990 De
3534 1936 3789 1992 diaconis
3821 1962 3832 1993 :

2264 2024 2494 2095 Ὁμοίως
2533 2026 2770 2080 διάκονοι
2816 2027 3094 2098 ἄμεμπτοι
3155 2029 3491 2082 κατενώπιον
3535 2030 3700 2083 αὐτοῦ
3734 2032 3836 2102 τῆς

2251 2116 2599 2189 δικαιοσύνης
2645 2118 2721 2182 ὡς
2746 2117 2882 2171 Θεοῦ
2917 2120 3010 2173 καὶ
3044 2119 3280 2191 Χριστοῦ
3316 2121 3575 2186 διάκονοι,
3611 2125 3702 2177 καὶ
3736 2116 3837 2177 οὐκ

2253 2210 2576 2282 ἀνθρώπων.
2633 2208 2703 2264 Ut
2738 2222 2922 2265 noster
2965 2212 3031 2267 ad
3080 2212 3426 2270 Trallenses:
3488 2218 3580 2268 Δεῖ
3623 2216 3680 2270 δὲ
3741 2217 3833 2272 καῖ

2250 2304 2379 2367 τοὺς
2428 2303 2708 2367 διακόνους
2764 2304 2922 2367 ὄντας
2979 2307 3293 2378 μυστηρίων
3361 2307 3535 2379 Ἰησοῦ
3595 2310 3836 2379 Χριστοῦ

2252 2396 2392 2451 κατά
2422 2397 2599 2451 πάντα
2629 2397 2827 2467 τρόπον
2862 2401 3027 2451 πᾶσιν
3060 2399 3315 2469 ἀρέσκειν
3334 2418 3347 2431 ·
3383 2402 3443 2454 ού
3465 2402 3574 2473 γάρ

2250 2509 2359 2545 των
2387 2492 2481 2546 καὶ
2525 2492 2704 2546 ποτῶν
2736 2493 2874 2547 εἰσὶν
2921 2492 3177 2559 διάκονοι,
3224 2494 3336 2549 ἀλλ’
3372 2496 3666 2568 ἐκκλησίας
3696 2497 3834 2550 Θεοῖ

2254 2582 2545 2654 ὑπηρέται.
2597 2582 2849 2653 Praecipit
2897 2582 3230 2656 Polycarpus
3274 2584 3742 2657 Philippensibus,
3778 2598 3832 2641 ut

2253 2674 2364 2730 sint
2418 2674 2491 2746 μὴ
2523 2675 2851 2746 ἀμελοῦντες
2893 2679 3088 2749 χήρας,
3139 2678 3170 2748 ἢ
3204 2678 3463 2749 ὀρφανοῦ,
3508 2691 3540 2761 ἦ
3578 2680 3834 2751 πένητος,

2253 2778 2379 2820 cum
2407 2764 2647 2836 lgnatius
2675 2768 2747 2821 ita
2771 2768 3053 2824 haereticos
3090 2772 3174 2824 sui
3211 2773 3472 2840 temporis
3512 2774 3818 2843 descripsis

2254 2863 2355 2920 set,
2388 2853 2517 2925 περὶ
2543 2856 2763 2927 ἀγάπης
2785 2858 2845 2910 οὐ
2885 2858 3035 2929 μέλει
3063 2861 3267 2924 αὐτοῖς,
3302 2863 3363 2914 οὐ
3393 2864 3520 2932 περὶ
3548 2866 3743 2934 χήρας,
3773 2866 3834 2918 οὐ

2255 2948 2384 3017 περὶ
2417 2948 2676 3018 ὀρφανοῦ,
2732 2950 2793 3003 οὐ
2847 2952 2976 3022 περὶ
3024 2952 3367 3024 Θλιϐομένου,
3404 2964 3460 3009 et
3509 2957 3615 3025 ipsi
3667 2956 3830 3029 Poly-

2255 3053 2421 3108 carpo
2460 3039 2567 3095 hoc
2613 3053 2941 3112 praaceptum
2993 3044 3251 3110 dedisset,
3309 3046 3473 3117 χῆραι
3509 3047 3583 3120 μὴ
3610 3049 3835 3119 ἀμελεί-

2258 3128 2490 3183 σθωσαν.
2521 3128 2679 3185 Unde
2713 3133 2827 3198 illa,
2866 3150 2989 3203 qua:
3019 3150 3165 3190 nunc
3196 3134 3385 3191 Latina
3436 3147 3643 3192 tantum
3690 3140 3835 3210 legi-

575 3244 743 3299 quam
793 3236 1009 3283 nostras
1038 3245 1069 3283 a
1100 3227 1402 3301 Pulycarpo
1427 3231 1603 3287 editas
1650 3231 1910 3301 epistolas
1967 3240 2151 3286 οειεη-
2177 3249 2220 3307 C
2258 3235 2401 3284 mus,
2444 3220 2551 3276 nisi
2579 3237 2645 3276 ex
2684 3220 2891 3293 lgnatio
2939 3226 3175 3279 nostro?
3206 3224 3317 3295 Ego
3346 3236 3523 3279 autent
3560 3229 3693 3281 nihil
3723 3231 3836 3284 tale

576 3323 777 3379 dimus.

646 3415 790 3470 Idem
822 3424 1002 3469 autem
1034 3415 1163 3483 alio,
1196 3423 1252 3470 et
1285 3416 1504 3485 quidem
1551 3414 1895 3481 aliirmativo,
1928 3432 2030 3472 nec
2054 3414 2151 3471 illo

575 3510 978 3564 contemnendo
1020 3518 1365 3579 argumento,
1406 3524 1473 3564 ex
1501 3509 1636 3579 ipsis
1664 3508 1907 3578 epistolis
1956 3509 2146 3578 petito,

575 3618 683 3655 non
720 3602 908 3655 leviter
931 3602 1255 3656 conﬁrmare
1286 3618 1374 3656 me
1399 3617 1559 3672 posse
1588 3601 1821 3657 conﬁdo.
1852 3599 1970 3655 Non
2001 3601 2147 3655 enim

573 3701 786 3747 tantum
840 3702 1058 3748 nostras
1108 3694 1367 3762 epistolas
1413 3694 1664 3763 quamvis
1693 3693 2035 3764 generaliter,
2061 3703 2147 3747 ta-

572 3799 695 3836 men
721 3784 855 3838 satis
875 3785 1076 3839 diserte
1115 3784 1395 3849 describit,
1424 3800 1562 3854 quas
1593 3785 1776 3851 ﬁdem,
1804 3785 2145 3854 patientiam,

571 3888 902 3945 omnemque
956 3876 1373 3931 aediﬁcationem
1442 3877 1722 3931 continere
1776 3884 2026 3939 testatur,
2079 3877 2146 3931 de

571 3982 680 4034 qua
713 3983 771 4021 re
799 3968 961 4036 paulo
996 3967 1173 4023 fusius
1207 3976 1334 4022 ante
1356 3967 1631 4033 diximus;
1663 3966 1757 4022 sed
1785 3976 1840 4020 et
1863 3968 2144 4037 speciatim

571 4058 895 4127 legationem
928 4060 992 4113 ad
1017 4058 1386 4114 Antiochenos
1412 4059 1602 4129 tangit,
1625 4074 1747 4128 quae
1780 4074 1904 4113 cum
1941 4060 1993 4113 in
2022 4059 2145 4114 aliis

571 4156 686 4201 tum
740 4148 1014 4217 praecipue
1045 4149 1098 4201 in
1144 4149 1233 4205 illa
1265 4148 1334 4203 ad
1377 4147 1741 4219 Polycarpum
1793 4156 2003 4215 exstat;
2034 4149 2144 4201 imo

570 4241 686 4309 ipse
714 4238 1049 4311 Polycarpus
1078 4241 1135 4294 in
1181 4241 1390 4311 reliquo
1418 4241 1663 4309 epistola:
1704 4255 1931 4309 corpore
1972 4240 2144 4294 multa

570 4339 946 4401 repraesentat,
972 4347 1093 4403 qua:
1114 4331 1374 4402 epistolas
1402 4341 1619 4387 nostras
1650 4348 1792 4402 sarpe
1821 4333 2140 4402 respiciunt;

570 4431 631 4476 ut
658 4437 784 4477 eum
807 4423 1028 4477 easdem
1054 4422 1282 4478 omnino
1328 4422 1618 4493 diligenter
1643 4422 1862 4492 legisse,
1886 4433 1940 4477 et
1964 4422 2142 4477 liben-

571 4520 654 4567 ter
684 4529 844 4569 usum
878 4514 1071 4577 fuisse,
1109 4512 1290 4584 quivis
1321 4512 1639 4583 perspiciat,
1685 4522 1743 4567 ut
1767 4512 1857 4567 vix
1906 4512 1966 4568 S.
1997 4513 2140 4568 Pan-

2251 3312 2390 3364 sensi
2429 3312 2484 3364 in
2512 3311 2675 3377 vobis,
2708 3314 2787 3367 vel
2813 3314 3015 3381 audivi,
3048 3317 3102 3369 in
3132 3316 3322 3387 quibus
3359 3320 3618 3372 laboravit
3644 3320 3834 3375 beatus

2251 3400 2495 3467 Paulus;
2526 3406 2615 3474 qui
2642 3406 2769 3458 estis
2794 3407 2850 3458 in
2892 3408 3152 3477 principio
3193 3406 3431 3479 epistola:
3457 3412 3570 3481 ejus
3595 3429 3613 3465 :
3638 3414 3702 3466 de
3731 3430 3836 3467 vo-

2252 3491 2330 3547 bis
2367 3496 2559 3549 etenim
2590 3496 2855 3566 gloriatur
2887 3500 2941 3551 in
2969 3500 3209 3554 omnibus
3236 3504 3488 3557 ecclesiis.
3538 3503 3709 3572 Nihil,
3744 3506 3835 3561 in-

2250 3586 2371 3656 quit
2397 3584 2732 3658 Polycarpus
2756 3589 2822 3644 ad
2850 3588 3244 3661 Philippenses,
3276 3610 3364 3646 vos
3390 3594 3554 3647 latet:
3584 3593 3835 3663 lgnatius

2250 3679 2317 3734 ad
2349 3679 2648 3750 Ephesios:
2698 3677 2801 3735 Ὧν
2832 3683 2984 3736 οὐδὲν
3046 3683 3295 3739 λανθάνει
3344 3686 3510 3757 ὑμᾶς.
3538 3686 3601 3741 Ει
3628 3698 3838 3757 preter

2248 3772 2355 3826 alia
2408 3773 2694 3838 nonnulla,
2740 3775 3000 3844 epistolas
3058 3776 3249 3846 lgnatii
3302 3776 3637 3849 Polyearpus
3663 3784 3834 3851 quasi

2249 3864 2421 3933 ipsius
2450 3866 2633 3920 verbis
2666 3868 2882 3923 tandem
2918 3870 3124 3932 laudat.
3178 3870 3407 3937 scilicet,
3452 3874 3594 3943 quod
3648 3878 3834 3929 conti-

2248 3967 2413 4011 neant
2453 3958 2740 4031 οίκοδομὴν
2789 3960 2887 4032 τὴν
2933 3964 3012 4024 είς
3042 3962 3133 4014 τὸν
3162 3962 3365 4033 Κύριον
3404 3964 3731 4035 ἀνήκουσαν,
3770 3977 3834 4022 ut

2248 4048 2376 4103 ille:
2413 4050 2657 4121 ’Ἐτοιμοί
2684 4052 2807 4103 ἐστε
2840 4053 2921 4114 εἰς
2950 4052 3197 4106 εὐποιΐαν
3236 4054 3357 4125 Θεῴ
3397 4056 3725 4125 ἀνήκουσαν,
3769 4068 3832 4111 et

2246 4140 2373 4195 alibi
2409 4159 2423 4196 :
2461 4142 2581 4195 Τῶν
2607 4143 2917 4211 ἀνηκόντων
2946 4145 3027 4207 είς
3062 4144 3162 4214 τὴν
3211 4145 3557 4217 Ἐκκλησίαν,
3585 4157 3675 4201 et:
3710 4149 3827 4219 Τὴν

2242 4232 2517 4287 διακονίαν
2544 4233 2641 4305 τὴν
2674 4238 2754 4299 εἰς
2780 4236 2841 4289 τὸ
2876 4236 3050 4290 κοινὸν
3090 4237 3416 4309 ἀνήκουσαν.
3473 4237 3597 4293 [hec
3631 4247 3825 4294 osten-

2244 4324 2383 4379 dunt
2404 4322 2767 4396 Polycarpum
2796 4328 2851 4381 in
2883 4328 2970 4382 his
2994 4329 3148 4398 ipsis,
3181 4345 3319 4399 quas
3356 4346 3455 4385 nos
3481 4331 3643 4385 etiam
3694 4342 3823 4387 tan-

2242 4414 2364 4469 dem
2398 4415 2681 4483 habemus,
2706 4415 2896 4486 lgnatii
2918 4418 3164 4487 epistolis
3186 4434 3295 4473 non
3329 4419 3673 4492 indiligenter
3701 4438 3827 4476 ver-

2242 4515 2419 4561 satum
2448 4521 2589 4562 esse.

568 4606 704 4671 lum,
735 4613 830 4659 aut
859 4606 917 4659 S.
952 4603 1196 4662 Petrum.
1235 4613 1330 4659 aut
1352 4604 1689 4658 Clementem
1734 4606 1910 4674 magis
1940 4606 1995 4660 in
2026 4606 2142 4675 epi-
2174 4596 2223 4655 D
2314 4600 2493 4670 Atque
2526 4601 2615 4657 hic
2638 4602 2798 4657 linem
2825 4603 2955 4659 huic
2990 4604 3349 4674 disputationi
3381 4606 3661 4676 imponere
3682 4617 3822 4663 tem-

567 4699 705 4754 stola
741 4714 861 4763 sua,
892 4713 1057 4768 quam
1082 4697 1350 4768 lgnatium
1387 4706 1638 4752 nostrum
1663 4706 1885 4753 secutus
1915 4713 2035 4753 esse
2058 4698 2142 4752 vi-

564 4789 780 4844 deatur.
832 4788 1043 4858 Quippe
1082 4803 1149 4842 ex
1185 4803 1398 4843 summa
1450 4788 1821 4853 veneratione,
1868 4787 2139 4857 frequenti

565 4881 818 4946 lectione,
849 4878 1129 4933 etreeenti
1185 4878 1447 4932 memoria
1484 4886 1617 4932 tunc
1665 4892 1789 4931 eum
1837 4877 1902 4931 ad
1933 4875 2141 4946 Philip-

564 4988 761 5044 penses
786 4971 1068 5033 scriberet,
1098 4970 1213 5023 haec
1239 4969 1358 5037 ejus
1392 4968 1578 5022 animo
1605 4968 1712 5023 alte
1746 4969 2015 5026 insedisse
2035 4970 2138 5023 ob-

563 5077 868 5121 servamus.
901 5059 1098 5113 Statim
1120 5059 1189 5113 ab
1215 5059 1394 5121 initio,
1419 5072 1546 5111 cum
1576 5058 1644 5112 de
1674 5056 1883 5128 lgnatio
1909 5058 2139 5127 ejusque

561 5154 855 5212 comitibus
883 5151 1146 5222 loquitur,
1179 5166 1275 5204 eos
1313 5149 1387 5203 ita
1417 5149 1699 5216 describit,
1747 5150 1874 5211 τοὺς
1932 5152 2138 5222 ἐνειλη-

564 5246 761 5317 μὲνους
787 5245 901 5306 τοῖς
938 5239 1298 5310 ἀγιοπρεπέσι
1349 5238 1586 5310 δεσμοῖς,
1618 5240 1775 5296 ἅτινά
1819 5242 2134 5316 sanatam]-

566 5351 712 5406 ματα
740 5332 848 5386 τῶν
873 5330 1090 5401 ἀληθῶς
1135 5330 1240 5384 ὑπὸ
1278 5329 1436 5393 Θεοῦ,
1480 5333 1574 5386 καὶ
1602 5332 1698 5386 τοῦ
1730 5333 1935 5404 Κυρίου
1978 5336 2137 5405 ἡμῶν

562 5428 990 5499 ὲκλελεγμένων,
1022 5428 1196 5497 iisque
1216 5428 1398 5483 verbis
1421 5426 1532 5480 duo
1570 5427 1767 5497 lgnatii
1809 5429 1984 5481 nostri
2018 5430 2135 5483 loca

562 5524 852 5593 expressit,
877 5537 1048 5577 unum
1080 5521 1324 5592 epistola:
1348 5521 1416 5575 ad
1447 5518 1791 5590 Smyrnaeos:
1846 5520 2137 5590 Δεδεμὲνος

562 5617 1053 5689 θεοπρεπεστάτοις
1078 5616 1296 5688 δεσμοῖς
1318 5616 1525 5677 πάντας
1544 5613 1882 5683 ἀσπάζομαι,
1904 5612 2134 5667 alterum

560 5712 626 5765 ad
650 5710 943 5780 Ephesios:
979 5710 1069 5763 Ἐν
1099 5703 1145 5777 ᾧ
1175 5710 1243 5763 τά
1270 5708 1447 5779 δεσμὰ
1491 5708 1772 5779 περιφέρω
1809 5707 1937 5769 τοὺς
1969 5723 2132 5758 πνευ-

564 5804 827 5874 ματικυὺς
862 5801 1225 5873 μαργαρίτας.
1286 5800 1353 5855 Ει
1400 5818 1508 5857 non
1560 5801 1732 5857 multo
1758 5813 1882 5869 post
1911 5801 1976 5855 ad
2008 5800 2133 5854 Phi-

560 5898 838 5967 lippcnses
895 5910 1048 5963 suos,
1104 5894 1171 5951 ad
1218 5910 1356 5965 quos
1409 5895 1723 5967 epistolam,
1754 5896 2045 5967 scripserat
2072 5894 2129 5951 S.

2244 4709 2346 4762 pus
2392 4703 2558 4758 esset,
2616 4695 2721 4750 nisi
2777 4694 3031 4761 Dallzeus,
3072 4698 3141 4751 ab
3188 4698 3293 4752 hoc
3344 4709 3669 4769 argumento
3716 4702 3819 4754 de-

2242 4784 2451 4854 lapsus,
2493 4793 2708 4855 postea,
2763 4795 2823 4840 ut
2870 4787 3027 4853 solet,
3062 4802 3259 4840 novam
3295 4788 3453 4841 nobis
3507 4788 3818 4842 molestiam

2241 4884 2473 4945 crearet,
2496 4885 2741 4947 et,quasi
2766 4885 2848 4938 sui
2874 4885 3097 4945 onlitus,
3120 4877 3326 4946 aliquid
3387 4877 3604 4943 fortius,
3668 4880 3818 4945 quod

2240 4975 2369 5021 ante
2408 4967 2692 5034 omiserat,
2747 4967 2994 5034 haberet,
3026 4968 3456 5021 controversiam
3486 4968 3629 5022 hanc
3659 4983 3816 5037 post-

2240 5058 2454 5113 liminio
2482 5059 2897 5131 redintegraret.
2930 5060 3119 5130 Capite
3139 5060 3283 5114 enim
3311 5061 3591 5114 tricesimo
3614 5069 3770 5113 sexto
3798 5079 3812 5113 :

2243 5151 2359 5206 Hoc
2379 5162 2537 5217 certe,
2591 5153 2790 5222 inquit,
2838 5152 3127 5223 Polgcarpi
3182 5154 3478 5207 testimonio
3506 5152 3690 5205 Latini
3718 5170 3815 5222 pro

2237 5262 2329 5299 sea:
2358 5245 2466 5299 illis
2504 5243 2799 5314 lgnatianis
2821 5246 3228 5317 epistolis,quas
3248 5257 3440 5315 prwter
3473 5245 3819 5299 Usserianam

2239 5338 2601 5392 collectionem
2654 5350 2918 5405 asserunt,
2957 5356 3061 5393 non
3092 5340 3266 5393 minus
3289 5341 3519 5409 speciose
3564 5348 3812 5406 utuntur,

2238 5447 2395 5501 quam
2424 5448 2519 5500 pro
2553 5432 2665 5484 suis
2696 5447 2787 5485 sea:
2814 5434 3002 5501 primis
3056 5434 3518 5487 reverendissimus
3566 5434 3812 5489 Usserius

2237 5535 2286 5577 et
2334 5523 2674 5577 doctissimus
2721 5523 3108 5579 Hammondus.
3167 5525 3271 5579 Ain
3318 5540 3472 5590 vero,
3503 5542 3607 5579 non
3639 5527 3813 5578 minus

2239 5616 2469 5683 speciose
2510 5617 2535 5669 ?
2588 5617 2759 5670 miror
2806 5618 3068 5671 maxime.
3127 5616 3209 5670 An
3260 5617 3514 5685 speciose,
3575 5616 3687 5669 imo
3742 5630 3811 5667 an

2238 5708 2466 5761 omnino
2495 5706 2779 5779 Polycarpi
2804 5709 3119 5763 testimonio
3141 5709 3195 5762 in
3228 5724 3291 5763 ea
3324 5724 3383 5763 re
3413 5716 3641 5762 utuntur
3661 5707 3686 5759 ?
3709 5708 3811 5762 nisi

2238 5800 2470 5855 Dallaeus
2508 5800 2611 5857 hoc
2633 5801 2859 5866 diceret,
2886 5818 2991 5855 non
3018 5802 3334 5865 crederem;
3378 5803 3490 5855 imo
3521 5811 3809 5870 postquam

2237 5895 2398 5963 dixit,
2428 5895 2556 5952 dum
2609 5911 2823 5953 mecum
2877 5896 3173 5968 perpendo,
3224 5912 3335 5954 non
3391 5896 3574 5952 credo.
3629 5893 3809 5951 Latini
