4136 6404
357 401 481 458 ’49

1108 409 1160 466 J.
1198 410 1565 471 PEARSONll
1600 417 1914 475 VlNDlClA-I

2013 420 2369 476 ἱΝΑΤΙΔΝλΕ.
2412 454 2482 465 -
2513 423 2694 480 PARS
2730 422 2768 477 l.
3514 434 3613 488 ιεῑο

350 523 539 589 enim,
574 532 633 579 ut
659 526 876 596 opinor,
908 528 988 585 illi
1030 542 1179 602 sunt,
1233 536 1327 606 qui
1373 537 1631 596 Ecclesia:
1683 540 1942 598 Romana:
1969 549 2016 606 Α
2044 558 2233 599 omnes
2268 554 2470 598 norunt
2516 560 2637 600 esse
2670 544 3004 601 falsissima?
3034 545 3236 618 Nempe
3277 560 3333 603 ut
3359 548 3593 621 Polycar

349 616 668 684 adhaerent,
722 636 959 689 quorum
1024 640 1152 695 pars
1208 630 1448 684 maxima
1484 634 1768 702 epistolas,
1802 655 1940 708 quas

351 709 536 762 nostri
590 711 868 781 rejiciunt,
930 717 1194 774 hactenus
1248 725 1469 793 recepit.
1525 725 1630 781 Sed
1681 731 1825 799 quod
1860 732 1937 786 illi

348 798 653 872 Polycarpi
686 807 1003 863 testimonio
1036 808 1157 865 freti
1186 812 1237 866 id
1268 813 1516 883 fecerint,
1575 822 1817 876 nondum
1864 824 1942 878 di-

343 891 489 946 dici.
541 894 851 953 Audiamus
908 901 1347 961 illustrissimum
1398 908 1552 965 illum
1604 914 1937 971 cardinalem

343 980 695 1041 Baronium:
730 988 885 1055 Quod
938 993 1105 1063 igitur
1133 1007 1325 1066 septem
1357 1000 1469 1055 illa:
1496 1019 1727 1059 seorsum
1751 1010 1938 1076 posita:

339 1075 681 1134 haberentur
697 1080 786 1151 (de
810 1087 1009 1139 nostris
1034 1087 1314 1158 loquitur),
1345 1092 1447 1160 fuit
1472 1094 1567 1149 illa
1582 1075 1758 1164 prima
1778 1102 1937 1156 colle-

333 1168 451 1220 ctio
483 1169 645 1238 facta
665 1189 699 1225 α
726 1170 1047 1246 Polycarpo,
1069 1180 1159 1247 qui
1182 1196 1284 1233 non
1310 1192 1515 1236 tantum
1545 1186 1615 1238 ad
1643 1203 1698 1240 se
1724 1190 1932 1256 missas,

331 1256 432 1309 sed
456 1270 516 1311 et
556 1260 701 1315 alias
736 1264 792 1316 in
826 1281 989 1318 unum
1027 1268 1257 1340 collegit,
1285 1287 1402 1341 qua:
1424 1272 1494 1325 ad
1522 1275 1665 1329 Asia:
1688 1278 1922 1333 nomina-

332 1356 422 1399 tas
450 1349 715 1405 ecclesias
739 1354 951 1423 scripta:
974 1356 1225 1425 fuissent,
1255 1377 1386 1431 quas
1417 1403 1433 1428 ,
1467 1374 1523 1415 ut
1556 1375 1803 1433 testatur,
1832 1371 1933 1423 mi-

326 1437 400 1489 sit
457 1441 540 1492 ad
586 1440 978 1513 Philippenses.
1015 1449 1089 1501 Hi
1142 1467 1278 1517 vero,
1313 1452 1378 1505 iis
1410 1471 1441 1506 a
1467 1453 1760 1527 Polycarpo
1783 1475 1930 1512 acce—

325 1530 465 1596 ptis,
528 1543 767 1600 quatuor
801 1537 940 1591 alias
988 1540 1243 1595 volumini
1295 1545 1660 1611 addiderunt;
1700 1559 1803 1604 tres
1846 1552 1929 1604 ni-

324 1622 542 1675 mirum
572 1623 840 1696 Philippis
890 1633 1033 1699 apud
1063 1649 1119 1687 se
1151 1634 1328 1701 datas,
1360 1638 1430 1690 ad
1454 1637 1828 1709 Antiochenos,
1857 1644 1927 1697 ad

326 1711 680 1781 Tarsenses,
743 1728 794 1773 et
845 1722 914 1775 ad
969 1722 1234 1780 Heronem
1301 1728 1620 1796 diaconum,
1697 1751 1926 1804 quorum

317 1809 581 1878 exempla
624 1814 771 1880 apud
815 1832 871 1868 se
916 1821 1332 1884 remansissent;
1377 1836 1628 1894 quartam
1677 1846 1795 1883 vero
1852 1833 1922 1886 ad

2044 637 2193 705 piani
2219 638 2504 690 testimonii
2534 646 2693 691 cesset
2726 639 2780 691 in
2807 647 3027 709 utraque
3070 657 3236 694 causa
3275 644 3569 696 auctoritas
3590 684 3603 697 .

2044 727 2098 780 in
2131 742 2223 780 nos
2240 744 2334 795 pro
2362 726 2678 782 doctissimis
2708 730 2836 784 viris
2876 730 3041 784 nihilo
3080 732 3331 797 validior,
3371 750 3528 803 quam
3553 735 3611 789 in

2042 820 2178 872 viros
2204 819 2535 874 doctissimos
2562 837 2658 889 pro
2682 820 2914 876 Latinis.
2948 823 3125 889 Quam
3168 824 3305 879 falsa
3330 826 3565 880 assertio
3591 826 3605 881 l

2040 924 2205 978 quam
2260 910 2446 979 iniqua
2499 912 2820 980 postulatio!
2856 924 2969 969 tam
3025 924 3171 970 certe
3225 915 3341 972 haac
3395 916 3604 986 iniqua,

2038 1016 2201 1070 quam
2236 1002 2326 1055 illa
2354 1001 2510 1057 falsa.
2556 1001 2734 1058 Latini
2776 1004 2892 1059 haec
2924 1020 3204 1075 nunquam
3234 1007 3524 1077 objecere;
3558 1008 3606 1064 si

2037 1091 2388 1161 objecissent,
2440 1102 2709 1148 noverunt
2753 1095 2885 1149 nihil
2935 1111 2993 1151 se
3032 1096 3293 1167 proﬁcere
3335 1099 3603 1168 potuisse,

2037 1183 2218 1236 statim
2256 1198 2587 1253 responsum
2616 1193 2785 1252 esset,
2823 1184 3111 1257 Polycarpi
3138 1189 3510 1244 testimonium
3535 1189 3606 1244 ad

2037 1274 2155 1330 illas
2192 1276 2450 1345 epistolas
2487 1291 2625 1345 quas
2681 1292 2783 1332 nec
2832 1277 3137 1345 'Eusebius,
3191 1294 3292 1336 nec
3338 1280 3604 1353 Hierony-

2036 1381 2177 1431 mus,
2211 1382 2311 1422 nec
2347 1367 2639 1437 quisquam
2662 1367 2838 1437 quinti
2873 1371 3059 1425 szeculi
3087 1384 3465 1439 memorasset,
3491 1388 3601 1427 non

2033 1456 2320 1525 pertinere.
2354 1458 2435 1513 Ad
2464 1465 2680 1513 nostras
2711 1466 2892 1515 autem
2924 1462 3177 1532 epistolas
3204 1478 3365 1518 nemo
3384 1479 3598 1530 eorum,

2032 1555 2341 1603 nostrorum
2396 1564 2559 1604 nemo
2614 1566 2738 1606 cum
2795 1553 2904 1610 ulla
2938 1555 3149 1610 ratione
3179 1553 3599 1627 dixitPolycar-

2030 1651 2156 1704 pum
2205 1650 2315 1691 non
2366 1639 2692 1708 respexisse.
2748 1640 2855 1697 Pro
2914 1643 3072 1698 nobis
3105 1644 3271 1714 igitur
3299 1654 3355 1700 et
3384 1661 3599 1716 semper

2029 1728 2152 1795 luit,
2184 1739 2238 1784 et
2257 1729 2361 1784 erit
2389 1730 2525 1784 tanti
2554 1730 2733 1789 Patris
2780 1734 2953 1790 multo
3005 1736 3240 1791 validior
3292 1739 3598 1795 auctoritas

2026 1828 2216 1874 contra
2266 1834 2645 1891 quoscunque,
2691 1838 2855 1892 quam
2887 1838 2988 1893 pro
3014 1822 3227 1879 Latinis
3253 1833 3442 1879 contra
3473 1840 3597 1892 nos,

316 1901 560 1967 seipsos,
614 1914 734 1972 post
777 1923 1038 1963 recessum
1087 1911 1346 1984 Philippis
1390 1892 1456 1969 ab
1482 1919 1664 1975 eodem
1706 1919 1921 1991 Ignatio
1957 1892 1998 1951 Β
2025 1911 2118 1982 (ιιιί
2141 1927 2319 1984 neque
2354 1913 2622 1969 adversus
2658 1930 2780 1982 "05:
2818 1930 2993 1986 ηθίιιιθ
3013 1932 3397 1987 quemcunque
3426 1919 3594 1973 alium

314 1994 618 2061 scriptam.
655 1996 821 2055 Vides
868 2000 1190 2059 Latinorum
1233 2010 1603 2066 sententiam:
1634 2014 1919 2070 collectio-

315 2099 446 2138 nem
484 2096 702 2156 septem
733 2091 1090 2159 epistolarum
1138 2096 1440 2170 Polycarpo
1471 2102 1740 2171 tribuunt,
1785 2106 1918 2161 reli-

311 2189 462 2241 quas
490 2176 567 2229 ab
594 2193 665 2231 eo
688 2180 948 2237 collectas
979 2200 1087 2239 non
1115 2186 1334 2257 dicunt;
1380 2192 1461 2245 vel
1489 2191 1756 2265 Philippis
1777 2198 1918 2252 seri-

310 2274 466 2333 ptas,
520 2269 608 2322 vel
635 2270 703 2324 ad
750 2271 1132 2346 Philippenses
1161 2290 1348 2349 postea
1381 2284 1580 2342 missas
1608 2289 1831 2357 volunt;
1864 2298 1920 2344 et

296 2348 338 2411 la
370 2358 843 2431 Philippensihus
890 2384 1091 2425 novam
1150 2375 1530 2446 collectionem
1586 2380 1785 2438 iactant
1813 2348 1916 2439 do-

308 2458 476 2511 cent;
514 2450 808 2526 Polycarpi
840 2459 1159 2517 testimonio
1182 2481 1277 2534 pro
1309 2468 1435 2523 aliis
1462 2481 1657 2540 prieter
1681 2484 1911 2545 septem,

307 2558 454 2610 quas
505 2545 663 2601 solas
727 2551 899 2605 nostri
948 2553 1269 2618 defendunt.
1334 2577 1441 2616 non
1493 2565 1763 2634 speciose,
1804 2584 1914 2624 non

306 2637 554 2689 omnino
593 2649 851 2696 utuntur.
884 2643 1034 2701 Duas
1058 2650 1410 2709 eollectiones
1439 2667 1625 2727 aperte
1650 2658 1912 2729 fatentur,

308 2741 486 2781 unam
546 2729 865 2804 Polycarpi,
916 2738 1079 2794 aliam
1129 2740 1609 2818 Philippensium;
1668 2755 1913 2822 priorem

306 2822 490 2887 illam,
534 2829 1099 2901 posteriorem'hanc,
1139 2842 1441 2910 appellant;
1484 2842 1911 2918 Polycarpiepi-

305 2918 515 2971 stolam
544 2919 613 2972 ad
653 2918 1052 2994 Philippenses,
1080 2933 1223 2985 haud
1255 2935 1448 2992 multos
1475 2948 1592 3006 post
1622 2939 1732 2994 dies
1754 2942 1911 2996 adis-

313 3010 557 3063 :essioue
578 3010 792 3081 Ignatii
816 3015 1052 3088 Philippi
1075 3023 1334 3092 scriptam
1368 3038 1559 3097 putant
1589 3048 1603 3095 ;
1632 3032 1913 3088 continere

305 3100 481 3167 igitur
522 3103 667 3158 alias
690 3120 799 3159 non
847 3108 1043 3176 potuit,
1086 3128 1251 3182 quam
1279 3132 1394 3183 eas,
1432 3135 1569 3189 quas
1595 3124 1909 3194 priusquam

301 3208 367 3243 ex
400 3194 543 3247 Asia
575 3198 1009 3265 proﬁcisceretur
1060 3208 1395 3278 conscripsit,
1431 3212 1497 3267 de
1523 3213 1725 3283 quibus
1773 3219 1906 3273 solis
1935 3236 1977 3294 ρ

301 3295 475 3353 agunt
526 3286 806 3345 Eusebius
830 3301 880 3346 et
915 3292 1302 3369 Hieronymus,
1336 3310 1395 3356 ut
1416 3303 1492 3356 illi
1519 3306 1681 3360 etiam
1712 3308 1908 3364 obser-

302 3386 456 3429 vant.
495 3376 609 3432 Pro
642 3380 969 3439 collectione
997 3386 1160 3455 igitur
1186 3389 1616 3462 Philippensium
1653 3399 1905 3456 testimo-

302 3468 397 3521 nio
422 3468 724 3541 Polycarpi
752 3489 861 3529 non
895 3484 1141 3544 utuntur,
1172 3482 1265 3536 sed
1296 3484 1414 3539 sine
1443 3486 1553 3541 ullo
1575 3488 1685 3543 alio
1708 3488 1906 3547 funda-

303 3570 521 3625 mento,
557 3561 682 3615 sine
707 3560 998 3635 Polycarpi
1031 3577 1126 3624 aut
1166 3570 1390 3628 alterius
1416 3575 1721 3647 eujus'piam
1754 3582 1905 3635 testi-

303 3650 495 3705 monio
522 3666 591 3705 ex
618 3653 759 3723 ipsis
782 3657 1030 3725 epistolis
1055 3676 1177 3715 eam
1228 3664 1515 3736 colligunt,
1542 3685 1680 3737 quas
1706 3671 1781 3724 illi
1813 3688 1906 3741 ge-

302 3748 537 3814 nuinas,
600 3753 780 3806 nostri
832 3754 987 3810 lictas
1068 3756 1236 3813 fuisse
1271 3763 1627 3822 contendunt.
1687 3765 1792 3822 Sed
1848 3768 1902 3823 in

296 3842 624 3895 enarranda
674 3841 861 3899 fabula
907 3862 1007 3901 sua
1058 3850 1237 3920 pergit
1283 3852 1370 3906 vir
1412 3854 1791 3914 doctissimus.
1830 3859 1904 3915 lli

300 3928 626 3998 (Usserius,
654 3934 885 4001 scilicet,
914 3948 969 3992 et
999 3936 1398 4013 Hammondus)
1431 3944 1639 4002 Latinis
1658 3950 1906 4019 objectio-

299 4025 460 4076 nibus
496 4034 723 4092 negant,
758 4027 822 4081 de
850 4044 942 4081 sea:
978 4029 1089 4085 illis
1112 4042 1205 4086 aut
1228 4035 1458 4106 quinque
1495 4041 1732 4109 epistolis
1756 4042 1903 4116 loqui

300 4108 703 4182 Polycarpum.
736 4114 850 4172 lmo
885 4135 1015 4175 vero
1040 4121 1093 4175 hi
1120 4140 1220 4179 nec
1258 4126 1387 4182 illud
1420 4108 1639 4199 negant,
1670 4150 1771 4190 nec
1801 4108 1903 4192 tie-

300 4219 432 4271 gare
464 4215 715 4275 possunt
775 4207 986 4267 Latinis
1041 4214 1462 4285 objectionibus,
1514 4223 1661 4292 quod
1718 4224 1901 4283 Latini

301 4310 601 4367 nunquam
636 4299 976 4369 objecerunt.
1031 4304 1105 4361 De
1133 4310 1378 4380 quinque
1411 4313 1516 4370 illis
1543 4319 1789 4386 epistolis
1819 4320 1901 4375 lo-

298 4389 390 4456 qui
436 4389 819 4461 I‘olycarpum
869 4412 1033 4451 nemo
1074 4398 1393 4458 Latinorum
1437 4406 1594 4462 dixit.
1642 4408 1760 4465 Non
1796 4412 1901 4469 hoc

256 4522 271 4533 .
303 4477 577 4537 Usserius
627 4499 820 4538 eorum
878 4488 1282 4556 objectionibus
1312 4506 1494 4567 negat,
1540 4501 1635 4555 sed
1682 4503 1899 4573 planee

300 4573 616 4636 contrario,
667 4574 854 4630 multis
883 4578 1100 4645 probat,
1130 4598 1226 4639 eos
1252 4600 1533 4656 nunquam
1580 4589 1687 4647 hoc
1736 4592 1895 4666 Poly-
1923 4590 1972 4650 D

299 4859 543 4918 eamque
566 4850 861 4917 rationem,
906 4869 1007 4909 cur
1033 4855 1303 4915 Eusebius
1330 4870 1380 4915 et
1405 4860 1772 4938 Hieronymus
1798 4885 1895 4926 ea-

302 4954 425 4991 rum
476 4948 697 4993 tantum
756 4944 1130 5015 meminerint,
1175 4949 1512 5018 assignasse.
1566 4953 1682 5012 Iloc
1724 4957 1895 5013 Baro—

300 5030 457 5084 nium
487 5031 764 5099 innuisse,
797 5034 901 5089 hoc
918 5035 1236 5094 Gretserum
1277 5044 1438 5113 plane
1468 5056 1523 5101 et
1550 5049 1707 5118 plene
1730 5062 1892 5107 extu-

298 5121 436 5178 lisse
465 5124 609 5189 vult,
641 5140 815 5193 quare
860 5126 935 5181 illi
968 5130 1231 5199 epistolas
1282 5134 1449 5193 hasce
1506 5155 1613 5195 non
1652 5159 1893 5200 comme-

298 5216 672 5280 moraverint,
703 5232 930 5272 causam
960 5220 1120 5276 istam
1153 5222 1324 5281 fuisse
1371 5242 1727 5301 asserentem,
1765 5238 1893 5306 quia

296 5320 404 5359 non
429 5306 678 5360 viderant
706 5310 812 5363 nisi
840 5309 992 5365 illam
1017 5315 1363 5382 epistolarum
1387 5322 1748 5381 collectionem
1773 5346 1891 5399 qua:

297 5398 453 5465 facta
510 5398 690 5468 fuerat
725 5417 759 5453 a
799 5400 860 5457 S.
916 5403 1257 5475 Polycarpo;
1298 5412 1389 5480 qui
1426 5414 1551 5469 illas
1600 5398 1886 5487 duntaaat,

295 5506 433 5559 quas
466 5489 535 5546 Β,
571 5493 821 5563 Ignatius
851 5493 1099 5571 Smyrna:
1132 5502 1364 5569 primunt
1387 5516 1436 5559 et
1466 5519 1647 5575 postea
1686 5511 1889 5569 Troade

300 5584 617 5650 scripserat,
652 5603 816 5640 unum
858 5589 912 5641 in
941 5591 1182 5647 uolumen
1219 5601 1587 5663 comportavit.
1622 5601 1697 5657 lta
1731 5602 1889 5660 Usse—

300 5674 423 5727 rius
445 5674 707 5745 disputat,
736 5681 1016 5749 ut.probet
1050 5685 1173 5742 illas
1198 5692 1460 5758 epistolas
1485 5695 1726 5766 antiquis
1759 5697 1887 5754 fuis-

304 5780 363 5819 se
389 5766 715 5838 incognitas.

375 5877 656 5947 Quorsum
686 5885 853 5958 igitur
882 5890 1001 5948 hac
1032 5906 1255 5953 narrare
1285 5897 1461 5955 voluit
1482 5898 1738 5963 Dalltcus.
1762 5919 1889 5977 qua:

2021 2020 2142 2061 eam
2165 2015 2261 2061 aut
2289 2007 2655 2075 adduxerunt,
2679 2017 2773 2063 aut
2792 2008 3061 2065 adducere
3078 2018 3391 2080 potuerunt.
3419 2011 3594 2078 Quam

2023 2092 2188 2162 igitur
2239 2094 2430 2165 iniqua
2481 2097 2783 2166 postulatio
2828 2106 2934 2166 est,
2964 2108 3022 2153 ut
3056 2099 3177 2169 ejus
3208 2102 3512 2157 auctoritas
3539 2103 3595 2157 in

2020 2190 2244 2252 utraque
2276 2199 2441 2237 causa
2473 2194 2658 2250 cesset,
2688 2201 2810 2256 quae
2850 2188 2903 2242 in
2936 2188 3104 2244 altera
3142 2206 3421 2260 nunquam
3450 2193 3594 2247 obti-

2022 2272 2175 2340 nuit;
2204 2274 2258 2329 in
2288 2274 2402 2343 illa,
2425 2292 2533 2346 qua
2564 2278 2634 2332 ab
2666 2279 2922 2335 omnibus
2954 2281 3262 2348 adducitur,
3292 2283 3594 2340 oblitterari

2021 2380 2299 2434 nunquam
2350 2368 2587 2436 poterit!
2640 2369 3035 2428 Auctoritatem
3087 2373 3253 2444 igitur
3305 2374 3592 2448 Polycarpi

2020 2472 2121 2511 suo
2152 2458 2271 2513 loco
2291 2459 2596 2529 iustissime
2616 2462 2915 2529 aﬂ'erimus,
2940 2467 3264 2535 premimus,
3296 2484 3592 2540 urgemus;

2018 2546 2453 2617 objectiunculas
2486 2552 2751 2609 adversus
2774 2554 3036 2625 epistolas
3078 2557 3227 2614 illius
3281 2560 3593 2616 testimonio

2018 2641 2401 2698 corroboratas
2431 2658 2532 2700 suo
2548 2645 2713 2702 etiam
2742 2647 2866 2704 loco
2889 2649 3273 2720 discutiemus,
3300 2661 3464 2723 atque
3496 2654 3580 2709 dif

2016 2731 2292 2790 (labimus.

2615 2829 2844 2887 CAPUT
2890 2831 2978 2887 Vl.

2019 2915 2393 2995 Testimonium
2550 2921 2745 2978 Irenazi
2787 2923 2851 2977 ab
2898 2926 3278 2995 objectionibus
3312 2929 3587 2986 liberatur.

2086 2987 2365 3070 Frivolum
2384 3000 2433 3045 et
2449 2994 2683 3070 ineptum
2712 3004 2788 3049 est
2807 2987 2999 3070 putare
3017 2998 3157 3051 illud
3186 2999 3406 3070 aliunde
3430 3017 3589 3070 quam
3688 3009 3700 3026 ‘

2082 3075 2147 3112 ea:
2175 3060 2400 3125 epistola
2444 3064 2514 3116 ad
2537 3060 2823 3118 Romanos
2874 3067 3099 3121 citatum
3135 3086 3267 3122 esse.
3308 3060 3492 3125 Inanis
3512 3082 3591 3126 est

2081 3128 2359 3212 distinctio
2376 3132 2527 3212 linter
2550 3134 2775 3201 dixisse,
2798 3138 3182 3212 etscripsisse.
3221 3138 3393 3194 Nulla
3425 3140 3589 3212 lgna-

2084 3200 2150 3252 tii
2170 3201 2609 3281 apophtltegmata
2643 3221 2675 3257 a
2710 3200 3386 3281 ueteribus'memorantur.
3428 3200 3587 3281 Igno-

2079 3285 2223 3324 rasse
2242 3272 2526 3344 _Irenteum
2560 3272 2762 3342 lgnatii
2778 3277 3030 3344 epistolas
3059 3278 3207 3332 nulla
3236 3296 3355 3333 cum
3383 3272 3589 3336 ratione

2085 3341 2363 3396 asseritur.
2394 3344 2772 3412 Argumentum
2789 3341 3087 3412 negativum
3111 3350 3361 3405 adversus
3392 3350 3587 3409 Irentei

2081 3412 2443 3466 testimonium
2474 3414 2679 3468 nullam
2708 3415 2811 3468 vim
2841 3412 3016 3473 habet.

2078 3521 2397 3581 Proximum
2431 3535 2516 3583 est
2547 3527 2605 3583 S.
2641 3529 2852 3598 lrenaai,
2883 3531 3167 3603 Polycarpi
3194 3534 3469 3604 discipuli,
3505 3542 3587 3590 te-

2008 3612 2354 3683 stimonium,
2373 3619 2522 3687 quod
2550 3623 2786 3691 appellat
2812 3623 2894 3676 vir
2908 3625 3265 3681 doctissimus
3284 3642 3584 3697 argumen-

2008 3713 2121 3758 tum
2157 3721 2254 3776 pro
2280 3706 2579 3778 lgnatianis
2608 3714 2931 3769 secundum.
2976 3715 3189 3771 Asserit
3219 3716 3364 3771 enim
3413 3718 3585 3774 Euse-

2005 3795 2129 3851 bius
2159 3795 2419 3853 Irenaeum
2464 3801 2660 3857 harum
2692 3804 3044 3874 epistolarum
3089 3809 3426 3877 meminisse,
3457 3826 3582 3867 cum

2004 3884 2210 3942 diceret
2254 3905 2268 3942 :
2306 3889 2764 3954 Quemadmodum
2812 3896 3032 3966 quidam
3072 3898 3135 3951 de
3176 3900 3373 3953 nostris
3418 3901 3580 3966 dixit,

2003 3990 2215 4048 propter
2234 3983 2550 4052 martyrium
2574 3985 2645 4038 ad
2672 3985 2841 4040 Deum
2870 3988 3210 4054 adjudicatus
3253 3993 3324 4045 ad
3368 3992 3580 4060 bestias,

2002 4073 2253 4141 quoniam
2284 4093 2303 4126 ‹
2339 4075 2663 4145 frumentum
2688 4094 2808 4132 sum
2837 4078 3061 4146 Christi,
3095 4090 3145 4136 et
3179 4099 3271 4152 per
3297 4085 3473 4141 dentes
3495 4085 3581 4140 be-

2002 4164 2227 4219 stiarum
2257 4168 2449 4231 molor,
2489 4179 2545 4224 ut
2565 4170 2791 4225 mundus
2822 4174 2976 4242 panis
2996 4175 3252 4231 inveniar.
3278 4196 3298 4229 ι
3331 4176 3582 4247 Respon-

2001 4257 2092 4313 det
2116 4259 2594 4317 virdoctissimns:
2617 4261 2732 4333 Ego
2756 4264 2867 4319 [uec
2878 4265 3032 4320 verba
3054 4284 3169 4322 vere
3187 4266 3391 4339 Ignatii
3412 4271 3579 4341 fuisse

2001 4351 2263 4417 concedo;
2295 4353 2385 4408 sed
2435 4355 2563 4425 quid
2593 4356 2663 4409 ad
2699 4358 2991 4427 epistolas?
3024 4358 3248 4430 Rogas?
3274 4362 3403 4432 quia
3447 4372 3579 4419 sunt

2001 4442 2056 4497 in
2077 4444 2347 4514 epistolis,
2372 4446 2501 4502 alibi
2525 4447 2580 4502 in
2612 4448 3014 4519 antiquissimis
3040 4456 3418 4512 monumentis
3443 4473 3578 4513 nus-

1999 4550 2164 4603 quam
2192 4576 2207 4600 ,
2274 4553 2344 4593 ne
2374 4538 2596 4609 quidem
2641 4540 2698 4595 in
2741 4542 3060 4608 modernis,
3094 4547 3199 4603 nisi
3244 4549 3466 4618 quando
3507 4565 3577 4606 ex

1998 4625 2246 4695 epistolis
2266 4631 2619 4701 transcripta.
2645 4630 2726 4689 Ne
2763 4649 2934 4689 unum
2966 4636 3185 4706 quidem
3216 4637 3407 4709 lgnatii
3438 4656 3575 4710 apo-

2001 4718 2297 4791 phthegma
2322 4737 2354 4777 a
2402 4723 2678 4779 veteribus
2711 4737 3071 4783 memoratum
3102 4739 3206 4785 est.
3233 4729 3304 4786 At
3336 4730 3573 4787 [remeas

1998 4826 2103 4865 non
2129 4812 2215 4866 hic
2236 4813 2369 4882 facit
2383 4814 2622 4884 epistolae
2642 4819 2958 4872 mentionem
2979 4835 2999 4883 ;
3023 4821 3116 4876 sed
3141 4836 3316 4891 neque
3337 4822 3397 4878 Β.
3416 4821 3575 4895 lgna-

1997 4900 2059 4955 tii
2090 4903 2423 4958 mentionem
2453 4903 2605 4961 facit.
2631 4905 2901 4964 Coneedis
2914 4917 3094 4965 tamen
3121 4912 3283 4967 verba
3307 4913 3424 4969 haec
3443 4931 3571 4971 vere

1994 5007 2118 5050 esse
2147 4993 2339 5066 lgnatii
2365 5035 2380 5060 ,
2411 5011 2513 5052 cur
2542 5012 2652 5053 non
2678 5008 2734 5054 et
2765 5000 3045 5070 epistolae?
3081 5018 3206 5059 cum
3249 5004 3305 5070 in
3338 5006 3569 5077 epistola

1994 5081 2190 5155 lgnatii
2239 5086 2619 5155 inveniantur,
2666 5091 2799 5147 alibi
2849 5096 3167 5164 nusquam?
3194 5093 3380 5167 Neque
3418 5100 3564 5154 enim

1993 5177 2101 5232 alia
2133 5178 2275 5234 ratio
2292 5180 2591 5251 excogitari
2614 5193 2814 5252 potest,
2844 5201 3017 5256 quare
3035 5185 3228 5256 lgnatii
3256 5189 3421 5245 verba
3445 5205 3565 5247 esse

1993 5276 2089 5323 aut
2122 5278 2207 5336 tu,
2255 5280 2351 5324 aut
2384 5286 2485 5328 nos
2522 5274 2845 5342 credamus,
2880 5277 2988 5333 nisi
3020 5280 3167 5348 quod
3196 5282 3250 5334 in
3293 5279 3414 5350 ejus
3443 5283 3564 5351 epi-

1992 5360 2130 5415 stola
2158 5360 2541 5432 inveniantur;
2563 5364 2657 5421 aiii
2689 5368 2835 5423 enim
2873 5378 3070 5439 prater
3103 5369 3371 5443 lgnatium
3404 5374 3564 5443 adju-

1991 5451 2157 5507 dicati
2183 5461 2341 5509 erant
2367 5454 2435 5510 ad
2461 5454 2686 5513 bestias.
2721 5457 2994 5518 Eusebius
3015 5462 3213 5518 crebro
3232 5465 3430 5534 probat
3449 5468 3565 5536 epi-

1990 5544 2160 5600 stolas
2195 5544 2528 5616 apostolicas
2558 5557 2613 5603 et
2649 5549 2942 5623 Evangelia
2974 5564 3183 5621 nostra,
3210 5557 3358 5627 quod
3393 5574 3457 5613 ex
3496 5561 3563 5616 iis

1988 5636 2299 5693 testimonia
2318 5636 2601 5707 proferant
2621 5639 2809 5698 Patres
2836 5644 3095 5712 primitivi
3115 5664 3129 5713 ;
3150 5663 3273 5717 quae
3305 5648 3419 5707 fere
3444 5667 3554 5706 om-

1989 5727 2078 5781 nia
2109 5742 2246 5783 vana
2275 5738 2481 5797 essent,
2518 5730 2566 5785 si
2608 5732 2711 5788 hac
2740 5734 2954 5790 ratione
3000 5737 3317 5795 testimonia
3371 5742 3547 5797 metia-

1987 5831 2147 5883 mur;
2197 5834 2323 5876 raro
2354 5820 2500 5875 enim
2545 5822 2716 5879 libros
2762 5833 2857 5880 aut
2893 5826 3156 5896 epistolas
3203 5832 3573 5887 vetustissimi

1986 5908 2065 5966 illi
2093 5911 2393 5982 scriptores
2428 5915 2807 5988 nominabant,
2840 5934 2906 5977 ex
2936 5922 3137 5993 quibus
3158 5924 3322 5981 verba
3354 5931 3407 5980 et
3432 5938 3556 5981 sen-

3746 1384 3763 1413 ι
