4136 6388
571 410 661 463 151
1518 406 1577 462 S.
1616 400 1964 460 IGNATIUS.
2008 431 2074 443 —-
2115 394 2645 453 PROLEGOML‘NA.

3700 372 3816 431 152

591 534 772 586 enlias
796 532 1203 600 decerpserunt.
1240 530 1466 585 Recolat
1498 528 1732 583 Dallzeus
1759 527 1923 581 verba
1956 539 2055 579 sua
2077 523 2143 578 de
2172 531 2216 587 Α
2248 521 2415 575 scribi
2443 520 2606 574 etiam
2639 533 2746 573 non
2777 515 2943 571 semel
2987 528 3095 570 non
3138 510 3395 581 potuerit.
3430 506 3706 562 Maximus
3733 503 3826 558 af-

572 620 830 692 Diouysio
859 640 872 674 :
905 621 1037 686 Quw
1063 622 1212 685 citat,
1243 637 1362 673 cum
1394 620 1612 672 totidem
1636 619 1803 672 verbis
1837 618 1891 669 in
1914 614 2140 685 epistola

568 713 637 765 ad
668 712 926 767 Romanos
961 711 1253 782 lgnatiana
1274 712 1539 783 legantur,
1566 710 1813 779 frivolum
1832 720 1879 763 et
1906 710 2139 777 ineptum

569 814 667 867 est,
699 820 761 856 ea
778 804 996 858 aliunde
1017 822 1178 875 quam
1199 820 1265 859 ea:
1302 804 1401 856 hac
1435 803 1661 873 epistola
1702 804 1869 855 citata
1899 817 2010 855 esse
2044 800 2141 851 ha-

571 897 778 950 riolari.
819 898 958 953 Cum
991 899 1137 954 enim
1170 912 1293 967 quae
1321 897 1456 951 citat
1487 894 1723 950 lrenaeus
1752 893 1980 948 totidem
2019 908 2140 946 ver-

570 990 653 1043 bis
683 990 736 1041 iu
762 989 989 1058 epistola
1016 988 1084 1043 ad
1122 988 1401 1045 Romanos
1426 987 1707 1057 lgnatiana
1739 986 2013 1055 legantur,
2041 999 2141 1039 cur

570 1096 679 1134 non
705 1095 858 1150 alque
883 1080 1134 1135 frivolum
1167 1088 1223 1133 et
1243 1080 1486 1147 ineptum
1518 1086 1620 1139 est,
1645 1091 1707 1130 ea
1731 1075 1951 1130 aliunde
1974 1088 2138 1143 quam

567 1188 637 1226 ex
677 1177 778 1227 hac
806 1173 1034 1242 epistola
1071 1171 1235 1227 citata
1264 1186 1388 1226 esse
1414 1168 1716 1224 hariolari?

641 1262 747 1318 Sed
774 1264 939 1317 habet
968 1264 1115 1333 quod
1146 1273 1369 1332 reponat
1401 1277 1467 1316 ex
1504 1260 1741 1315 Parkero
1770 1258 1853 1313 vir
1883 1256 2139 1312 doctissi—

568 1370 694 1410 mus
722 1372 735 1406 :
771 1354 924 1408 Nihil
953 1354 1101 1429 aliud
1130 1355 1315 1408 scribit
1362 1353 1632 1416 Irenmus,
1664 1351 1769 1405 nisi
1819 1350 1914 1403 hoc
1954 1350 2136 1414 istum,

569 1450 719 1517 cujus
750 1451 1011 1517 meminit,
1035 1452 1255 1505 dixisse.
1291 1449 1349 1505 Si
1381 1449 1569 1503 saltem
1599 1450 1708 1503 haec
1731 1465 1848 1503 eum
1871 1448 2143 1515 scripsisse

569 1542 788 1606 diceret,
820 1541 1048 1595 colorem
1073 1585 1087 1608 ,
1111 1543 1230 1596 licet
1267 1542 1464 1611 falsum
1494 1550 1546 1595 et
1572 1540 1873 1603 evanidum,
1906 1539 2139 1607 aliquem

570 1641 744 1685 tamen
801 1631 1012 1686 haberet
1072 1634 1484 1703 argumentatio.
1540 1631 1628 1686 Sic
1668 1633 1807 1684 enim
1860 1646 1924 1683 ea:
1964 1630 2142 1699 aliquo

571 1723 775 1793 lgnatii
801 1726 996 1794 scripto
1030 1726 1139 1780 hazc
1171 1725 1282 1794 ejus
1314 1725 1466 1779 verba
1508 1723 1771 1778 Irentzum
1799 1721 2042 1775 habuisse
2064 1720 2142 1773 le-

570 1816 751 1885 gitime
781 1816 1117 1871 concluderes
1151 1831 1169 1871 :
1212 1818 1425 1870 tametsi
1457 1816 1591 1869 illud
1618 1815 1755 1868 unde
1782 1829 1846 1867 ea
1887 1812 2139 1880 sumpsis-

2242 620 2447 677 tlrmat,
2478 614 2885 683 apophthegma
2922 609 3053 664 illud
3086 607 3228 662 forte
3261 606 3329 659 ab
3353 603 3558 673 lgnatio
3587 614 3697 653 non
3728 612 3825 653 se-

2239 706 2346 760 mel
2376 706 2607 767 dictum,
2640 718 2817 772 neque
2844 700 3011 756 semel
3045 700 3307 768 scriptum
3343 694 3546 759 fuisse;
3570 692 3685 747 sive
3715 690 3825 759 igi-

2240 808 2330 853 tur
2361 797 2654 868 Dionysius
2693 797 2893 849 dixisse
2937 793 3053 849 sive
3090 789 3363 857 scripsisse
3396 788 3666 858 lgnatium
3709 783 3825 836 ista

2240 890 2544 960 scripserit,
2579 888 2803 958 perinde
2833 886 2958 941 erit.
2990 886 3372 940 Commentum
3403 886 3551 934 certe
3595 874 3825 929 Maximi

2242 983 2346 1037 hoc
2377 982 2539 1036 modo
2571 979 2800 1035 refutari
2833 995 2940 1033 non
2972 987 3182 1048 potest;
3216 986 3275 1030 ut
3308 972 3503 1027 frivola
3536 970 3701 1039 plane
3747 967 3827 1021 sit

2243 1073 2360 1126 haec
2383 1071 2691 1135 distinctio,
2726 1079 2780 1125 ct
2814 1068 3013 1123 Dallaeo
3039 1066 3275 1137 indigna.
3313 1066 3435 1133 Ipse
3464 1061 3609 1116 enim
3642 1060 3697 1113 in
3723 1072 3827 1111 eo—

2240 1164 2364 1218 dem
2407 1178 2570 1232 0pere
2614 1178 2722 1216 non
2770 1161 2985 1216 dubitat
3033 1174 3158 1215 cum
3204 1155 3486 1211 Albertino
3531 1164 3823 1211 asserere,

2240 1253 2794 1324 pseudo-Dionysium
2831 1253 2949 1307 haec
2985 1253 3100 1321 ipsa
3133 1252 3203 1306 ab
3252 1248 3487 1319 Origene
3518 1243 3778 1298 hausisse
3807 1259 3822 1307 ;

2240 1344 2503 1416 Origenes
2526 1353 2708 1399 autem
2737 1359 2846 1397 non
2872 1342 3063 1397 scribit
3091 1341 3360 1411 lgnatium
3391 1338 3492 1392 ista
3517 1333 3824 1403 scripsisse,

2241 1439 2334 1493 sed
2358 1440 2560 1492 dixisse
2591 1447 2823 1491 tantum.
2858 1436 3037 1489 Verba
3074 1434 3193 1504 ejus
3229 1441 3402 1487 sunt:
3451 1429 3681 1497 Denique
3711 1441 3825 1478 me-

2242 1531 2490 1584 minimus
2530 1529 2759 1599 aliquem
2790 1537 3095 1581 sanctorum
3138 1525 3359 1586 dixisse,
3399 1520 3671 1592 Ignatium
3723 1533 3827 1570 no-

2241 1625 2402 1688 mine,
2434 1623 2497 1676 de
2523 1621 2756 1685 Christo,
2785 1639 2802 1672 ‹
2826 1619 2972 1674 Meus
2998 1629 3172 1672 autem
3192 1633 3343 1670 amor
3371 1614 3657 1681 cruciﬁxus
3677 1620 3783 1663 est.
3800 1628 3821 1660 ι

2244 1716 2456 1771 Dixisse
2523 1716 2687 1786 igitur
2726 1722 2782 1769 et
2840 1713 3115 1780 scripsisse
3158 1713 3211 1765 in
3258 1711 3361 1764 hoc
3396 1706 3612 1776 negotio
3660 1705 3827 1774 plane

2245 1810 2423 1877 idem;
2454 1821 2632 1879 neque
2662 1818 2757 1861 aut
2782 1806 2887 1861 hoc
2917 1815 3007 1860 aut
3037 1804 3167 1859 illud
3200 1802 3420 1857 Maximi
3445 1807 3825 1854 commentum

568 1880 643 1961 set
678 1905 881 1978 lgnatii
904 1910 1157 1978 scriptum
1182 1924 1243 1961 ne
1273 1909 1345 1962 sic
1369 1908 1579 1977 quidem
1602 1907 1879 1975 conﬁceres
1903 1904 2139 1957 eamdem
2170 1880 2212 1936 Β
2243 1902 2325 1956 vel
2350 1902 2526 1971 juvat,
2566 1900 2651 1953 vel
2676 1899 2842 1953 lzcdit.
2872 1897 3089 1951 Uinissa
3121 1896 3282 1966 plane
3314 1894 3414 1947 hac
3451 1890 3599 1945 inani
3621 1890 3827 1943 distin-

568 1999 720 2053 illam
759 2016 902 2067 esse,
950 2016 1109 2070 quam
1148 2016 1240 2054 nos
1290 1999 1443 2053 hodie
1475 1998 1726 2054 habemus
1761 1996 1830 2050 ad
1872 1995 2138 2050 Romanos

566 2094 680 2162 ejus
710 2095 918 2148 nomine
950 2094 1261 2162 inscriptam
1291 2091 1589 2162 epistolam.
1632 2090 1750 2146 Duo
1782 2089 1947 2160 igitur
1977 2104 2139 2158 repo-

566 2184 649 2238 nit
674 2202 688 2240 :
716 2186 858 2255 apud
891 2184 1153 2240 lrenaaum
1179 2184 1285 2255 legi
1325 2198 1433 2238 non
1466 2184 1759 2251 scripsisse,
1797 2181 1890 2237 sed
1917 2180 2136 2248 dixisse,

568 2277 671 2331 hoe
703 2278 976 2347 primum;
1008 2278 1054 2333 si
1088 2278 1392 2349 legeremus
1426 2277 1721 2346 scripsisse,
1755 2284 2137 2346 argumentum

565 2380 744 2424 tamen
778 2379 1023 2425 nostrum
1048 2371 1275 2424 colorem
1303 2379 1514 2425 tantum
1550 2368 1746 2439 falsum
1776 2376 1826 2423 et
1862 2366 2139 2421 evanidum

567 2462 812 2524 haberet,
867 2462 971 2517 hoc
1023 2463 1349 2517 secundum.
1390 2463 1437 2516 Λ
1479 2460 1770 2532 posteriori
1820 2460 2043 2529 incipio,
2088 2468 2142 2512 et

566 2552 767 2609 Dalleeo
804 2553 1061 2609 Dallzeum
1111 2569 1331 2624 oppono
1360 2594 1377 2620 ,
1424 2569 1523 2623 pro
1561 2552 1727 2607 simili
1772 2552 2041 2607 sententia
2073 2565 2135 2605 ex

564 2644 753 2699 eadem
782 2644 1014 2713 epistola
1050 2660 1080 2699 a
1113 2643 1612 2715 pseudo-Dionysio
1643 2643 1905 2713 producta
1948 2642 2141 2697 adver-

566 2751 662 2789 sus
705 2733 925 2788 Maximi
963 2734 1224 2806 effugium
1274 2734 1489 2805 fortiter
1530 2743 1887 2805 pugnantem.
1935 2733 2142 2786 Auctor

566 2828 1100 2898 Areopagiticorum,
1134 2827 1389 2897 quisquis
1405 2835 1511 2893 est,
1535 2826 1869 2896 produxerat
1893 2827 2140 2880 testimo-

566 2919 717 2973 nium
746 2935 813 2973 ex
840 2918 1031 2989 lgnatii
1063 2919 1292 2989 epistola
1318 2918 1386 2973 ad
1422 2916 1736 2983 Romanos;
1766 2918 2050 2987 epistolam
2080 2918 2142 2971 il—

565 3019 674 3072 lam
693 3017 902 3064 veteres
928 3023 1123 3063 omnes
1154 3006 1258 3063 sub
1284 3004 1521 3076 Trajano
1546 3006 1802 3076 scriptam
1832 3004 1994 3073 paulo
2017 3012 2142 3059 ante

565 3100 885 3172 martyrium
918 3097 1113 3169 lgnatii
1144 3097 1512 3152 crediderunt.
1541 3095 1862 3167 Dionysium
1900 3095 2142 3164 Areopa-

2240 1994 2444 2056 ctioue,
2474 2001 2569 2046 aut
2592 1992 2744 2057 illud,
2776 2000 2870 2044 aut
2908 1989 3041 2043 nihil
3069 2028 3084 2053 ,
3114 1986 3259 2057 quod
3292 1985 3535 2055 apposite
3563 1983 3826 2036 observat

2242 2090 2495 2153 llallaaus,
2521 2088 2817 2143 Maximum
2838 2086 3071 2157 jugulat.
3113 2083 3247 2148 Qua:
3273 2079 3425 2146 citat,
3453 2096 3572 2132 cum
3599 2078 3826 2131 totidem

2240 2182 2409 2235 verbis
2444 2182 2499 2234 in
2533 2178 2755 2250 epistola
2802 2179 2870 2231 ad
2911 2177 3172 2231 Romanos
3216 2173 3503 2243 lgnatiana
3547 2170 3820 2239 legantur,

2242 2273 2491 2343 frivolum
2516 2284 2567 2327 et
2594 2273 2826 2342 ineptum
2849 2279 2948 2334 est,
2978 2286 3039 2322 ea
3061 2267 3279 2321 aliunde
3307 2278 3461 2328 quam
3482 2277 3546 2316 ea:
3577 2262 3675 2314 hac
3700 2261 3851 2341 ipsa.

2240 2366 2466 2436 epistola
2497 2368 2667 2419 citata
2687 2380 2798 2417 esse
2819 2361 3101 2414 hariolari.

2314 2458 2568 2515 Secundo
2593 2498 2608 2521 .
2641 2456 2914 2511 Maximus
2948 2462 3008 2508 ut
3042 2451 3294 2507 ostendat
3339 2448 3469 2503 illud
3518 2460 3639 2502 esse
3686 2460 3817 2514 apo-

2243 2552 2534 2621 phthegma
2552 2550 2762 2621 lgnatio
2785 2558 2898 2603 tum
2930 2548 3053 2599 viva
3080 2560 3212 2599 voce
3249 2553 3360 2596 tum
3387 2540 3594 2609 scripto
3619 2538 3825 2607 saepius

2245 2651 2590 2713 usurpatum,
2622 2640 2799 2710 inquit
2847 2656 2860 2690 :
2912 2639 3222 2708 Τεκμήριον
3253 2635 3328 2697 δὲ,
3364 2633 3424 2685 τὸ
3458 2632 3531 2702 μὴ
3566 2631 3827 2700 προσκεῖ-

2243 2734 2388 2797 σθαι,
2409 2730 2616 2802 γράφει
2636 2728 2706 2785 δέ
2720 2747 2859 2795 τισι,
2882 2730 3123 2783 τουτέστι
3140 2726 3448 2797 Ῥωμαίοις·
3474 2723 3585 2776 ἀλλ’
3607 2721 3821 2784 ἁπλῶς,

2241 2824 2464 2893 Γράφει
2491 2822 2558 2876 δὲ
2586 2826 2617 2877 ό
2643 2822 2796 2888 θεῖος
2840 2820 3143 2890 Ἰγνάτιος.
3169 2815 3486 2891 Ar'gumento
3511 2828 3689 2870 autem
3719 2825 3821 2878 est,

2242 2919 2311 2972 de
2338 2916 2797 2987 apophthegmate
2825 2913 3013 2983 lgnatii
3051 2914 3289 2967 locutum
3320 2927 3442 2967 esse
3475 2909 3821 2979 Dionysium,

2242 3007 2381 3077 quod
2407 3022 2510 3060 non
2534 3005 2799 3074 adjectum
2829 3008 2920 3069 sit,
2954 3024 2972 3055 ι
2997 3003 3193 3059 Scribit
3221 3013 3395 3057 autem
3426 3001 3770 3071 quibusdam,
3799 3019 3818 3050 ι

2243 3098 2444 3152 scilicet
2461 3097 2837 3163 Romanis,sed
2857 3095 3190 3166 simpliciter,
3219 3115 3237 3147 ί
3266 3094 3466 3150 Scribit
3492 3103 3663 3147 autem
3679 3092 3825 3145 diri-

565 3193 735 3263 gitam
765 3192 869 3247 sub
897 3189 1207 3247 Domitiano
1238 3198 1517 3243 mortuum
1548 3187 1722 3243 fuisse
1764 3187 1927 3242 iidem
1979 3194 2138 3256 puta-
2169 3227 2213 3287 ρ
2246 3205 2342 3242 nus
2369 3186 2671 3259 Ignatius.»
2698 3189 2777 3242 Ad
2811 3188 2926 3242 haec
2955 3187 3187 3242 Dallaeus
3217 3204 3229 3238 :
3256 3185 3408 3251 Quod
3438 3196 3623 3238 contra
3663 3183 3825 3250 aﬂ'erl

566 3292 713 3338 runt.
770 3282 899 3337 lude
940 3281 1341 3337 validissimum
1395 3278 1704 3335 confectum
1756 3286 2138 3349 argumentum

562 3386 679 3443 est,
724 3391 915 3432 verum
966 3374 1288 3445 Dionysium
1335 3374 1436 3428 ista
1465 3374 1704 3429 scribere
1745 3389 1853 3428 non
1900 3371 2143 3443 potuisse

567 3470 863 3541 praesertim
896 3470 952 3524 in
976 3484 1140 3540 opere
1178 3466 1465 3523 Timotheo
1505 3467 1713 3522 dicato.
1739 3465 2011 3521 Maximus
2038 3464 2141 3519 hac

564 3564 876 3634 objectione
910 3576 1136 3633 pressus
1162 3561 1301 3615 mira
1327 3559 1524 3630 etl‘ugia
1555 3559 1907 3631 excogitavit,
1939 3567 1994 3613 et
2026 3558 2141 3628 pla-

566 3672 635 3712 ne
660 3655 953 3711 Dallaeaua.
986 3653 1194 3721 Primo,
1230 3653 1376 3723 quod
1404 3653 1472 3707 ad
1502 3668 1613 3706 rem
1634 3661 1876 3707 nostram
1906 3660 2140 3722 spectat,

562 3750 702 3819 τάχα
722 3747 950 3819 σύνηθες
982 3746 1131 3817 αὐτῷ
1161 3741 1299 3800 εἶναι
1332 3746 1680 3817 ἀπόφθεγμα,
1702 3746 1778 3809 ὼς
1811 3745 1904 3799 καὶ
1937 3745 1996 3798 τὸ
2016 3748 2145 3799 Θεο-

562 3839 748 3908 59de9
797 3838 1057 3902 πολλάκις
1107 3837 1255 3909 αὐτῷ
1305 3836 1596 3909 λεγόμενόν
1629 3855 1688 3890 τε
1724 3837 1815 3891 καὶ
1866 3837 2144 3909 γραφόμε-

563 3948 675 3993 νον,
712 3929 851 3985 forte
885 3932 1000 3985 haec
1036 3931 1200 3986 verba
1241 3948 1253 3983 :
1301 3930 1466 3985 Amor
1522 3946 1662 3984 meus
1708 3931 1995 3998 cruciﬁxus
2040 3938 2140 3992 est,

564 4022 964 4093 apophthegma
1007 4038 1129 4077 esse
1175 4021 1387 4091 lgnatio
1437 4023 1726 4078 familiare.
1767 4024 1844 4077 Ita
1888 4023 1977 4077 ille
2017 4038 2141 4078 eum

569 4113 773 4167 Dallreo
794 4115 860 4168 ad
889 4114 1349 4184 apophthegmala
1376 4114 1627 4179 recurrit,
1655 4115 1899 4169 etmulto
1921 4115 2144 4185 quidem

567 4207 748 4262 adhuc
794 4206 1117 4277 speciosius.
1164 4208 1220 4259 '0
1255 4206 1385 4277 ἐμὸς
1420 4207 1558 4278 ἔρως
1593 4206 1933 4278 ἐσταύρωται
1965 4205 2144 4276 perfe-

567 4298 873 4367 ctissimam
923 4299 1397 4368 ap0phthegmatis
1450 4299 1684 4367 speciem
1716 4299 1915 4364 habet,
1943 4306 1998 4352 et
2025 4299 2143 4351 viro

566 4398 759 4445 sancto
791 4405 885 4458 per
909 4399 1082 4443 totum
1117 4390 1241 4445 vitae
1270 4407 1491 4446 cursum
1517 4402 1629 4445 tum
1661 4391 1715 4444 iu
1746 4390 1910 4445 dietis
1941 4399 2054 4445 tum
2087 4391 2141 4444 iu

566 4482 788 4551 scriptis
820 4480 1087 4536 familiare
1130 4498 1252 4538 esse
1284 4484 1483 4553 potuit.
1515 4481 1632 4537 Non
1659 4484 1726 4538 ad
1757 4483 1977 4553 Trajani
2007 4492 2142 4537 tem-

2250 3281 2518 3335 Maximus
2560 3297 2715 3334 suum
2748 3279 3061 3350 Dionysium
3095 3280 3409 3349 simpliciter
3427 3278 3620 3341 dicere,
3660 3274 3828 3345 Igna-

2247 3375 2379 3427 tium
2408 3372 2670 3438 scribere,
2698 3388 2799 3425 non
2834 3381 3007 3424 autem
3029 3369 3345 3440 quibusdam
3389 3368 3634 3430 scribere,
3668 3363 3828 3434 quasi

2244 3466 2341 3519 hoc
2365 3465 2515 3518 aliud
2546 3480 2703 3534 quam
2719 3463 2972 3532 scriptam
3002 3462 3070 3514 ad
3086 3460 3352 3514 Romanos
3376 3460 3652 3530 epistolam
3674 3459 3831 3510 inte.-

2243 3558 2339 3629 ligi
2359 3557 2641 3628 signiﬁcet,
2670 3556 2745 3621 id,
2772 3556 3010 3625 inquam,
3033 3571 3248 3624 prorsus
3282 3554 3484 3607 nullout
3507 3555 3611 3607 vim
3630 3551 3826 3618 habet;

2244 3668 2362 3705 cum
2391 3659 2571 3703 notum
2597 3651 2666 3701 sit
2691 3658 2969 3701 auctorum
2999 3648 3285 3700 sententias
3324 3655 3372 3699 et
3404 3645 3521 3699 loca
3550 3661 3686 3715 stcpe
3715 3656 3770 3699 et
3793 3664 3830 3701 α

2245 3744 2440 3800 nostris
2460 3758 2599 3798 nunc
2620 3740 2877 3794 litteratis
2907 3740 3086 3805 citari,
3106 3739 3274 3791 multo
3297 3754 3416 3791 vero
3439 3741 3595 3791 etiam
3626 3738 3829 3805 sacpius

2245 3856 2277 3892 a
2304 3838 2560 3893 veteribus
2594 3839 2762 3891 citata
2787 3852 2919 3899 esse,
2971 3833 3116 3886 nullo
3149 3832 3385 3885 auctoris
3419 3840 3558 3883 certo
3582 3831 3659 3883 rel
3687 3830 3827 3883 libro

2243 3931 2322 3986 uel
2353 3932 2543 4000 capite,
2576 3930 2715 3983 unde
2756 3928 2852 3981 illa
2874 3928 3153 3992 habentur,
3179 3925 3491 3978 nominatim
3528 3924 3692 3977 edito.
3724 3923 3830 3978 Re-

2244 4036 2331 4083 cte
2387 4028 2502 4082 haec
2550 4028 2772 4097 quidem
2818 4034 2873 4079 et
2909 4025 3175 4095 apposite.
3225 4022 3360 4076 Nam
3411 4037 3535 4077 cum
3586 4022 3827 4077 Dallazus

2244 4128 2435 4174 contra
2464 4128 2686 4173 nostros
2718 4118 2983 4187 disputat,
3015 4115 3284 4170 Maximus
3307 4122 3427 4180 est;
3462 4129 3585 4168 cum
3629 4113 3824 4167 adver-

2248 4224 2344 4263 sus
2370 4208 2696 4275 Maximum,
2725 4209 2886 4278 plane
2933 4216 3121 4263 noster
3156 4215 3261 4260 est.
3299 4205 3545 4260 Dicimus
3583 4206 3749 4274 igitur
3773 4216 3827 4260 et

2249 4316 2369 4366 nos,
2420 4300 2465 4354 si
2515 4300 2754 4356 lremeus
2781 4301 3032 4364 dixisset,
3069 4300 3336 4367 Iguatium
3376 4298 3481 4352 ista
3533 4298 3829 4365 scripsisse

2246 4402 2368 4455 qua:
2410 4389 2669 4455 protulit,
2710 4398 3093 4458 argumentum
3143 4396 3389 4442 nostrqu
3432 4403 3540 4441 non
3582 4388 3824 4441 colorem

2250 4488 2459 4534 tantum
2495 4480 2692 4536 falsum
2725 4491 2778 4535 et
2820 4482 3143 4543 evanidum,
3177 4482 3271 4536 sed
3308 4481 3452 4535 illius
3483 4480 3698 4549 negatio
3730 4496 3828 4549 po-

565 4592 700 4646 pora
741 4574 1037 4645 confugere
1070 4590 1291 4631 necesse
1324 4574 1459 4643 fuit;
1496 4577 1658 4630 etiam
1686 4576 1789 4631 sub
1830 4575 2142 4630 Domitiano
2176 4590 2218 4644 ι’,
2250 4574 2359 4628 tius
2384 4573 2585 4627 nullam
2613 4592 2830 4644 prorsus
2862 4576 2965 4628 vim
2990 4574 3199 4627 haberet
3229 4592 3248 4637 ;
3276 4591 3393 4627 cum
3426 4585 3604 4627 notum
3628 4574 3697 4626 sit
3727 4590 3827 4625 au-

567 4666 673 4723 hoc
721 4667 1118 4737 apophthegma
1162 4677 1216 4721 et
1266 4666 1464 4736 saepius
1508 4666 1714 4721 dixisse
1755 4676 1810 4721 et
1847 4667 2142 4738 aliquando

567 4758 854 4839 scripsisse
895 4767 1108 4829 poterat
1150 4759 1414 4829 lgnatius.
1452 4757 1571 4814 Non
1609 4760 1797 4813 eadem
1837 4770 2033 4814 natura
2059 4771 2143 4817 est

567 4850 825 4907 Dallteani
848 4852 1327 4922 apophthegmatis
1355 4852 1497 4921 apud
1533 4854 1793 4907 Irenaeum
1832 4871 1845 4908 :
1882 4852 2143 4908 Frumen-

568 4954 681 4997 tum
711 4959 829 4998 sum
870 4943 1070 4997 Christi
1098 4952 1148 4995 et
1177 4957 1268 5010 per
1310 4943 1488 4995 dentes
1529 4942 1814 4996 bestiarum
1856 4944 2046 5010 molor,
2086 4955 2144 4998 ut

567 5036 796 5089 mundus
814 5037 968 5104 panis
994 5034 1092 5088 Dei
1128 5033 1382 5087 inveniar.
1424 5031 1558 5098 Quis
1589 5034 1691 5087 hoc
1721 5034 1788 5087 ab
1820 5035 2030 5105 lgnatio
2057 5036 2141 5088 di-

566 5136 716 5182 ctum
756 5143 851 5197 per
881 5136 1053 5182 totum
1094 5126 1218 5181 vita:
1255 5143 1479 5183 cursum
1526 5126 1867 5181 fatuiliariter
1906 5144 2145 5198 usurpa-

566 5229 705 5283 tum,
735 5219 862 5287 quis
884 5226 1010 5273 ante
1038 5219 1548 5272 condemnationem
1577 5220 1643 5274 ad
1678 5218 1881 5274 bestias
1902 5236 2142 5288 unquam

568 5309 871 5380 prolatum,
895 5308 1020 5376 quis
1053 5309 1108 5363 iu
1138 5308 1245 5363 alia
1265 5325 1431 5379 quam
1459 5309 1551 5364 illa
1573 5310 1802 5379 epistola
1825 5327 1947 5381 quae
1979 5313 2031 5364 in
2060 5312 2145 5364 iti—

567 5419 697 5458 nere
730 5411 953 5457 exarata
1003 5412 1108 5469 est,
1146 5403 1408 5474 scriptum
1445 5404 1645 5473 putet?
1690 5403 1755 5458 Et
1803 5413 1983 5459 tamen
2043 5407 2148 5460 hoc

574 5496 1217 5567 Dallzeoapophthegma
1258 5507 1362 5564 est,
1396 5498 1540 5567 quod
1593 5497 1707 5567 ipse
1753 5498 1908 5553 alteri
1964 5509 2142 5569 negat.

580 5588 811 5652 Valeret,
852 5588 1051 5659 inquit,
1078 5589 1364 5659 e/j’ugium,
1418 5590 1465 5642 si
1496 5590 1605 5643 [nec
1638 5588 1911 5660 lgnatium
1943 5591 2148 5646 dixisse

572 5681 823 5734 scriberet
869 5680 1325 5751 Dionysianorum
1373 5693 1561 5735 auctor
1592 5697 1610 5734 :
1655 5683 1744 5736 sed
1793 5683 1949 5752 plane
1992 5685 2147 5737 aliter

570 5789 692 5828 eum
727 5774 802 5827 ait
834 5772 943 5827 hwc
962 5773 1272 5843 scripsisse,
1298 5791 1398 5827 non
1428 5775 1647 5841 dixisse,
1665 5776 1865 5847 γράφει
1886 5776 1939 5829 δὲ
1960 5779 1986 5829 ὁ
2007 5777 2146 5841 θεῖος

584 5862 858 5933 ἰγνάτιοςν
898 5867 1059 5939 quasi
1086 5881 1214 5924 vero
1259 5866 1314 5924 id
1355 5867 1502 5940 quod
1545 5868 1744 5946 szrpius
1794 5869 2000 5928 dictum
2040 5882 2143 5940 est,

2245 4676 2451 4720 ctorum
2481 4669 2764 4722 sententias
2787 4678 2835 4721 et
2867 4668 2983 4722 loca
3025 4684 3160 4736 stupe
3198 4677 3246 4721 et
3286 4685 3317 4719 a
3350 4668 3545 4720 nostris
3575 4681 3712 4718 nunc
3734 4666 3837 4718 lit—'

2248 4762 2432 4816 teratis
2457 4762 2651 4827 citari,
2682 4761 2845 4814 multo
2897 4777 3016 4814 vero
3062 4762 3223 4813 etiam
3258 4757 3450 4829 saepius
3494 4775 3526 4811 a
3568 4757 3824 4811 veteribus

2248 4855 2415 4907 citata
2441 4870 2583 4917 esse,
2610 4852 2757 4906 nullo
2795 4853 3029 4906 auctoris
3058 4862 3197 4905 certo
3236 4852 3311 4905 vel
3343 4851 3499 4912 libro,
3533 4849 3611 4903 vel
3632 4849 3826 4918 capite,

2247 4948 2385 5001 unde
2411 4946 2508 4999 illa
2528 4945 2805 5009 habentur,
2841 4945 3155 4997 nominatim
3183 4944 3346 4997 edito.
3373 4942 3464 4996 Sic
3494 4942 3661 5012 igitur
3693 4958 3823 4996 cen-

2249 5042 2491 5104 ticimus,
2528 5049 2802 5109 przeeunte
2844 5038 2964 5092 viro
3006 5037 3355 5100 doctissimo,
3386 5052 3453 5090 ex
3480 5051 3583 5089 usu
3612 5046 3826 5090 nostro-

2249 5148 2373 5187 rum
2419 5148 2567 5186 nunc
2591 5132 2955 5186 litteratorum
2984 5140 3037 5184 et
3068 5130 3240 5183 multo
3270 5129 3445 5198 magis
3476 5138 3743 5195 veterum,
3778 5130 3822 5183 si

2249 5221 2483 5275 lremeus
2506 5220 2734 5275 dixisset
2764 5221 3034 5289 Iguatium
3077 5234 3141 5273 ea
3169 5236 3292 5288 qua:
3322 5218 3488 5273 refert
3529 5220 3821 5287 scripsisse,

2248 5315 2438 5368 eadem
2464 5314 2533 5368 ab
2570 5314 2668 5369 illo
2694 5329 2761 5368 ex
2793 5314 3022 5383 epistola
3050 5314 3116 5368 ad
3144 5312 3421 5369 Romanos
3445 5312 3565 5383 ejus
3605 5314 3826 5368 nomine

2251 5407 2511 5476 inscripta
2543 5416 2759 5475 sumpta
2786 5406 2976 5461 fuisse.

2322 5498 2486 5554 Utad
2524 5499 2762 5568 primum
2794 5507 3057 5569 revertar,
3100 5498 3505 5555 distinctionem
3549 5498 3697 5553 illam
3742 5498 3824 5552 iu-

2251 5602 2333 5646 ter
2367 5592 2472 5647 ista
2501 5593 2612 5648 duo
2647 5592 2785 5645 dixit
2829 5601 2882 5646 et
2910 5592 3144 5661 scripsit,
3179 5607 3305 5647 cum
3348 5591 3512 5647 verba
3542 5592 3659 5661 ipsa
3690 5592 3822 5646 scri-

2252 5692 2341 5753 pta
2365 5700 2486 5739 esse
2514 5684 2776 5749 sciamus,
2806 5681 3010 5736 nullam
3039 5699 3255 5753 prorsus
3279 5684 3381 5736 vim
3402 5682 3591 5735 habere
3622 5682 3823 5751 pariter

2252 5776 2394 5841 dico,
2421 5793 2537 5829 cum
2577 5784 2755 5829 notum
2780 5776 2848 5827 sit
2874 5776 3158 5829 sententias
3184 5785 3232 5827 et
3259 5776 3373 5828 toea
3398 5792 3431 5827 a
3460 5772 3714 5828 veteribus
3749 5772 3823 5825 ci-

2255 5880 2365 5926 tata
2394 5886 2503 5925 esse
2526 5884 2618 5941 per
2646 5868 2871 5929 verbum
2901 5868 3005 5928 hoc
3038 5869 3172 5931 dixit
3204 5884 3313 5925 non
3343 5867 3546 5941 minus,
3581 5865 3695 5925 imo
3718 5879 3820 5927 38-
