  <div class='ocr_page' id='page_1' title='image "/cluster/home/n/w/nwhite01/storage/ocr_20150623/5/coo.31924054872845/084.png"; bbox 0 0 4136 6442; ppageno 0'>
   <div class='ocr_carea' id='block_1_1' title="bbox 334 393 3634 461">
    <p class='ocr_par' dir='ltr' id='par_1_1' title="bbox 334 393 3634 461">
     <span class='ocr_line' id='line_1_1' title="bbox 334 393 3634 461; baseline -0.003 -4"><span class='ocrx_word' id='word_1_1' title='bbox 334 405 453 459; x_wconf 69' lang='grc'><strong>253</strong></span> <span class='ocrx_word' id='word_1_2' title='bbox 1141 405 1192 461; x_wconf 76' lang='lat' dir='ltr'><strong>J.</strong></span> <span class='ocrx_word' id='word_1_3' title='bbox 1229 402 1591 460; x_wconf 74' lang='lat' dir='ltr'><strong>PEARSONII</strong></span> <span class='ocrx_word' id='word_1_4' title='bbox 1631 401 1951 459; x_wconf 66' lang='lat' dir='ltr'><strong>VlNDlCllE</strong></span> <span class='ocrx_word' id='word_1_5' title='bbox 1995 400 2417 459; x_wconf 68' lang='lat' dir='ltr'><strong>IGNATIANAZ.</strong></span> <span class='ocrx_word' id='word_1_6' title='bbox 2460 432 2527 442; x_wconf 94' lang='lat'><strong>—</strong></span> <span class='ocrx_word' id='word_1_7' title='bbox 2565 400 2747 454; x_wconf 76' lang='lat' dir='ltr'><strong>PARS</strong></span> <span class='ocrx_word' id='word_1_8' title='bbox 2783 397 2823 453; x_wconf 93' lang='lat' dir='ltr'><strong>l.</strong></span> <span class='ocrx_word' id='word_1_9' title='bbox 3532 393 3634 448; x_wconf 62' lang='lat'><strong>£55</strong></span> 
     </span>
    </p>
   </div>
   <div class='ocr_carea' id='block_1_2' title="bbox 323 519 3634 598">
    <p class='ocr_par' dir='ltr' id='par_1_2' title="bbox 323 519 3634 598">
     <span class='ocr_line' id='line_1_2' title="bbox 323 519 3634 598; baseline -0.003 -17"><span class='ocrx_word' id='word_1_10' title='bbox 323 541 469 592; x_wconf 58' lang='lat' dir='ltr'><strong>pius</strong></span> <span class='ocrx_word' id='word_1_11' title='bbox 506 543 683 597; x_wconf 85' lang='lat' dir='ltr'><strong>quam</strong></span> <span class='ocrx_word' id='word_1_12' title='bbox 735 543 834 598; x_wconf 85' lang='lat' dir='ltr'><strong>per</strong></span> <span class='ocrx_word' id='word_1_13' title='bbox 866 528 1095 585; x_wconf 81' lang='lat' dir='ltr'><strong>verbum</strong></span> <span class='ocrx_word' id='word_1_14' title='bbox 1148 529 1402 591; x_wconf 87' lang='lat' dir='ltr'><strong>alterum,</strong></span> <span class='ocrx_word' id='word_1_15' title='bbox 1435 529 1668 598; x_wconf 75' lang='lat' dir='ltr'><strong>scripsit.</strong></span> <span class='ocrx_word' id='word_1_16' title='bbox 1702 527 1957 582; x_wconf 80' lang='lat' dir='ltr'><strong>Clemens</strong></span> <span class='ocrx_word' id='word_1_17' title='bbox 1989 536 2031 593; x_wconf 78' lang='grc' dir='ltr'><strong>Α</strong></span> <span class='ocrx_word' id='word_1_18' title='bbox 2062 528 2168 597; x_wconf 89' lang='lat' dir='ltr'><strong>psit</strong></span> <span class='ocrx_word' id='word_1_19' title='bbox 2204 546 2216 580; x_wconf 92' lang='lat'><strong>:</strong></span> <span class='ocrx_word' id='word_1_20' title='bbox 2252 526 2456 596; x_wconf 79' lang='lat' dir='ltr'><strong>Quippe</strong></span> <span class='ocrx_word' id='word_1_21' title='bbox 2490 541 2607 579; x_wconf 89' lang='lat' dir='ltr'><strong>eum</strong></span> <span class='ocrx_word' id='word_1_22' title='bbox 2643 534 2775 580; x_wconf 83' lang='lat' dir='ltr'><strong>esset</strong></span> <span class='ocrx_word' id='word_1_23' title='bbox 2810 523 2903 576; x_wconf 91' lang='lat' dir='ltr'><strong>sub</strong></span> <span class='ocrx_word' id='word_1_24' title='bbox 2941 521 3167 578; x_wconf 86' lang='lat' dir='ltr'><strong>Claudio</strong></span> <span class='ocrx_word' id='word_1_25' title='bbox 3200 519 3430 585; x_wconf 73' lang='lat' dir='ltr'><strong>Caesare,</strong></span> <span class='ocrx_word' id='word_1_26' title='bbox 3466 541 3500 575; x_wconf 73' lang='grc' dir='ltr'><strong>α</strong></span> <span class='ocrx_word' id='word_1_27' title='bbox 3531 538 3634 584; x_wconf 75' lang='lat' dir='ltr'><strong>quo</strong></span> 
     </span>
    </p>
   </div>
   <div class='ocr_carea' id='block_1_3' title="bbox 326 613 3635 692">
    <p class='ocr_par' dir='ltr' id='par_1_3' title="bbox 326 613 3635 692">
     <span class='ocr_line' id='line_1_3' title="bbox 326 613 3635 692; baseline -0 -23"><span class='ocrx_word' id='word_1_28' title='bbox 326 618 769 677; x_wconf 76' lang='lat' dir='ltr'><strong>Alexandrinus</strong></span> <span class='ocrx_word' id='word_1_29' title='bbox 812 622 1073 678; x_wconf 88' lang='lat' dir='ltr'><strong>Stromat.</strong></span> <span class='ocrx_word' id='word_1_30' title='bbox 1116 625 1154 677; x_wconf 90' lang='grc' dir='ltr'>ι.</span> <span class='ocrx_word' id='word_1_31' title='bbox 1180 640 1211 677; x_wconf 82' lang='grc' dir='ltr'><strong>ν</strong></span> <span class='ocrx_word' id='word_1_32' title='bbox 1254 636 1269 675; x_wconf 92' lang='lat'>:</span> <span class='ocrx_word' id='word_1_33' title='bbox 1313 623 1486 678; x_wconf 74' lang='lat' dir='ltr'><strong>Moses</strong></span> <span class='ocrx_word' id='word_1_34' title='bbox 1527 622 1767 692; x_wconf 77' lang='lat' dir='ltr'><strong>permisit</strong></span> <span class='ocrx_word' id='word_1_35' title='bbox 1820 622 1956 676; x_wconf 85' lang='lat' dir='ltr'><strong>vesci</strong></span> <span class='ocrx_word' id='word_1_36' title='bbox 2061 620 2223 674; x_wconf 92' lang='lat' dir='ltr'><strong>etiam</strong></span> <span class='ocrx_word' id='word_1_37' title='bbox 2256 629 2439 673; x_wconf 87' lang='lat' dir='ltr'><strong>statua</strong></span> <span class='ocrx_word' id='word_1_38' title='bbox 2474 618 2765 671; x_wconf 88' lang='lat' dir='ltr'><strong>honoratus</strong></span> <span class='ocrx_word' id='word_1_39' title='bbox 2798 633 2912 671; x_wconf 89' lang='lat' dir='ltr'><strong>esse</strong></span> <span class='ocrx_word' id='word_1_40' title='bbox 2944 616 3162 669; x_wconf 89' lang='lat' dir='ltr'><strong>dicitur.</strong></span> <span class='ocrx_word' id='word_1_41' title='bbox 3181 614 3434 683; x_wconf 84' lang='lat' dir='ltr'><strong>Quinque</strong></span> <span class='ocrx_word' id='word_1_42' title='bbox 3464 613 3635 668; x_wconf 76' lang='lat' dir='ltr'><strong>libros</strong></span> 
     </span>
    </p>
   </div>
   <div class='ocr_carea' id='block_1_4' title="bbox 323 705 3630 785">
    <p class='ocr_par' dir='ltr' id='par_1_4' title="bbox 323 705 3630 785">
     <span class='ocr_line' id='line_1_4' title="bbox 323 705 3630 785; baseline 0 -26"><span class='ocrx_word' id='word_1_43' title='bbox 323 708 399 761; x_wconf 83' lang='lat' dir='ltr'><strong>iis</strong></span> <span class='ocrx_word' id='word_1_44' title='bbox 426 751 444 775; x_wconf 93' lang='lat'><strong>,</strong></span> <span class='ocrx_word' id='word_1_45' title='bbox 506 728 637 781; x_wconf 71' lang='lat' dir='ltr'><strong>quae</strong></span> <span class='ocrx_word' id='word_1_46' title='bbox 677 712 869 767; x_wconf 83' lang='lat' dir='ltr'><strong>habent</strong></span> <span class='ocrx_word' id='word_1_47' title='bbox 908 715 1093 783; x_wconf 78' lang='lat' dir='ltr'><strong>ﬁssam</strong></span> <span class='ocrx_word' id='word_1_48' title='bbox 1126 713 1378 785; x_wconf 78' lang='lat' dir='ltr'><strong><em>ungulam</em></strong></span> <span class='ocrx_word' id='word_1_49' title='bbox 1417 725 1466 768; x_wconf 87' lang='lat' dir='ltr'><strong>et</strong></span> <span class='ocrx_word' id='word_1_50' title='bbox 1500 730 1619 783; x_wconf 68' lang='lat' dir='ltr'><strong>quia</strong></span> <span class='ocrx_word' id='word_1_51' title='bbox 1663 713 1954 776; x_wconf 88' lang='lat' dir='ltr'><strong>ruminant,</strong></span> <span class='ocrx_word' id='word_1_52' title='bbox 2060 712 2231 766; x_wconf 82' lang='lat' dir='ltr'><strong>fuisse</strong></span> <span class='ocrx_word' id='word_1_53' title='bbox 2257 726 2287 765; x_wconf 95' lang='lat' dir='ltr'><strong>a</strong></span> <span class='ocrx_word' id='word_1_54' title='bbox 2313 710 2476 780; x_wconf 77' lang='lat' dir='ltr'><strong>Papia</strong></span> <span class='ocrx_word' id='word_1_55' title='bbox 2499 711 2840 780; x_wconf 90' lang='lat' dir='ltr'><strong>conscriptos</strong></span> <span class='ocrx_word' id='word_1_56' title='bbox 2868 708 3316 763; x_wconf 88' lang='lat' dir='ltr'><strong>asseritlrenaeus</strong></span> <span class='ocrx_word' id='word_1_57' title='bbox 3348 705 3487 762; x_wconf 86' lang='lat' dir='ltr'><strong>:Sed</strong></span> <span class='ocrx_word' id='word_1_58' title='bbox 3505 721 3630 760; x_wconf 90' lang='lat' dir='ltr'><strong>cum</strong></span> 
     </span>
    </p>
   </div>
   <div class='ocr_carea' id='block_1_5' title="bbox 323 798 1941 878">
    <p class='ocr_par' dir='ltr' id='par_1_5' title="bbox 323 802 1941 878">
     <span class='ocr_line' id='line_1_5' title="bbox 323 802 1941 878; baseline 0 -19"><span class='ocrx_word' id='word_1_59' title='bbox 323 802 580 870; x_wconf 73' lang='grc' dir='ltr'>μηνύων</span> <span class='ocrx_word' id='word_1_60' title='bbox 603 845 621 869; x_wconf 93' lang='grc'><strong>,</strong></span> <span class='ocrx_word' id='word_1_61' title='bbox 673 806 842 876; x_wconf 73' lang='grc' dir='ltr'>φησὶν</span> <span class='ocrx_word' id='word_1_62' title='bbox 891 809 921 860; x_wconf 84' lang='grc' dir='ltr'>ὁ</span> <span class='ocrx_word' id='word_1_63' title='bbox 972 806 1281 878; x_wconf 80' lang='grc' dir='ltr'>Βαρνάϐας,</span> <span class='ocrx_word' id='word_1_64' title='bbox 1335 805 1627 860; x_wconf 84' lang='grc' dir='ltr'>κολλᾶσθαι</span> <span class='ocrx_word' id='word_1_65' title='bbox 1675 806 1785 859; x_wconf 80' lang='grc' dir='ltr'>δεῖν</span> <span class='ocrx_word' id='word_1_66' title='bbox 1820 805 1941 876; x_wconf 78' lang='grc' dir='ltr'>μετέ</span> 
     </span>
    </p>
   </div>
   <div class='ocr_carea' id='block_1_6' title="bbox 2043 798 3635 878">
    <p class='ocr_par' dir='ltr' id='par_1_6' title="bbox 2057 798 3635 871">
     <span class='ocr_line' id='line_1_6' title="bbox 2057 798 3635 871; baseline -0.003 -14"><span class='ocrx_word' id='word_1_67' title='bbox 2057 804 2220 859; x_wconf 85' lang='lat' dir='ltr'><strong>verba</strong></span> <span class='ocrx_word' id='word_1_68' title='bbox 2245 821 2311 858; x_wconf 76' lang='lat' dir='ltr'><strong>ex</strong></span> <span class='ocrx_word' id='word_1_69' title='bbox 2346 805 2452 859; x_wconf 86' lang='lat' dir='ltr'><strong>illis</strong></span> <span class='ocrx_word' id='word_1_70' title='bbox 2487 804 2637 869; x_wconf 92' lang='lat' dir='ltr'><strong>citat,</strong></span> <span class='ocrx_word' id='word_1_71' title='bbox 2670 803 2864 858; x_wconf 89' lang='lat' dir='ltr'><strong>eodem</strong></span> <span class='ocrx_word' id='word_1_72' title='bbox 2891 802 3055 855; x_wconf 89' lang='lat' dir='ltr'><strong>modo</strong></span> <span class='ocrx_word' id='word_1_73' title='bbox 3090 801 3373 871; x_wconf 73' lang='lat' dir='ltr'><strong>loquitur:</strong></span> <span class='ocrx_word' id='word_1_74' title='bbox 3404 799 3469 854; x_wconf 86' lang='lat' dir='ltr'><strong>Et</strong></span> <span class='ocrx_word' id='word_1_75' title='bbox 3490 798 3635 869; x_wconf 82' lang='lat' dir='ltr'><strong>adje-</strong></span> 
     </span>
    </p>
   </div>
   <div class='ocr_carea' id='block_1_7' title="bbox 318 891 1941 971">
    <p class='ocr_par' dir='ltr' id='par_1_7' title="bbox 318 891 1941 971">
     <span class='ocr_line' id='line_1_7' title="bbox 318 891 1941 971; baseline 0.002 -25"><span class='ocrx_word' id='word_1_76' title='bbox 318 891 442 946; x_wconf 74' lang='grc' dir='ltr'><strong>τῶν</strong></span> <span class='ocrx_word' id='word_1_77' title='bbox 481 895 853 967; x_wconf 79' lang='grc' dir='ltr'>φοϐουμένων</span> <span class='ocrx_word' id='word_1_78' title='bbox 886 898 978 951; x_wconf 82' lang='grc' dir='ltr'>τὸν</span> <span class='ocrx_word' id='word_1_79' title='bbox 999 898 1228 971; x_wconf 78' lang='grc' dir='ltr'><strong>Κύριον,</strong></span> <span class='ocrx_word' id='word_1_80' title='bbox 1255 899 1587 970; x_wconf 82' lang='lat' dir='ltr'><strong>signiﬁcans,</strong></span> <span class='ocrx_word' id='word_1_81' title='bbox 1619 898 1789 968; x_wconf 79' lang='lat' dir='ltr'><strong>inquit</strong></span> <span class='ocrx_word' id='word_1_82' title='bbox 1817 896 1941 950; x_wconf 88' lang='lat' dir='ltr'><strong>Bar-</strong></span> 
     </span>
    </p>
   </div>
   <div class='ocr_carea' id='block_1_8' title="bbox 2043 891 3628 971">
    <p class='ocr_par' dir='ltr' id='par_1_8' title="bbox 2058 892 3628 952">
     <span class='ocr_line' id='line_1_8' title="bbox 2058 892 3628 952; baseline -0.001 -4"><span class='ocrx_word' id='word_1_83' title='bbox 2058 895 2128 948; x_wconf 85' lang='lat' dir='ltr'><strong>cit</strong></span> <span class='ocrx_word' id='word_1_84' title='bbox 2162 896 2337 949; x_wconf 80' lang='lat' dir='ltr'><strong>dicens</strong></span> <span class='ocrx_word' id='word_1_85' title='bbox 2366 912 2384 952; x_wconf 91' lang='lat'><strong><em>:</em></strong></span> <span class='ocrx_word' id='word_1_86' title='bbox 2423 893 2546 951; x_wconf 69' lang='lat' dir='ltr'><strong>llmc</strong></span> <span class='ocrx_word' id='word_1_87' title='bbox 2590 904 2769 950; x_wconf 89' lang='lat' dir='ltr'><strong>autem</strong></span> <span class='ocrx_word' id='word_1_88' title='bbox 2803 895 3079 950; x_wconf 87' lang='lat' dir='ltr'><strong>credibilia</strong></span> <span class='ocrx_word' id='word_1_89' title='bbox 3112 903 3240 948; x_wconf 89' lang='lat' dir='ltr'><strong>sunt</strong></span> <span class='ocrx_word' id='word_1_90' title='bbox 3261 892 3628 948; x_wconf 76' lang='lat' dir='ltr'><strong>credentibus.</strong></span> 
     </span>
    </p>
   </div>
   <div class='ocr_carea' id='block_1_9' title="bbox 318 985 3633 1060">
    <p class='ocr_par' dir='ltr' id='par_1_9' title="bbox 318 985 3633 1060">
     <span class='ocr_line' id='line_1_9' title="bbox 318 985 3633 1060; baseline 0.002 -24"><span class='ocrx_word' id='word_1_91' title='bbox 318 985 512 1039; x_wconf 72' lang='lat' dir='ltr'><strong>mbas</strong></span> <span class='ocrx_word' id='word_1_92' title='bbox 536 1028 557 1053; x_wconf 87' lang='lat'><strong>,</strong></span> <span class='ocrx_word' id='word_1_93' title='bbox 597 998 843 1057; x_wconf 83' lang='lat' dir='ltr'><strong>oportere</strong></span> <span class='ocrx_word' id='word_1_94' title='bbox 880 989 1150 1044; x_wconf 76' lang='lat' dir='ltr'><strong>adhwrere</strong></span> <span class='ocrx_word' id='word_1_95' title='bbox 1178 991 1245 1043; x_wconf 91' lang='lat' dir='ltr'><strong>iis</strong></span> <span class='ocrx_word' id='word_1_96' title='bbox 1289 991 1379 1060; x_wconf 90' lang='lat' dir='ltr'><strong>qui</strong></span> <span class='ocrx_word' id='word_1_97' title='bbox 1416 991 1600 1043; x_wconf 81' lang='lat' dir='ltr'><strong>timent</strong></span> <span class='ocrx_word' id='word_1_98' title='bbox 1644 988 1948 1053; x_wconf 87' lang='lat' dir='ltr'><strong>Dominum,</strong></span> <span class='ocrx_word' id='word_1_99' title='bbox 2058 985 2327 1053; x_wconf 81' lang='lat' dir='ltr'><strong>Et,.luda,</strong></span> <span class='ocrx_word' id='word_1_100' title='bbox 2364 989 2554 1059; x_wconf 84' lang='lat' dir='ltr'><strong>inquit,</strong></span> <span class='ocrx_word' id='word_1_101' title='bbox 2588 988 2863 1058; x_wconf 84' lang='lat' dir='ltr'><strong>proditore</strong></span> <span class='ocrx_word' id='word_1_102' title='bbox 2893 1003 3001 1041; x_wconf 93' lang='lat' dir='ltr'><strong>non</strong></span> <span class='ocrx_word' id='word_1_103' title='bbox 3029 988 3375 1052; x_wconf 86' lang='lat' dir='ltr'><strong>credente,et</strong></span> <span class='ocrx_word' id='word_1_104' title='bbox 3402 987 3633 1041; x_wconf 87' lang='lat' dir='ltr'><strong>interro-</strong></span> 
     </span>
    </p>
   </div>
   <div class='ocr_carea' id='block_1_10' title="bbox 317 1078 3631 1152">
    <p class='ocr_par' dir='ltr' id='par_1_10' title="bbox 317 1078 3631 1152">
     <span class='ocr_line' id='line_1_10' title="bbox 317 1078 3631 1152; baseline 0.001 -21"><span class='ocrx_word' id='word_1_105' title='bbox 317 1088 376 1132; x_wconf 74' lang='grc' dir='ltr'><strong>ιιι</strong></span> <span class='ocrx_word' id='word_1_106' title='bbox 404 1088 631 1135; x_wconf 67' lang='lat' dir='ltr'><strong>caetera</strong></span> <span class='ocrx_word' id='word_1_107' title='bbox 666 1080 806 1136; x_wconf 87' lang='lat' dir='ltr'><strong>bene</strong></span> <span class='ocrx_word' id='word_1_108' title='bbox 824 1081 1020 1147; x_wconf 89' lang='lat' dir='ltr'><strong>multa,</strong></span> <span class='ocrx_word' id='word_1_109' title='bbox 1045 1097 1169 1152; x_wconf 66' lang='lat' dir='ltr'><strong>quae</strong></span> <span class='ocrx_word' id='word_1_110' title='bbox 1195 1083 1336 1152; x_wconf 87' lang='lat' dir='ltr'><strong>apud</strong></span> <span class='ocrx_word' id='word_1_111' title='bbox 1354 1081 1691 1135; x_wconf 83' lang='lat' dir='ltr'><strong>Clementem</strong></span> <span class='ocrx_word' id='word_1_112' title='bbox 1714 1096 1954 1149; x_wconf 91' lang='lat' dir='ltr'><strong>sequun-</strong></span> <span class='ocrx_word' id='word_1_113' title='bbox 2056 1089 2235 1149; x_wconf 80' lang='lat' dir='ltr'><strong>gante,</strong></span> <span class='ocrx_word' id='word_1_114' title='bbox 2269 1090 2374 1135; x_wconf 87' lang='lat' dir='ltr'><strong>etc.</strong></span> <span class='ocrx_word' id='word_1_115' title='bbox 2422 1082 2500 1135; x_wconf 91' lang='lat' dir='ltr'><strong>lla</strong></span> <span class='ocrx_word' id='word_1_116' title='bbox 2535 1081 2697 1135; x_wconf 88' lang='lat' dir='ltr'><strong>etiam</strong></span> <span class='ocrx_word' id='word_1_117' title='bbox 2728 1080 2801 1151; x_wconf 55' lang='lat' dir='ltr'><strong>.in</strong></span> <span class='ocrx_word' id='word_1_118' title='bbox 2844 1079 3141 1147; x_wconf 77' lang='lat' dir='ltr'><strong>Procemio,</strong></span> <span class='ocrx_word' id='word_1_119' title='bbox 3187 1078 3367 1144; x_wconf 85' lang='grc' dir='ltr'>καθὼς</span> <span class='ocrx_word' id='word_1_120' title='bbox 3398 1080 3504 1135; x_wconf 77' lang='grc' dir='ltr'>ὑπὸ</span> <span class='ocrx_word' id='word_1_121' title='bbox 3535 1079 3631 1134; x_wconf 79' lang='grc' dir='ltr'><strong>τοῦ</strong></span> 
     </span>
    </p>
   </div>
   <div class='ocr_carea' id='block_1_11' title="bbox 319 1172 1941 1246">
    <p class='ocr_par' dir='ltr' id='par_1_11' title="bbox 319 1175 1941 1246">
     <span class='ocr_line' id='line_1_11' title="bbox 319 1175 1941 1246; baseline 0.002 -23"><span class='ocrx_word' id='word_1_122' title='bbox 319 1181 443 1234; x_wconf 85' lang='lat' dir='ltr'><strong>tur,</strong></span> <span class='ocrx_word' id='word_1_123' title='bbox 465 1184 532 1227; x_wconf 88' lang='lat' dir='ltr'><strong>et</strong></span> <span class='ocrx_word' id='word_1_124' title='bbox 561 1176 780 1230; x_wconf 86' lang='lat' dir='ltr'><strong>nuncin</strong></span> <span class='ocrx_word' id='word_1_125' title='bbox 794 1176 1028 1244; x_wconf 86' lang='lat' dir='ltr'><strong>epistola</strong></span> <span class='ocrx_word' id='word_1_126' title='bbox 1057 1175 1321 1231; x_wconf 68' lang='lat' dir='ltr'><strong>Barnabas</strong></span> <span class='ocrx_word' id='word_1_127' title='bbox 1343 1179 1713 1246; x_wconf 66' lang='lat' dir='ltr'><strong>reperiuntur.</strong></span> <span class='ocrx_word' id='word_1_128' title='bbox 1736 1177 1855 1231; x_wconf 86' lang='lat' dir='ltr'><strong>Lib.</strong></span> <span class='ocrx_word' id='word_1_129' title='bbox 1877 1193 1910 1230; x_wconf 88' lang='grc' dir='ltr'>ιι</span> <span class='ocrx_word' id='word_1_130' title='bbox 1933 1191 1941 1227; x_wconf 88' lang='lat'>:</span> 
     </span>
    </p>
   </div>
   <div class='ocr_carea' id='block_1_12' title="bbox 2043 1172 3633 1246">
    <p class='ocr_par' dir='ltr' id='par_1_12' title="bbox 2055 1172 3633 1244">
     <span class='ocr_line' id='line_1_12' title="bbox 2055 1172 3633 1244; baseline 0.001 -20"><span class='ocrx_word' id='word_1_131' title='bbox 2055 1173 2361 1244; x_wconf 73' lang='grc' dir='ltr'>κρείττονος</span> <span class='ocrx_word' id='word_1_132' title='bbox 2395 1173 2551 1243; x_wconf 82' lang='grc' dir='ltr'>ἡμῶν</span> <span class='ocrx_word' id='word_1_133' title='bbox 2585 1172 2828 1244; x_wconf 71' lang='grc' dir='ltr'>εἴρηται,</span> <span class='ocrx_word' id='word_1_134' title='bbox 2865 1188 2989 1228; x_wconf 91' lang='lat' dir='ltr'><strong>cum</strong></span> <span class='ocrx_word' id='word_1_135' title='bbox 3033 1173 3334 1244; x_wconf 75' lang='lat' dir='ltr'><strong>elegantem</strong></span> <span class='ocrx_word' id='word_1_136' title='bbox 3375 1172 3633 1227; x_wconf 86' lang='lat' dir='ltr'><strong>similitu-</strong></span> 
     </span>
    </p>
   </div>
   <div class='ocr_carea' id='block_1_13' title="bbox 319 1264 1941 1342">
    <p class='ocr_par' dir='ltr' id='par_1_13' title="bbox 319 1266 1941 1342">
     <span class='ocr_line' id='line_1_13' title="bbox 319 1266 1941 1342; baseline 0.003 -24"><span class='ocrx_word' id='word_1_137' title='bbox 319 1266 735 1338; x_wconf 71' lang='grc' dir='ltr'>Παραθεμένῳ</span> <span class='ocrx_word' id='word_1_138' title='bbox 771 1268 980 1339; x_wconf 78' lang='grc' dir='ltr'><strong>μάρτυν</strong></span> <span class='ocrx_word' id='word_1_139' title='bbox 1014 1269 1107 1323; x_wconf 84' lang='grc' dir='ltr'>τὸν</span> <span class='ocrx_word' id='word_1_140' title='bbox 1140 1269 1498 1323; x_wconf 85' lang='grc' dir='ltr'>άποστολικὸν</span> <span class='ocrx_word' id='word_1_141' title='bbox 1546 1270 1835 1342; x_wconf 83' lang='grc' dir='ltr'>Βαρνάϐαν</span> <span class='ocrx_word' id='word_1_142' title='bbox 1886 1267 1941 1340; x_wconf 69' lang='grc' dir='ltr'><strong>(ὁ</strong></span> 
     </span>
    </p>
   </div>
   <div class='ocr_carea' id='block_1_14' title="bbox 2043 1264 3633 1342">
    <p class='ocr_par' dir='ltr' id='par_1_14' title="bbox 2052 1264 3633 1336">
     <span class='ocr_line' id='line_1_14' title="bbox 2052 1264 3633 1336; baseline -0.001 -15"><span class='ocrx_word' id='word_1_143' title='bbox 2052 1266 2233 1321; x_wconf 91' lang='lat' dir='ltr'><strong>dinem</strong></span> <span class='ocrx_word' id='word_1_144' title='bbox 2277 1267 2345 1321; x_wconf 90' lang='lat' dir='ltr'><strong>ab</strong></span> <span class='ocrx_word' id='word_1_145' title='bbox 2396 1268 2626 1336; x_wconf 40' lang='lat' dir='ltr'><strong>a-ltiqno</strong></span> <span class='ocrx_word' id='word_1_146' title='bbox 2664 1266 2930 1335; x_wconf 85' lang='lat' dir='ltr'><strong>scriptore</strong></span> <span class='ocrx_word' id='word_1_147' title='bbox 2976 1275 3277 1320; x_wconf 88' lang='lat' dir='ltr'><strong>mutuatur.</strong></span> <span class='ocrx_word' id='word_1_148' title='bbox 3321 1264 3459 1319; x_wconf 87' lang='lat' dir='ltr'><strong>Cum</strong></span> <span class='ocrx_word' id='word_1_149' title='bbox 3503 1281 3633 1335; x_wconf 89' lang='lat' dir='ltr'><strong>pro-</strong></span> 
     </span>
    </p>
   </div>
   <div class='ocr_carea' id='block_1_15' title="bbox 314 1355 1941 1433">
    <p class='ocr_par' dir='ltr' id='par_1_15' title="bbox 314 1355 1941 1433">
     <span class='ocr_line' id='line_1_15' title="bbox 314 1355 1941 1433; baseline 0.001 -22"><span class='ocrx_word' id='word_1_150' title='bbox 314 1358 378 1411; x_wconf 81' lang='grc' dir='ltr'>δὲ</span> <span class='ocrx_word' id='word_1_151' title='bbox 418 1359 550 1412; x_wconf 83' lang='grc' dir='ltr'>τῶν</span> <span class='ocrx_word' id='word_1_152' title='bbox 586 1359 963 1431; x_wconf 79' lang='grc' dir='ltr'>ἑϐδομήκοντα</span> <span class='ocrx_word' id='word_1_153' title='bbox 1012 1355 1103 1431; x_wconf 80' lang='grc' dir='ltr'>ἦν,</span> <span class='ocrx_word' id='word_1_154' title='bbox 1140 1361 1232 1415; x_wconf 74' lang='grc' dir='ltr'><strong>καὶ</strong></span> <span class='ocrx_word' id='word_1_155' title='bbox 1280 1361 1540 1433; x_wconf 85' lang='grc' dir='ltr'>συνεργὸς</span> <span class='ocrx_word' id='word_1_156' title='bbox 1572 1361 1666 1415; x_wconf 79' lang='grc' dir='ltr'>τοῦ</span> <span class='ocrx_word' id='word_1_157' title='bbox 1701 1360 1941 1433; x_wconf 83' lang='grc' dir='ltr'>Παύλου]</span> 
     </span>
    </p>
   </div>
   <div class='ocr_carea' id='block_1_16' title="bbox 2043 1355 3625 1433">
    <p class='ocr_par' dir='ltr' id='par_1_16' title="bbox 2051 1359 3625 1431">
     <span class='ocr_line' id='line_1_16' title="bbox 2051 1359 3625 1431; baseline 0.001 -18"><span class='ocrx_word' id='word_1_158' title='bbox 2051 1360 2191 1415; x_wconf 77' lang='lat' dir='ltr'><strong>lixas</strong></span> <span class='ocrx_word' id='word_1_159' title='bbox 2243 1362 2433 1431; x_wconf 78' lang='grc' dir='ltr'><strong>ῥήσεις</strong></span> <span class='ocrx_word' id='word_1_160' title='bbox 2476 1376 2540 1417; x_wconf 82' lang='lat' dir='ltr'><strong>ex</strong></span> <span class='ocrx_word' id='word_1_161' title='bbox 2591 1359 3096 1414; x_wconf 81' lang='lat' dir='ltr'><strong>Valentinianorum</strong></span> <span class='ocrx_word' id='word_1_162' title='bbox 3138 1359 3359 1429; x_wconf 83' lang='lat' dir='ltr'><strong>scriptis</strong></span> <span class='ocrx_word' id='word_1_163' title='bbox 3394 1360 3625 1425; x_wconf 84' lang='lat' dir='ltr'><strong>recitat,</strong></span> 
     </span>
    </p>
   </div>
   <div class='ocr_carea' id='block_1_17' title="bbox 318 1448 1941 1524">
    <p class='ocr_par' dir='ltr' id='par_1_17' title="bbox 318 1448 1941 1521">
     <span class='ocr_line' id='line_1_17' title="bbox 318 1448 1941 1521; baseline 0.003 -18"><span class='ocrx_word' id='word_1_164' title='bbox 318 1451 483 1505; x_wconf 75' lang='grc' dir='ltr'>κατὰ</span> <span class='ocrx_word' id='word_1_165' title='bbox 523 1451 679 1516; x_wconf 78' lang='grc' dir='ltr'>λέξιν</span> <span class='ocrx_word' id='word_1_166' title='bbox 726 1448 831 1505; x_wconf 76' lang='grc' dir='ltr'>ὧδέ.</span> <span class='ocrx_word' id='word_1_167' title='bbox 865 1470 985 1517; x_wconf 86' lang='grc' dir='ltr'><strong>πως</strong></span> <span class='ocrx_word' id='word_1_168' title='bbox 1017 1452 1265 1521; x_wconf 86' lang='grc' dir='ltr'>λέγοντα.</span> <span class='ocrx_word' id='word_1_169' title='bbox 1311 1452 1410 1508; x_wconf 86' lang='lat' dir='ltr'><strong>Ubi</strong></span> <span class='ocrx_word' id='word_1_170' title='bbox 1451 1453 1798 1510; x_wconf 84' lang='lat' dir='ltr'><strong>adducuntur</strong></span> <span class='ocrx_word' id='word_1_171' title='bbox 1827 1453 1941 1508; x_wconf 61' lang='lat' dir='ltr'><strong>dum</strong></span> 
     </span>
    </p>
   </div>
   <div class='ocr_carea' id='block_1_18' title="bbox 2043 1448 3632 1524">
    <p class='ocr_par' dir='ltr' id='par_1_18' title="bbox 2050 1449 3632 1524">
     <span class='ocr_line' id='line_1_18' title="bbox 2050 1449 3632 1524; baseline -0.001 -17"><span class='ocrx_word' id='word_1_172' title='bbox 2050 1453 2124 1507; x_wconf 86' lang='lat' dir='ltr'><strong>ita</strong></span> <span class='ocrx_word' id='word_1_173' title='bbox 2157 1453 2456 1522; x_wconf 49' lang='lat' dir='ltr'><strong>prail&#39;atur:</strong></span> <span class='ocrx_word' id='word_1_174' title='bbox 2495 1453 2665 1507; x_wconf 83' lang='grc' dir='ltr'>Τοῦτο</span> <span class='ocrx_word' id='word_1_175' title='bbox 2701 1452 2945 1505; x_wconf 75' lang='grc' dir='ltr'>πείθουσι</span> <span class='ocrx_word' id='word_1_176' title='bbox 2979 1453 3105 1516; x_wconf 83' lang='grc' dir='ltr'>τοὺς</span> <span class='ocrx_word' id='word_1_177' title='bbox 3139 1453 3416 1524; x_wconf 85' lang='grc' dir='ltr'>ἀνοήτους,</span> <span class='ocrx_word' id='word_1_178' title='bbox 3440 1449 3632 1517; x_wconf 79' lang='grc' dir='ltr'>αὐταῖς</span> 
     </span>
    </p>
   </div>
   <div class='ocr_carea' id='block_1_19' title="bbox 316 1543 1941 1617">
    <p class='ocr_par' dir='ltr' id='par_1_19' title="bbox 316 1543 1941 1616">
     <span class='ocr_line' id='line_1_19' title="bbox 316 1543 1941 1616; baseline 0.002 -21"><span class='ocrx_word' id='word_1_179' title='bbox 316 1543 633 1612; x_wconf 80' lang='lat' dir='ltr'><strong>longiores</strong></span> <span class='ocrx_word' id='word_1_180' title='bbox 665 1545 853 1616; x_wconf 75' lang='grc' dir='ltr'>ῥήσεις</span> <span class='ocrx_word' id='word_1_181' title='bbox 878 1561 944 1599; x_wconf 82' lang='lat' dir='ltr'><strong>ex</strong></span> <span class='ocrx_word' id='word_1_182' title='bbox 970 1546 1161 1600; x_wconf 90' lang='lat' dir='ltr'><strong>eadem</strong></span> <span class='ocrx_word' id='word_1_183' title='bbox 1190 1546 1419 1614; x_wconf 89' lang='lat' dir='ltr'><strong>epistola</strong></span> <span class='ocrx_word' id='word_1_184' title='bbox 1446 1560 1729 1614; x_wconf 75' lang='lat' dir='ltr'><strong>qn.enunc</strong></span> <span class='ocrx_word' id='word_1_185' title='bbox 1742 1553 1941 1599; x_wconf 80' lang='lat' dir='ltr'><strong>exstat.</strong></span> 
     </span>
    </p>
   </div>
   <div class='ocr_carea' id='block_1_20' title="bbox 2043 1543 3631 1617">
    <p class='ocr_par' dir='ltr' id='par_1_20' title="bbox 2048 1544 3631 1617">
     <span class='ocr_line' id='line_1_20' title="bbox 2048 1544 3631 1617; baseline 0.001 -19"><span class='ocrx_word' id='word_1_186' title='bbox 2048 1544 2225 1610; x_wconf 80' lang='grc' dir='ltr'>λέξεσι</span> <span class='ocrx_word' id='word_1_187' title='bbox 2254 1546 2502 1614; x_wconf 81' lang='grc' dir='ltr'>λέγοντες</span> <span class='ocrx_word' id='word_1_188' title='bbox 2532 1544 2725 1609; x_wconf 76' lang='grc' dir='ltr'>οὕτως,</span> <span class='ocrx_word' id='word_1_189' title='bbox 2747 1554 2801 1600; x_wconf 88' lang='lat' dir='ltr'><strong>ct</strong></span> <span class='ocrx_word' id='word_1_190' title='bbox 2827 1563 2840 1598; x_wconf 94' lang='lat'>:</span> <span class='ocrx_word' id='word_1_191' title='bbox 2881 1545 3129 1616; x_wconf 76' lang='grc' dir='ltr'>Ἰωάννην</span> <span class='ocrx_word' id='word_1_192' title='bbox 3143 1545 3233 1599; x_wconf 76' lang='grc' dir='ltr'>τὸν</span> <span class='ocrx_word' id='word_1_193' title='bbox 3260 1544 3504 1617; x_wconf 81' lang='grc' dir='ltr'>μαθητὴν</span> <span class='ocrx_word' id='word_1_194' title='bbox 3536 1546 3631 1599; x_wconf 83' lang='grc' dir='ltr'>τοῦ</span> 
     </span>
    </p>
   </div>
   <div class='ocr_carea' id='block_1_21' title="bbox 321 1629 3632 1709">
    <p class='ocr_par' dir='ltr' id='par_1_21' title="bbox 321 1629 3632 1709">
     <span class='ocr_line' id='line_1_21' title="bbox 321 1629 3632 1709; baseline 0.002 -27"><span class='ocrx_word' id='word_1_195' title='bbox 321 1629 458 1686; x_wconf 87' lang='lat' dir='ltr'><strong>Lib.</strong></span> <span class='ocrx_word' id='word_1_196' title='bbox 488 1633 719 1696; x_wconf 87' lang='lat' dir='ltr'><strong>eodem,</strong></span> <span class='ocrx_word' id='word_1_197' title='bbox 752 1635 991 1698; x_wconf 82' lang='grc' dir='ltr'><strong>Εἰκότως</strong></span> <span class='ocrx_word' id='word_1_198' title='bbox 1007 1630 1102 1688; x_wconf 83' lang='grc' dir='ltr'>οὖν</span> <span class='ocrx_word' id='word_1_199' title='bbox 1124 1635 1465 1698; x_wconf 83' lang='grc' dir='ltr'>ὁάπόστολος</span> <span class='ocrx_word' id='word_1_200' title='bbox 1484 1636 1787 1707; x_wconf 86' lang='grc' dir='ltr'>Βαρνάϐας·</span> <span class='ocrx_word' id='word_1_201' title='bbox 1826 1636 1945 1706; x_wconf 82' lang='grc' dir='ltr'><strong>Ἀφ’</strong></span> <span class='ocrx_word' id='word_1_202' title='bbox 2047 1637 2253 1709; x_wconf 86' lang='grc' dir='ltr'>Κυρίου</span> <span class='ocrx_word' id='word_1_203' title='bbox 2288 1637 2597 1691; x_wconf 83' lang='grc' dir='ltr'>διδάσκουσι</span> <span class='ocrx_word' id='word_1_204' title='bbox 2643 1636 2740 1707; x_wconf 79' lang='grc' dir='ltr'>τὴν</span> <span class='ocrx_word' id='word_1_205' title='bbox 2775 1634 2998 1707; x_wconf 84' lang='grc' dir='ltr'>πρώτην</span> <span class='ocrx_word' id='word_1_206' title='bbox 3045 1635 3270 1704; x_wconf 83' lang='grc' dir='ltr'>ὀγδοάδα</span> <span class='ocrx_word' id='word_1_207' title='bbox 3324 1635 3632 1706; x_wconf 81' lang='grc' dir='ltr'>μεμηνυκέ-</span> 
     </span>
    </p>
   </div>
   <div class='ocr_carea' id='block_1_22' title="bbox 318 1720 1941 1799">
    <p class='ocr_par' dir='ltr' id='par_1_22' title="bbox 318 1720 1940 1798">
     <span class='ocr_line' id='line_1_22' title="bbox 318 1720 1940 1798; baseline 0.005 -20"><span class='ocrx_word' id='word_1_208' title='bbox 318 1720 411 1785; x_wconf 75' lang='grc' dir='ltr'><strong>οὗ,</strong></span> <span class='ocrx_word' id='word_1_209' title='bbox 453 1726 638 1796; x_wconf 70' lang='grc' dir='ltr'>φησιν</span> <span class='ocrx_word' id='word_1_210' title='bbox 663 1766 679 1790; x_wconf 91' lang='grc'><strong>,</strong></span> <span class='ocrx_word' id='word_1_211' title='bbox 719 1724 911 1779; x_wconf 77' lang='grc' dir='ltr'>ἔλαϐον</span> <span class='ocrx_word' id='word_1_212' title='bbox 959 1727 1195 1798; x_wconf 82' lang='grc' dir='ltr'>μέρους,</span> <span class='ocrx_word' id='word_1_213' title='bbox 1230 1737 1283 1782; x_wconf 79' lang='lat' dir='ltr'><strong>et</strong></span> <span class='ocrx_word' id='word_1_214' title='bbox 1324 1737 1540 1784; x_wconf 58' lang='lat' dir='ltr'><strong>cetera.</strong></span> <span class='ocrx_word' id='word_1_215' title='bbox 1586 1734 1664 1783; x_wconf 83' lang='lat' dir='ltr'><strong>Ae</strong></span> <span class='ocrx_word' id='word_1_216' title='bbox 1708 1746 1940 1786; x_wconf 88' lang='lat' dir='ltr'><strong>rursus:</strong></span> 
     </span>
    </p>
   </div>
   <div class='ocr_carea' id='block_1_23' title="bbox 2043 1720 3630 1799">
    <p class='ocr_par' dir='ltr' id='par_1_23' title="bbox 2046 1724 3630 1799">
     <span class='ocr_line' id='line_1_23' title="bbox 2046 1724 3630 1799; baseline 0 -16"><span class='ocrx_word' id='word_1_217' title='bbox 2046 1749 2152 1795; x_wconf 88' lang='grc' dir='ltr'>ναι,</span> <span class='ocrx_word' id='word_1_218' title='bbox 2189 1731 2380 1795; x_wconf 82' lang='grc' dir='ltr'>αύταῖς</span> <span class='ocrx_word' id='word_1_219' title='bbox 2413 1729 2591 1794; x_wconf 79' lang='grc' dir='ltr'>λέξεσι</span> <span class='ocrx_word' id='word_1_220' title='bbox 2623 1728 2871 1798; x_wconf 87' lang='grc' dir='ltr'>λέγοντες</span> <span class='ocrx_word' id='word_1_221' title='bbox 2903 1728 3094 1792; x_wconf 78' lang='grc' dir='ltr'>οὕτως,</span> <span class='ocrx_word' id='word_1_222' title='bbox 3117 1739 3221 1783; x_wconf 78' lang='lat' dir='ltr'><strong>etc.</strong></span> <span class='ocrx_word' id='word_1_223' title='bbox 3253 1746 3264 1781; x_wconf 91' lang='lat'><strong>:</strong></span> <span class='ocrx_word' id='word_1_224' title='bbox 3290 1730 3421 1799; x_wconf 71' lang='grc' dir='ltr'>φασὶ</span> <span class='ocrx_word' id='word_1_225' title='bbox 3453 1730 3508 1782; x_wconf 79' lang='grc' dir='ltr'>δὲ</span> <span class='ocrx_word' id='word_1_226' title='bbox 3540 1724 3630 1783; x_wconf 78' lang='grc' dir='ltr'><strong>οὗ·</strong></span> 
     </span>
    </p>
   </div>
   <div class='ocr_carea' id='block_1_24' title="bbox 319 1818 3631 1892">
    <p class='ocr_par' dir='ltr' id='par_1_24' title="bbox 319 1818 3631 1892">
     <span class='ocr_line' id='line_1_24' title="bbox 319 1818 3631 1892; baseline 0.001 -23"><span class='ocrx_word' id='word_1_227' title='bbox 319 1818 572 1888; x_wconf 77' lang='grc' dir='ltr'>Ἀμέλει</span> <span class='ocrx_word' id='word_1_228' title='bbox 588 1819 1237 1891; x_wconf 84' lang='grc' dir='ltr'>μυστικῶςὸΒαρνάϐας·</span> <span class='ocrx_word' id='word_1_229' title='bbox 1261 1839 1277 1871; x_wconf 79' lang='grc' dir='ltr'><strong>ι</strong></span> <span class='ocrx_word' id='word_1_230' title='bbox 1303 1820 1359 1875; x_wconf 83' lang='grc'><strong>’0</strong></span> <span class='ocrx_word' id='word_1_231' title='bbox 1375 1820 1431 1874; x_wconf 83' lang='grc' dir='ltr'>δὲ</span> <span class='ocrx_word' id='word_1_232' title='bbox 1446 1821 1725 1885; x_wconf 81' lang='grc' dir='ltr'><strong>Θεὸςὸτοῦ</strong></span> <span class='ocrx_word' id='word_1_233' title='bbox 1743 1822 1943 1885; x_wconf 81' lang='grc' dir='ltr'>παντὸς</span> <span class='ocrx_word' id='word_1_234' title='bbox 2044 1837 2125 1875; x_wconf 87' lang='grc' dir='ltr'><strong>τοι</strong></span> <span class='ocrx_word' id='word_1_235' title='bbox 2158 1821 2235 1885; x_wconf 86' lang='grc' dir='ltr'>ὡς</span> <span class='ocrx_word' id='word_1_236' title='bbox 2281 1822 2374 1875; x_wconf 79' lang='grc' dir='ltr'>ἐπὶ</span> <span class='ocrx_word' id='word_1_237' title='bbox 2410 1821 2468 1875; x_wconf 82' lang='grc' dir='ltr'>τὸ</span> <span class='ocrx_word' id='word_1_238' title='bbox 2520 1820 2852 1892; x_wconf 78' lang='grc' dir='ltr'>ὑψηλότερον</span> <span class='ocrx_word' id='word_1_239' title='bbox 2886 1821 2978 1876; x_wconf 80' lang='grc' dir='ltr'><strong>καὶ</strong></span> <span class='ocrx_word' id='word_1_240' title='bbox 3026 1820 3468 1892; x_wconf 82' lang='grc' dir='ltr'>γνωστικώτερον</span> <span class='ocrx_word' id='word_1_241' title='bbox 3505 1825 3631 1875; x_wconf 81' lang='grc' dir='ltr'>έπε-</span> 
     </span>
    </p>
   </div>
   <div class='ocr_carea' id='block_1_25' title="bbox 322 1899 3632 1985">
    <p class='ocr_par' dir='ltr' id='par_1_25' title="bbox 322 1899 3632 1985">
     <span class='ocr_line' id='line_1_25' title="bbox 322 1899 3632 1985; baseline -0.001 -20"><span class='ocrx_word' id='word_1_242' title='bbox 322 1912 562 1982; x_wconf 77' lang='grc' dir='ltr'>κόσμου</span> <span class='ocrx_word' id='word_1_243' title='bbox 578 1912 875 1984; x_wconf 83' lang='grc' dir='ltr'>κυριεύων,</span> <span class='ocrx_word' id='word_1_244' title='bbox 900 1912 1054 1982; x_wconf 76' lang='grc' dir='ltr'>φησὶ,</span> <span class='ocrx_word' id='word_1_245' title='bbox 1079 1912 1190 1985; x_wconf 84' lang='grc' dir='ltr'><strong>δώῃ</strong></span> <span class='ocrx_word' id='word_1_246' title='bbox 1210 1914 1301 1967; x_wconf 77' lang='grc' dir='ltr'><strong>καὶ</strong></span> <span class='ocrx_word' id='word_1_247' title='bbox 1320 1915 1449 1985; x_wconf 83' lang='grc' dir='ltr'>ὑμῖν</span> <span class='ocrx_word' id='word_1_248' title='bbox 1463 1916 1671 1983; x_wconf 86' lang='grc' dir='ltr'>σοφίαν.</span> <span class='ocrx_word' id='word_1_249' title='bbox 1711 1935 1731 1967; x_wconf 71' lang='grc' dir='ltr'><strong>ι</strong></span> <span class='ocrx_word' id='word_1_250' title='bbox 1753 1915 1865 1971; x_wconf 84' lang='grc' dir='ltr'>Ειι.</span> <span class='ocrx_word' id='word_1_251' title='bbox 1880 1932 1945 1970; x_wconf 88' lang='lat' dir='ltr'><strong>v:</strong></span> <span class='ocrx_word' id='word_1_252' title='bbox 1981 1899 2023 1953; x_wconf 79' lang='grc' dir='ltr'><strong>Β</strong></span> <span class='ocrx_word' id='word_1_253' title='bbox 2052 1914 2385 1984; x_wconf 82' lang='grc' dir='ltr'>κτεινόμενοι</span> <span class='ocrx_word' id='word_1_254' title='bbox 2401 1913 2499 1985; x_wconf 78' lang='grc' dir='ltr'><strong>τῆν</strong></span> <span class='ocrx_word' id='word_1_255' title='bbox 2518 1910 2743 1984; x_wconf 84' lang='grc' dir='ltr'>πρώτην</span> <span class='ocrx_word' id='word_1_256' title='bbox 2775 1912 3006 1983; x_wconf 80' lang='grc' dir='ltr'>τετράδα</span> <span class='ocrx_word' id='word_1_257' title='bbox 3024 1911 3215 1974; x_wconf 78' lang='grc' dir='ltr'>οὕτως,</span> <span class='ocrx_word' id='word_1_258' title='bbox 3236 1920 3290 1966; x_wconf 89' lang='lat' dir='ltr'><strong>et</strong></span> <span class='ocrx_word' id='word_1_259' title='bbox 3318 1930 3331 1965; x_wconf 90' lang='lat'><strong>:</strong></span> <span class='ocrx_word' id='word_1_260' title='bbox 3362 1929 3632 1983; x_wconf 84' lang='grc' dir='ltr'>πανυπερ-</span> 
     </span>
    </p>
   </div>
   <div class='ocr_carea' id='block_1_26' title="bbox 336 2004 3632 2081">
    <p class='ocr_par' dir='ltr' id='par_1_26' title="bbox 336 2004 3632 2081">
     <span class='ocr_line' id='line_1_26' title="bbox 336 2004 3632 2081; baseline 0 -22"><span class='ocrx_word' id='word_1_261' title='bbox 336 2004 521 2059; x_wconf 78' lang='grc' dir='ltr'>’Δλλά</span> <span class='ocrx_word' id='word_1_262' title='bbox 560 2006 659 2060; x_wconf 72' lang='grc' dir='ltr'><strong>καὶ</strong></span> <span class='ocrx_word' id='word_1_263' title='bbox 707 2004 1029 2075; x_wconf 85' lang='grc' dir='ltr'>Βαρνάϐας,</span> <span class='ocrx_word' id='word_1_264' title='bbox 1064 2008 1093 2058; x_wconf 84' lang='grc' dir='ltr'><strong>ὁ</strong></span> <span class='ocrx_word' id='word_1_265' title='bbox 1125 2007 1221 2060; x_wconf 78' lang='grc' dir='ltr'><strong>καὶ</strong></span> <span class='ocrx_word' id='word_1_266' title='bbox 1270 2007 1432 2071; x_wconf 79' lang='grc' dir='ltr'>αὐτὸς</span> <span class='ocrx_word' id='word_1_267' title='bbox 1482 2008 1828 2081; x_wconf 80' lang='grc' dir='ltr'>συγκηρύξας</span> <span class='ocrx_word' id='word_1_268' title='bbox 1876 2009 1954 2081; x_wconf 83' lang='grc' dir='ltr'>τῷ</span> <span class='ocrx_word' id='word_1_269' title='bbox 2052 2008 2219 2078; x_wconf 87' lang='grc' dir='ltr'>τάτην</span> <span class='ocrx_word' id='word_1_270' title='bbox 2270 2006 2505 2079; x_wconf 85' lang='grc' dir='ltr'>τετράδα</span> <span class='ocrx_word' id='word_1_271' title='bbox 2552 2005 2727 2078; x_wconf 86' lang='grc' dir='ltr'>τούτῳ</span> <span class='ocrx_word' id='word_1_272' title='bbox 2778 2008 2924 2078; x_wconf 84' lang='grc' dir='ltr'>μόνῳ</span> <span class='ocrx_word' id='word_1_273' title='bbox 2954 2005 3314 2078; x_wconf 85' lang='grc' dir='ltr'>διηγήσασθαι</span> <span class='ocrx_word' id='word_1_274' title='bbox 3345 2005 3517 2069; x_wconf 76' lang='grc' dir='ltr'>οὕτως</span> <span class='ocrx_word' id='word_1_275' title='bbox 3555 2008 3632 2059; x_wconf 84' lang='grc' dir='ltr'><strong>εἰ-</strong></span> 
     </span>
    </p>
   </div>
   <div class='ocr_carea' id='block_1_27' title="bbox 338 2097 1941 2170">
    <p class='ocr_par' dir='ltr' id='par_1_27' title="bbox 338 2097 1941 2170">
     <span class='ocr_line' id='line_1_27' title="bbox 338 2097 1941 2170; baseline 0.004 -21"><span class='ocrx_word' id='word_1_276' title='bbox 338 2097 699 2168; x_wconf 74' lang='grc' dir='ltr'>Ἂποστόλῳ,</span> <span class='ocrx_word' id='word_1_277' title='bbox 763 2101 904 2153; x_wconf 74' lang='grc' dir='ltr'>κατὰ</span> <span class='ocrx_word' id='word_1_278' title='bbox 954 2098 1052 2170; x_wconf 83' lang='grc' dir='ltr'>τὴν</span> <span class='ocrx_word' id='word_1_279' title='bbox 1096 2099 1373 2154; x_wconf 79' lang='grc' dir='ltr'>διακονίαν</span> <span class='ocrx_word' id='word_1_280' title='bbox 1418 2101 1527 2155; x_wconf 86' lang='grc' dir='ltr'><strong>τῶν</strong></span> <span class='ocrx_word' id='word_1_281' title='bbox 1589 2101 1758 2155; x_wconf 77' lang='grc' dir='ltr'>ἐθνῶν</span> <span class='ocrx_word' id='word_1_282' title='bbox 1781 2143 1795 2168; x_wconf 92' lang='grc'><strong>,</strong></span> <span class='ocrx_word' id='word_1_283' title='bbox 1862 2102 1941 2157; x_wconf 63' lang='lat' dir='ltr'><strong>sin</strong></span> 
     </span>
    </p>
   </div>
   <div class='ocr_carea' id='block_1_28' title="bbox 2043 2097 3623 2170">
    <p class='ocr_par' dir='ltr' id='par_1_28' title="bbox 2052 2099 3623 2170">
     <span class='ocr_line' id='line_1_28' title="bbox 2052 2099 3623 2170; baseline 0 -17"><span class='ocrx_word' id='word_1_284' title='bbox 2052 2099 2283 2153; x_wconf 80' lang='grc' dir='ltr'>ποῦσαν.</span> <span class='ocrx_word' id='word_1_285' title='bbox 2320 2101 2438 2155; x_wconf 91' lang='lat' dir='ltr'><strong>lmo</strong></span> <span class='ocrx_word' id='word_1_286' title='bbox 2458 2101 2898 2170; x_wconf 85' lang='lat' dir='ltr'><strong>quotiescunque</strong></span> <span class='ocrx_word' id='word_1_287' title='bbox 2938 2100 3177 2169; x_wconf 87' lang='lat' dir='ltr'><strong>aliquam</strong></span> <span class='ocrx_word' id='word_1_288' title='bbox 3209 2101 3535 2154; x_wconf 85' lang='lat' dir='ltr'><strong>sententiam</strong></span> <span class='ocrx_word' id='word_1_289' title='bbox 3560 2116 3623 2154; x_wconf 75' lang='lat' dir='ltr'><strong>ex</strong></span> 
     </span>
    </p>
   </div>
   <div class='ocr_carea' id='block_1_29' title="bbox 322 2189 1941 2268">
    <p class='ocr_par' dir='ltr' id='par_1_29' title="bbox 322 2189 1941 2268">
     <span class='ocr_line' id='line_1_29' title="bbox 322 2189 1941 2268; baseline 0.004 -26"><span class='ocrx_word' id='word_1_290' title='bbox 322 2189 525 2257; x_wconf 73' lang='grc' dir='ltr'>λόγον·</span> <span class='ocrx_word' id='word_1_291' title='bbox 570 2210 590 2242; x_wconf 71' lang='grc' dir='ltr'><strong>ι</strong></span> <span class='ocrx_word' id='word_1_292' title='bbox 630 2190 1068 2263; x_wconf 82' lang='grc' dir='ltr'>Ἀπλούστερον,</span> <span class='ocrx_word' id='word_1_293' title='bbox 1128 2194 1325 2263; x_wconf 66' lang='grc' dir='ltr'>φησιν,</span> <span class='ocrx_word' id='word_1_294' title='bbox 1384 2194 1514 2264; x_wconf 86' lang='grc' dir='ltr'>ὑμῖν</span> <span class='ocrx_word' id='word_1_295' title='bbox 1576 2195 1809 2268; x_wconf 80' lang='grc' dir='ltr'>γράφω,</span> <span class='ocrx_word' id='word_1_296' title='bbox 1864 2196 1941 2249; x_wconf 82' lang='grc' dir='ltr'>ἵνα</span> 
     </span>
    </p>
   </div>
   <div class='ocr_carea' id='block_1_30' title="bbox 2043 2189 3631 2268">
    <p class='ocr_par' dir='ltr' id='par_1_30' title="bbox 2052 2192 3631 2263">
     <span class='ocr_line' id='line_1_30' title="bbox 2052 2192 3631 2263; baseline 0 -16"><span class='ocrx_word' id='word_1_297' title='bbox 2052 2193 2321 2263; x_wconf 84' lang='lat' dir='ltr'><strong>scriptore</strong></span> <span class='ocrx_word' id='word_1_298' title='bbox 2342 2192 2526 2262; x_wconf 87' lang='lat' dir='ltr'><strong>aliquo</strong></span> <span class='ocrx_word' id='word_1_299' title='bbox 2554 2193 2820 2247; x_wconf 86' lang='lat' dir='ltr'><strong>Irenaeum</strong></span> <span class='ocrx_word' id='word_1_300' title='bbox 2847 2193 3047 2247; x_wconf 88' lang='lat' dir='ltr'><strong>citasse</strong></span> <span class='ocrx_word' id='word_1_301' title='bbox 3075 2192 3383 2259; x_wconf 80' lang='lat' dir='ltr'><strong>observavi,</strong></span> <span class='ocrx_word' id='word_1_302' title='bbox 3416 2208 3631 2262; x_wconf 82' lang='lat' dir='ltr'><strong>semper</strong></span> 
     </span>
    </p>
   </div>
   <div class='ocr_carea' id='block_1_31' title="bbox 328 2279 1941 2357">
    <p class='ocr_par' dir='ltr' id='par_1_31' title="bbox 328 2279 1941 2357">
     <span class='ocr_line' id='line_1_31' title="bbox 328 2279 1941 2357; baseline 0.003 -22"><span class='ocrx_word' id='word_1_303' title='bbox 328 2284 609 2353; x_wconf 78' lang='grc' dir='ltr'>συνξητε,</span> <span class='ocrx_word' id='word_1_304' title='bbox 667 2302 686 2334; x_wconf 74' lang='grc' dir='ltr'><strong>ι</strong></span> <span class='ocrx_word' id='word_1_305' title='bbox 726 2279 825 2337; x_wconf 80' lang='grc' dir='ltr'>εἷθ’</span> <span class='ocrx_word' id='word_1_306' title='bbox 861 2283 1072 2348; x_wconf 77' lang='grc' dir='ltr'>ὑποϐὰς</span> <span class='ocrx_word' id='word_1_307' title='bbox 1108 2284 1208 2356; x_wconf 70' lang='grc' dir='ltr'><strong>ἢδη</strong></span> <span class='ocrx_word' id='word_1_308' title='bbox 1268 2285 1599 2357; x_wconf 79' lang='grc' dir='ltr'>σαφέστερον</span> <span class='ocrx_word' id='word_1_309' title='bbox 1647 2288 1941 2357; x_wconf 82' lang='grc' dir='ltr'>γνωστικῆς</span> 
     </span>
    </p>
   </div>
   <div class='ocr_carea' id='block_1_32' title="bbox 2043 2279 3628 2357">
    <p class='ocr_par' dir='ltr' id='par_1_32' title="bbox 2050 2283 3628 2353">
     <span class='ocr_line' id='line_1_32' title="bbox 2050 2283 3628 2353; baseline -0.001 -15"><span class='ocrx_word' id='word_1_310' title='bbox 2050 2299 2175 2339; x_wconf 90' lang='lat' dir='ltr'><strong>eum</strong></span> <span class='ocrx_word' id='word_1_311' title='bbox 2212 2299 2400 2338; x_wconf 90' lang='lat' dir='ltr'><strong>vocem</strong></span> <span class='ocrx_word' id='word_1_312' title='bbox 2451 2283 2601 2337; x_wconf 88' lang='lat' dir='ltr'><strong>illam</strong></span> <span class='ocrx_word' id='word_1_313' title='bbox 2646 2283 2815 2350; x_wconf 77' lang='lat' dir='ltr'><strong>dixit,</strong></span> <span class='ocrx_word' id='word_1_314' title='bbox 2854 2299 3135 2353; x_wconf 89' lang='lat' dir='ltr'><strong>nunquam</strong></span> <span class='ocrx_word' id='word_1_315' title='bbox 3184 2294 3366 2338; x_wconf 90' lang='lat' dir='ltr'><strong>autem</strong></span> <span class='ocrx_word' id='word_1_316' title='bbox 3401 2284 3628 2337; x_wconf 86' lang='lat' dir='ltr'><strong>alteram</strong></span> 
     </span>
    </p>
   </div>
   <div class='ocr_carea' id='block_1_33' title="bbox 326 2374 1941 2447">
    <p class='ocr_par' dir='ltr' id='par_1_33' title="bbox 326 2375 1941 2447">
     <span class='ocr_line' id='line_1_33' title="bbox 326 2375 1941 2447; baseline 0.004 -20"><span class='ocrx_word' id='word_1_317' title='bbox 326 2376 710 2447; x_wconf 72' lang='grc' dir='ltr'>παραδόσεως</span> <span class='ocrx_word' id='word_1_318' title='bbox 747 2375 893 2445; x_wconf 83' lang='grc' dir='ltr'>ῐχνος</span> <span class='ocrx_word' id='word_1_319' title='bbox 926 2376 1362 2447; x_wconf 83' lang='grc' dir='ltr'>παρατιθέμενος</span> <span class='ocrx_word' id='word_1_320' title='bbox 1385 2376 1553 2445; x_wconf 80' lang='grc' dir='ltr'>λέγει.</span> <span class='ocrx_word' id='word_1_321' title='bbox 1588 2378 1667 2431; x_wconf 88' lang='lat' dir='ltr'><strong>lta</strong></span> <span class='ocrx_word' id='word_1_322' title='bbox 1699 2375 1941 2434; x_wconf 76' lang='lat' dir='ltr'><strong>Clemens</strong></span> 
     </span>
    </p>
   </div>
   <div class='ocr_carea' id='block_1_34' title="bbox 2043 2374 3627 2447">
    <p class='ocr_par' dir='ltr' id='par_1_34' title="bbox 2050 2374 3627 2444">
     <span class='ocr_line' id='line_1_34' title="bbox 2050 2374 3627 2444; baseline 0 -16"><span class='ocrx_word' id='word_1_323' title='bbox 2050 2375 2263 2444; x_wconf 83' lang='lat' dir='ltr'><strong>scripsit</strong></span> <span class='ocrx_word' id='word_1_324' title='bbox 2298 2391 2595 2444; x_wconf 89' lang='lat' dir='ltr'><strong>usurpasse</strong></span> <span class='ocrx_word' id='word_1_325' title='bbox 2626 2375 3011 2431; x_wconf 83' lang='lat' dir='ltr'><strong>animadverti.</strong></span> <span class='ocrx_word' id='word_1_326' title='bbox 3045 2374 3266 2430; x_wconf 89' lang='lat' dir='ltr'><strong>Nullum</strong></span> <span class='ocrx_word' id='word_1_327' title='bbox 3294 2376 3518 2430; x_wconf 90' lang='lat' dir='ltr'><strong>omnino</strong></span> <span class='ocrx_word' id='word_1_328' title='bbox 3550 2377 3627 2429; x_wconf 79' lang='lat' dir='ltr'><strong>lu-</strong></span> 
     </span>
    </p>
   </div>
   <div class='ocr_carea' id='block_1_35' title="bbox 337 2463 3627 2539">
    <p class='ocr_par' dir='ltr' id='par_1_35' title="bbox 337 2463 3627 2539">
     <span class='ocr_line' id='line_1_35' title="bbox 337 2463 3627 2539; baseline 0.002 -23"><span class='ocrx_word' id='word_1_329' title='bbox 337 2464 672 2520; x_wconf 83' lang='lat' dir='ltr'><strong>Barnabam</strong></span> <span class='ocrx_word' id='word_1_330' title='bbox 710 2464 884 2518; x_wconf 86' lang='lat' dir='ltr'><strong>multa</strong></span> <span class='ocrx_word' id='word_1_331' title='bbox 917 2464 1147 2530; x_wconf 73' lang='lat' dir='ltr'><strong>dixisse,</strong></span> <span class='ocrx_word' id='word_1_332' title='bbox 1184 2479 1285 2518; x_wconf 89' lang='lat' dir='ltr'><strong>nec</strong></span> <span class='ocrx_word' id='word_1_333' title='bbox 1319 2463 1526 2532; x_wconf 83' lang='lat' dir='ltr'><strong>aliquid</strong></span> <span class='ocrx_word' id='word_1_334' title='bbox 1553 2463 1843 2532; x_wconf 86' lang='lat' dir='ltr'><strong>scripsisse</strong></span> <span class='ocrx_word' id='word_1_335' title='bbox 1869 2472 1952 2519; x_wconf 81' lang='lat' dir='ltr'><strong>te-</strong></span> <span class='ocrx_word' id='word_1_336' title='bbox 2049 2484 2174 2525; x_wconf 89' lang='lat' dir='ltr'><strong>cum</strong></span> <span class='ocrx_word' id='word_1_337' title='bbox 2228 2484 2260 2523; x_wconf 92' lang='lat' dir='ltr'><strong>e</strong></span> <span class='ocrx_word' id='word_1_338' title='bbox 2304 2470 2581 2523; x_wconf 86' lang='lat' dir='ltr'><strong>contrario</strong></span> <span class='ocrx_word' id='word_1_339' title='bbox 2627 2468 2847 2523; x_wconf 88' lang='lat' dir='ltr'><strong>adducit</strong></span> <span class='ocrx_word' id='word_1_340' title='bbox 2879 2468 3142 2534; x_wconf 85' lang='lat' dir='ltr'><strong>Dallaeus,</strong></span> <span class='ocrx_word' id='word_1_341' title='bbox 3192 2485 3361 2524; x_wconf 90' lang='lat' dir='ltr'><strong>unum</strong></span> <span class='ocrx_word' id='word_1_342' title='bbox 3405 2470 3627 2539; x_wconf 88' lang='lat' dir='ltr'><strong>quidem</strong></span> 
     </span>
    </p>
   </div>
   <div class='ocr_carea' id='block_1_36' title="bbox 331 2554 3628 2629">
    <p class='ocr_par' dir='ltr' id='par_1_36' title="bbox 331 2554 3628 2629">
     <span class='ocr_line' id='line_1_36' title="bbox 331 2554 3628 2629; baseline 0.001 -18"><span class='ocrx_word' id='word_1_343' title='bbox 331 2566 555 2621; x_wconf 82' lang='lat' dir='ltr'><strong>statur,</strong></span> <span class='ocrx_word' id='word_1_344' title='bbox 588 2572 719 2611; x_wconf 88' lang='lat' dir='ltr'><strong>cum</strong></span> <span class='ocrx_word' id='word_1_345' title='bbox 756 2564 941 2610; x_wconf 82' lang='lat' dir='ltr'><strong>tamen</strong></span> <span class='ocrx_word' id='word_1_346' title='bbox 992 2571 1057 2610; x_wconf 89' lang='lat' dir='ltr'><strong>ea</strong></span> <span class='ocrx_word' id='word_1_347' title='bbox 1094 2554 1279 2609; x_wconf 88' lang='lat' dir='ltr'><strong>omnia</strong></span> <span class='ocrx_word' id='word_1_348' title='bbox 1321 2555 1376 2608; x_wconf 93' lang='lat' dir='ltr'><strong>in</strong></span> <span class='ocrx_word' id='word_1_349' title='bbox 1416 2554 1645 2625; x_wconf 86' lang='lat' dir='ltr'><strong>epistola</strong></span> <span class='ocrx_word' id='word_1_350' title='bbox 1688 2554 1952 2611; x_wconf 67' lang='lat' dir='ltr'><strong>Barnabas</strong></span> <span class='ocrx_word' id='word_1_351' title='bbox 2049 2558 2342 2623; x_wconf 81' lang='lat' dir='ltr'><strong>Parkerus,</strong></span> <span class='ocrx_word' id='word_1_352' title='bbox 2375 2559 2471 2614; x_wconf 89' lang='lat' dir='ltr'><strong>sed</strong></span> <span class='ocrx_word' id='word_1_353' title='bbox 2502 2558 2901 2614; x_wconf 82' lang='lat' dir='ltr'><strong>infelicissime.</strong></span> <span class='ocrx_word' id='word_1_354' title='bbox 2935 2557 3070 2613; x_wconf 87' lang='lat' dir='ltr'><strong>Nam</strong></span> <span class='ocrx_word' id='word_1_355' title='bbox 3104 2560 3318 2629; x_wconf 89' lang='lat' dir='ltr'><strong>inquit:</strong></span> <span class='ocrx_word' id='word_1_356' title='bbox 3350 2559 3481 2616; x_wconf 86' lang='lat' dir='ltr'><strong>Cum</strong></span> <span class='ocrx_word' id='word_1_357' title='bbox 3504 2558 3628 2614; x_wconf 82' lang='lat' dir='ltr'><strong>Cle-</strong></span> 
     </span>
    </p>
   </div>
   <div class='ocr_carea' id='block_1_37' title="bbox 333 2646 3628 2720">
    <p class='ocr_par' dir='ltr' id='par_1_37' title="bbox 333 2646 3628 2720">
     <span class='ocr_line' id='line_1_37' title="bbox 333 2646 3628 2720; baseline 0.001 -18"><span class='ocrx_word' id='word_1_358' title='bbox 333 2648 617 2703; x_wconf 84' lang='lat' dir='ltr'><strong>attributa</strong></span> <span class='ocrx_word' id='word_1_359' title='bbox 669 2656 929 2712; x_wconf 79' lang='lat' dir='ltr'><strong>exstent,</strong></span> <span class='ocrx_word' id='word_1_360' title='bbox 968 2662 1070 2701; x_wconf 87' lang='lat' dir='ltr'><strong>nec</strong></span> <span class='ocrx_word' id='word_1_361' title='bbox 1115 2646 1182 2701; x_wconf 88' lang='lat' dir='ltr'><strong>ad</strong></span> <span class='ocrx_word' id='word_1_362' title='bbox 1235 2646 1703 2717; x_wconf 78' lang='lat' dir='ltr'><strong>apophthegmata</strong></span> <span class='ocrx_word' id='word_1_363' title='bbox 1758 2647 1950 2703; x_wconf 82' lang='lat' dir='ltr'><strong>referri</strong></span> <span class='ocrx_word' id='word_1_364' title='bbox 2050 2658 2273 2704; x_wconf 81' lang='lat' dir='ltr'><strong>mentem</strong></span> <span class='ocrx_word' id='word_1_365' title='bbox 2293 2650 2741 2717; x_wconf 88' lang='lat' dir='ltr'><strong>citat,utiturhac</strong></span> <span class='ocrx_word' id='word_1_366' title='bbox 2762 2666 2903 2717; x_wconf 86' lang='lat' dir='ltr'><strong>voce,</strong></span> <span class='ocrx_word' id='word_1_367' title='bbox 2931 2651 3168 2720; x_wconf 83' lang='lat' dir='ltr'><strong>scripsit.</strong></span> <span class='ocrx_word' id='word_1_368' title='bbox 3198 2651 3303 2705; x_wconf 82' lang='lat' dir='ltr'><strong>Sed</strong></span> <span class='ocrx_word' id='word_1_369' title='bbox 3329 2652 3628 2720; x_wconf 83' lang='lat' dir='ltr'><strong>quomodo,</strong></span> 
     </span>
    </p>
   </div>
   <div class='ocr_carea' id='block_1_38' title="bbox 336 2737 1948 2809">
    <p class='ocr_par' dir='ltr' id='par_1_38' title="bbox 336 2737 1948 2809">
     <span class='ocr_line' id='line_1_38' title="bbox 336 2737 1948 2809; baseline 0 -16"><span class='ocrx_word' id='word_1_370' title='bbox 336 2750 611 2809; x_wconf 86' lang='lat' dir='ltr'><strong>possunt.</strong></span> <span class='ocrx_word' id='word_1_371' title='bbox 648 2737 744 2792; x_wconf 85' lang='lat' dir='ltr'><strong>Sic</strong></span> <span class='ocrx_word' id='word_1_372' title='bbox 770 2737 993 2793; x_wconf 75' lang='lat' dir='ltr'><strong>Veteres</strong></span> <span class='ocrx_word' id='word_1_373' title='bbox 1026 2752 1223 2792; x_wconf 90' lang='lat' dir='ltr'><strong>omnes</strong></span> <span class='ocrx_word' id='word_1_374' title='bbox 1245 2737 1411 2791; x_wconf 86' lang='lat' dir='ltr'><strong>locuti</strong></span> <span class='ocrx_word' id='word_1_375' title='bbox 1440 2748 1587 2792; x_wconf 90' lang='lat' dir='ltr'><strong>sunt.</strong></span> <span class='ocrx_word' id='word_1_376' title='bbox 1624 2739 1682 2790; x_wconf 91' lang='lat' dir='ltr'><strong>ln</strong></span> <span class='ocrx_word' id='word_1_377' title='bbox 1699 2739 1948 2793; x_wconf 90' lang='lat' dir='ltr'><strong>eumdem</strong></span> 
     </span>
    </p>
   </div>
   <div class='ocr_carea' id='block_1_39' title="bbox 337 2828 1951 2899">
    <p class='ocr_par' dir='ltr' id='par_1_39' title="bbox 337 2828 1951 2899">
     <span class='ocr_line' id='line_1_39' title="bbox 337 2828 1951 2899; baseline 0 -14"><span class='ocrx_word' id='word_1_378' title='bbox 337 2833 578 2887; x_wconf 89' lang='lat' dir='ltr'><strong>modum</strong></span> <span class='ocrx_word' id='word_1_379' title='bbox 614 2831 841 2899; x_wconf 82' lang='lat' dir='ltr'><strong>scripsit</strong></span> <span class='ocrx_word' id='word_1_380' title='bbox 884 2828 1182 2895; x_wconf 80' lang='lat' dir='ltr'><strong>Eusebius,</strong></span> <span class='ocrx_word' id='word_1_381' title='bbox 1220 2829 1273 2882; x_wconf 93' lang='lat' dir='ltr'><strong>in</strong></span> <span class='ocrx_word' id='word_1_382' title='bbox 1300 2844 1466 2899; x_wconf 90' lang='lat' dir='ltr'><strong>quem</strong></span> <span class='ocrx_word' id='word_1_383' title='bbox 1514 2829 1811 2899; x_wconf 88' lang='lat' dir='ltr'><strong>scripserat</strong></span> <span class='ocrx_word' id='word_1_384' title='bbox 1840 2832 1951 2885; x_wconf 86' lang='lat' dir='ltr'><strong>Ire-</strong></span> 
     </span>
    </p>
   </div>
   <div class='ocr_carea' id='block_1_40' title="bbox 338 2920 1951 2992">
    <p class='ocr_par' dir='ltr' id='par_1_40' title="bbox 338 2920 1951 2992">
     <span class='ocr_line' id='line_1_40' title="bbox 338 2920 1951 2992; baseline 0 -15"><span class='ocrx_word' id='word_1_385' title='bbox 338 2939 523 2979; x_wconf 71' lang='lat' dir='ltr'><strong>nzeus.</strong></span> <span class='ocrx_word' id='word_1_386' title='bbox 560 2922 663 2976; x_wconf 87' lang='lat' dir='ltr'><strong>llic</strong></span> <span class='ocrx_word' id='word_1_387' title='bbox 695 2939 710 2973; x_wconf 72' lang='grc' dir='ltr'>ε</span> <span class='ocrx_word' id='word_1_388' title='bbox 744 2922 984 2976; x_wconf 77' lang='lat' dir='ltr'><strong>Meminit</strong></span> <span class='ocrx_word' id='word_1_389' title='bbox 1009 2920 1356 2991; x_wconf 85' lang='lat' dir='ltr'><strong>epistularum</strong></span> <span class='ocrx_word' id='word_1_390' title='bbox 1380 2920 1583 2992; x_wconf 87' lang='lat' dir='ltr'><strong>Ignatii</strong></span> <span class='ocrx_word' id='word_1_391' title='bbox 1615 2920 1850 2977; x_wconf 74' lang='lat' dir='ltr'><strong>Irenwus</strong></span> <span class='ocrx_word' id='word_1_392' title='bbox 1870 2924 1951 2977; x_wconf 90' lang='lat' dir='ltr'><strong>ita</strong></span> 
     </span>
    </p>
   </div>
   <div class='ocr_carea' id='block_1_41' title="bbox 338 3012 1946 3081">
    <p class='ocr_par' dir='ltr' id='par_1_41' title="bbox 338 3012 1946 3081">
     <span class='ocr_line' id='line_1_41' title="bbox 338 3012 1946 3081; baseline 0.001 -14"><span class='ocrx_word' id='word_1_393' title='bbox 338 3016 556 3081; x_wconf 86' lang='lat' dir='ltr'><strong>dicens,</strong></span> <span class='ocrx_word' id='word_1_394' title='bbox 599 3015 654 3069; x_wconf 88' lang='lat' dir='ltr'><strong>id</strong></span> <span class='ocrx_word' id='word_1_395' title='bbox 688 3023 777 3070; x_wconf 84' lang='lat' dir='ltr'><strong>est</strong></span> <span class='ocrx_word' id='word_1_396' title='bbox 863 3012 1135 3077; x_wconf 70' lang='lat' dir='ltr'><strong>scribens;</strong></span> <span class='ocrx_word' id='word_1_397' title='bbox 1180 3014 1271 3068; x_wconf 89' lang='lat' dir='ltr'><strong>ille</strong></span> <span class='ocrx_word' id='word_1_398' title='bbox 1310 3033 1322 3067; x_wconf 89' lang='lat'>:</span> <span class='ocrx_word' id='word_1_399' title='bbox 1366 3013 1600 3078; x_wconf 81' lang='lat' dir='ltr'><strong>Quidam</strong></span> <span class='ocrx_word' id='word_1_400' title='bbox 1645 3015 1710 3069; x_wconf 89' lang='lat' dir='ltr'><strong>de</strong></span> <span class='ocrx_word' id='word_1_401' title='bbox 1749 3015 1946 3069; x_wconf 82' lang='lat' dir='ltr'><strong>nostris</strong></span> 
     </span>
    </p>
   </div>
   <div class='ocr_carea' id='block_1_42' title="bbox 336 3102 1950 3175">
    <p class='ocr_par' dir='ltr' id='par_1_42' title="bbox 336 3102 1950 3175">
     <span class='ocr_line' id='line_1_42' title="bbox 336 3102 1950 3175; baseline 0.002 -18"><span class='ocrx_word' id='word_1_402' title='bbox 336 3108 512 3171; x_wconf 69' lang='lat' dir='ltr'><strong>dixit,</strong></span> <span class='ocrx_word' id='word_1_403' title='bbox 550 3105 602 3159; x_wconf 93' lang='lat' dir='ltr'><strong>id</strong></span> <span class='ocrx_word' id='word_1_404' title='bbox 635 3115 722 3159; x_wconf 90' lang='lat' dir='ltr'><strong>est</strong></span> <span class='ocrx_word' id='word_1_405' title='bbox 771 3105 1006 3172; x_wconf 86' lang='lat' dir='ltr'><strong>scripsit.</strong></span> <span class='ocrx_word' id='word_1_406' title='bbox 1039 3102 1190 3159; x_wconf 82' lang='lat' dir='ltr'><strong>Adeo</strong></span> <span class='ocrx_word' id='word_1_407' title='bbox 1226 3104 1354 3158; x_wconf 92' lang='lat' dir='ltr'><strong>huic</strong></span> <span class='ocrx_word' id='word_1_408' title='bbox 1386 3104 1573 3175; x_wconf 89' lang='lat' dir='ltr'><strong>phrasi</strong></span> <span class='ocrx_word' id='word_1_409' title='bbox 1599 3104 1848 3160; x_wconf 88' lang='lat' dir='ltr'><strong>addictus</strong></span> <span class='ocrx_word' id='word_1_410' title='bbox 1864 3113 1950 3160; x_wconf 89' lang='lat' dir='ltr'><strong>est</strong></span> 
     </span>
    </p>
   </div>
   <div class='ocr_carea' id='block_1_43' title="bbox 339 3193 1939 3263">
    <p class='ocr_par' dir='ltr' id='par_1_43' title="bbox 339 3193 1939 3263">
     <span class='ocr_line' id='line_1_43' title="bbox 339 3193 1939 3263; baseline 0 -14"><span class='ocrx_word' id='word_1_411' title='bbox 339 3203 619 3261; x_wconf 72' lang='lat' dir='ltr'><strong>tremens,</strong></span> <span class='ocrx_word' id='word_1_412' title='bbox 660 3204 719 3248; x_wconf 91' lang='lat' dir='ltr'><strong>ut</strong></span> <span class='ocrx_word' id='word_1_413' title='bbox 757 3195 1099 3263; x_wconf 84' lang='lat' dir='ltr'><strong>Scripturam</strong></span> <span class='ocrx_word' id='word_1_414' title='bbox 1130 3193 1303 3260; x_wconf 85' lang='lat' dir='ltr'><strong>ipsam</strong></span> <span class='ocrx_word' id='word_1_415' title='bbox 1336 3194 1511 3247; x_wconf 85' lang='lat' dir='ltr'><strong>dicere</strong></span> <span class='ocrx_word' id='word_1_416' title='bbox 1558 3194 1789 3250; x_wconf 86' lang='lat' dir='ltr'><strong>scribat.</strong></span> <span class='ocrx_word' id='word_1_417' title='bbox 1821 3194 1939 3249; x_wconf 88' lang='lat' dir='ltr'><strong>Lib.</strong></span> 
     </span>
    </p>
   </div>
   <div class='ocr_carea' id='block_1_44' title="bbox 339 3285 1944 3358">
    <p class='ocr_par' dir='ltr' id='par_1_44' title="bbox 339 3285 1944 3358">
     <span class='ocr_line' id='line_1_44' title="bbox 339 3285 1944 3358; baseline -0.001 -15"><span class='ocrx_word' id='word_1_418' title='bbox 339 3306 411 3353; x_wconf 86' lang='lat' dir='ltr'><strong>II,</strong></span> <span class='ocrx_word' id='word_1_419' title='bbox 445 3305 571 3358; x_wconf 86' lang='lat' dir='ltr'><strong>cap.</strong></span> <span class='ocrx_word' id='word_1_420' title='bbox 600 3288 678 3340; x_wconf 58' lang='grc' dir='ltr'><strong>ἓξ</strong></span> <span class='ocrx_word' id='word_1_421' title='bbox 724 3287 789 3339; x_wconf 86' lang='lat' dir='ltr'><strong>Et</strong></span> <span class='ocrx_word' id='word_1_422' title='bbox 815 3288 901 3340; x_wconf 89' lang='lat' dir='ltr'><strong>hic</strong></span> <span class='ocrx_word' id='word_1_423' title='bbox 927 3303 1052 3357; x_wconf 89' lang='lat' dir='ltr'><strong>ergo</strong></span> <span class='ocrx_word' id='word_1_424' title='bbox 1086 3303 1119 3339; x_wconf 90' lang='lat' dir='ltr'><strong>a</strong></span> <span class='ocrx_word' id='word_1_425' title='bbox 1159 3285 1324 3340; x_wconf 85' lang='lat' dir='ltr'><strong>Verbo</strong></span> <span class='ocrx_word' id='word_1_426' title='bbox 1348 3288 1464 3357; x_wconf 87' lang='lat' dir='ltr'><strong>ejus</strong></span> <span class='ocrx_word' id='word_1_427' title='bbox 1496 3287 1670 3356; x_wconf 76' lang='lat' dir='ltr'><strong>factus</strong></span> <span class='ocrx_word' id='word_1_428' title='bbox 1698 3300 1798 3353; x_wconf 88' lang='lat' dir='ltr'><strong>est,</strong></span> <span class='ocrx_word' id='word_1_429' title='bbox 1837 3289 1944 3343; x_wconf 89' lang='lat' dir='ltr'><strong>sic-</strong></span> 
     </span>
    </p>
   </div>
   <div class='ocr_carea' id='block_1_45' title="bbox 2050 2741 3630 2814">
    <p class='ocr_par' dir='ltr' id='par_1_45' title="bbox 2050 2741 3630 2814">
     <span class='ocr_line' id='line_1_45' title="bbox 2050 2741 3630 2814; baseline 0.001 -18"><span class='ocrx_word' id='word_1_430' title='bbox 2050 2757 2261 2812; x_wconf 72' lang='lat' dir='ltr'><strong>quseso,</strong></span> <span class='ocrx_word' id='word_1_431' title='bbox 2291 2743 2502 2798; x_wconf 86' lang='lat' dir='ltr'><strong>utitur?</strong></span> <span class='ocrx_word' id='word_1_432' title='bbox 2530 2741 2705 2798; x_wconf 84' lang='lat' dir='ltr'><strong>Verba</strong></span> <span class='ocrx_word' id='word_1_433' title='bbox 2730 2743 2851 2811; x_wconf 86' lang='lat' dir='ltr'><strong>ejus</strong></span> <span class='ocrx_word' id='word_1_434' title='bbox 2878 2752 3007 2798; x_wconf 90' lang='lat' dir='ltr'><strong>sunt</strong></span> <span class='ocrx_word' id='word_1_435' title='bbox 3033 2743 3128 2800; x_wconf 85' lang='lat' dir='ltr'><strong>lib.</strong></span> <span class='ocrx_word' id='word_1_436' title='bbox 3157 2760 3214 2797; x_wconf 86' lang='grc' dir='ltr'><strong>ιιι</strong></span> <span class='ocrx_word' id='word_1_437' title='bbox 3237 2761 3390 2814; x_wconf 88' lang='lat' dir='ltr'><strong>,cap.</strong></span> <span class='ocrx_word' id='word_1_438' title='bbox 3413 2745 3447 2799; x_wconf 80' lang='grc'>5</span> <span class='ocrx_word' id='word_1_439' title='bbox 3481 2762 3493 2797; x_wconf 90' lang='lat'><strong><em>:</em></strong></span> <span class='ocrx_word' id='word_1_440' title='bbox 3520 2744 3630 2800; x_wconf 84' lang='lat' dir='ltr'><strong>Sub</strong></span> 
     </span>
    </p>
   </div>
   <div class='ocr_carea' id='block_1_46' title="bbox 2049 2834 3629 2906">
    <p class='ocr_par' dir='ltr' id='par_1_46' title="bbox 2049 2834 3629 2906">
     <span class='ocr_line' id='line_1_46' title="bbox 2049 2834 3629 2906; baseline 0.003 -19"><span class='ocrx_word' id='word_1_441' title='bbox 2049 2834 2146 2888; x_wconf 86' lang='lat' dir='ltr'><strong>hoc</strong></span> <span class='ocrx_word' id='word_1_442' title='bbox 2185 2835 2351 2905; x_wconf 87' lang='lat' dir='ltr'><strong>igitur</strong></span> <span class='ocrx_word' id='word_1_443' title='bbox 2384 2834 2648 2891; x_wconf 85' lang='lat' dir='ltr'><strong>Clemente</strong></span> <span class='ocrx_word' id='word_1_444' title='bbox 2677 2838 2891 2905; x_wconf 87' lang='lat' dir='ltr'><strong>scripsit</strong></span> <span class='ocrx_word' id='word_1_445' title='bbox 2923 2852 3041 2906; x_wconf 71' lang='lat' dir='ltr'><strong>quae</strong></span> <span class='ocrx_word' id='word_1_446' title='bbox 3073 2846 3149 2890; x_wconf 87' lang='lat' dir='ltr'><strong>est</strong></span> <span class='ocrx_word' id='word_1_447' title='bbox 3185 2836 3364 2892; x_wconf 66' lang='lat' dir='ltr'><strong>Romae</strong></span> <span class='ocrx_word' id='word_1_448' title='bbox 3390 2836 3629 2891; x_wconf 87' lang='lat' dir='ltr'><strong>Ecclesia</strong></span> 
     </span>
    </p>
   </div>
   <div class='ocr_carea' id='block_1_47' title="bbox 2047 2923 3630 2995">
    <p class='ocr_par' dir='ltr' id='par_1_47' title="bbox 2047 2923 3630 2995">
     <span class='ocr_line' id='line_1_47' title="bbox 2047 2923 3630 2995; baseline 0 -17"><span class='ocrx_word' id='word_1_449' title='bbox 2047 2926 2442 2995; x_wconf 76' lang='lat' dir='ltr'><strong>potentissimas</strong></span> <span class='ocrx_word' id='word_1_450' title='bbox 2477 2926 2687 2979; x_wconf 82' lang='lat' dir='ltr'><strong>litteras</strong></span> <span class='ocrx_word' id='word_1_451' title='bbox 2722 2924 3033 2979; x_wconf 88' lang='lat' dir='ltr'><strong>Corinthiis.</strong></span> <span class='ocrx_word' id='word_1_452' title='bbox 3063 2923 3219 2978; x_wconf 76' lang='lat' dir='ltr'><strong>Nulla</strong></span> <span class='ocrx_word' id='word_1_453' title='bbox 3248 2924 3335 2979; x_wconf 87' lang='lat' dir='ltr'><strong>hic</strong></span> <span class='ocrx_word' id='word_1_454' title='bbox 3361 2934 3630 2979; x_wconf 40' lang='lat' dir='ltr'><strong>sententia</strong></span> 
     </span>
    </p>
   </div>
   <div class='ocr_carea' id='block_1_48' title="bbox 2048 3016 3631 3087">
    <p class='ocr_par' dir='ltr' id='par_1_48' title="bbox 2048 3016 3631 3087">
     <span class='ocr_line' id='line_1_48' title="bbox 2048 3016 3631 3087; baseline 0.001 -17"><span class='ocrx_word' id='word_1_455' title='bbox 2048 3017 2271 3082; x_wconf 90' lang='lat' dir='ltr'><strong>citatur,</strong></span> <span class='ocrx_word' id='word_1_456' title='bbox 2299 3016 2504 3071; x_wconf 88' lang='lat' dir='ltr'><strong>nullius</strong></span> <span class='ocrx_word' id='word_1_457' title='bbox 2536 3016 2780 3071; x_wconf 84' lang='lat' dir='ltr'><strong>auctoris</strong></span> <span class='ocrx_word' id='word_1_458' title='bbox 2828 3016 3201 3071; x_wconf 82' lang='lat' dir='ltr'><strong>testimonium</strong></span> <span class='ocrx_word' id='word_1_459' title='bbox 3237 3033 3306 3071; x_wconf 77' lang='lat' dir='ltr'><strong>ex</strong></span> <span class='ocrx_word' id='word_1_460' title='bbox 3340 3017 3462 3087; x_wconf 85' lang='lat' dir='ltr'><strong>ejus</strong></span> <span class='ocrx_word' id='word_1_461' title='bbox 3488 3019 3631 3071; x_wconf 89' lang='lat' dir='ltr'><strong>scri-</strong></span> 
     </span>
    </p>
   </div>
   <div class='ocr_carea' id='block_1_49' title="bbox 2047 3108 3629 3179">
    <p class='ocr_par' dir='ltr' id='par_1_49' title="bbox 2047 3108 3629 3179">
     <span class='ocr_line' id='line_1_49' title="bbox 2047 3108 3629 3179; baseline 0.001 -17"><span class='ocrx_word' id='word_1_462' title='bbox 2047 3109 2154 3179; x_wconf 87' lang='lat' dir='ltr'><strong>ptis</strong></span> <span class='ocrx_word' id='word_1_463' title='bbox 2179 3110 2489 3175; x_wconf 84' lang='lat' dir='ltr'><strong>adducitur,</strong></span> <span class='ocrx_word' id='word_1_464' title='bbox 2515 3124 2582 3163; x_wconf 92' lang='lat' dir='ltr'><strong>ne</strong></span> <span class='ocrx_word' id='word_1_465' title='bbox 2604 3108 2857 3163; x_wconf 88' lang='lat' dir='ltr'><strong>Clemens</strong></span> <span class='ocrx_word' id='word_1_466' title='bbox 2890 3109 3112 3178; x_wconf 87' lang='lat' dir='ltr'><strong>quidem</strong></span> <span class='ocrx_word' id='word_1_467' title='bbox 3145 3118 3402 3179; x_wconf 88' lang='lat' dir='ltr'><strong>tanquam</strong></span> <span class='ocrx_word' id='word_1_468' title='bbox 3436 3119 3629 3164; x_wconf 88' lang='lat' dir='ltr'><strong>auctor</strong></span> 
     </span>
    </p>
   </div>
   <div class='ocr_carea' id='block_1_50' title="bbox 2048 3199 3628 3269">
    <p class='ocr_par' dir='ltr' id='par_1_50' title="bbox 2048 3199 3628 3269">
     <span class='ocr_line' id='line_1_50' title="bbox 2048 3199 3628 3269; baseline -0.002 -13"><span class='ocrx_word' id='word_1_469' title='bbox 2048 3202 2366 3268; x_wconf 74' lang='lat' dir='ltr'><strong>advocatur,</strong></span> <span class='ocrx_word' id='word_1_470' title='bbox 2395 3211 2606 3255; x_wconf 89' lang='lat' dir='ltr'><strong>tantum</strong></span> <span class='ocrx_word' id='word_1_471' title='bbox 2634 3202 2737 3255; x_wconf 89' lang='lat' dir='ltr'><strong>sub</strong></span> <span class='ocrx_word' id='word_1_472' title='bbox 2762 3202 3039 3256; x_wconf 87' lang='lat' dir='ltr'><strong>Clemente</strong></span> <span class='ocrx_word' id='word_1_473' title='bbox 3069 3201 3271 3269; x_wconf 80' lang='lat' dir='ltr'><strong>scripta</strong></span> <span class='ocrx_word' id='word_1_474' title='bbox 3308 3199 3479 3255; x_wconf 84' lang='lat' dir='ltr'><strong>fuisse</strong></span> <span class='ocrx_word' id='word_1_475' title='bbox 3508 3201 3628 3269; x_wconf 88' lang='lat' dir='ltr'><strong>epi-</strong></span> 
     </span>
    </p>
   </div>
   <div class='ocr_carea' id='block_1_51' title="bbox 2045 3291 3627 3363">
    <p class='ocr_par' dir='ltr' id='par_1_51' title="bbox 2045 3291 3627 3363">
     <span class='ocr_line' id='line_1_51' title="bbox 2045 3291 3627 3363; baseline -0.003 -14"><span class='ocrx_word' id='word_1_476' title='bbox 2045 3294 2184 3349; x_wconf 87' lang='lat' dir='ltr'><strong>stola</strong></span> <span class='ocrx_word' id='word_1_477' title='bbox 2221 3294 2444 3359; x_wconf 90' lang='lat' dir='ltr'><strong>dicitur,</strong></span> <span class='ocrx_word' id='word_1_478' title='bbox 2479 3292 2624 3363; x_wconf 87' lang='lat' dir='ltr'><strong>quod</strong></span> <span class='ocrx_word' id='word_1_479' title='bbox 2658 3292 2726 3346; x_wconf 90' lang='lat' dir='ltr'><strong>ad</strong></span> <span class='ocrx_word' id='word_1_480' title='bbox 2760 3310 2873 3346; x_wconf 88' lang='lat' dir='ltr'><strong>rem</strong></span> <span class='ocrx_word' id='word_1_481' title='bbox 2906 3293 3067 3347; x_wconf 90' lang='lat' dir='ltr'><strong>nihil.</strong></span> <span class='ocrx_word' id='word_1_482' title='bbox 3105 3291 3331 3347; x_wconf 87' lang='lat' dir='ltr'><strong>Frustra</strong></span> <span class='ocrx_word' id='word_1_483' title='bbox 3358 3292 3627 3362; x_wconf 80' lang='lat' dir='ltr'><strong>igiturob-</strong></span> 
     </span>
    </p>
   </div>
   <div class='ocr_carea' id='block_1_52' title="bbox 340 3376 3631 3453">
    <p class='ocr_par' dir='ltr' id='par_1_52' title="bbox 340 3376 3631 3453">
     <span class='ocr_line' id='line_1_52' title="bbox 340 3376 3631 3453; baseline 0.001 -20"><span class='ocrx_word' id='word_1_484' title='bbox 340 3395 405 3433; x_wconf 82' lang='lat' dir='ltr'><strong>ut</strong></span> <span class='ocrx_word' id='word_1_485' title='bbox 454 3379 743 3448; x_wconf 83' lang='lat' dir='ltr'><strong>Scriptura</strong></span> <span class='ocrx_word' id='word_1_486' title='bbox 787 3377 1042 3433; x_wconf 83' lang='lat' dir='ltr'><strong>Geneseos</strong></span> <span class='ocrx_word' id='word_1_487' title='bbox 1082 3379 1232 3432; x_wconf 89' lang='lat' dir='ltr'><strong>dicit.</strong></span> <span class='ocrx_word' id='word_1_488' title='bbox 1268 3376 1334 3432; x_wconf 87' lang='lat' dir='ltr'><strong>Et</strong></span> <span class='ocrx_word' id='word_1_489' title='bbox 1378 3380 1446 3433; x_wconf 90' lang='lat' dir='ltr'><strong>de</strong></span> <span class='ocrx_word' id='word_1_490' title='bbox 1478 3378 1691 3433; x_wconf 69' lang='lat' dir='ltr'><strong>Hermae</strong></span> <span class='ocrx_word' id='word_1_491' title='bbox 1721 3379 1945 3436; x_wconf 84' lang='lat' dir='ltr'><strong>Pastore</strong></span> <span class='ocrx_word' id='word_1_492' title='bbox 2037 3383 2227 3453; x_wconf 89' lang='lat' dir='ltr'><strong>jicitur</strong></span> <span class='ocrx_word' id='word_1_493' title='bbox 2263 3386 2526 3440; x_wconf 71' lang='lat' dir='ltr'><strong>Irenazum</strong></span> <span class='ocrx_word' id='word_1_494' title='bbox 2578 3386 2797 3453; x_wconf 85' lang='lat' dir='ltr'><strong>quidem</strong></span> <span class='ocrx_word' id='word_1_495' title='bbox 2860 3386 3050 3440; x_wconf 88' lang='lat' dir='ltr'><strong>testari</strong></span> <span class='ocrx_word' id='word_1_496' title='bbox 3106 3385 3432 3440; x_wconf 86' lang='lat' dir='ltr'><strong>sententiam</strong></span> <span class='ocrx_word' id='word_1_497' title='bbox 3485 3386 3631 3439; x_wconf 86' lang='lat' dir='ltr'><strong>hanc</strong></span> 
     </span>
    </p>
   </div>
   <div class='ocr_carea' id='block_1_53' title="bbox 344 3469 1944 3543">
    <p class='ocr_par' dir='ltr' id='par_1_53' title="bbox 344 3469 1944 3543">
     <span class='ocr_line' id='line_1_53' title="bbox 344 3469 1944 3543; baseline -0.001 -17"><span class='ocrx_word' id='word_1_498' title='bbox 344 3475 586 3543; x_wconf 82' lang='lat' dir='ltr'><strong>loquens</strong></span> <span class='ocrx_word' id='word_1_499' title='bbox 606 3472 703 3527; x_wconf 91' lang='lat' dir='ltr'><strong>lib.</strong></span> <span class='ocrx_word' id='word_1_500' title='bbox 733 3488 806 3531; x_wconf 86' lang='lat' dir='ltr'><strong>tv.</strong></span> <span class='ocrx_word' id='word_1_501' title='bbox 836 3486 955 3540; x_wconf 86' lang='lat' dir='ltr'><strong>cap.</strong></span> <span class='ocrx_word' id='word_1_502' title='bbox 982 3471 1050 3524; x_wconf 75' lang='lat'><strong>57</strong></span> <span class='ocrx_word' id='word_1_503' title='bbox 1077 3489 1089 3524; x_wconf 91' lang='lat'>:</span> <span class='ocrx_word' id='word_1_504' title='bbox 1116 3469 1254 3524; x_wconf 64' lang='lat' dir='ltr'><strong>Bene</strong></span> <span class='ocrx_word' id='word_1_505' title='bbox 1275 3488 1397 3539; x_wconf 88' lang='lat' dir='ltr'><strong>ergo</strong></span> <span class='ocrx_word' id='word_1_506' title='bbox 1420 3471 1778 3538; x_wconf 78' lang='lat' dir='ltr'><strong>pronuntiarit</strong></span> <span class='ocrx_word' id='word_1_507' title='bbox 1798 3469 1944 3530; x_wconf 84' lang='lat' dir='ltr'><strong>Scri-</strong></span> 
     </span>
    </p>
   </div>
   <div class='ocr_carea' id='block_1_54' title="bbox 343 3562 1942 3634">
    <p class='ocr_par' dir='ltr' id='par_1_54' title="bbox 343 3562 1942 3634">
     <span class='ocr_line' id='line_1_54' title="bbox 343 3562 1942 3634; baseline 0.002 -19"><span class='ocrx_word' id='word_1_508' title='bbox 343 3575 509 3633; x_wconf 72' lang='lat' dir='ltr'><strong>ptura</strong></span> <span class='ocrx_word' id='word_1_509' title='bbox 527 3580 650 3634; x_wconf 63' lang='lat' dir='ltr'><strong>qua</strong></span> <span class='ocrx_word' id='word_1_510' title='bbox 668 3564 831 3617; x_wconf 87' lang='lat' dir='ltr'><strong>dicit:</strong></span> <span class='ocrx_word' id='word_1_511' title='bbox 856 3581 874 3612; x_wconf 81' lang='grc' dir='ltr'><strong>ι</strong></span> <span class='ocrx_word' id='word_1_512' title='bbox 902 3562 1089 3615; x_wconf 87' lang='lat' dir='ltr'><strong>Primo</strong></span> <span class='ocrx_word' id='word_1_513' title='bbox 1104 3564 1339 3614; x_wconf 91' lang='lat' dir='ltr'><strong>omnium</strong></span> <span class='ocrx_word' id='word_1_514' title='bbox 1355 3563 1505 3615; x_wconf 87' lang='lat' dir='ltr'><strong>crede</strong></span> <span class='ocrx_word' id='word_1_515' title='bbox 1537 3562 1785 3622; x_wconf 82' lang='lat' dir='ltr'><strong>quoniam</strong></span> <span class='ocrx_word' id='word_1_516' title='bbox 1806 3579 1942 3618; x_wconf 89' lang='lat' dir='ltr'><strong>unus</strong></span> 
     </span>
    </p>
   </div>
   <div class='ocr_carea' id='block_1_55' title="bbox 344 3653 1939 3723">
    <p class='ocr_par' dir='ltr' id='par_1_55' title="bbox 344 3653 1939 3723">
     <span class='ocr_line' id='line_1_55' title="bbox 344 3653 1939 3723; baseline -0.001 -13"><span class='ocrx_word' id='word_1_517' title='bbox 344 3667 429 3711; x_wconf 80' lang='lat' dir='ltr'><strong>est</strong></span> <span class='ocrx_word' id='word_1_518' title='bbox 464 3657 629 3710; x_wconf 84' lang='lat' dir='ltr'><strong>Deus.</strong></span> <span class='ocrx_word' id='word_1_519' title='bbox 670 3674 689 3707; x_wconf 75' lang='grc' dir='ltr'><strong>ι</strong></span> <span class='ocrx_word' id='word_1_520' title='bbox 718 3655 951 3721; x_wconf 84' lang='lat' dir='ltr'><strong>Quoties</strong></span> <span class='ocrx_word' id='word_1_521' title='bbox 982 3654 1311 3709; x_wconf 89' lang='lat' dir='ltr'><strong>sententiam</strong></span> <span class='ocrx_word' id='word_1_522' title='bbox 1342 3653 1721 3723; x_wconf 78' lang='lat' dir='ltr'><strong>cujuscunque</strong></span> <span class='ocrx_word' id='word_1_523' title='bbox 1750 3663 1939 3708; x_wconf 89' lang='lat' dir='ltr'><strong>aucto-</strong></span> 
     </span>
    </p>
   </div>
   <div class='ocr_carea' id='block_1_56' title="bbox 343 3746 1938 3817">
    <p class='ocr_par' dir='ltr' id='par_1_56' title="bbox 343 3746 1938 3817">
     <span class='ocr_line' id='line_1_56' title="bbox 343 3746 1938 3817; baseline -0.001 -14"><span class='ocrx_word' id='word_1_524' title='bbox 343 3752 429 3804; x_wconf 88' lang='lat' dir='ltr'><strong>ris</strong></span> <span class='ocrx_word' id='word_1_525' title='bbox 460 3748 740 3817; x_wconf 87' lang='lat' dir='ltr'><strong>producit,</strong></span> <span class='ocrx_word' id='word_1_526' title='bbox 775 3762 885 3800; x_wconf 90' lang='lat' dir='ltr'><strong>non</strong></span> <span class='ocrx_word' id='word_1_527' title='bbox 927 3761 1054 3800; x_wconf 90' lang='lat' dir='ltr'><strong>eum</strong></span> <span class='ocrx_word' id='word_1_528' title='bbox 1095 3746 1370 3814; x_wconf 87' lang='lat' dir='ltr'><strong>scripsisse</strong></span> <span class='ocrx_word' id='word_1_529' title='bbox 1396 3788 1411 3813; x_wconf 91' lang='lat'><strong>,</strong></span> <span class='ocrx_word' id='word_1_530' title='bbox 1467 3746 1561 3801; x_wconf 82' lang='lat' dir='ltr'><strong>sed</strong></span> <span class='ocrx_word' id='word_1_531' title='bbox 1610 3746 1808 3801; x_wconf 72' lang='lat' dir='ltr'><strong>dixisse</strong></span> <span class='ocrx_word' id='word_1_532' title='bbox 1841 3747 1938 3802; x_wconf 87' lang='lat' dir='ltr'><strong>ait.</strong></span> 
     </span>
    </p>
   </div>
   <div class='ocr_carea' id='block_1_57' title="bbox 341 3837 1939 3908">
    <p class='ocr_par' dir='ltr' id='par_1_57' title="bbox 341 3837 1939 3908">
     <span class='ocr_line' id='line_1_57' title="bbox 341 3837 1939 3908; baseline 0 -15"><span class='ocrx_word' id='word_1_533' title='bbox 341 3843 429 3894; x_wconf 86' lang='lat' dir='ltr'><strong>Ita</strong></span> <span class='ocrx_word' id='word_1_534' title='bbox 465 3842 533 3893; x_wconf 89' lang='lat' dir='ltr'><strong>de</strong></span> <span class='ocrx_word' id='word_1_535' title='bbox 564 3838 972 3908; x_wconf 87' lang='lat' dir='ltr'><strong>antiquissimis</strong></span> <span class='ocrx_word' id='word_1_536' title='bbox 1000 3839 1173 3907; x_wconf 82' lang='lat' dir='ltr'><strong>poetis</strong></span> <span class='ocrx_word' id='word_1_537' title='bbox 1210 3837 1643 3907; x_wconf 73' lang='lat' dir='ltr'><strong>loquitur:Qua:</strong></span> <span class='ocrx_word' id='word_1_538' title='bbox 1674 3837 1939 3893; x_wconf 81' lang='lat' dir='ltr'><strong>Hesiodus</strong></span> 
     </span>
    </p>
   </div>
   <div class='ocr_carea' id='block_1_58' title="bbox 341 3928 1836 4000">
    <p class='ocr_par' dir='ltr' id='par_1_58' title="bbox 341 3928 1836 4000">
     <span class='ocr_line' id='line_1_58' title="bbox 341 3928 1836 4000; baseline 0.001 -15"><span class='ocrx_word' id='word_1_539' title='bbox 341 3935 427 3985; x_wconf 87' lang='lat' dir='ltr'><strong>ait</strong></span> <span class='ocrx_word' id='word_1_540' title='bbox 451 3933 517 3985; x_wconf 88' lang='lat' dir='ltr'><strong>de</strong></span> <span class='ocrx_word' id='word_1_541' title='bbox 544 3930 816 3985; x_wconf 82' lang='lat' dir='ltr'><strong>Pandaro.</strong></span> <span class='ocrx_word' id='word_1_542' title='bbox 844 3930 921 3984; x_wconf 90' lang='lat' dir='ltr'><strong>De</strong></span> <span class='ocrx_word' id='word_1_543' title='bbox 955 3931 1141 4000; x_wconf 80' lang='lat' dir='ltr'><strong>quibus</strong></span> <span class='ocrx_word' id='word_1_544' title='bbox 1168 3928 1433 3983; x_wconf 83' lang='lat' dir='ltr'><strong>Homerus</strong></span> <span class='ocrx_word' id='word_1_545' title='bbox 1462 3939 1615 3999; x_wconf 82' lang='lat' dir='ltr'><strong>poeta</strong></span> <span class='ocrx_word' id='word_1_546' title='bbox 1647 3931 1787 3984; x_wconf 71' lang='lat' dir='ltr'><strong>dixit</strong></span> <span class='ocrx_word' id='word_1_547' title='bbox 1816 3949 1836 3986; x_wconf 91' lang='lat'><strong><em>:</em></strong></span> 
     </span>
    </p>
   </div>
   <div class='ocr_carea' id='block_1_59' title="bbox 418 4023 1854 4092">
    <p class='ocr_par' dir='ltr' id='par_1_59' title="bbox 418 4023 1854 4092">
     <span class='ocr_line' id='line_1_59' title="bbox 418 4023 1854 4092; baseline -0.001 -14"><span class='ocrx_word' id='word_1_548' title='bbox 418 4027 516 4091; x_wconf 85' lang='grc' dir='ltr'>Ὠς</span> <span class='ocrx_word' id='word_1_549' title='bbox 547 4024 619 4077; x_wconf 65' lang='grc' dir='ltr'>δὲ</span> <span class='ocrx_word' id='word_1_550' title='bbox 651 4025 771 4079; x_wconf 80' lang='grc' dir='ltr'>θεοὶ</span> <span class='ocrx_word' id='word_1_551' title='bbox 806 4026 926 4091; x_wconf 80' lang='grc' dir='ltr'><strong>πὰρ</strong></span> <span class='ocrx_word' id='word_1_552' title='bbox 961 4023 1105 4091; x_wconf 76' lang='grc' dir='ltr'><strong>Ζηνὶ</strong></span> <span class='ocrx_word' id='word_1_553' title='bbox 1140 4023 1459 4092; x_wconf 79' lang='grc' dir='ltr'>καθήμενοι</span> <span class='ocrx_word' id='word_1_554' title='bbox 1498 4023 1854 4092; x_wconf 75' lang='grc' dir='ltr'>ἠγορόωντο,</span> 
     </span>
    </p>
   </div>
   <div class='ocr_carea' id='block_1_60' title="bbox 342 4112 1938 4186">
    <p class='ocr_par' dir='ltr' id='par_1_60' title="bbox 342 4112 1938 4186">
     <span class='ocr_line' id='line_1_60' title="bbox 342 4112 1938 4186; baseline 0 -18"><span class='ocrx_word' id='word_1_555' title='bbox 342 4125 404 4169; x_wconf 80' lang='lat' dir='ltr'><strong>et</strong></span> <span class='ocrx_word' id='word_1_556' title='bbox 431 4131 634 4171; x_wconf 86' lang='lat' dir='ltr'><strong>rursus</strong></span> <span class='ocrx_word' id='word_1_557' title='bbox 657 4134 670 4169; x_wconf 91' lang='lat'><strong>:</strong></span> <span class='ocrx_word' id='word_1_558' title='bbox 691 4114 976 4169; x_wconf 78' lang='lat' dir='ltr'><strong>Accusabit</strong></span> <span class='ocrx_word' id='word_1_559' title='bbox 996 4129 1082 4167; x_wconf 88' lang='lat' dir='ltr'><strong>eos</strong></span> <span class='ocrx_word' id='word_1_560' title='bbox 1114 4112 1398 4181; x_wconf 82' lang='lat' dir='ltr'><strong>Homerus,</strong></span> <span class='ocrx_word' id='word_1_561' title='bbox 1427 4116 1676 4185; x_wconf 87' lang='lat' dir='ltr'><strong>proprius</strong></span> <span class='ocrx_word' id='word_1_562' title='bbox 1700 4117 1938 4186; x_wconf 87' lang='lat' dir='ltr'><strong>ipsorum</strong></span> 
     </span>
    </p>
   </div>
   <div class='ocr_carea' id='block_1_61' title="bbox 344 4207 1107 4278">
    <p class='ocr_par' dir='ltr' id='par_1_61' title="bbox 344 4207 1107 4278">
     <span class='ocr_line' id='line_1_61' title="bbox 344 4207 1107 4278; baseline -0.004 -16"><span class='ocrx_word' id='word_1_563' title='bbox 344 4218 533 4278; x_wconf 83' lang='lat' dir='ltr'><strong>poeta,</strong></span> <span class='ocrx_word' id='word_1_564' title='bbox 566 4209 681 4278; x_wconf 87' lang='lat' dir='ltr'><strong>ipso</strong></span> <span class='ocrx_word' id='word_1_565' title='bbox 710 4209 914 4262; x_wconf 88' lang='lat' dir='ltr'><strong>dicente</strong></span> <span class='ocrx_word' id='word_1_566' title='bbox 942 4207 1054 4262; x_wconf 62' lang='lat' dir='ltr'><strong>haec</strong></span> <span class='ocrx_word' id='word_1_567' title='bbox 1088 4222 1107 4259; x_wconf 90' lang='lat'><strong><em>:</em></strong></span> 
     </span>
    </p>
   </div>
   <div class='ocr_carea' id='block_1_62' title="bbox 416 4300 1235 4371">
    <p class='ocr_par' dir='ltr' id='par_1_62' title="bbox 416 4300 1235 4371">
     <span class='ocr_line' id='line_1_62' title="bbox 416 4300 1235 4371; baseline 0.001 -18"><span class='ocrx_word' id='word_1_568' title='bbox 416 4300 667 4371; x_wconf 81' lang='grc' dir='ltr'>Ἐχθρὸς</span> <span class='ocrx_word' id='word_1_569' title='bbox 698 4300 809 4369; x_wconf 74' lang='grc' dir='ltr'>γάρ</span> <span class='ocrx_word' id='word_1_570' title='bbox 836 4318 939 4369; x_wconf 87' lang='grc' dir='ltr'><strong>μοι</strong></span> <span class='ocrx_word' id='word_1_571' title='bbox 971 4300 1235 4365; x_wconf 81' lang='grc' dir='ltr'><strong>κεῖνος...</strong></span> 
     </span>
    </p>
   </div>
   <div class='ocr_carea' id='block_1_63' title="bbox 348 4391 1941 4463">
    <p class='ocr_par' dir='ltr' id='par_1_63' title="bbox 348 4391 1941 4463">
     <span class='ocr_line' id='line_1_63' title="bbox 348 4391 1941 4463; baseline -0.001 -15"><span class='ocrx_word' id='word_1_572' title='bbox 348 4393 560 4448; x_wconf 83' lang='lat' dir='ltr'><strong>Eodem</strong></span> <span class='ocrx_word' id='word_1_573' title='bbox 596 4394 762 4447; x_wconf 91' lang='lat' dir='ltr'><strong>modo</strong></span> <span class='ocrx_word' id='word_1_574' title='bbox 791 4393 859 4447; x_wconf 90' lang='lat' dir='ltr'><strong>de</strong></span> <span class='ocrx_word' id='word_1_575' title='bbox 895 4392 1260 4462; x_wconf 85' lang='lat' dir='ltr'><strong>philosophis,</strong></span> <span class='ocrx_word' id='word_1_576' title='bbox 1298 4391 1366 4447; x_wconf 91' lang='lat' dir='ltr'><strong>de</strong></span> <span class='ocrx_word' id='word_1_577' title='bbox 1417 4391 1771 4463; x_wconf 81' lang='lat' dir='ltr'><strong>Anaxagora,</strong></span> <span class='ocrx_word' id='word_1_578' title='bbox 1808 4391 1941 4447; x_wconf 86' lang='lat' dir='ltr'><strong>Em-</strong></span> 
     </span>
    </p>
   </div>
   <div class='ocr_carea' id='block_1_64' title="bbox 350 4483 1938 4556">
    <p class='ocr_par' dir='ltr' id='par_1_64' title="bbox 350 4483 1938 4556">
     <span class='ocr_line' id='line_1_64' title="bbox 350 4483 1938 4556; baseline 0.001 -16"><span class='ocrx_word' id='word_1_579' title='bbox 350 4486 608 4556; x_wconf 85' lang='lat' dir='ltr'><strong>pedocle,</strong></span> <span class='ocrx_word' id='word_1_580' title='bbox 646 4483 981 4551; x_wconf 88' lang='lat' dir='ltr'><strong>Democrito,</strong></span> <span class='ocrx_word' id='word_1_581' title='bbox 1006 4483 1234 4539; x_wconf 88' lang='lat' dir='ltr'><strong>Platone</strong></span> <span class='ocrx_word' id='word_1_582' title='bbox 1260 4485 1525 4554; x_wconf 89' lang='lat' dir='ltr'><strong>loquitur,</strong></span> <span class='ocrx_word' id='word_1_583' title='bbox 1559 4502 1684 4542; x_wconf 89' lang='lat' dir='ltr'><strong>cum</strong></span> <span class='ocrx_word' id='word_1_584' title='bbox 1729 4502 1838 4541; x_wconf 93' lang='lat' dir='ltr'><strong>non</strong></span> <span class='ocrx_word' id='word_1_585' title='bbox 1872 4488 1938 4542; x_wconf 90' lang='lat' dir='ltr'><strong>ad</strong></span> 
     </span>
    </p>
   </div>
   <div class='ocr_carea' id='block_1_65' title="bbox 2044 3476 3626 3546">
    <p class='ocr_par' dir='ltr' id='par_1_65' title="bbox 2044 3476 3626 3546">
     <span class='ocr_line' id='line_1_65' title="bbox 2044 3476 3626 3546; baseline 0.001 -18"><span class='ocrx_word' id='word_1_586' title='bbox 2044 3476 2313 3546; x_wconf 76' lang='lat' dir='ltr'><strong>lgiiatium</strong></span> <span class='ocrx_word' id='word_1_587' title='bbox 2357 3477 2588 3541; x_wconf 78' lang='lat' dir='ltr'><strong>dixisse,</strong></span> <span class='ocrx_word' id='word_1_588' title='bbox 2627 3493 2736 3531; x_wconf 93' lang='lat' dir='ltr'><strong>non</strong></span> <span class='ocrx_word' id='word_1_589' title='bbox 2786 3489 2965 3531; x_wconf 87' lang='lat' dir='ltr'><strong>autem</strong></span> <span class='ocrx_word' id='word_1_590' title='bbox 3006 3478 3305 3546; x_wconf 84' lang='lat' dir='ltr'><strong>scripsisse,</strong></span> <span class='ocrx_word' id='word_1_591' title='bbox 3350 3492 3475 3531; x_wconf 90' lang='lat' dir='ltr'><strong>cum</strong></span> <span class='ocrx_word' id='word_1_592' title='bbox 3535 3476 3626 3530; x_wconf 86' lang='lat' dir='ltr'><strong>ille</strong></span> 
     </span>
    </p>
   </div>
   <div class='ocr_carea' id='block_1_66' title="bbox 2044 3564 3628 3637">
    <p class='ocr_par' dir='ltr' id='par_1_66' title="bbox 2044 3564 3628 3637">
     <span class='ocr_line' id='line_1_66' title="bbox 2044 3564 3628 3637; baseline 0 -17"><span class='ocrx_word' id='word_1_593' title='bbox 2044 3582 2324 3637; x_wconf 89' lang='lat' dir='ltr'><strong>nunquam</strong></span> <span class='ocrx_word' id='word_1_594' title='bbox 2362 3569 2521 3623; x_wconf 87' lang='lat' dir='ltr'><strong>aliter</strong></span> <span class='ocrx_word' id='word_1_595' title='bbox 2554 3569 2809 3637; x_wconf 87' lang='lat' dir='ltr'><strong>loquatur</strong></span> <span class='ocrx_word' id='word_1_596' title='bbox 2832 3568 3051 3637; x_wconf 89' lang='lat' dir='ltr'><strong>quoties</strong></span> <span class='ocrx_word' id='word_1_597' title='bbox 3072 3567 3235 3622; x_wconf 89' lang='lat' dir='ltr'><strong>verba</strong></span> <span class='ocrx_word' id='word_1_598' title='bbox 3260 3566 3443 3635; x_wconf 87' lang='lat' dir='ltr'><strong>aliqua</strong></span> <span class='ocrx_word' id='word_1_599' title='bbox 3469 3581 3500 3620; x_wconf 92' lang='lat' dir='ltr'><strong>e</strong></span> <span class='ocrx_word' id='word_1_600' title='bbox 3522 3564 3628 3620; x_wconf 82' lang='lat' dir='ltr'><strong>Ve-</strong></span> 
     </span>
    </p>
   </div>
   <div class='ocr_carea' id='block_1_67' title="bbox 2042 3656 3627 3729">
    <p class='ocr_par' dir='ltr' id='par_1_67' title="bbox 2042 3656 3627 3729">
     <span class='ocr_line' id='line_1_67' title="bbox 2042 3656 3627 3729; baseline -0.001 -15"><span class='ocrx_word' id='word_1_601' title='bbox 2042 3667 2219 3714; x_wconf 84' lang='lat' dir='ltr'><strong>terum</strong></span> <span class='ocrx_word' id='word_1_602' title='bbox 2252 3661 2407 3715; x_wconf 87' lang='lat' dir='ltr'><strong>libris</strong></span> <span class='ocrx_word' id='word_1_603' title='bbox 2430 3661 2580 3715; x_wconf 86' lang='lat' dir='ltr'><strong>citet.</strong></span> <span class='ocrx_word' id='word_1_604' title='bbox 2616 3659 2875 3713; x_wconf 84' lang='lat' dir='ltr'><strong>Eamdem</strong></span> <span class='ocrx_word' id='word_1_605' title='bbox 2906 3659 3072 3729; x_wconf 82' lang='lat' dir='ltr'><strong>igitur</strong></span> <span class='ocrx_word' id='word_1_606' title='bbox 3099 3658 3209 3711; x_wconf 86' lang='lat' dir='ltr'><strong>vim</strong></span> <span class='ocrx_word' id='word_1_607' title='bbox 3242 3658 3293 3710; x_wconf 90' lang='lat' dir='ltr'><strong>in</strong></span> <span class='ocrx_word' id='word_1_608' title='bbox 3339 3656 3627 3712; x_wconf 87' lang='lat' dir='ltr'><strong>sententiis</strong></span> 
     </span>
    </p>
   </div>
   <div class='ocr_carea' id='block_1_68' title="bbox 2043 3750 3627 3819">
    <p class='ocr_par' dir='ltr' id='par_1_68' title="bbox 2043 3750 3627 3819">
     <span class='ocr_line' id='line_1_68' title="bbox 2043 3750 3627 3819; baseline -0.003 -12"><span class='ocrx_word' id='word_1_609' title='bbox 2043 3750 2298 3808; x_wconf 71' lang='lat' dir='ltr'><strong>Veterum</strong></span> <span class='ocrx_word' id='word_1_610' title='bbox 2351 3751 2645 3808; x_wconf 86' lang='lat' dir='ltr'><strong>recitandis</strong></span> <span class='ocrx_word' id='word_1_611' title='bbox 2701 3751 2899 3806; x_wconf 87' lang='lat' dir='ltr'><strong>habere</strong></span> <span class='ocrx_word' id='word_1_612' title='bbox 2952 3752 3112 3805; x_wconf 89' lang='lat' dir='ltr'><strong>debet</strong></span> <span class='ocrx_word' id='word_1_613' title='bbox 3165 3752 3307 3819; x_wconf 89' lang='lat' dir='ltr'><strong>apud</strong></span> <span class='ocrx_word' id='word_1_614' title='bbox 3362 3750 3627 3803; x_wconf 73' lang='lat' dir='ltr'><strong>Irenaeum</strong></span> 
     </span>
    </p>
   </div>
   <div class='ocr_carea' id='block_1_69' title="bbox 2042 3840 3629 3914">
    <p class='ocr_par' dir='ltr' id='par_1_69' title="bbox 2042 3840 3629 3914">
     <span class='ocr_line' id='line_1_69' title="bbox 2042 3840 3629 3914; baseline -0.003 -16"><span class='ocrx_word' id='word_1_615' title='bbox 2042 3844 2204 3909; x_wconf 75' lang='lat' dir='ltr'><strong>dixit,</strong></span> <span class='ocrx_word' id='word_1_616' title='bbox 2239 3860 2405 3914; x_wconf 89' lang='lat' dir='ltr'><strong>quam</strong></span> <span class='ocrx_word' id='word_1_617' title='bbox 2425 3844 2589 3898; x_wconf 86' lang='lat' dir='ltr'><strong>habet</strong></span> <span class='ocrx_word' id='word_1_618' title='bbox 2612 3843 2755 3912; x_wconf 89' lang='lat' dir='ltr'><strong>apud</strong></span> <span class='ocrx_word' id='word_1_619' title='bbox 2785 3843 2944 3907; x_wconf 89' lang='lat' dir='ltr'><strong>alios,</strong></span> <span class='ocrx_word' id='word_1_620' title='bbox 2971 3843 3291 3912; x_wconf 88' lang='lat' dir='ltr'><strong>plerumque</strong></span> <span class='ocrx_word' id='word_1_621' title='bbox 3313 3840 3472 3906; x_wconf 67' lang='lat' dir='ltr'><strong>dixit,</strong></span> <span class='ocrx_word' id='word_1_622' title='bbox 3498 3855 3629 3894; x_wconf 76' lang='lat' dir='ltr'><strong>non~</strong></span> 
     </span>
    </p>
   </div>
   <div class='ocr_carea' id='block_1_70' title="bbox 2042 3932 3626 4005">
    <p class='ocr_par' dir='ltr' id='par_1_70' title="bbox 2042 3932 3626 4005">
     <span class='ocr_line' id='line_1_70' title="bbox 2042 3932 3626 4005; baseline -0.003 -16"><span class='ocrx_word' id='word_1_623' title='bbox 2042 3949 2323 4005; x_wconf 83' lang='lat' dir='ltr'><strong>nunquam</strong></span> <span class='ocrx_word' id='word_1_624' title='bbox 2371 3935 2608 4004; x_wconf 87' lang='lat' dir='ltr'><strong>scripsit.</strong></span> <span class='ocrx_word' id='word_1_625' title='bbox 2661 3932 2729 3987; x_wconf 88' lang='lat' dir='ltr'><strong>Ut</strong></span> <span class='ocrx_word' id='word_1_626' title='bbox 2776 3934 2959 3988; x_wconf 86' lang='lat' dir='ltr'><strong>dicere</strong></span> <span class='ocrx_word' id='word_1_627' title='bbox 3008 3949 3116 3986; x_wconf 91' lang='lat' dir='ltr'><strong>non</strong></span> <span class='ocrx_word' id='word_1_628' title='bbox 3172 3948 3457 3986; x_wconf 82' lang='lat' dir='ltr'><strong>vereamur</strong></span> <span class='ocrx_word' id='word_1_629' title='bbox 3498 3947 3626 3986; x_wconf 85' lang='lat' dir='ltr'><strong>cum</strong></span> 
     </span>
    </p>
   </div>
   <div class='ocr_carea' id='block_1_71' title="bbox 2042 4024 3626 4095">
    <p class='ocr_par' dir='ltr' id='par_1_71' title="bbox 2042 4024 3626 4095">
     <span class='ocr_line' id='line_1_71' title="bbox 2042 4024 3626 4095; baseline -0.003 -11"><span class='ocrx_word' id='word_1_630' title='bbox 2042 4029 2243 4084; x_wconf 69' lang='lat' dir='ltr'><strong>Dallazo</strong></span> <span class='ocrx_word' id='word_1_631' title='bbox 2276 4044 2289 4080; x_wconf 89' lang='lat'><strong>:</strong></span> <span class='ocrx_word' id='word_1_632' title='bbox 2329 4027 2461 4093; x_wconf 66' lang='lat' dir='ltr'><strong>Quae</strong></span> <span class='ocrx_word' id='word_1_633' title='bbox 2493 4028 2626 4080; x_wconf 88' lang='lat' dir='ltr'><strong>citat</strong></span> <span class='ocrx_word' id='word_1_634' title='bbox 2680 4044 2801 4080; x_wconf 88' lang='lat' dir='ltr'><strong>cum</strong></span> <span class='ocrx_word' id='word_1_635' title='bbox 2848 4027 3067 4080; x_wconf 89' lang='lat' dir='ltr'><strong>totidem</strong></span> <span class='ocrx_word' id='word_1_636' title='bbox 3100 4026 3266 4079; x_wconf 81' lang='lat' dir='ltr'><strong>verbis</strong></span> <span class='ocrx_word' id='word_1_637' title='bbox 3310 4026 3365 4080; x_wconf 89' lang='lat' dir='ltr'><strong>in</strong></span> <span class='ocrx_word' id='word_1_638' title='bbox 3398 4024 3626 4095; x_wconf 86' lang='lat' dir='ltr'><strong>epistola</strong></span> 
     </span>
    </p>
   </div>
   <div class='ocr_carea' id='block_1_72' title="bbox 2041 4116 3617 4188">
    <p class='ocr_par' dir='ltr' id='par_1_72' title="bbox 2041 4116 3617 4188">
     <span class='ocr_line' id='line_1_72' title="bbox 2041 4116 3617 4188; baseline -0.004 -12"><span class='ocrx_word' id='word_1_639' title='bbox 2041 4123 2111 4176; x_wconf 84' lang='lat' dir='ltr'><strong>ad</strong></span> <span class='ocrx_word' id='word_1_640' title='bbox 2160 4120 2426 4175; x_wconf 82' lang='lat' dir='ltr'><strong>Romanos</strong></span> <span class='ocrx_word' id='word_1_641' title='bbox 2481 4116 2772 4188; x_wconf 81' lang='lat' dir='ltr'><strong>Ignatiana</strong></span> <span class='ocrx_word' id='word_1_642' title='bbox 2809 4119 3073 4187; x_wconf 87' lang='lat' dir='ltr'><strong>legantur,</strong></span> <span class='ocrx_word' id='word_1_643' title='bbox 3111 4117 3362 4185; x_wconf 78' lang='lat' dir='ltr'><strong>frivolum</strong></span> <span class='ocrx_word' id='word_1_644' title='bbox 3412 4126 3461 4171; x_wconf 92' lang='lat' dir='ltr'><strong>et</strong></span> <span class='ocrx_word' id='word_1_645' title='bbox 3511 4118 3617 4170; x_wconf 86' lang='lat' dir='ltr'><strong>iue-</strong></span> 
     </span>
    </p>
   </div>
   <div class='ocr_carea' id='block_1_73' title="bbox 2039 4210 3629 4288">
    <p class='ocr_par' dir='ltr' id='par_1_73' title="bbox 2039 4210 3629 4288">
     <span class='ocr_line' id='line_1_73' title="bbox 2039 4210 3629 4288; baseline -0.003 -17"><span class='ocrx_word' id='word_1_646' title='bbox 2039 4226 2188 4288; x_wconf 88' lang='lat' dir='ltr'><strong>ptum</strong></span> <span class='ocrx_word' id='word_1_647' title='bbox 2220 4223 2331 4281; x_wconf 89' lang='lat' dir='ltr'><strong>est,</strong></span> <span class='ocrx_word' id='word_1_648' title='bbox 2366 4231 2428 4270; x_wconf 89' lang='lat' dir='ltr'><strong>ea</strong></span> <span class='ocrx_word' id='word_1_649' title='bbox 2462 4214 2679 4269; x_wconf 89' lang='lat' dir='ltr'><strong>aliunde</strong></span> <span class='ocrx_word' id='word_1_650' title='bbox 2725 4231 2886 4285; x_wconf 89' lang='lat' dir='ltr'><strong>quam</strong></span> <span class='ocrx_word' id='word_1_651' title='bbox 2926 4230 2991 4268; x_wconf 78' lang='lat' dir='ltr'><strong>ea:</strong></span> <span class='ocrx_word' id='word_1_652' title='bbox 3034 4213 3132 4267; x_wconf 86' lang='lat' dir='ltr'><strong>hac</strong></span> <span class='ocrx_word' id='word_1_653' title='bbox 3169 4210 3410 4284; x_wconf 84' lang='lat' dir='ltr'><strong>Epistola</strong></span> <span class='ocrx_word' id='word_1_654' title='bbox 3462 4215 3629 4267; x_wconf 88' lang='lat' dir='ltr'><strong>citata</strong></span> 
     </span>
    </p>
   </div>
   <div class='ocr_carea' id='block_1_74' title="bbox 2039 4306 2459 4363">
    <p class='ocr_par' dir='ltr' id='par_1_74' title="bbox 2039 4306 2459 4363">
     <span class='ocr_line' id='line_1_74' title="bbox 2039 4306 2459 4363; baseline -0.012 0"><span class='ocrx_word' id='word_1_655' title='bbox 2039 4324 2151 4363; x_wconf 86' lang='lat' dir='ltr'><strong>esse</strong></span> <span class='ocrx_word' id='word_1_656' title='bbox 2177 4306 2459 4359; x_wconf 82' lang='lat' dir='ltr'><strong>hariolari.</strong></span> 
     </span>
    </p>
   </div>
   <div class='ocr_carea' id='block_1_75' title="bbox 2103 4395 3625 4466">
    <p class='ocr_par' dir='ltr' id='par_1_75' title="bbox 2103 4395 3625 4466">
     <span class='ocr_line' id='line_1_75' title="bbox 2103 4395 3625 4466; baseline -0.002 -14"><span class='ocrx_word' id='word_1_657' title='bbox 2103 4400 2197 4453; x_wconf 86' lang='lat' dir='ltr'><strong>Ille</strong></span> <span class='ocrx_word' id='word_1_658' title='bbox 2246 4407 2426 4453; x_wconf 86' lang='lat' dir='ltr'><strong>tamen</strong></span> <span class='ocrx_word' id='word_1_659' title='bbox 2469 4398 2650 4453; x_wconf 83' lang='lat' dir='ltr'><strong>adhuc</strong></span> <span class='ocrx_word' id='word_1_660' title='bbox 2704 4396 2921 4451; x_wconf 87' lang='lat' dir='ltr'><strong>aliunde</strong></span> <span class='ocrx_word' id='word_1_661' title='bbox 2978 4396 3096 4450; x_wconf 87' lang='lat' dir='ltr'><strong>vult</strong></span> <span class='ocrx_word' id='word_1_662' title='bbox 3143 4396 3257 4451; x_wconf 75' lang='lat' dir='ltr'><strong>lucc</strong></span> <span class='ocrx_word' id='word_1_663' title='bbox 3298 4396 3490 4466; x_wconf 77' lang='lat' dir='ltr'><strong>lgnatii</strong></span> <span class='ocrx_word' id='word_1_664' title='bbox 3525 4395 3625 4449; x_wconf 88' lang='lat' dir='ltr'><strong>ha-</strong></span> 
     </span>
    </p>
   </div>
   <div class='ocr_carea' id='block_1_76' title="bbox 2040 4488 3628 4558">
    <p class='ocr_par' dir='ltr' id='par_1_76' title="bbox 2040 4488 3628 4558">
     <span class='ocr_line' id='line_1_76' title="bbox 2040 4488 3628 4558; baseline -0.001 -13"><span class='ocrx_word' id='word_1_665' title='bbox 2040 4489 2227 4545; x_wconf 88' lang='lat' dir='ltr'><strong>buisse</strong></span> <span class='ocrx_word' id='word_1_666' title='bbox 2253 4489 2537 4552; x_wconf 70' lang='lat' dir='ltr'><strong>liena-um,</strong></span> <span class='ocrx_word' id='word_1_667' title='bbox 2576 4504 2790 4558; x_wconf 88' lang='lat' dir='ltr'><strong>nempe,</strong></span> <span class='ocrx_word' id='word_1_668' title='bbox 2811 4504 2877 4542; x_wconf 79' lang='lat' dir='ltr'><strong>ex</strong></span> <span class='ocrx_word' id='word_1_669' title='bbox 2905 4488 3486 4557; x_wconf 82' lang='lat' dir='ltr'><strong>apophthegmatibus,</strong></span> <span class='ocrx_word' id='word_1_670' title='bbox 3505 4503 3628 4555; x_wconf 71' lang='lat' dir='ltr'><strong>qua:</strong></span> 
     </span>
    </p>
   </div>
   <div class='ocr_carea' id='block_1_77' title="bbox 347 4575 3625 4652">
    <p class='ocr_par' dir='ltr' id='par_1_77' title="bbox 347 4575 3625 4652">
     <span class='ocr_line' id='line_1_77' title="bbox 347 4575 3625 4652; baseline -0.001 -18"><span class='ocrx_word' id='word_1_671' title='bbox 347 4596 547 4634; x_wconf 85' lang='lat' dir='ltr'><strong>eurum</strong></span> <span class='ocrx_word' id='word_1_672' title='bbox 579 4579 727 4632; x_wconf 89' lang='lat' dir='ltr'><strong>dicta</strong></span> <span class='ocrx_word' id='word_1_673' title='bbox 757 4579 871 4634; x_wconf 88' lang='lat' dir='ltr'><strong>sive</strong></span> <span class='ocrx_word' id='word_1_674' title='bbox 896 4579 1360 4648; x_wconf 77' lang='lat' dir='ltr'><strong>apophtbegmata</strong></span> <span class='ocrx_word' id='word_1_675' title='bbox 1386 4619 1401 4644; x_wconf 94' lang='lat'><strong>,</strong></span> <span class='ocrx_word' id='word_1_676' title='bbox 1435 4580 1530 4634; x_wconf 88' lang='lat' dir='ltr'><strong>sed</strong></span> <span class='ocrx_word' id='word_1_677' title='bbox 1563 4580 1796 4649; x_wconf 89' lang='lat' dir='ltr'><strong>scriptas</strong></span> <span class='ocrx_word' id='word_1_678' title='bbox 1824 4595 1944 4634; x_wconf 90' lang='lat' dir='ltr'><strong>sen-</strong></span> <span class='ocrx_word' id='word_1_679' title='bbox 1973 4595 2018 4652; x_wconf 70' lang='grc' dir='ltr'>[ι</span> <span class='ocrx_word' id='word_1_680' title='bbox 2044 4581 2128 4634; x_wconf 90' lang='lat' dir='ltr'><strong>vel</strong></span> <span class='ocrx_word' id='word_1_681' title='bbox 2158 4598 2187 4634; x_wconf 90' lang='lat' dir='ltr'><strong>a</strong></span> <span class='ocrx_word' id='word_1_682' title='bbox 2215 4579 2541 4652; x_wconf 87' lang='lat' dir='ltr'><strong>Polycarpo,</strong></span> <span class='ocrx_word' id='word_1_683' title='bbox 2570 4579 2652 4632; x_wconf 87' lang='lat' dir='ltr'><strong>vel</strong></span> <span class='ocrx_word' id='word_1_684' title='bbox 2680 4595 2749 4632; x_wconf 84' lang='lat' dir='ltr'><strong>ex</strong></span> <span class='ocrx_word' id='word_1_685' title='bbox 2784 4579 2918 4647; x_wconf 87' lang='lat' dir='ltr'><strong>ipsis</strong></span> <span class='ocrx_word' id='word_1_686' title='bbox 2945 4577 3191 4647; x_wconf 84' lang='lat' dir='ltr'><strong>martyrii</strong></span> <span class='ocrx_word' id='word_1_687' title='bbox 3226 4577 3379 4632; x_wconf 89' lang='lat' dir='ltr'><strong>Actis</strong></span> <span class='ocrx_word' id='word_1_688' title='bbox 3411 4575 3625 4630; x_wconf 86' lang='lat' dir='ltr'><strong>discere</strong></span> 
     </span>
    </p>
   </div>
   <div class='ocr_carea' id='block_1_78' title="bbox 352 4669 1933 4741">
    <p class='ocr_par' dir='ltr' id='par_1_78' title="bbox 352 4669 1933 4741">
     <span class='ocr_line' id='line_1_78' title="bbox 352 4669 1933 4741; baseline 0.001 -16"><span class='ocrx_word' id='word_1_689' title='bbox 352 4672 558 4727; x_wconf 87' lang='lat' dir='ltr'><strong>tentias</strong></span> <span class='ocrx_word' id='word_1_690' title='bbox 585 4670 829 4740; x_wconf 88' lang='lat' dir='ltr'><strong>respicit.</strong></span> <span class='ocrx_word' id='word_1_691' title='bbox 844 4669 1054 4724; x_wconf 87' lang='lat' dir='ltr'><strong>Pariter</strong></span> <span class='ocrx_word' id='word_1_692' title='bbox 1078 4672 1372 4740; x_wconf 86' lang='lat' dir='ltr'><strong>prophetas</strong></span> <span class='ocrx_word' id='word_1_693' title='bbox 1393 4680 1447 4726; x_wconf 89' lang='lat' dir='ltr'><strong>et</strong></span> <span class='ocrx_word' id='word_1_694' title='bbox 1470 4671 1753 4741; x_wconf 83' lang='lat' dir='ltr'><strong>apostolos</strong></span> <span class='ocrx_word' id='word_1_695' title='bbox 1770 4672 1933 4727; x_wconf 89' lang='lat' dir='ltr'><strong>citat:</strong></span> 
     </span>
    </p>
   </div>
   <div class='ocr_carea' id='block_1_79' title="bbox 354 4762 1936 4833">
    <p class='ocr_par' dir='ltr' id='par_1_79' title="bbox 354 4762 1936 4833">
     <span class='ocr_line' id='line_1_79' title="bbox 354 4762 1936 4833; baseline -0.001 -15"><span class='ocrx_word' id='word_1_696' title='bbox 354 4764 583 4833; x_wconf 78' lang='lat' dir='ltr'><strong>Propter</strong></span> <span class='ocrx_word' id='word_1_697' title='bbox 621 4764 717 4816; x_wconf 82' lang='lat' dir='ltr'><strong>hoc</strong></span> <span class='ocrx_word' id='word_1_698' title='bbox 756 4772 806 4817; x_wconf 86' lang='lat' dir='ltr'><strong>et</strong></span> <span class='ocrx_word' id='word_1_699' title='bbox 849 4762 1054 4817; x_wconf 87' lang='lat' dir='ltr'><strong>Paulus</strong></span> <span class='ocrx_word' id='word_1_700' title='bbox 1080 4764 1354 4831; x_wconf 88' lang='lat' dir='ltr'><strong>apostolus</strong></span> <span class='ocrx_word' id='word_1_701' title='bbox 1393 4764 1470 4815; x_wconf 87' lang='lat' dir='ltr'><strong>ait</strong></span> <span class='ocrx_word' id='word_1_702' title='bbox 1511 4763 1581 4816; x_wconf 88' lang='lat' dir='ltr'><strong>ad</strong></span> <span class='ocrx_word' id='word_1_703' title='bbox 1613 4762 1936 4828; x_wconf 82' lang='lat' dir='ltr'><strong>Corinthios,</strong></span> 
     </span>
    </p>
   </div>
   <div class='ocr_carea' id='block_1_80' title="bbox 350 4854 1941 4925">
    <p class='ocr_par' dir='ltr' id='par_1_80' title="bbox 350 4854 1941 4925">
     <span class='ocr_line' id='line_1_80' title="bbox 350 4854 1941 4925; baseline -0.001 -14"><span class='ocrx_word' id='word_1_704' title='bbox 350 4870 407 4912; x_wconf 90' lang='lat' dir='ltr'><strong>et</strong></span> <span class='ocrx_word' id='word_1_705' title='bbox 435 4858 567 4911; x_wconf 88' lang='lat' dir='ltr'><strong>alibi</strong></span> <span class='ocrx_word' id='word_1_706' title='bbox 606 4876 619 4910; x_wconf 94' lang='lat'>:</span> <span class='ocrx_word' id='word_1_707' title='bbox 657 4856 873 4909; x_wconf 84' lang='lat' dir='ltr'><strong>Dicebat</strong></span> <span class='ocrx_word' id='word_1_708' title='bbox 915 4856 986 4909; x_wconf 90' lang='lat' dir='ltr'><strong>ad</strong></span> <span class='ocrx_word' id='word_1_709' title='bbox 1028 4854 1355 4911; x_wconf 85' lang='lat' dir='ltr'><strong>Corinthios.</strong></span> <span class='ocrx_word' id='word_1_710' title='bbox 1399 4856 1540 4910; x_wconf 85' lang='lat' dir='ltr'><strong>Bene</strong></span> <span class='ocrx_word' id='word_1_711' title='bbox 1570 4857 1625 4909; x_wconf 92' lang='lat' dir='ltr'><strong>in</strong></span> <span class='ocrx_word' id='word_1_712' title='bbox 1664 4856 1941 4925; x_wconf 85' lang='lat' dir='ltr'><strong>prophetia</strong></span> 
     </span>
    </p>
   </div>
   <div class='ocr_carea' id='block_1_81' title="bbox 355 4948 1940 5018">
    <p class='ocr_par' dir='ltr' id='par_1_81' title="bbox 355 4948 1940 5018">
     <span class='ocr_line' id='line_1_81' title="bbox 355 4948 1940 5018; baseline -0.003 -13"><span class='ocrx_word' id='word_1_713' title='bbox 355 4950 659 5005; x_wconf 73' lang='lat' dir='ltr'><strong>Malachias</strong></span> <span class='ocrx_word' id='word_1_714' title='bbox 683 4950 799 5002; x_wconf 89' lang='lat' dir='ltr'><strong>ait:</strong></span> <span class='ocrx_word' id='word_1_715' title='bbox 828 4948 982 5003; x_wconf 80' lang='lat' dir='ltr'><strong>Tales</strong></span> <span class='ocrx_word' id='word_1_716' title='bbox 1004 4948 1336 5018; x_wconf 81' lang='lat' dir='ltr'><strong>presbyteros</strong></span> <span class='ocrx_word' id='word_1_717' title='bbox 1377 4951 1547 5002; x_wconf 89' lang='lat' dir='ltr'><strong>nutrit</strong></span> <span class='ocrx_word' id='word_1_718' title='bbox 1573 4948 1835 5015; x_wconf 86' lang='lat' dir='ltr'><strong>Ecclesia,</strong></span> <span class='ocrx_word' id='word_1_719' title='bbox 1876 4948 1940 5001; x_wconf 89' lang='lat' dir='ltr'><strong>de</strong></span> 
     </span>
    </p>
   </div>
   <div class='ocr_carea' id='block_1_82' title="bbox 350 5039 1942 5113">
    <p class='ocr_par' dir='ltr' id='par_1_82' title="bbox 350 5039 1942 5113">
     <span class='ocr_line' id='line_1_82' title="bbox 350 5039 1942 5113; baseline -0.002 -17"><span class='ocrx_word' id='word_1_720' title='bbox 350 5044 544 5113; x_wconf 82' lang='lat' dir='ltr'><strong>quibus</strong></span> <span class='ocrx_word' id='word_1_721' title='bbox 572 5050 624 5095; x_wconf 90' lang='lat' dir='ltr'><strong>et</strong></span> <span class='ocrx_word' id='word_1_722' title='bbox 668 5041 926 5111; x_wconf 84' lang='lat' dir='ltr'><strong>propheta</strong></span> <span class='ocrx_word' id='word_1_723' title='bbox 976 5042 1097 5095; x_wconf 88' lang='lat' dir='ltr'><strong>ait:</strong></span> <span class='ocrx_word' id='word_1_724' title='bbox 1126 5039 1196 5093; x_wconf 83' lang='lat' dir='ltr'><strong>Et</strong></span> <span class='ocrx_word' id='word_1_725' title='bbox 1242 5040 1381 5094; x_wconf 88' lang='lat' dir='ltr'><strong>dabo</strong></span> <span class='ocrx_word' id='word_1_726' title='bbox 1425 5041 1688 5111; x_wconf 89' lang='lat' dir='ltr'><strong>principes</strong></span> <span class='ocrx_word' id='word_1_727' title='bbox 1732 5050 1848 5093; x_wconf 88' lang='lat' dir='ltr'><strong>tuos</strong></span> <span class='ocrx_word' id='word_1_728' title='bbox 1885 5041 1942 5093; x_wconf 92' lang='lat' dir='ltr'><strong>in</strong></span> 
     </span>
    </p>
   </div>
   <div class='ocr_carea' id='block_1_83' title="bbox 348 5132 1937 5207">
    <p class='ocr_par' dir='ltr' id='par_1_83' title="bbox 348 5132 1937 5207">
     <span class='ocr_line' id='line_1_83' title="bbox 348 5132 1937 5207; baseline -0.004 -14"><span class='ocrx_word' id='word_1_729' title='bbox 348 5152 482 5207; x_wconf 81' lang='lat' dir='ltr'><strong>pace</strong></span> <span class='ocrx_word' id='word_1_730' title='bbox 506 5145 557 5191; x_wconf 83' lang='lat' dir='ltr'><strong>et</strong></span> <span class='ocrx_word' id='word_1_731' title='bbox 586 5136 858 5204; x_wconf 84' lang='lat' dir='ltr'><strong>episcopos</strong></span> <span class='ocrx_word' id='word_1_732' title='bbox 895 5142 1011 5186; x_wconf 82' lang='lat' dir='ltr'><strong>tuos</strong></span> <span class='ocrx_word' id='word_1_733' title='bbox 1034 5133 1090 5186; x_wconf 89' lang='lat' dir='ltr'><strong>in</strong></span> <span class='ocrx_word' id='word_1_734' title='bbox 1109 5133 1349 5201; x_wconf 88' lang='lat' dir='ltr'><strong>justitia.</strong></span> <span class='ocrx_word' id='word_1_735' title='bbox 1385 5132 1591 5187; x_wconf 88' lang='lat' dir='ltr'><strong>Eodem</strong></span> <span class='ocrx_word' id='word_1_736' title='bbox 1623 5132 1789 5187; x_wconf 88' lang='lat' dir='ltr'><strong>etiam</strong></span> <span class='ocrx_word' id='word_1_737' title='bbox 1818 5150 1937 5187; x_wconf 84' lang='lat' dir='ltr'><strong>mo-</strong></span> 
     </span>
    </p>
   </div>
   <div class='ocr_carea' id='block_1_84' title="bbox 349 5225 1941 5298">
    <p class='ocr_par' dir='ltr' id='par_1_84' title="bbox 349 5225 1941 5298">
     <span class='ocr_line' id='line_1_84' title="bbox 349 5225 1941 5298; baseline -0.001 -15"><span class='ocrx_word' id='word_1_738' title='bbox 349 5231 445 5293; x_wconf 86' lang='lat' dir='ltr'><strong>du,</strong></span> <span class='ocrx_word' id='word_1_739' title='bbox 479 5227 700 5298; x_wconf 87' lang='lat' dir='ltr'><strong>quoties</strong></span> <span class='ocrx_word' id='word_1_740' title='bbox 723 5228 966 5297; x_wconf 85' lang='lat' dir='ltr'><strong>aliquam</strong></span> <span class='ocrx_word' id='word_1_741' title='bbox 987 5225 1318 5281; x_wconf 86' lang='lat' dir='ltr'><strong>sententiam</strong></span> <span class='ocrx_word' id='word_1_742' title='bbox 1348 5225 1418 5279; x_wconf 88' lang='lat' dir='ltr'><strong>ab</strong></span> <span class='ocrx_word' id='word_1_743' title='bbox 1432 5225 1845 5280; x_wconf 64' lang='lat' dir='ltr'><strong>ecclesiasticox</strong></span> <span class='ocrx_word' id='word_1_744' title='bbox 1860 5226 1941 5281; x_wconf 88' lang='lat' dir='ltr'><strong>iro</strong></span> 
     </span>
    </p>
   </div>
   <div class='ocr_carea' id='block_1_85' title="bbox 345 5318 1942 5393">
    <p class='ocr_par' dir='ltr' id='par_1_85' title="bbox 345 5318 1942 5393">
     <span class='ocr_line' id='line_1_85' title="bbox 345 5318 1942 5393; baseline -0.004 -16"><span class='ocrx_word' id='word_1_745' title='bbox 345 5322 615 5393; x_wconf 73' lang='lat' dir='ltr'><strong>scriptam</strong></span> <span class='ocrx_word' id='word_1_746' title='bbox 660 5321 866 5385; x_wconf 85' lang='lat' dir='ltr'><strong>laudat,</strong></span> <span class='ocrx_word' id='word_1_747' title='bbox 901 5334 1118 5389; x_wconf 88' lang='lat' dir='ltr'><strong>semper</strong></span> <span class='ocrx_word' id='word_1_748' title='bbox 1166 5319 1414 5389; x_wconf 89' lang='lat' dir='ltr'><strong>loquitur</strong></span> <span class='ocrx_word' id='word_1_749' title='bbox 1453 5336 1467 5372; x_wconf 90' lang='lat'><strong>:</strong></span> <span class='ocrx_word' id='word_1_750' title='bbox 1509 5318 1706 5381; x_wconf 80' lang='grc' dir='ltr'>Καλῶς</span> <span class='ocrx_word' id='word_1_751' title='bbox 1737 5320 1766 5371; x_wconf 81' lang='grc' dir='ltr'>ὁ</span> <span class='ocrx_word' id='word_1_752' title='bbox 1812 5319 1942 5372; x_wconf 84' lang='grc' dir='ltr'>Ἰου-</span> 
     </span>
    </p>
   </div>
   <div class='ocr_carea' id='block_1_86' title="bbox 354 5408 1942 5482">
    <p class='ocr_par' dir='ltr' id='par_1_86' title="bbox 354 5408 1942 5482">
     <span class='ocr_line' id='line_1_86' title="bbox 354 5408 1942 5482; baseline -0.001 -16"><span class='ocrx_word' id='word_1_753' title='bbox 354 5415 533 5475; x_wconf 74' lang='grc' dir='ltr'>στῑνος</span> <span class='ocrx_word' id='word_1_754' title='bbox 566 5411 694 5482; x_wconf 73' lang='grc' dir='ltr'>ἔφη,</span> <span class='ocrx_word' id='word_1_755' title='bbox 728 5410 870 5465; x_wconf 86' lang='lat' dir='ltr'><strong>Bene</strong></span> <span class='ocrx_word' id='word_1_756' title='bbox 912 5408 1160 5463; x_wconf 80' lang='lat' dir='ltr'><strong>Justinus</strong></span> <span class='ocrx_word' id='word_1_757' title='bbox 1199 5410 1358 5475; x_wconf 74' lang='lat' dir='ltr'><strong>dixit,</strong></span> <span class='ocrx_word' id='word_1_758' title='bbox 1394 5410 1643 5481; x_wconf 88' lang='lat' dir='ltr'><strong>quoniam</strong></span> <span class='ocrx_word' id='word_1_759' title='bbox 1678 5420 1799 5464; x_wconf 89' lang='lat' dir='ltr'><strong>ante</strong></span> <span class='ocrx_word' id='word_1_760' title='bbox 1832 5409 1942 5464; x_wconf 83' lang='lat' dir='ltr'><strong>Do-</strong></span> 
     </span>
    </p>
   </div>
   <div class='ocr_carea' id='block_1_87' title="bbox 354 5485 1944 5574">
    <p class='ocr_par' dir='ltr' id='par_1_87' title="bbox 354 5485 1944 5574">
     <span class='ocr_line' id='line_1_87' title="bbox 354 5485 1944 5574; baseline -0.001 -15"><span class='ocrx_word' id='word_1_761' title='bbox 354 5506 487 5560; x_wconf 78' lang='lat' dir='ltr'><strong>mini</strong></span> <span class='ocrx_word' id='word_1_762' title='bbox 519 5505 806 5559; x_wconf 81' lang='lat' dir='ltr'><strong>adventum</strong></span> <span class='ocrx_word' id='word_1_763' title='bbox 839 5516 1107 5574; x_wconf 87' lang='lat' dir='ltr'><strong>nunquam</strong></span> <span class='ocrx_word' id='word_1_764' title='bbox 1128 5519 1291 5556; x_wconf 86' lang='lat' dir='ltr'><strong>ausus</strong></span> <span class='ocrx_word' id='word_1_765' title='bbox 1325 5512 1403 5558; x_wconf 86' lang='lat' dir='ltr'><strong>est</strong></span> <span class='ocrx_word' id='word_1_766' title='bbox 1439 5485 1670 5558; x_wconf 76' lang='lat' dir='ltr'><strong>Satanas</strong></span> <span class='ocrx_word' id='word_1_767' title='bbox 1705 5502 1944 5573; x_wconf 83' lang='lat' dir='ltr'><strong>blasphe-</strong></span> 
     </span>
    </p>
   </div>
   <div class='ocr_carea' id='block_1_88' title="bbox 354 5596 1937 5660">
    <p class='ocr_par' dir='ltr' id='par_1_88' title="bbox 354 5596 1937 5660">
     <span class='ocr_line' id='line_1_88' title="bbox 354 5596 1937 5660; baseline 0.001 -10"><span class='ocrx_word' id='word_1_768' title='bbox 354 5614 502 5651; x_wconf 84' lang='lat' dir='ltr'><strong>mare</strong></span> <span class='ocrx_word' id='word_1_769' title='bbox 556 5596 758 5660; x_wconf 76' lang='lat' dir='ltr'><strong>Deum,</strong></span> <span class='ocrx_word' id='word_1_770' title='bbox 804 5596 1036 5650; x_wconf 88' lang='lat' dir='ltr'><strong>nondum</strong></span> <span class='ocrx_word' id='word_1_771' title='bbox 1076 5596 1245 5650; x_wconf 88' lang='lat' dir='ltr'><strong>sciens</strong></span> <span class='ocrx_word' id='word_1_772' title='bbox 1303 5612 1460 5650; x_wconf 88' lang='lat' dir='ltr'><strong>suam</strong></span> <span class='ocrx_word' id='word_1_773' title='bbox 1522 5597 1937 5651; x_wconf 87' lang='lat' dir='ltr'><strong>damnationem.</strong></span> 
     </span>
    </p>
   </div>
   <div class='ocr_carea' id='block_1_89' title="bbox 354 5687 1939 5759">
    <p class='ocr_par' dir='ltr' id='par_1_89' title="bbox 354 5687 1939 5759">
     <span class='ocr_line' id='line_1_89' title="bbox 354 5687 1939 5759; baseline -0.001 -16"><span class='ocrx_word' id='word_1_774' title='bbox 354 5690 497 5744; x_wconf 79' lang='lat' dir='ltr'><strong>Alibi</strong></span> <span class='ocrx_word' id='word_1_775' title='bbox 528 5706 542 5741; x_wconf 92' lang='lat'>:</span> <span class='ocrx_word' id='word_1_776' title='bbox 577 5688 644 5741; x_wconf 80' lang='lat' dir='ltr'><strong>Et</strong></span> <span class='ocrx_word' id='word_1_777' title='bbox 673 5688 798 5743; x_wconf 84' lang='lat' dir='ltr'><strong>bene</strong></span> <span class='ocrx_word' id='word_1_778' title='bbox 817 5687 1067 5742; x_wconf 80' lang='lat' dir='ltr'><strong>Justinus</strong></span> <span class='ocrx_word' id='word_1_779' title='bbox 1100 5688 1157 5741; x_wconf 86' lang='lat' dir='ltr'><strong>in</strong></span> <span class='ocrx_word' id='word_1_780' title='bbox 1187 5706 1248 5742; x_wconf 90' lang='lat' dir='ltr'><strong>eo</strong></span> <span class='ocrx_word' id='word_1_781' title='bbox 1284 5688 1419 5741; x_wconf 90' lang='lat' dir='ltr'><strong>libro</strong></span> <span class='ocrx_word' id='word_1_782' title='bbox 1450 5690 1541 5759; x_wconf 89' lang='lat' dir='ltr'><strong>qui</strong></span> <span class='ocrx_word' id='word_1_783' title='bbox 1574 5698 1650 5742; x_wconf 86' lang='lat' dir='ltr'><strong>est</strong></span> <span class='ocrx_word' id='word_1_784' title='bbox 1686 5688 1756 5741; x_wconf 88' lang='lat' dir='ltr'><strong>ad</strong></span> <span class='ocrx_word' id='word_1_785' title='bbox 1792 5687 1939 5742; x_wconf 79' lang='lat' dir='ltr'><strong>Mar-</strong></span> 
     </span>
    </p>
   </div>
   <div class='ocr_carea' id='block_1_90' title="bbox 356 5778 1935 5851">
    <p class='ocr_par' dir='ltr' id='par_1_90' title="bbox 356 5778 1935 5851">
     <span class='ocr_line' id='line_1_90' title="bbox 356 5778 1935 5851; baseline 0.001 -18"><span class='ocrx_word' id='word_1_786' title='bbox 356 5785 556 5835; x_wconf 78' lang='lat' dir='ltr'><strong>cioaem</strong></span> <span class='ocrx_word' id='word_1_787' title='bbox 592 5783 690 5835; x_wconf 88' lang='lat' dir='ltr'><strong>ait.</strong></span> <span class='ocrx_word' id='word_1_788' title='bbox 751 5778 938 5851; x_wconf 80' lang='lat' dir='ltr'><strong>Neque</strong></span> <span class='ocrx_word' id='word_1_789' title='bbox 961 5781 1152 5835; x_wconf 87' lang='lat' dir='ltr'><strong>dubito</strong></span> <span class='ocrx_word' id='word_1_790' title='bbox 1196 5781 1328 5850; x_wconf 92' lang='lat' dir='ltr'><strong>quin</strong></span> <span class='ocrx_word' id='word_1_791' title='bbox 1367 5778 1568 5835; x_wconf 85' lang='lat' dir='ltr'><strong>.lnstini</strong></span> <span class='ocrx_word' id='word_1_792' title='bbox 1618 5779 1935 5850; x_wconf 77' lang='lat' dir='ltr'><strong>Apologiam</strong></span> 
     </span>
    </p>
   </div>
   <div class='ocr_carea' id='block_1_91' title="bbox 360 5872 1937 5945">
    <p class='ocr_par' dir='ltr' id='par_1_91' title="bbox 360 5872 1937 5945">
     <span class='ocr_line' id='line_1_91' title="bbox 360 5872 1937 5945; baseline 0.003 -19"><span class='ocrx_word' id='word_1_793' title='bbox 360 5875 411 5927; x_wconf 89' lang='lat' dir='ltr'><strong>in</strong></span> <span class='ocrx_word' id='word_1_794' title='bbox 440 5875 626 5930; x_wconf 87' lang='lat' dir='ltr'><strong>animo</strong></span> <span class='ocrx_word' id='word_1_795' title='bbox 652 5873 928 5942; x_wconf 82' lang='lat' dir='ltr'><strong>habuerit,</strong></span> <span class='ocrx_word' id='word_1_796' title='bbox 962 5890 1090 5930; x_wconf 87' lang='lat' dir='ltr'><strong>cum</strong></span> <span class='ocrx_word' id='word_1_797' title='bbox 1121 5876 1227 5931; x_wconf 86' lang='lat' dir='ltr'><strong>ista</strong></span> <span class='ocrx_word' id='word_1_798' title='bbox 1257 5873 1322 5930; x_wconf 87' lang='lat' dir='ltr'><strong>de</strong></span> <span class='ocrx_word' id='word_1_799' title='bbox 1354 5873 1575 5930; x_wconf 88' lang='lat' dir='ltr'><strong>Simone</strong></span> <span class='ocrx_word' id='word_1_800' title='bbox 1608 5872 1761 5945; x_wconf 82' lang='lat' dir='ltr'><strong>Mago</strong></span> <span class='ocrx_word' id='word_1_801' title='bbox 1802 5876 1937 5930; x_wconf 88' lang='lat' dir='ltr'><strong>scri-</strong></span> 
     </span>
    </p>
   </div>
   <div class='ocr_carea' id='block_1_92' title="bbox 64 6218 411 6387">
    <p class='ocr_par' dir='ltr' id='par_1_92' title="bbox 64 6218 411 6387">
     <span class='ocr_line' id='line_1_92' title="bbox 64 6218 411 6387; baseline 0 -152"><span class='ocrx_word' id='word_1_802' title='bbox 64 6218 385 6387; x_wconf 41' lang='grc' dir='ltr'><em>η</em></span> 
     </span>
    </p>
   </div>
   <div class='ocr_carea' id='block_1_93' title="bbox 2044 4666 3624 4744">
    <p class='ocr_par' dir='ltr' id='par_1_93' title="bbox 2044 4666 3624 4744">
     <span class='ocr_line' id='line_1_93' title="bbox 2044 4666 3624 4744; baseline -0.004 -18"><span class='ocrx_word' id='word_1_803' title='bbox 2044 4674 2239 4744; x_wconf 88' lang='lat' dir='ltr'><strong>potuit.</strong></span> <span class='ocrx_word' id='word_1_804' title='bbox 2266 4672 2540 4742; x_wconf 87' lang='lat' dir='ltr'><strong>Epistolas</strong></span> <span class='ocrx_word' id='word_1_805' title='bbox 2573 4670 2765 4742; x_wconf 85' lang='lat' dir='ltr'><strong>lgnatii</strong></span> <span class='ocrx_word' id='word_1_806' title='bbox 2800 4671 2999 4739; x_wconf 90' lang='lat' dir='ltr'><strong>ubique</strong></span> <span class='ocrx_word' id='word_1_807' title='bbox 3031 4669 3286 4737; x_wconf 83' lang='lat' dir='ltr'><strong>legimus,</strong></span> <span class='ocrx_word' id='word_1_808' title='bbox 3317 4666 3624 4736; x_wconf 88' lang='lat' dir='ltr'><strong>apophtbe-</strong></span> 
     </span>
    </p>
   </div>
   <div class='ocr_carea' id='block_1_94' title="bbox 2041 4760 3625 4836">
    <p class='ocr_par' dir='ltr' id='par_1_94' title="bbox 2041 4760 3625 4836">
     <span class='ocr_line' id='line_1_94' title="bbox 2041 4760 3625 4836; baseline -0.003 -19"><span class='ocrx_word' id='word_1_809' title='bbox 2041 4774 2224 4836; x_wconf 83' lang='lat' dir='ltr'><strong>gmata</strong></span> <span class='ocrx_word' id='word_1_810' title='bbox 2258 4780 2549 4835; x_wconf 87' lang='lat' dir='ltr'><strong>nusquam.</strong></span> <span class='ocrx_word' id='word_1_811' title='bbox 2593 4762 2757 4817; x_wconf 85' lang='lat' dir='ltr'><strong>Solus</strong></span> <span class='ocrx_word' id='word_1_812' title='bbox 2800 4761 3105 4822; x_wconf 77' lang='lat' dir='ltr'><strong>Maximus,</strong></span> <span class='ocrx_word' id='word_1_813' title='bbox 3159 4760 3252 4814; x_wconf 85' lang='lat' dir='ltr'><strong>tali</strong></span> <span class='ocrx_word' id='word_1_814' title='bbox 3300 4766 3625 4828; x_wconf 73' lang='lat' dir='ltr'><strong>argumento</strong></span> 
     </span>
    </p>
   </div>
   <div class='ocr_carea' id='block_1_95' title="bbox 2042 4849 3624 4927">
    <p class='ocr_par' dir='ltr' id='par_1_95' title="bbox 2042 4849 3624 4927">
     <span class='ocr_line' id='line_1_95' title="bbox 2042 4849 3624 4927; baseline -0.004 -18"><span class='ocrx_word' id='word_1_815' title='bbox 2042 4871 2285 4927; x_wconf 90' lang='lat' dir='ltr'><strong>pressus,</strong></span> <span class='ocrx_word' id='word_1_816' title='bbox 2323 4857 2471 4926; x_wconf 89' lang='lat' dir='ltr'><strong>quali</strong></span> <span class='ocrx_word' id='word_1_817' title='bbox 2525 4870 2671 4909; x_wconf 90' lang='lat' dir='ltr'><strong>nunc</strong></span> <span class='ocrx_word' id='word_1_818' title='bbox 2715 4855 2985 4924; x_wconf 90' lang='lat' dir='ltr'><strong>premitur</strong></span> <span class='ocrx_word' id='word_1_819' title='bbox 3041 4849 3624 4920; x_wconf 72' lang='lat' dir='ltr'><strong>Dall:eus,apopbthe-</strong></span> 
     </span>
    </p>
   </div>
   <div class='ocr_carea' id='block_1_96' title="bbox 2041 4940 3625 5016">
    <p class='ocr_par' dir='ltr' id='par_1_96' title="bbox 2041 4940 3625 5016">
     <span class='ocr_line' id='line_1_96' title="bbox 2041 4940 3625 5016; baseline -0.001 -17"><span class='ocrx_word' id='word_1_820' title='bbox 2041 4958 2223 5016; x_wconf 78' lang='lat' dir='ltr'><strong>gmata</strong></span> <span class='ocrx_word' id='word_1_821' title='bbox 2277 4948 2591 5003; x_wconf 89' lang='lat' dir='ltr'><strong>somniavit.</strong></span> <span class='ocrx_word' id='word_1_822' title='bbox 2644 4947 2688 5000; x_wconf 84' lang='lat' dir='ltr'><strong>A</strong></span> <span class='ocrx_word' id='word_1_823' title='bbox 2733 4944 3035 5016; x_wconf 86' lang='lat' dir='ltr'><strong>Polycarpo</strong></span> <span class='ocrx_word' id='word_1_824' title='bbox 3071 4943 3330 4997; x_wconf 87' lang='lat' dir='ltr'><strong>collectas</strong></span> <span class='ocrx_word' id='word_1_825' title='bbox 3362 4940 3625 5011; x_wconf 84' lang='lat' dir='ltr'><strong>epistolas</strong></span> 
     </span>
    </p>
   </div>
   <div class='ocr_carea' id='block_1_97' title="bbox 2043 5033 3627 5106">
    <p class='ocr_par' dir='ltr' id='par_1_97' title="bbox 2043 5033 3627 5106">
     <span class='ocr_line' id='line_1_97' title="bbox 2043 5033 3627 5106; baseline -0.005 -12"><span class='ocrx_word' id='word_1_826' title='bbox 2043 5039 2272 5104; x_wconf 86' lang='lat' dir='ltr'><strong>scimus,</strong></span> <span class='ocrx_word' id='word_1_827' title='bbox 2308 5039 2378 5093; x_wconf 90' lang='lat' dir='ltr'><strong>ab</strong></span> <span class='ocrx_word' id='word_1_828' title='bbox 2405 5039 2498 5092; x_wconf 88' lang='lat' dir='ltr'><strong>illo</strong></span> <span class='ocrx_word' id='word_1_829' title='bbox 2524 5038 2884 5093; x_wconf 88' lang='lat' dir='ltr'><strong>disseminata</strong></span> <span class='ocrx_word' id='word_1_830' title='bbox 2919 5035 3373 5106; x_wconf 76' lang='lat' dir='ltr'><strong>apophthegmata</strong></span> <span class='ocrx_word' id='word_1_831' title='bbox 3407 5033 3627 5101; x_wconf 57' lang='lat' dir='ltr'><strong>ignora-</strong></span> 
     </span>
    </p>
   </div>
   <div class='ocr_carea' id='block_1_98' title="bbox 2043 5127 3623 5200">
    <p class='ocr_par' dir='ltr' id='par_1_98' title="bbox 2043 5127 3623 5200">
     <span class='ocr_line' id='line_1_98' title="bbox 2043 5127 3623 5200; baseline -0.004 -12"><span class='ocrx_word' id='word_1_832' title='bbox 2043 5148 2199 5188; x_wconf 90' lang='lat' dir='ltr'><strong>mus:</strong></span> <span class='ocrx_word' id='word_1_833' title='bbox 2264 5133 2316 5185; x_wconf 92' lang='lat' dir='ltr'><strong>in</strong></span> <span class='ocrx_word' id='word_1_834' title='bbox 2376 5131 2617 5200; x_wconf 89' lang='lat' dir='ltr'><strong>Epistula</strong></span> <span class='ocrx_word' id='word_1_835' title='bbox 2679 5148 2708 5184; x_wconf 91' lang='lat' dir='ltr'><strong>a</strong></span> <span class='ocrx_word' id='word_1_836' title='bbox 2757 5129 3057 5200; x_wconf 81' lang='lat' dir='ltr'><strong>Polycarpo</strong></span> <span class='ocrx_word' id='word_1_837' title='bbox 3104 5127 3250 5181; x_wconf 85' lang='lat' dir='ltr'><strong>edita</strong></span> <span class='ocrx_word' id='word_1_838' title='bbox 3295 5127 3623 5181; x_wconf 90' lang='lat' dir='ltr'><strong>sententiam</strong></span> 
     </span>
    </p>
   </div>
   <div class='ocr_carea' id='block_1_99' title="bbox 2043 5220 3620 5297">
    <p class='ocr_par' dir='ltr' id='par_1_99' title="bbox 2043 5220 3620 5297">
     <span class='ocr_line' id='line_1_99' title="bbox 2043 5220 3620 5297; baseline -0.004 -16"><span class='ocrx_word' id='word_1_839' title='bbox 2043 5227 2239 5297; x_wconf 88' lang='lat' dir='ltr'><strong>ipsam,</strong></span> <span class='ocrx_word' id='word_1_840' title='bbox 2295 5241 2459 5296; x_wconf 91' lang='lat' dir='ltr'><strong>quam</strong></span> <span class='ocrx_word' id='word_1_841' title='bbox 2520 5226 2762 5281; x_wconf 85' lang='lat' dir='ltr'><strong>laudavit</strong></span> <span class='ocrx_word' id='word_1_842' title='bbox 2809 5223 3069 5289; x_wconf 74' lang='lat' dir='ltr'><strong>lrenseus,</strong></span> <span class='ocrx_word' id='word_1_843' title='bbox 3127 5220 3471 5285; x_wconf 87' lang='lat' dir='ltr'><strong>invenimus;</strong></span> <span class='ocrx_word' id='word_1_844' title='bbox 3509 5236 3620 5275; x_wconf 91' lang='lat' dir='ltr'><strong>non</strong></span> 
     </span>
    </p>
   </div>
   <div class='ocr_carea' id='block_1_100' title="bbox 2043 5314 3623 5389">
    <p class='ocr_par' dir='ltr' id='par_1_100' title="bbox 2043 5314 3623 5389">
     <span class='ocr_line' id='line_1_100' title="bbox 2043 5314 3623 5389; baseline -0.003 -16"><span class='ocrx_word' id='word_1_845' title='bbox 2043 5335 2181 5389; x_wconf 84' lang='lat' dir='ltr'><strong>Opus</strong></span> <span class='ocrx_word' id='word_1_846' title='bbox 2201 5329 2287 5374; x_wconf 89' lang='lat' dir='ltr'><strong>est</strong></span> <span class='ocrx_word' id='word_1_847' title='bbox 2312 5318 2377 5372; x_wconf 86' lang='lat' dir='ltr'><strong>ad</strong></span> <span class='ocrx_word' id='word_1_848' title='bbox 2398 5317 2600 5372; x_wconf 85' lang='lat' dir='ltr'><strong>famam</strong></span> <span class='ocrx_word' id='word_1_849' title='bbox 2637 5332 2939 5383; x_wconf 88' lang='lat' dir='ltr'><strong>recurrere,</strong></span> <span class='ocrx_word' id='word_1_850' title='bbox 2956 5332 3081 5371; x_wconf 89' lang='lat' dir='ltr'><strong>cum</strong></span> <span class='ocrx_word' id='word_1_851' title='bbox 3114 5315 3169 5369; x_wconf 92' lang='lat' dir='ltr'><strong>in</strong></span> <span class='ocrx_word' id='word_1_852' title='bbox 3196 5314 3417 5384; x_wconf 85' lang='lat' dir='ltr'><strong>scriptis</strong></span> <span class='ocrx_word' id='word_1_853' title='bbox 3444 5322 3623 5368; x_wconf 79' lang='lat' dir='ltr'><strong>tenea-</strong></span> 
     </span>
    </p>
   </div>
   <div class='ocr_carea' id='block_1_101' title="bbox 2042 5405 3622 5481">
    <p class='ocr_par' dir='ltr' id='par_1_101' title="bbox 2042 5405 3622 5481">
     <span class='ocr_line' id='line_1_101' title="bbox 2042 5405 3622 5481; baseline -0.003 -14"><span class='ocrx_word' id='word_1_854' title='bbox 2042 5429 2194 5478; x_wconf 89' lang='lat' dir='ltr'><strong>mus;</strong></span> <span class='ocrx_word' id='word_1_855' title='bbox 2248 5426 2301 5467; x_wconf 85' lang='lat' dir='ltr'><strong>et</strong></span> <span class='ocrx_word' id='word_1_856' title='bbox 2350 5412 2850 5481; x_wconf 84' lang='lat' dir='ltr'><strong>quomodocunque</strong></span> <span class='ocrx_word' id='word_1_857' title='bbox 2897 5418 3083 5479; x_wconf 90' lang='lat' dir='ltr'><strong>postea</strong></span> <span class='ocrx_word' id='word_1_858' title='bbox 3139 5407 3401 5476; x_wconf 66' lang='lat' dir='ltr'><strong>usurpata</strong></span> <span class='ocrx_word' id='word_1_859' title='bbox 3436 5405 3529 5472; x_wconf 90' lang='lat' dir='ltr'><strong>sit,</strong></span> <span class='ocrx_word' id='word_1_860' title='bbox 3552 5420 3622 5462; x_wconf 80' lang='lat' dir='ltr'><strong>ex</strong></span> 
     </span>
    </p>
   </div>
   <div class='ocr_carea' id='block_1_102' title="bbox 2040 5498 3620 5575">
    <p class='ocr_par' dir='ltr' id='par_1_102' title="bbox 2040 5498 3620 5575">
     <span class='ocr_line' id='line_1_102' title="bbox 2040 5498 3620 5575; baseline -0.004 -15"><span class='ocrx_word' id='word_1_861' title='bbox 2040 5505 2271 5575; x_wconf 89' lang='lat' dir='ltr'><strong>cpistola</strong></span> <span class='ocrx_word' id='word_1_862' title='bbox 2300 5504 2553 5558; x_wconf 88' lang='lat' dir='ltr'><strong>haustam</strong></span> <span class='ocrx_word' id='word_1_863' title='bbox 2583 5520 2690 5557; x_wconf 92' lang='lat' dir='ltr'><strong>non</strong></span> <span class='ocrx_word' id='word_1_864' title='bbox 2724 5502 3063 5557; x_wconf 88' lang='lat' dir='ltr'><strong>dubitemus.</strong></span> <span class='ocrx_word' id='word_1_865' title='bbox 3089 5500 3247 5555; x_wconf 79' lang='lat' dir='ltr'><strong>Nulla</strong></span> <span class='ocrx_word' id='word_1_866' title='bbox 3277 5508 3408 5554; x_wconf 88' lang='lat' dir='ltr'><strong>sunt</strong></span> <span class='ocrx_word' id='word_1_867' title='bbox 3428 5498 3620 5569; x_wconf 81' lang='lat' dir='ltr'><strong>lgnatii</strong></span> 
     </span>
    </p>
   </div>
   <div class='ocr_carea' id='block_1_103' title="bbox 2041 5593 3621 5666">
    <p class='ocr_par' dir='ltr' id='par_1_103' title="bbox 2041 5593 3621 5666">
     <span class='ocr_line' id='line_1_103' title="bbox 2041 5593 3621 5666; baseline -0.001 -16"><span class='ocrx_word' id='word_1_868' title='bbox 2041 5597 2500 5666; x_wconf 85' lang='lat' dir='ltr'><strong>apophthegmata</strong></span> <span class='ocrx_word' id='word_1_869' title='bbox 2529 5610 2651 5666; x_wconf 65' lang='lat' dir='ltr'><strong>quae</strong></span> <span class='ocrx_word' id='word_1_870' title='bbox 2675 5595 2937 5665; x_wconf 86' lang='lat' dir='ltr'><strong>epistolas</strong></span> <span class='ocrx_word' id='word_1_871' title='bbox 2964 5601 3360 5664; x_wconf 62' lang='lat' dir='ltr'><strong>praecesserunt</strong></span> <span class='ocrx_word' id='word_1_872' title='bbox 3388 5610 3403 5646; x_wconf 88' lang='lat'><strong>:</strong></span> <span class='ocrx_word' id='word_1_873' title='bbox 3436 5593 3480 5648; x_wconf 89' lang='lat' dir='ltr'><strong>si</strong></span> <span class='ocrx_word' id='word_1_874' title='bbox 3510 5608 3621 5662; x_wconf 86' lang='lat' dir='ltr'><strong>qua</strong></span> 
     </span>
    </p>
   </div>
   <div class='ocr_carea' id='block_1_104' title="bbox 2042 5686 3617 5757">
    <p class='ocr_par' dir='ltr' id='par_1_104' title="bbox 2042 5686 3617 5757">
     <span class='ocr_line' id='line_1_104' title="bbox 2042 5686 3617 5757; baseline -0.003 -14"><span class='ocrx_word' id='word_1_875' title='bbox 2042 5689 2245 5743; x_wconf 86' lang='lat' dir='ltr'><strong>fuerint</strong></span> <span class='ocrx_word' id='word_1_876' title='bbox 2295 5697 2479 5757; x_wconf 86' lang='lat' dir='ltr'><strong>postea</strong></span> <span class='ocrx_word' id='word_1_877' title='bbox 2538 5687 2847 5752; x_wconf 88' lang='lat' dir='ltr'><strong>decantata,</strong></span> <span class='ocrx_word' id='word_1_878' title='bbox 2909 5704 2977 5743; x_wconf 79' lang='lat' dir='ltr'><strong>ex</strong></span> <span class='ocrx_word' id='word_1_879' title='bbox 3039 5686 3286 5757; x_wconf 87' lang='lat' dir='ltr'><strong>epistolis</strong></span> <span class='ocrx_word' id='word_1_880' title='bbox 3330 5686 3617 5753; x_wconf 85' lang='lat' dir='ltr'><strong>desumpta</strong></span> 
     </span>
    </p>
   </div>
   <div class='ocr_carea' id='block_1_105' title="bbox 2050 5779 3616 5851">
    <p class='ocr_par' dir='ltr' id='par_1_105' title="bbox 2050 5779 3616 5851">
     <span class='ocr_line' id='line_1_105' title="bbox 2050 5779 3616 5851; baseline -0.005 -16"><span class='ocrx_word' id='word_1_881' title='bbox 2050 5781 2220 5837; x_wconf 79' lang='lat' dir='ltr'><strong>fuisse</strong></span> <span class='ocrx_word' id='word_1_882' title='bbox 2268 5790 2322 5834; x_wconf 89' lang='lat' dir='ltr'><strong>ct</strong></span> <span class='ocrx_word' id='word_1_883' title='bbox 2363 5779 2521 5835; x_wconf 79' lang='lat' dir='ltr'><strong>facile</strong></span> <span class='ocrx_word' id='word_1_884' title='bbox 2568 5779 2882 5851; x_wconf 82' lang='lat' dir='ltr'><strong>intelligitur</strong></span> <span class='ocrx_word' id='word_1_885' title='bbox 2935 5789 2989 5835; x_wconf 89' lang='lat' dir='ltr'><strong>et</strong></span> <span class='ocrx_word' id='word_1_886' title='bbox 3045 5779 3181 5835; x_wconf 87' lang='lat' dir='ltr'><strong>satis</strong></span> <span class='ocrx_word' id='word_1_887' title='bbox 3228 5788 3379 5834; x_wconf 86' lang='lat' dir='ltr'><strong>cerlo</strong></span> <span class='ocrx_word' id='word_1_888' title='bbox 3416 5790 3616 5844; x_wconf 67' lang='lat' dir='ltr'><strong>cognua</strong></span> 
     </span>
    </p>
   </div>
   <div class='ocr_carea' id='block_1_106' title="bbox 2043 5872 3613 5943">
    <p class='ocr_par' dir='ltr' id='par_1_106' title="bbox 2043 5872 3613 5943">
     <span class='ocr_line' id='line_1_106' title="bbox 2043 5872 3613 5943; baseline -0.006 -10"><span class='ocrx_word' id='word_1_889' title='bbox 2043 5876 2229 5933; x_wconf 84' lang='lat' dir='ltr'><strong>scitur.</strong></span> <span class='ocrx_word' id='word_1_890' title='bbox 2253 5874 2327 5931; x_wconf 69' lang='lat' dir='ltr'><strong>Es</strong></span> <span class='ocrx_word' id='word_1_891' title='bbox 2358 5873 2578 5932; x_wconf 82' lang='lat' dir='ltr'><strong>Usscrio</strong></span> <span class='ocrx_word' id='word_1_892' title='bbox 2606 5876 2823 5943; x_wconf 77' lang='lat' dir='ltr'><strong>quidem</strong></span> <span class='ocrx_word' id='word_1_893' title='bbox 2858 5875 3091 5931; x_wconf 66' lang='lat' dir='ltr'><strong>Dallasus</strong></span> <span class='ocrx_word' id='word_1_894' title='bbox 3121 5882 3171 5929; x_wconf 85' lang='lat' dir='ltr'><strong>et</strong></span> <span class='ocrx_word' id='word_1_895' title='bbox 3204 5872 3613 5941; x_wconf 70' lang='lat' dir='ltr'><strong>llieroruymum,</strong></span> 
     </span>
    </p>
   </div>
  </div>
