4078 6384
544 324 646 379 155

1546 336 1604 391 S.
1643 336 1985 397 leATIUS.
2026 374 2096 385 -—-
2134 345 2669 404 PBOLEGOHENA.

3682 342 3789 403 156

540 447 596 492 et
629 439 760 495 Acta
809 442 974 498 etiam
1017 444 1196 516 aliqua
1235 452 1480 521 martyrii
1514 470 1627 508 sua:
1653 457 1896 526 opinioni
1942 458 2122 516 favere
2150 478 2196 533 Α
2224 479 2347 517 cum
2385 463 2597 520 Bullino
2632 464 2811 520 adhuc
2843 464 3150 521 simultates
3191 472 3530 527 exercuerat,
3562 462 3798 533 Ideoque

542 530 837 601 intellexit;
880 536 974 591 sed
1024 554 1123 594 nec
1159 541 1246 594 illa
1273 542 1338 596 ad
1375 546 1514 600 hanc
1547 563 1661 601 rem
1705 550 2003 621 quidquam
2034 553 2115 607 fa-

538 624 716 678 ciunt.
779 626 977 683 Fateor
1037 634 1291 702 equidem
1351 635 1745 709 Hieronymum
1806 644 2113 714 scripsisse,

538 715 706 771 verba
736 733 858 787 quae
904 724 1046 791 apud
1100 726 1363 784 Irenaeum
1414 739 1632 787 exstant
1664 732 1931 803 lgnatium
1959 737 2113 791 locu-

535 818 651 864 tum
682 810 874 880 fuisse,
904 834 1024 870 cum
1057 826 1319 891 rugientes
1361 825 1571 879 audiret
1600 826 1794 891 leones,
1835 838 1895 882 ut
1926 829 1981 883 in
2014 830 2117 884 ali-

533 900 742 967 quibus
791 906 1072 964 codicibus
1116 910 1369 982 legimus.
1411 912 1545 968 Nam
1580 915 1634 969 in
1664 916 1788 972 aliis
1822 917 1961 974 illud
1993 936 2114 974 cum

531 1007 599 1048 eo
649 996 769 1052 loco
822 1016 931 1053 non
963 1013 1206 1072 apparet.
1241 1005 1475 1076 Cumque
1506 1008 1625 1076 jam
1659 1010 1945 1069 damnatus
1981 1022 2115 1067 esset

536 1087 607 1139 ad
644 1088 859 1157 bestias,
887 1104 936 1145 et
959 1095 1150 1149 ardore
1191 1098 1431 1165 patiendi
1470 1100 1731 1169 rugientes
1766 1103 1975 1157 audiret
2007 1103 2113 1157 leo-

541 1195 651 1246 nes,
700 1184 797 1239 ait.
831 1184 904 1238 Ex
953 1187 1034 1242 his
1075 1189 1219 1243 enim
1278 1207 1386 1246 non
1444 1204 1555 1249 tam
1607 1197 1891 1266 perspicue
1935 1197 2113 1254 Roma:

534 1286 660 1327 eum
714 1275 829 1331 haec
882 1278 1109 1347 dixisse,
1152 1298 1217 1336 ac
1266 1284 1321 1337 in
1362 1302 1417 1339 re
1451 1290 1721 1355 prwsenti,
1771 1298 1827 1344 et
1865 1292 2017 1360 quasi
2057 1292 2114 1345 in

536 1379 697 1416 arena
740 1366 858 1434 ipsa
880 1383 946 1421 ex
977 1380 1157 1426 mente
1188 1371 1504 1446 Hieronymi
1531 1388 1772 1447 apparet.
1794 1379 1955 1436 Certe
1980 1382 2111 1439 illud

534 1459 760 1527 etquod
804 1460 858 1515 in
903 1460 1183 1520 Breviario
1227 1466 1476 1523 Romano
1520 1472 1807 1541 reperitur,
1840 1483 1894 1529 et
1925 1474 2108 1531 Gneca

536 1546 833 1618 Sophronii
901 1557 1155 1612 versione
1230 1561 1611 1631 conﬁrmatur,
1666 1565 1832 1620 alium
1888 1582 2109 1623 sensum

532 1643 812 1711 postulare
867 1646 1121 1716 videtur;
1156 1666 1332 1721 neque.
1378 1655 1523 1708 enim
1567 1654 1774 1723 Romae,
1802 1660 1895 1715 sed
1918 1661 2111 1717 Antio-

532 1736 670 1790 chia:
726 1738 1011 1794 damnatus
1077 1754 1155 1796 est
1213 1745 1282 1798 ad
1338 1745 1571 1811 bestias;
1618 1751 1892 1821 rugientes
1926 1764 2107 1809 autem

2217 555 2271 608 in
2303 556 2405 610 hoc
2434 556 2554 626 ipso
2589 557 2725 611 libro
2759 557 2897 610 inter
2936 570 3151 612 ceteros
3194 565 3506 610 tractatorcs
3535 555 3728 609 librum
3760 572 3794 609 a

2218 647 2502 715 Pamphilo
2539 649 2740 703 editum
2788 651 2987 719 posuit,
3015 649 3157 720 quod
3190 666 3219 703 a
3265 648 3479 703 Bullino
3506 648 3579 702 ita
3617 648 3794 716 fuerat

2216 740 2577 809 divulgatum;
2607 757 2707 798 nec
2742 740 2989 797 Bullinus
3014 741 3127 811 ipse
3161 741 3349 809 aliqua
3374 740 3481 794 alia
3508 749 3639 795 tuuc
3659 755 3798 795 eon-

2215 833 2531 903 scripserat,
2564 850 2689 904 qua:
2713 834 2783 889 ab
2823 833 3156 905 Hieronymo
3190 832 3483 887 memorari
3517 838 3794 903 poterant.

2216 923 2581 996 Hieronymus
2632 926 2798 996 igitur
2848 941 2880 979 a
2922 927 3141 981 nemine
3170 926 3431 994 deceptus
3477 939 3580 980 suo
3617 923 3797 979 Marte

2217 1018 2306 1072 illa
2332 1016 2654 1073 Eusebianis
2675 1018 2901 1073 addidit.
2929 1018 3131 1073 Eodem
3159 1018 3322 1074 etiam
3349 1017 3512 1072 modo
3533 1017 3586 1071 in
3619 1019 3796 1072 altero

2213 1110 2500 1179 Apollonio
2558 1110 2917 1165 describendo
2976 1119 3229 1166 versatus
3292 1118 3397 1165 est.
3452 1108 3793 1178 Apollonius,

2216 1200 2410 1269 inquit,
2432 1202 2509 1254 vir
2527 1202 2931 1266 disertissimus,
2946 1202 3158 1271 scripsit
3185 1203 3434 1257 adversus
3453 1200 3791 1267 Montanum,

2216 1294 2528 1349 Priscillam
2576 1305 2627 1348 et
2684 1294 3046 1349 Maximillam
3094 1296 3297 1365 insigne
3322 1305 3371 1349 et
3394 1295 3607 1365 longum
3637 1294 3794 1348 uolu-

2213 1402 2349 1449 men,
2370 1387 2423 1439 in
2445 1403 2547 1455 quo
2568 1387 2757 1440 asserit
2776 1386 3088 1441 Montanum
3108 1396 3157 1440 et
3184 1388 3400 1441 insanas
3414 1396 3557 1440 vates
3572 1386 3797 1454 periisse

2212 1478 2527 1546 suspendio;
2578 1477 2646 1530 dc
2719 1478 3015 1546 suspendio
3072 1477 3218 1533 enim
3270 1477 3513 1532 Montani
3574 1478 3797 1533 iocatus

2211 1568 2431 1638 quidem
2487 1578 2568 1623 est
2620 1567 2909 1635 Eusebius,
2936 1568 3031 1623 sed
3060 1569 3180 1639 ejus
3222 1569 3589 1623 narrationem
3632 1567 3795 1622 alteri

2212 1660 2371 1730 plane
2398 1660 2676 1731 scriptori,
2711 1670 2765 1717 et
2793 1660 3011 1730 quidem
3041 1676 3315 1733 anonymo
3356 1661 3566 1725 tribuit,
3600 1661 3699 1715 lib.
3737 1677 3794 1727 v,

2210 1771 2333 1823 cap.
2366 1755 2455 1820 l6,
2493 1770 2524 1809 a
2562 1770 2677 1825 quo
2707 1757 2842 1813 satis
2898 1766 3082 1826 aperte
3110 1756 3457 1826 Apollonium
3504 1756 3800 1825 distinguit

532 1826 721 1882 leones
776 1839 888 1896 tam
943 1832 1192 1904 Smyrnae
1246 1852 1411 1907 quam
1468 1838 1657 1896 Bomze
1686 1842 1877 1897 audire
1899 1847 2107 1914 potuit;
2145 1854 2185 1907 Β
2212 1862 2332 1916 cap.
2361 1846 2448 1903 i8.
2500 1846 2774 1902 Eusebius
2806 1848 3156 1918 Apollonium
3186 1849 3477 1918 scripsisse
3501 1849 3633 1904 dicit
3662 1849 3797 1901 ῐδιον

532 1935 633 1973 nec
674 1937 782 1974 rem
809 1934 1116 1990 prwsentem
1149 1926 1448 1999 intelligere
1494 1932 1710 1987 videtur
1744 1933 2108 2007 Soplironius,

529 2014 625 2083 qui
678 2016 922 2071 dentibus
970 2018 1257 2073 bestiarum
1293 2022 1481 2087 molor,
1515 2023 1747 2097 εὔχομαι
1777 2030 1890 2093 τοῖς
1932 2030 2109 2084 ὀδοῦσι

528 2111 636 2163 τῶν
701 2112 904 2184 θηρίων
972 2116 1274 2187 ἀλησθῆναι
1336 2124 1633 2178 transtulit.
1698 2122 1803 2179 Sed
1871 2139 2108 2183 mentem

529 2200 844 2275 Hieronymi
879 2207 931 2260 in
969 2208 1072 2263 hac
1101 2227 1159 2264 re
1185 2226 1291 2266 non
1325 2230 1548 2279 moror;
1586 2217 1717 2285 quid
1760 2217 1862 2272 iste
1900 2235 1994 2289 per
2018 2220 2108 2275 illa

528 2296 692 2350 verba
728 2298 961 2354 voluerit
1008 2316 1201 2370 parum
1254 2304 1440 2370 refert,
1471 2324 1593 2377 qua:
1621 2309 1690 2364 ab
1736 2324 1802 2364 eo
1850 2309 1968 2366 sine
2000 2312 2107 2367 ulla

525 2391 850 2447 auctoritate
900 2393 1046 2449 dicta
1104 2408 1255 2453 sunt.
1294 2397 1490 2455 Omnia
1535 2417 1657 2471 qua:
1702 2402 1770 2457 de
1811 2401 2107 2474 lgnatianis

528 2481 691 2537 habet
744 2484 798 2537 in
847 2484 1126 2557 Catalogo,
1155 2506 1221 2545 ex
1277 2490 1509 2547 Eusebio
1556 2495 1791 2564 sumpsit
1840 2512 1853 2549 :
1898 2511 1964 2551 ex
2014 2497 2107 2552 illo

525 2576 874 2644 transcripsit
906 2581 1231 2635 sententiam
1265 2582 1409 2639 hanc
1435 2586 1503 2638 ah
1535 2584 1739 2641 Irenaeo
1800 2588 2101 2646 laudatam.

526 2664 669 2721 Nihil
698 2670 801 2727 tale
822 2668 1117 2737 Eusebius,
1152 2675 1288 2729 nihil
1319 2678 1557 2733 lrenams
1582 2697 1596 2733 :
1621 2678 1687 2735 de
1711 2696 1812 2735 suo
1832 2681 1923 2737 illa
1941 2683 2102 2737 verba

522 2776 645 2829 quae
694 2770 910 2831 tempus
966 2764 1230 2823 denotare
1298 2770 1583 2825 videantur
1615 2782 1710 2828 aut
1738 2773 1975 2838 incaute,
2010 2785 2105 2830 aut

524 2852 798 2909 rhetorice
848 2856 1089 2925 addidit;
1121 2869 1288 2930 atque
1325 2862 1396 2917 ita
1438 2879 1561 2932 qua:
1586 2864 1655 2918 ab
1684 2863 1921 2921 Eusebio
1947 2882 2102 2923 acce-

522 2952 679 3011 perat
736 2946 920 3003 minus
974 2959 1120 3006 recte
1171 2953 1415 3019 tradidit;
1448 2957 1591 3025 quod
1623 2957 1672 3011 ei
1706 2957 1761 3013 in
1796 2958 1898 3013 huc
1937 2975 2103 3029 opere

520 3036 767 3091 solemne
806 3051 909 3094 est.
945 3040 1021 3096 De
1063 3043 1353 3113 Apollonio
1383 3064 1551 3116 agens
1584 3050 1741 3119 cujus
1774 3054 2097 3123 martyrium

518 3128 883 3198 descripserat
906 3132 1197 3201 Eusebius,
1218 3153 1344 3193 eum
1375 3140 1442 3195 de
1472 3157 1574 3195 suo
1606 3152 1912 3198 senatorem
1946 3142 2096 3211 facit,

520 3223 731 3292 insigne
748 3224 824 3281 illi
847 3227 1104 3283 volumen
1144 3231 1663 3303 attribuit,cumque
1699 3236 1753 3290 in
1784 3235 2104 3308 Catalogum

518 3318 852 3388 scriptorum
894 3321 1396 3378 ecclesiasticorum
1455 3326 1640 3393 refert,
1678 3328 1789 3382 imo
1826 3328 1968 3383 inter
2009 3346 2105 3385 eos

517 3410 737 3465 tandem
791 3422 1045 3467 numerat
1088 3416 1250 3484 epist.
1289 3415 1384 3481 84,
1437 3418 1611 3487 quiin
1644 3428 1849 3473 tantum
1873 3421 2104 3490 philoso-

515 3500 739 3568 phorum
780 3504 1042 3557 doctrinis
1089 3514 1246 3576 atque
1304 3509 1579 3563 sententiis
1642 3527 1766 3566 suos
1817 3515 2101 3582 relerciunt

514 3592 701 3659 libros,
752 3605 810 3649 ut
857 3598 1063 3652 nescias
1099 3598 1226 3669 quid
1282 3599 1336 3652 in
1391 3600 1502 3655 illis
1554 3604 1783 3671 primum
1838 3605 2103 3660 admirari

513 3687 721 3754 debeas,
752 3690 1103 3745 eruditionem
1154 3693 1359 3759 seaculi,
1408 3711 1478 3748 an
1530 3698 1808 3751 scientiam
1856 3698 2097 3768 Scriptu-

514 3794 719 3834 rarum.
747 3779 871 3836 Haec
892 3781 1257 3855 Hieronymus
1285 3786 1509 3857 proprio
1539 3789 1758 3858 ingenio
1779 3805 1844 3845 ex
1864 3788 2098 3846 Eusebio

512 3872 725 3927 extudit
763 3882 818 3927 et
840 3878 1207 3947 exaggeravit.
1240 3876 1428 3947 Neque
1472 3880 1621 3934 enim
1668 3883 1977 3938 audiendus
2003 3882 2097 3938 Jo—

514 3965 719 4033 scphus
753 3965 1017 4036 Scaliger,
1058 3970 1151 4039 qui
1184 3986 1308 4024 eum
1357 3987 1482 4026 cum
1536 3972 1628 4028 illa
1676 3974 1960 4043 scriberet,
1994 3993 2098 4030 non

516 4052 761 4109 Crtecum
800 4057 1016 4112 Eusebii
1041 4062 1332 4130 exemplar,
1370 4064 1461 4118 sed
1491 4064 1682 4135 Ila/ﬁni
1704 4069 2097 4139 interpretatio-

514 4162 629 4199 nem
675 4145 925 4202 Latinam
977 4151 1029 4203 in
1085 4154 1341 4208 manibus
1397 4154 1653 4212 habuisse
1714 4161 1948 4228 asserit;
2002 4171 2098 4217 aut

517 4236 787 4295 Henricus
851 4239 1121 4307 Valesius,
1164 4246 1257 4313 qui
1303 4262 1430 4301 eum
1484 4248 1602 4303 haec
1655 4250 1769 4305 sine
1817 4252 1978 4307 dubio
2030 4269 2097 4306 ea:

513 4347 679 4400 prava
725 4330 915 4401 Bullini
958 4334 1393 4405 interpretatione
1443 4339 1695 4397 hausisse
1741 4342 1923 4398 tradit.
1979 4343 2095 4400 Hoc

509 4423 658 4477 enim
702 4423 817 4477 lieri
850 4425 1001 4479 nullo
1042 4426 1206 4481 modo
1236 4430 1433 4498 potuit,
1470 4449 1594 4487 cum
1632 4441 1710 4487 tot
1743 4436 1903 4492 annis
1925 4435 2090 4493 Cata-

2215 1938 2571 2011 σύγγραμμα,
2586 1938 2951 2013 Hieronymus
2981 1941 3114 1995 illud
3134 1942 3370 2012 appellat
3390 1943 3591 2011 insigne
3607 1951 3657 1995 et
3674 1941 3798 1994 lon-

2212 2048 2334 2101 gum
2370 2034 2631 2100 volumen,
2662 2050 2787 2089 eum
2830 2035 2965 2104 ipse,
3000 2035 3232 2099 scilicet,
3260 2036 3311 2090 ei
3340 2036 3639 2092 addidisset
3679 2047 3798 2090 tres

2211 2125 2349 2179 alios
2400 2125 2569 2179 libros
2600 2125 2670 2179 ab
2710 2141 2987 2197 anonymo
3023 2128 3383 2197 conscriptos.
3418 2127 3533 2181 lmo
3563 2138 3617 2182 et
3646 2129 3798 2183 idem

2210 2218 2468 2288 anonymi
2506 2214 2657 2287 Opus
2701 2216 2951 2272 Bhodoni
2995 2219 3160 2273 etiam
3191 2218 3461 2273 attribuit.
3492 2216 3795 2287 Miltiades,

2210 2309 2407 2379 inquit,
2442 2309 2593 2379 cujus
2638 2308 2857 2363 Rhodon
2907 2311 2961 2364 in
3005 2327 3156 2379 opere
3192 2327 3322 2376 suo,
3351 2310 3491 2380 quod
3536 2310 3795 2365 adversus

2212 2397 2546 2466 Montanum,
2591 2398 2900 2453 Priscillam
2950 2398 3414 2470 Maximillamque
3462 2401 3793 2469 composuit,

2208 2492 2535 2545 recordatur.
2580 2490 2719 2545 Cum
2764 2490 2855 2546 ille
2893 2491 2988 2561 qui
3039 2490 3296 2547 Miltiadis
3346 2491 3614 2559 meminit,
3642 2491 3793 2546 idem

2207 2582 2279 2636 sit
2314 2582 2408 2651 qui
2448 2582 2673 2638 tradidit
2721 2583 3043 2639 Montanum
3081 2593 3137 2639 et
3171 2583 3525 2639 Maximillam
3556 2598 3794 2654 suspen-

2206 2672 2300 2726 dio
2334 2673 2505 2728 vitam
2542 2673 2772 2729 liniisse.
2804 2673 2929 2730 Haec
2962 2671 3330 2747 Hieronymus
3366 2675 3548 2744 itaque
3587 2690 3651 2729 ex
3687 2690 3793 2729 suo

2206 2764 2433 2819 addidit.
2472 2764 2607 2820 Nam
2638 2768 2786 2837 quod
2821 2766 3055 2823 Gravius
3088 2784 3187 2838 pro
3227 2766 3477 2821 Rhodone
3508 2767 3793 2836 Apollina—

2204 2856 2343 2910 rium
2378 2858 2525 2931 legit,
2561 2875 2661 2915 nec
2687 2874 2930 2915 errorem
2961 2860 3120 2924 tollit,
3149 2875 3249 2915 nec
3292 2858 3628 2931 Hieronymo
3654 2876 3792 2914 con—

2201 2948 2370 3015 venit,
2420 2950 2514 3020 qui
2574 2949 2895 3007 Bhodonem
2957 2952 3308 3022 composuisse
3360 2953 3437 3007 ait
3489 2953 3785 3008 aduersum

2204 3038 2569 3113 Cataphrggas
2624 3045 2827 3114 insigne
2869 3062 3018 3115 opus.
3052 3044 3122 3100 Ut
3168 3045 3380 3115 aliquid
3428 3046 3495 3100 de
3543 3057 3793 3116 tempore

2207 3144 2413 3201 notem,
2459 3137 2607 3205 quod
2657 3138 2913 3206 praesenti
2948 3138 3028 3192 rei
3070 3138 3247 3208 magis
3284 3138 3562 3194 convenit.
3594 3138 3791 3193 Hiero-

2210 3243 2406 3299 nymus
2433 3228 2486 3281 in
2515 3228 2799 3300 Catalogo,
2829 3246 2877 3284 v.
2899 3231 3173 3295 Clemens,
3211 3230 3327 3286 haec
3361 3230 3523 3286 habet
3549 3250 3561 3285 :
3591 3231 3791 3286 Exstat

2206 3319 2502 3374 Alexandri
2549 3320 3042 3393 Hierosolymorum
3075 3324 3329 3393 episcopi,
3362 3323 3452 3392 qui
3482 3340 3602 3376 cum
3637 3322 3790 3377 Nar-

2205 3411 2344 3464 cisso
2372 3422 2558 3479 postea
2586 3414 2723 3468 rexit
2776 3414 3087 3481 Ecclesiam,
3115 3414 3340 3484 epistola
3380 3430 3537 3480 super
3560 3416 3789 3469 ordina-

2207 3503 2350 3557 tione
2390 3504 2723 3574 Asclepiadis
2759 3507 3075 3576 confessoris
3100 3509 3169 3561 ad
3194 3508 3586 3563 Antiochenses.
3612 3505 3787 3572 Quasi

2201 3594 2508 3650 Alexander
2561 3606 2653 3651 aut
2711 3595 3220 3670 Hierosolymorum
3274 3600 3566 3669 episcopus
3618 3598 3791 3653 fuerit

2202 3687 2521 3757 priusquam
2573 3704 2698 3744 cum
2750 3688 3009 3746 Narcisso
3065 3690 3367 3747 Ecclesium
3409 3700 3653 3762 regeret,
3686 3701 3789 3746 aut

2200 3774 2496 3845 Epistolam
2518 3788 2632 3833 tum
2661 3779 2943 3846 scriberet,
2958 3796 3082 3835 cum
3120 3778 3628 3850 Hierosolymorum
3666 3778 3787 3848 epi-

2200 3883 2398 3939 scopus
2428 3879 2605 3936 esset;
2640 3886 2785 3937 eam,
2828 3872 3076 3941 inquam,
3121 3872 3431 3942 epistolam,
3482 3886 3646 3942 quam
3682 3886 3785 3940 per

2196 3962 2529 4018 Clementem
2560 3964 2988 4019 Alexandrinum
3020 3966 3239 4021 misisse
3274 3980 3333 4021 se
3359 3965 3650 4035 signiticet,
3681 3965 3781 4034 qui

2197 4066 2324 4112 ante
2369 4058 2745 4128 episcopatum
2777 4059 2897 4129 ejus
2936 4056 3489 4129 Hierosolymitanum
3525 4066 3782 4112 mortuus

2197 4150 2413 4204 videtur
2439 4165 2579 4205 esse.
2607 4150 2807 4205 Mirum
2836 4152 3003 4221 igitur
3034 4152 3264 4206 omnino
3295 4166 3407 4206 non
3437 4158 3541 4215 est,
3570 4150 3615 4205 si
3649 4148 3779 4204 Ilie-

2200 4257 2465 4313 ronymus
2514 4244 2842 4298 sententiam
2872 4242 3064 4314 lgnatii
3100 4242 3171 4297 ab
3206 4242 3409 4298 Irenaeo
3449 4242 3673 4296 citatam
3707 4257 3779 4297 ex

2195 4333 2432 4391 Eusebio
2490 4336 2838 4407 depromens,
2865 4336 2919 4389 in
2962 4345 3204 4406 tempore
3237 4343 3332 4390 aut
3368 4334 3660 4391 occasione
3683 4351 3778 4389 er-

2194 4436 2360 4482 raret.
2388 4426 2649 4493 Quinimo
2680 4428 2749 4483 de
2786 4429 2904 4498 ipso
2927 4428 3141 4498 lgnatio
3181 4443 3290 4483 non
3320 4428 3496 4497 magis
3519 4436 3781 4481 accurate

510 4512 692 4583 logum
726 4514 1008 4584 scripserit
1036 4514 1430 4591 Hieronymus,
1467 4532 1763 4593 antequam
1793 4525 2087 4582 Eusebium
2124 4542 2168 4596 ι)
2195 4519 2472 4589 loquitur;
2500 4535 2625 4573 cum
2668 4522 2813 4573 enim
2859 4519 3120 4589 epistolas
3155 4517 3226 4573 ab
3256 4534 3323 4573 eo
3350 4518 3598 4589 Smyrna:
3630 4518 3775 4573 scri-

508 4609 738 4663 verterit
785 4609 1054 4666 Bullinus.
1084 4610 1324 4682 Scripsit
1369 4616 1485 4673 haec
1532 4616 1899 4691 Hieronymus
1941 4637 2088 4677 anno

505 4698 798 4757 Theodosii
826 4702 1042 4758 decimo
1075 4714 1296 4774 quarto,
1337 4706 1442 4761 hoc
1469 4718 1572 4775 est,
1603 4708 1750 4763 circa
1781 4711 1848 4765 A.
1873 4710 1932 4766 ι).
1958 4712 2085 4779 592,

505 4800 568 4845 ut
599 4791 790 4861 ipsein
820 4793 927 4849 line
961 4795 1143 4864 operis
1168 4805 1401 4851 testatur
1439 4816 1451 4851 :
1489 4801 1768 4857 transtulit
1791 4801 2085 4858 Historiam

506 4887 725 4942 Eusebii
761 4886 1008 4945 Bullinus
1034 4901 1156 4960 post
1184 4890 1480 4947 Theodosii
1517 4907 1773 4959 mortem,
1806 4896 1917 4951 imo
1961 4906 2089 4967 post

501 4980 708 5049 direpta
739 4980 922 5037 Italia:
952 4984 1194 5037 claustra
1218 4985 1281 5038 ab
1306 4984 1522 5039 Alarico
1545 4988 1676 5042 duce
1698 4989 2007 5056 Gothorum,
2027 5002 2087 5046 ut

500 5073 621 5143 ipse
663 5074 717 5128 in
757 5075 1076 5144 praefatione
1113 5078 1421 5147 profitetur.
1456 5080 1706 5137 Alaricus
1752 5093 1933 5138 autem
1977 5087 2087 5140 ιω-

500 5166 631 5220 liam
687 5181 798 5221 non
858 5168 1084 5222 intravit
1122 5180 1248 5222 ante
1282 5168 1341 5223 Α.
1383 5168 1442 5224 D.
1472 5172 1595 5227 400.
1630 5168 1766 5229 Octo
1810 5175 1975 5244 igitur
2014 5178 2084 5232 ad

500 5258 809 5337 minimum,
845 5260 1008 5315 anuis
1056 5258 1355 5316 Eusebium
1400 5261 1592 5319 Latine
1620 5265 1789 5320 edidit
1814 5265 2082 5337 Bullinus,

497 5334 1141 5422 postquam'CataIOgum
1175 5369 1335 5409 suum
1366 5356 1663 5426 scripserat
1694 5334 2080 5432 Hieronymus.

497 5443 633 5497 Male
658 5442 822 5497 etiam
850 5442 1103 5501 Valesius
1131 5447 1367 5515 coniecit
1394 5446 1809 5521 Hieronymum,
1832 5454 2080 5507 eamdem

495 5534 567 5587 ob
600 5549 853 5607 causam,
878 5534 949 5589 ob
998 5552 1163 5606 quam
1213 5536 1484 5595 Eusebius
1522 5542 1778 5597 omiserat
1818 5542 2080 5598 Methodii

496 5623 717 5697 Origeni
756 5628 1049 5699 iniquioris
1082 5646 1269 5699 opera,
1304 5631 1577 5689 Bullinum
1608 5652 1847 5705 quocum
1882 5637 2079 5691 simul-

497 5726 635 5773 tates
657 5730 975 5775 exercuerat
1003 5722 1057 5776 in
1079 5723 1219 5777 libro
1238 5722 1314 5777 De
1336 5725 1681 5793 scriptoribus
1702 5729 2077 5783 ecclesiasticis

495 5812 563 5867 de
594 5811 860 5871 industria
900 5815 1338 5887 prartermisisse.
1372 5815 1507 5875 Nam
1535 5836 1631 5875 nec
1661 5830 1790 5877 tunc
1818 5823 2076 5880 temuoris

2190 4623 2310 4684 ptas
2357 4621 2862 4679 commemorasset,
2883 4624 2930 4666 et
2967 4614 3107 4675 inde,
3137 4612 3314 4682 inquit
3337 4611 3607 4682 egrediens
3638 4611 3779 4665 scri-

2186 4707 2293 4775 psit
2328 4706 2399 4759 ad
2437 4704 2840 4775 Philadelpheos
2874 4715 2923 4758 et
2957 4705 3025 4758 ad
3055 4702 3439 4775 Smyrnam,“
3464 4704 3676 4774 proprie
3701 4706 3775 4755 ad

2191 4799 2564 4871 Polgcarpum,
2606 4800 2976 4853 commendans
3014 4799 3097 4854 illi
3138 4798 3539 4852 Antiochenscm
3584 4795 3773 4850 Eccle—

2186 4894 2342 4949 siam.
2371 4892 2636 4948 Crederes
2676 4892 2944 4963 lgnatium
2980 4894 3078 4947 has
3110 4892 3367 4962 epistolas
3396 4891 3478 4946 vel
3507 4906 3539 4945 e
3580 4890 3775 4961 Smyr-

2188 5002 2273 5041 nae
2316 4986 2601 5052 suburbio,
2620 4986 2704 5041 vel
2737 5002 2768 5040 a
2797 4987 2999 5056 primo,
3029 4995 3125 5041 aut
3157 4984 3399 5042 secundo
3426 4983 3603 5055 lapide
3630 4983 3773 5038 scri-

2187 5079 2403 5149 psisse;
2437 5078 2583 5149 quod
2628 5078 2775 5134 enim
2826 5079 2953 5149 quis
2981 5078 3271 5149 egrediens
3317 5076 3516 5133 fecisse
3542 5075 3771 5140 dicitur,

2185 5171 2240 5226 id
2273 5172 2327 5225 in
2371 5170 2490 5241 ipso
2530 5186 2753 5241 egressu
2796 5171 2880 5225 vel
2916 5186 3040 5225 eum
3091 5170 3442 5241 egrederetur
3489 5168 3775 5239 peregisse

2185 5264 2569 5334 intelligendus
2598 5264 2833 5319 videtur.
2865 5262 2970 5318 Sed
3002 5263 3102 5318 has
3121 5262 3380 5333 epistolas
3410 5262 3678 5333 lgnatius,
3711 5271 3769 5317 ut

2184 5355 2477 5422 Eusebius,
2504 5371 2534 5411 a
2563 5372 2674 5426 quo
2698 5357 2815 5413 [nec
2842 5356 3035 5411 habuit
3064 5354 3451 5427 Hieronymus,
3474 5364 3529 5409 et
3557 5353 3768 5424 episto-

2182 5450 2250 5506 lae
2306 5450 2438 5521 ipsa:
2500 5459 2791 5518 testantur,
2851 5449 3067 5505 Troade
3116 5449 3356 5520 scripsit,
3403 5448 3471 5502 ad
3521 5462 3687 5517 quam
3733 5463 3768 5503 a

2185 5542 2418 5614 Smyrna
2451 5541 2661 5612 aliquot
2693 5542 2906 5597 dierum
2938 5542 3040 5597 iter
3066 5540 3203 5610 fuit;
3234 5540 3419 5610 ibique
3441 5538 3765 5608 aliquandiu

2182 5636 2487 5706 permansit
2527 5633 2790 5705 lgnatius,
2823 5644 2877 5689 ct
2908 5635 2975 5689 de
2999 5635 3265 5705 pacatiori
3287 5634 3590 5688 Antiochiae
3615 5642 3763 5686 statu

2183 5728 2388 5797 aliquid
2421 5727 2647 5794 audivit,
2669 5727 2986 5796 priusquam
3012 5726 3314 5797 Polycarpo
3335 5726 3764 5780 Antiochenscm

2185 5820 2485 5877 Ecclesiam
2538 5819 2958 5877 commendavit.
2992 5817 3108 5875 Non
3141 5831 3223 5876 est
3249 5820 3413 5886 igitur
3442 5826 3534 5874 aut
3562 5818 3761 5873 abbre-
