4078 6396
276 372 379 427 I57

1075 370 1126 423 .I.
1166 362 1532 421 PEARSONII
1572 360 1891 418 VINDICUE
1931 358 2350 419 lGNATlAN/E.
2400 392 2461 401 —-
2496 358 2675 415 PARS
2703 358 2743 412 1.

3454 354 3555 411 158

270 489 617 546 \iationibns
655 498 751 544 aut
794 488 1308 561 exaggerationibns
1352 486 1671 557 Hieronymi
1702 485 1876 539 liden—
1912 488 1954 545 Α
1983 485 2128 555 quod
2176 494 2389 539 eceterae
2441 483 2631 554 lgnatii
2691 481 2956 551 epistolae,
2982 494 3121 549 quas
3160 480 3333 534 nostri
3362 481 3555 534 eodem

272 582 430 647 dum,
465 581 565 637 ubi
597 590 855 637 auctores
884 582 1033 652 ipsos
1063 581 1347 646 habemus,
1368 593 1514 650 quos
1543 578 1697 632 illum
1721 592 1880 632 secu-

277 684 390 728 ιιιιιι
422 690 554 729 esse
585 682 827 730 constat.

347 767 430 821 Ad
463 767 604 821 Acta
634 766 884 838 martyrii
913 765 1061 834 quod
1098 764 1313 829 attinet,
1344 779 1456 819 non
1490 763 1582 817 illa
1605 771 1884 833 suntquae

280 870 437 914 aetate
468 857 531 912 S.
591 858 778 913 lrenaei
829 857 1138 921 exstabant,
1190 853 1285 909 sed
1335 854 1443 908 alia
1494 852 1691 923 plane,
1727 861 1883 908 sexto

279 952 359 1005 vel
383 952 633 1021 septimo
657 949 863 1005 saeculo
906 949 1053 1013 ﬁcta,
1081 955 1137 1002 et
1172 945 1444 1001 fabulosis
1472 944 1884 1000 narrationibus

279 1052 478 1108 aucta;
546 1042 754 1112 quibus
807 1039 1084 1112 lgnatium
1150 1038 1309 1108 quasi
1360 1039 1416 1092 in
1475 1037 1884 1107 amphitheatro

277 1137 604 1205 loquentem
632 1134 1012 1200 introducunt,
1037 1146 1200 1202 quem
1226 1146 1294 1186 ne
1312 1145 1485 1185 unum
1504 1137 1636 1184 tunc
1656 1129 1883 1183 verbum

276 1226 493 1281 dixisse
549 1223 943 1294 antiquissima
1005 1221 1143 1277 Acta
1195 1229 1447 1275 narrant.
1512 1218 1663 1274 Illius
1719 1218 1887 1289 igitur

279 1318 547 1372 Historiae
619 1316 875 1372 conditor
921 1314 1224 1370 sententias
1272 1311 1486 1383 lgnatio
1547 1310 1705 1381 quasi
1762 1310 1884 1365 viva

278 1423 419 1462 voce
447 1407 699 1477 prolatas
731 1405 1008 1468 attribuit,
1038 1418 1180 1474 quas
1206 1417 1275 1458 ex
1302 1402 1451 1456 illius
1479 1399 1730 1469 epistolis
1769 1400 1888 1469 ipse

279 1499 565 1569 excerpsit
588 1517 603 1564 ;
624 1497 789 1568 idque
808 1513 920 1552 non
957 1504 1171 1552 tantum
1203 1510 1268 1549 ex
1300 1492 1578 1565 genuinis,
1598 1493 1694 1548 sed
1720 1491 1886 1547 etiam

279 1609 346 1648 ει
380 1589 550 1647 ﬁctis.
570 1588 643 1644 Ut
676 1588 808 1643 illud
834 1588 905 1643 ab
927 1603 996 1643 eo
1028 1603 1215 1643 coram
1246 1584 1488 1656 Trajano
1515 1584 1727 1640 dictum
1758 1598 1889 1637 nar-

282 1694 370 1740 rat
401 1701 423 1741 :
460 1683 633 1748 Τίνας
655 1683 715 1736 δὲ
738 1681 901 1754 ἡμῶν
932 1680 1109 1750 ἔγνως
1139 1680 1329 1734 στάσιν
1367 1678 1464 1733 καὶ
1495 1675 1731 1747 πόλεμον
1759 1676 1890 1744 ἀγα-

280 1778 547 1841 πῶνταςς
602 1775 725 1846 οὐχὶ
762 1774 821 1827 δὲ
876 1769 1478 1840 καὶ,ὑποτασσομένους
1517 1768 1798 1839 ἄρχουσιν,
1830 1765 1889 1817 ὲν

279 1866 365 1933 οἷς
403 1867 696 1930 ἀκίνδυνος
727 1866 763 1936 ἡ
790 1863 1079 1934 ὑποταγή;
1113 1860 1281 1916 Vetus
1333 1859 1616 1928 lntcrpres
1660 1875 1674 1887 ο
1711 1855 1884 1922 Quem
1923 1854 1965 1913 Β

280 1963 428 2015 enim
474 1969 723 2015 nostrum
766 1956 1059 2027 cognovisti
1113 1953 1307 2008 bellum
1362 1951 1656 2006 meditari?
1705 1959 1755 2003 et
1793 1964 1895 2001 non

282 2055 467 2123 potius
497 2051 765 2120 subjectos
792 2066 905 2103 esse
926 2046 1281 2117 principibus,
1312 2044 1404 2098 ubi
1431 2060 1538 2097 non
1571 2052 1651 2097 est
1687 2042 1894 2112 pericu-

286 2148 403 2201 losa
430 2143 696 2213 :ubjectio
714 2142 737 2195 ?
756 2140 915 2207 Quod
942 2147 1113 2194 estex
1146 2134 1389 2206 Epistola
1413 2136 1479 2188 ad
1512 2132 1894 2187 Antiochenos

284 2242 713 2308 depromptum.
770 2231 848 2288 Ut
917 2231 1085 2285 etiam
1149 2226 1355 2282 Menaaa
1414 2223 1549 2278 illud
1609 2221 1888 2277 referunt:

293 2331 540 2404 Ἔκραξε
572 2330 674 2382 σὺν
714 2325 863 2395 πόθῳ
893 2326 952 2377 ὲν
990 2322 1140 2393 μέσῳ
1164 2320 1273 2374 τῶν
1306 2317 1599 2373 κινδύνων·
1633 2312 1899 2384 Χριστὸν

287 2402 484 2479 διώξω
544 2420 798 2490 χαίρων,
830 2413 1066 2483 Χριστῴ
1108 2410 1643 2477 συνεσταύρωμαισ
1688 2403 1761 2465 ζῶ
1811 2402 1902 2466 δὲ,

291 2516 501 2571 οὐκέτι
514 2515 638 2583 μὲν
658 2509 797 2581 ἐγὼ,
829 2507 897 2577 ζῇ
931 2506 1021 2571 δὲ,
1070 2504 1257 2576 φησὶν,
1284 2502 1355 2556 ἐν
1394 2498 1526 2571 ἐμοὶ
1548 2499 1738 2568 μόνος
1767 2497 1904 2563 Χρι-

294 2612 474 2675 στός.
504 2604 779 2662 Clamavit
835 2617 955 2655 cum
1001 2597 1265 2653 desiderio
1303 2595 1360 2649 in
1398 2593 1587 2647 mediis
1612 2588 1861 2661 periculis
1884 2602 1905 2640 :

299 2722 319 2749 ο
355 2698 640 2754 Christum
664 2693 899 2765 gaudens
920 2692 1200 2760 insequor;
1236 2703 1357 2740 cum
1377 2684 1591 2740 Christo
1615 2682 1903 2751 cruciﬁxus

298 2805 456 2851 sum;
496 2790 617 2843 vivo
657 2796 835 2840 autem
852 2784 971 2854 jam
1004 2797 1105 2834 non
1143 2795 1268 2851 ego;
1298 2778 1424 2831 vivit
1452 2791 1572 2829 vero
1595 2776 1651 2829 in
1687 2789 1788 2837 me,
1822 2773 1908 2826 in-

294 2883 434 2952 quit,
459 2879 609 2933 solus
632 2877 879 2933 Christus
900 2874 990 2939 Μ,
1029 2891 1049 2924 ι
1078 2887 1145 2927 ex
1190 2868 1513 2939 interpolata
1562 2865 1794 2937 epistola
1841 2864 1910 2918 ad

300 2973 613 3025 Romanos.
669 2964 825 3022 Talia
870 2979 980 3019 non
1028 2975 1203 3032 pauca
1256 2958 1593 3028 posteriores
1648 2956 1907 3009 Actorum

310 3063 808 3121 consarcinatores
840 3055 1055 3128 lgnatio
1097 3053 1429 3133 attribuunt,
1466 3049 1624 3117 quasi
1654 3046 1723 3102 ab
1753 3060 1819 3101 eo
1850 3045 1908 3099 in

300 3160 422 3229 ipsa
469 3153 644 3211 veluti
686 3165 855 3206 arena
895 3145 1270 3217 pronuntiata,
1306 3157 1431 3213 quae
1468 3140 1573 3210 ipsi
1624 3150 1907 3207 nunquam

300 3252 459 3304 fama
491 3253 760 3313 tanquam
779 3236 1044 3310 martyris
1066 3234 1526 3304 apophthcgmala
1558 3232 1907 3295 acceperant,

301 3340 404 3395 sed
447 3353 517 3392 ex
553 3332 829 3404 epistoiis,
860 3328 1052 3399 quales
1103 3341 1205 3381 suo
1246 3339 1364 3380 aevo
1405 3320 1759 3381 exstiterunt,
1806 3316 1904 3371 de-

304 3436 689 3501 sumpserant.
723 3423 929 3479 Eodem
963 3419 1129 3491 igitur
1155 3417 1320 3472 modo
1344 3416 1464 3470 haec
1497 3410 1756 3483 martyris
1781 3423 1909 3463 scn-

305 3523 509 3586 tentia,
544 3534 715 3589 quam
752 3516 996 3569 lrenazus
1034 3510 1244 3572 citavit,
1270 3508 1325 3561 in
1370 3505 1523 3561 Actis
1561 3502 1773 3572 aliquot
1808 3514 1910 3555 sae-

306 3614 455 3669 culis
488 3618 683 3681 postea
706 3602 1060 3674 conscriptis,
1084 3617 1115 3656 a
1145 3598 1593 3656 consarcinatore
1615 3590 1830 3663 lgnatio
1852 3589 1911 3644 in

304 3713 567 3760 extremo
618 3713 796 3769 agone
847 3693 1131 3755 tribuitur,
1156 3706 1266 3745 non
1297 3704 1361 3744 ex
1391 3686 1558 3751 fama,
1582 3699 1694 3739 non
1721 3697 1788 3738 ex
1815 3695 1914 3736 an-

307 3793 656 3865 tiquioribus
708 3788 882 3854 Actis,
918 3786 973 3840 in
1018 3783 1223 3854 quibus
1256 3796 1367 3836 non
1418 3785 1666 3849 apparet,
1701 3774 1795 3830 sed
1847 3786 1917 3828 ex

1982 595 2105 633 cum
2144 579 2247 633 hac
2276 577 2552 632 volumine
2583 592 2612 630 a
2639 574 2937 645 Polycarpo
2965 575 3220 629 collectas
3251 582 3306 628 ct
3332 572 3556 627 ordina-

1982 679 2067 724 tas
2115 668 2376 734 fatentur,
2428 666 2634 721 Irenaeo
2690 666 2891 737 ignota:
2945 665 3166 720 fuerint.
3217 666 3457 720 Caeteras
3506 663 3555 717 ei

1984 759 2145 829 plane
2188 758 2404 829 ignotas
2436 755 2608 812 fuisse
2659 756 2765 810 hoc
2794 763 3118 826 argumento
3149 755 3325 823 capite
3363 754 3558 822 quinto

1984 854 2219 921 probare
2250 860 2503 905 conatur.
2532 851 2773 904 iremeus
2799 848 3082 903 haereticos
3117 855 3241 900 ante
3271 861 3329 901 se
3365 860 3560 899 omnes

1984 943 2321 1015 argumentis
2343 958 2411 998 ex
2441 941 2734 997 traditione
2772 950 2825 996 et
2854 941 3169 995 testimonio
3211 939 3390 995 ductis
3413 937 3563 993 refu—

1986 1044 2083 1090 tat.
2123 1034 2263 1089 Sunt
2289 1042 2470 1089 autem
2504 1034 2557 1087 in
2590 1032 2837 1102 epistolis
2868 1032 3059 1103 Ignatii
3105 1032 3226 1087 loca
3272 1031 3563 1100 quamplu-

1985 1131 2124 1184 rima
2172 1129 2239 1183 ad
2295 1128 2429 1182 illud
2467 1134 2855 1197 argumentum
2905 1125 3340 1179 luculentissima
3385 1142 3400 1177 :
3448 1124 3564 1177 haec

1988 1222 2108 1277 fuse
2144 1236 2247 1277 suo
2292 1235 2445 1275 more
2504 1216 2720 1288 probat.
2752 1215 2953 1270 llabnit
3003 1217 3167 1286 igitur
3194 1230 3417 1270 causam
3447 1215 3566 1269 ido-

1988 1330 2147 1371 neam
2177 1324 2231 1369 et
2261 1329 2400 1383 pene
2428 1309 2794 1367 necessariam
2821 1325 2883 1363 ea
2908 1309 3023 1363 loca
3057 1324 3123 1362 cx
3158 1307 3401 1377 epistolis
3427 1306 3568 1361 reci-

1988 1406 2716 1473 tandi,velsaneindicandi.
2742 1405 2918 1459 Atcas
2930 1419 2997 1457 ne
3022 1416 3132 1456 uno
3161 1402 3326 1454 verbo
3352 1413 3565 1453 memo-

1991 1503 2217 1569 ravisse,
2233 1517 2332 1556 nec
2356 1501 2584 1555 omnino
2613 1509 2746 1555 nutu
2775 1492 3570 1569 signiﬁcassedeprehenditur:

1991 1600 2102 1655 imo
2127 1614 2195 1654 ne
2218 1611 2389 1652 unum
2425 1609 2490 1649 ex
2521 1594 2589 1650 iis
2619 1593 2711 1666 μῦ.
2746 1592 2911 1661 Plane
2937 1605 3068 1662 ergo
3093 1604 3187 1644 eas
3206 1586 3497 1658 ignoravit.

2059 1711 2324 1779 Quamvis
2345 1708 2506 1764 facile
2532 1717 2587 1763 et
2614 1707 2854 1762 breviter
2876 1703 3274 1776 reSpondeatur
3302 1700 3570 1756 celebrem

1994 1804 2321 1861 sententiam
2376 1819 2442 1870 ex
2495 1801 2726 1873 epistola
2757 1799 2824 1854 ad
2852 1797 3132 1852 Romanos
3160 1797 3227 1850 ah
3250 1794 3452 1849 Irenazo
3477 1795 3573 1847 ad—

1997 1899 2219 1953 ductam
2271 1910 2414 1964 esse,
2450 1894 2614 1964 idque
2661 1891 2832 1947 fuisse
2866 1893 2933 1945 ab
2957 1888 3194 1945 Eusebio
3223 1888 3573 1943 observatum

2000 2005 2108 2043 non
2158 1987 2347 2053 semel,
2375 1996 2430 2042 et
2475 2002 2507 2040 a
2539 1984 2728 2040 multis
2756 1982 2880 2037 aliis
2910 1983 3074 2037 etiam
3120 1980 3388 2051 agnitum,
3414 1993 3514 2032 nec
3543 1994 3573 2030 a

1999 2080 2257 2152 quopiam
2284 2087 2409 2134 ante
2432 2079 2540 2133 hoc
2568 2076 2828 2131 saaculum
2862 2082 3141 2143 negatum,
3166 2087 3197 2125 a
3228 2070 3386 2125 nobis
3408 2070 3573 2124 etiam

2001 2173 2289 2242 probatum
2343 2178 2511 2240 atque
2550 2166 2968 2231 conﬁrmatum;
3010 2179 3109 2218 nec
3164 2162 3449 2227 Irenasum,
3483 2161 3577 2229 qui

2005 2264 2145 2318 hanc
2179 2261 2247 2316 ad
2286 2259 2571 2315 Romanos
2601 2257 2889 2327 epistolam
2926 2255 3096 2322 novit,
3129 2263 3354 2309 caeteras
3384 2253 3576 2307 eodem

2003 2356 2282 2411 volumine
2316 2354 2745 2423 comprehensas
2770 2360 2823 2404 et
2853 2348 3140 2420 Polycarpi
3177 2344 3423 2415 epistolae
3443 2341 3579 2397 sub-

2000 2450 2177 2521 jectas
2227 2448 2482 2519 ignorare
2534 2444 2809 2515 potuisse;
2845 2442 3016 2496 multa
3064 2448 3246 2493 tamen
3280 2436 3371 2489 hic
3420 2446 3580 2501 repo-

2006 2543 2184 2597 nenda
2231 2548 2380 2595 sunt.
2423 2537 2561 2593 Cum
2611 2536 2756 2591 enim
2800 2548 2999 2603 magna
3028 2527 3304 2599 diligentia
3346 2540 3478 2579 usus
3512 2522 3585 2577 sit

2007 2634 2091 2686 vir
2116 2630 2493 2697 doctissimus,
2531 2636 2591 2683 ut
2644 2626 2782 2681 nihil
2847 2631 3063 2695 ageret;
3098 2636 3200 2691 ego
3241 2633 3349 2672 non
3380 2615 3581 2670 minori

2009 2724 2145 2780 mihi
2207 2723 2471 2778 utendum
2514 2730 2666 2792 puto,
2697 2729 2757 2774 ut
2787 2732 2913 2773 eum
2949 2715 3086 2770 nihil
3122 2713 3299 2784 egisse
3328 2707 3585 2764 omnibus

2009 2826 2289 2890 appareat.
2319 2815 2569 2886 Seposita
2596 2814 2761 2884 igitur
2790 2806 3279 2879 impraesentiarum
3312 2802 3403 2855 illa
3424 2799 3586 2854 unica

2008 2905 2298 2970 sententia,
2334 2905 2461 2959 licet
2519 2903 2757 2957 lrenaeus
2813 2899 2932 2953 loca
2978 2896 3127 2950 nulla
3170 2894 3237 2948 ad
3273 2891 3584 2946 institutum

2011 3008 2315 3069 Opportuna
2364 3012 2431 3052 ex
2492 2994 2703 3066 lgnatio
2738 2990 2990 3047 citaverit
3041 2984 3473 3048 intimaveritve;
3508 2990 3589 3035 ta-

2014 3106 2136 3146 men
2160 3106 2269 3145 non
2294 3090 2418 3143 inde
2446 3087 2694 3157 sequitur
2724 3083 2988 3154 epistolas
3031 3080 3106 3135 illi
3142 3078 3313 3133 fuisse
3339 3076 3586 3148 ignotas:

1934 3206 1978 3264 ε
2015 3197 2191 3252 neque
2246 3180 2519 3245 Dallaaana
2575 3185 2899 3247 argumenta
2962 3170 3288 3243 persuadent
3319 3170 3588 3222 Irenaeum

2011 3272 2327 3332 necessario
2385 3270 2466 3327 uti
2513 3270 2753 3325 voluisse
2818 3266 3019 3321 talibus
3060 3260 3413 3325 testimoniis,
3457 3258 3504 3312 si
3541 3256 3592 3310 ei

2008 3366 2228 3438 cognita
2260 3365 2519 3420 fuissent.
2553 3364 2671 3415 lino
2705 3348 3239 3414 multoverisimilius
3272 3358 3357 3405 est
3376 3362 3590 3416 suppo-

2010 3460 2118 3516 sito
2159 3458 2306 3530 quod
2362 3454 2646 3527 lgnatiana
2689 3452 2740 3507 ei
2790 3450 3024 3505 fuissent
3078 3442 3486 3515 cognitissima,
3533 3450 3594 3494 ut

2012 3552 2186 3608 nostri
2223 3548 2512 3609 aﬂirmant,
2550 3546 2597 3602 si
2636 3541 2913 3601 scribendi
2951 3539 3172 3594 modum
3206 3535 3275 3590 ab
3304 3549 3371 3588 eo
3401 3533 3593 3587 obser-

2012 3656 2199 3700 vatum
2234 3650 2566 3711 spectemus,
2600 3654 2633 3693 a
2680 3634 3074 3692 sententiarum
3107 3626 3453 3697 excerptione
3472 3624 3598 3678 abs-

2017 3739 2193 3793 tinere
2238 3735 2423 3806 potius
2449 3731 2716 3796 voluisse,
2750 3724 3217 3799 quemadmodum
3257 3733 3445 3775 revera
3473 3716 3599 3771 abs-

2024 3830 2260 3887 tinuisse
2286 3826 2511 3883 dicitur.

2092 3942 2348 4011 Quinque
2379 3938 2551 3993 libros
2585 3935 2851 3991 adversus
2890 3931 3127 3985 haereses
3156 3926 3376 3998 scripsit
3405 3922 3463 3979 S.
3492 3923 3603 3977 Ire-

2024 4052 2175 4093 naeus
2208 4051 2339 4090 sane
2366 4032 2679 4104 pneclaros,
2714 4044 2821 4082 non
2855 4027 3045 4081 eodem
3077 4033 3317 4090 tempore
3345 4028 3443 4073 aut
3472 4033 3605 4073 con-

2025 4132 2204 4195 tinuo,
2231 4135 2291 4180 ut
2321 4141 2387 4179 ex
2420 4120 2838 4194 praefationibus
2870 4118 3103 4173 videtur.
3141 4113 3387 4168 Tertium
3421 4118 3602 4164 autem

2028 4222 2226 4277 librum
2279 4218 2486 4273 scimus
2522 4216 2625 4271 sub
2658 4211 2937 4266 Eleutheri
2981 4206 3300 4279 pontiﬁcatu
3339 4203 3606 4272 scriptum

2030 4312 2235 4377 fuisse;
2264 4324 2427 4380 quem
2462 4322 2587 4362 cum
2638 4304 2706 4359 15
2745 4316 2922 4358 annos
2953 4299 3160 4356 sedisse
3186 4296 3430 4351 scribant
3461 4302 3609 4345 vete-

306 3884 551 3955 epistola
597 3882 666 3937 ad
719 3879 1002 3935 Romanos
1035 3877 1379 3945 deprompta,
1414 3880 1470 3926 et
1502 3869 1572 3924 ad
1612 3884 1725 3923 rem
1771 3880 1916 3937 pm-

307 3988 536 4035 sentem
574 3973 885 4043 applicata;
913 3967 1060 4023 unde
1088 3974 1279 4037 postea
1314 3963 1552 4035 Symeon
1588 3959 1921 4031 Logothetes

314 4072 459 4125 huic
493 4064 785 4122 sententia:
811 4063 917 4117 alia
944 4076 1012 4116 ex
1043 4058 1232 4113 eadem
1261 4054 1493 4125 epistola
1516 4049 1913 4122 superaddidit,

311 4164 480 4234 quasi
512 4158 710 4215 eodem
743 4166 988 4224 tempore
1016 4150 1251 4222 prolata,
1274 4146 1417 4200 ὥστε
1438 4144 1574 4198 Θεοῦ
1609 4143 1914 4212 ἐπιτυχεῖν,

313 4265 370 4309 et
393 4247 579 4323 οὗπερ
603 4248 736 4320 ὲρῶ.
761 4246 901 4302 Cum
929 4244 1095 4315 igitur
1116 4238 1385 4296 sententia
1414 4238 1484 4291 ab
1510 4238 1716 4291 lrenteo
1747 4235 1917 4290 citata

318 4344 381 4399 in
424 4340 668 4412 epistola
705 4337 772 4391 ad
800 4335 1079 4389 Romanos
1103 4337 1301 4394 exstet,
1327 4341 1453 4382 cum
1504 4323 1652 4379 nulla
1682 4334 1924 4391 unquam

320 4385 753 4488 vetustissimos
812 4424 1110 4494 scriptores
1152 4418 1676 4490 apophthegmatum
1736 4410 1928 4483 lgnatii
2031 4421 2143 4470 res,
2169 4402 2315 4457 circa
2345 4414 2507 4470 quem
2542 4411 2745 4451 annum
2790 4394 2991 4448 librum
3029 4406 3153 4445 eum
3197 4386 3477 4455 scripserit
3505 4385 3612 4435 lre-

321 4526 476 4597 apud
497 4508 1523 4585 mentiofactasit,etapophthegmatis
1546 4505 1932 4562 nomeninliac
2035 4510 2208 4560 naeus,
2261 4493 2503 4547 nondum
2566 4497 2907 4557 compertum
2970 4492 3072 4537 est.
3099 4481 3255 4535 Circa
3304 4476 3609 4547 posteriom

1700 4596 1705 4597 ’
1886 4594 1895 4597 ‘
1962 4583 2002 4597 "
2038 4589 2092 4597 ”“
2179 4586 2208 4597 Α·
2298 4586 2307 4595 ·
2374 4593 2385 4597 -
2930 4576 3095 4597 εαξη-
3153 4574 3350 4597 mum...
3387 4568 3606 4597 una...“

324 4568 446 4673 rer;
472 4613 717 4669 Maximo
733 4568 1248 4680 adeﬁ‘ugiumsuum
1264 4568 1550 4657 tutandum
1567 4608 1676 4652 tam
1696 4594 1931 4650 infelici-
1962 4583 2007 4638 Β
2036 4586 2312 4643 Eleutheri
2372 4593 2619 4651 tempora
2673 4580 2879 4635 editum
2928 4576 3099 4631 fuisse
3153 4574 3351 4627 librum
3387 4568 3606 4623 tertium

324 4721 413 4765 ter
444 4706 824 4777 excogitatum
850 4660 1082 4767 siticum
1101 4693 1483 4765 antiquissima
1507 4687 1930 4761 martyriilgna-
2036 4696 2138 4751 ego
2192 4693 2299 4731 non
2346 4676 2557 4740 dubito,
2586 4688 2710 4728 cum
2749 4671 2913 4725 etiam
2945 4669 3139 4738 primo,
3173 4677 3334 4733 quem
3372 4660 3438 4713 ad
3483 4672 3609 4711 eum

328 4803 469 4858 tiani
511 4758 774 4855 Acfanec
800 4796 941 4850 hanc
964 4789 1313 4847 necsimilem
1338 4786 1579 4856 aliquam
1604 4758 1930 4838 sententiam
2039 4772 2131 4829 cui
2186 4785 2326 4841 opus
2379 4782 2541 4823 suum
2594 4762 2896 4826 dedicavit,
2956 4758 3140 4828 aliquo
3194 4762 3319 4809 ante
3374 4760 3616 4818 tempore

330 4839 469 4858 να...
511 4839 648 4855 ιη...
672 4839 774 4852 ..νυ
801 4839 941 4850 ..-ην
1345 4839 1352 4840 ,
1377 4839 1382 4840 ,
1423 4839 1449 4856 κ,
2224 4839 2239 4841 _

329 4887 920 4953 cornmemoraverint,
952 4883 1258 4956 posteriora
1290 4887 1473 4934 autem
1512 4875 1646 4930 Acta
1708 4879 1929 4927 senten-
2043 4865 2280 4919 missum
2310 4859 2483 4914 fuisse
2529 4872 2597 4911 ex
2636 4856 2757 4924 ipso
2796 4854 3025 4914 scimus,
3062 4844 3464 4900 Encratitarum
3507 4839 3617 4893 hae-

332 4988 443 5039 tias
472 5000 543 5038 ex
573 4978 826 5050 epistolis
844 4940 971 5030 tum
988 4971 1265 5044 genuinis,
1286 4977 1403 5023 tum
1435 4960 1801 5034 interpolatis,
1818 4969 1935 5013 tum
2012 4959 2206 5015 -resim
2240 4952 2534 5019 describat,
2559 4966 2724 5020 quam
2751 4947 2929 5018 primo
2956 4959 2986 4997 a
3014 4940 3243 4995 Tatiano
3272 4940 3614 5003 acceperant.

2641 5043 2653 5050 '
2846 5036 2891 5050 Μ
3021 5043 3033 5050 -
3128 5030 3247 5050 --2--Α
3311 5027 3486 5050 ιιιιιηυ.
3537 5022 3594 5050 1..

332 5022 443 5039 ’νη-ο
472 5022 543 5038 νι-
574 5022 825 5050 νινιηνυυ
846 5022 959 5030 ν---σ
988 5022 1265 5044 own—"vv,
1294 5022 1323 5023 κν
1582 5022 1599 5034 ,
1788 5022 1796 5025 ,

331 5078 510 5133 etiam
538 5073 681 5127 ﬁctis
709 5067 1109 5138 excerpserint,
1133 5077 1273 5133 quas
1299 5056 1654 5116 sanctissimo
1684 5050 1941 5123 martyris
2047 5050 2340 5105 Tatianum
2390 5054 2574 5100 autem
2640 5043 2756 5111 ipse
2808 5036 3060 5098 afﬁrmat,
3127 5030 3253 5084 vivo
3309 5027 3489 5080 adhuc
3531 5022 3620 5077 Ju-

2600 5135 2610 5138 ‘
2721 5133 2734 5138 ·
2866 5130 2877 5138 ·
2987 5127 2998 5137 ·
3049 5124 3072 5138 ⁸
3137 5131 3147 5138 -
3231 5137 3240 5138 κ
3279 5119 3447 5138 fut---
3490 5115 3619 5138 11η-.

331 5115 510 5133 ενι-ιη..
539 5115 681 5127 ...πω
710 5115 1109 5138 ν----τν-----,,
1139 5115 1266 5133 γ
1311 5115 1316 5116 ,
1831 5115 1847 5123 _

331 5169 421 5225 ori
455 5168 513 5220 in
542 5166 665 5235 ipso
689 5177 865 5232 agone
889 5160 1216 5221 insererent,
1243 5149 1492 5222 frivolum
1513 5156 1562 5201 et
1585 5147 1819 5214 ineptum
1839 5151 1939 5210 est,
2044 5143 2209 5207 stino,
2243 5139 2393 5195 nulla
2426 5135 2679 5191 haeretica
2704 5130 2953 5187 doctrina
2987 5124 3249 5180 infectum
3279 5119 3471 5174 fuisse.
3490 5115 3622 5170 Post

336 5273 469 5315 eam
500 5215 831 5311 sententiam
861 5250 931 5305 ab
965 5246 1172 5301 Irenaeo
1192 5241 1413 5297 aliunde
1435 5253 1597 5310 quam
1619 5250 1685 5291 ea:
1706 5235 1803 5289 hac
1825 5234 1944 5303 ipsa
2043 5232 2369 5304 martyrium
2426 5227 2627 5283 Justini
2667 5225 2736 5279 ab
2777 5220 3022 5277 Ecclesia
3078 5215 3326 5280 recessit,
3349 5221 3426 5277 ct,
3485 5219 3623 5266 teste

338 5349 573 5423 epistola
599 5347 822 5400 citatam
852 5357 963 5396 esse
1010 5335 1301 5391 hariolari.
2048 5303 2375 5396 Epiphanio,
2410 5323 2466 5376 in
2514 5319 2791 5375 Orientem
2839 5329 2900 5368 se
2939 5310 3204 5372 contulit,
3236 5308 3329 5363 ubi
3370 5303 3622 5361 haeresim

412 5438 686 5509 Confugit
741 5435 909 5505 igitur
955 5431 1040 5484 vir
1066 5426 1428 5483 doctissimus
1451 5422 1517 5477 ad
1556 5425 1941 5491 argumentum
2049 5395 2245 5489 partim
2299 5431 2368 5470 cx
2411 5410 2696 5467 Saturnini
2750 5416 2806 5462 et
2841 5403 3132 5459 Marcionis
3160 5399 3397 5471 placitis,
3426 5395 3625 5466 partim

340 5490 684 5606 negativum,
708 5490 966 5597 tanquam
998 5521 1063 5579 ad
1094 5519 1307 5591 asylum
1339 5490 1697 5578 tutissimum,
1722 5508 1947 5564 asserit-
2046 5529 2115 5569 ex
2145 5507 2416 5565 Valentini
2443 5504 2675 5570 deliriis,
2703 5499 3075 5556 additisetiam
3100 5496 3167 5550 de
3198 5510 3298 5550 suo
3329 5490 3628 5561 aliquibus,

2181 5604 2191 5606 _
2283 5604 2290 5606 _
2380 5600 2419 5606 __
2611 5596 2649 5606 ..
3006 5592 3038 5606 _.
3135 5590 3195 5606 _.
3279 5584 3623 5606 κλμ-μ.--

345 5584 599 5606 “an-
669 5584 683 5596 .
820 5584 836 5597 .
1160 5584 1177 5591 -

345 5641 463 5698 quc
514 5626 783 5678 Irenaeum
825 5618 938 5673 hac
970 5612 1125 5668 verba
1151 5626 1243 5665 nec
1275 5608 1563 5678 sumpsisse
1609 5620 1702 5657 nec
1744 5616 1947 5656 tumere
2052 5604 2339 5663 conﬂavit.
2380 5600 2457 5653 Ex
2499 5613 2566 5653 eo
2609 5595 2900 5650 Encratiue
2931 5592 3065 5653 nati,
3100 5598 3155 5645 et
3184 5590 3237 5642 in
3277 5584 3626 5641 Occidentem

343 5680 583 5792 plotuisse
625 5730 693 5770 ex
740 5713 844 5767 hac
883 5706 1115 5779 epistola
1152 5703 1220 5759 ad
1251 5701 1553 5764 Romanos,
1575 5692 1715 5768 quod
1739 5710 1803 5748 ea
1833 5690 1921 5746 Ire

2052 5697 2218 5753 etiam
2250 5690 2616 5753 disseminati,
2654 5688 2757 5744 sub
2783 5685 2965 5740 Marco
2988 5681 3268 5737 Antonino
3292 5680 3628 5733 innotescere

2058 5791 2062 5792 ⁷
2165 5787 2192 5792 ”
2237 5787 2291 5792 “““
2825 5789 2832 5792 -
3129 5775 3144 5792 Ι
3193 5790 3234 5792 μη
3266 5790 3279 5792 η
3302 5788 3330 5792 --
3353 5789 3361 5792 .
3397 5769 3496 5792 ..ἓ..ἶ
3528 5767 3627 5792 ..ηις

349 5767 576 5792 νην-νη
634 5767 691 5770 τά
917 5767 937 5779 .
1589 5767 1593 5768 ν

349 5830 469 5868 nea
516 5812 700 5880 ignota
741 5806 936 5876 fuerit;
978 5804 1223 5874 ignotam
1262 5806 1441 5854 autem
1492 5796 1541 5851 ei
1576 5795 1719 5850 hanc
1752 5790 1945 5855 fuisse,
2053 5791 2109 5845 in
2154 5787 2329 5843 Gallia
2381 5799 2488 5838 non
2543 5789 2869 5856 potuerunt;
2910 5792 3084 5846 neque
3129 5775 3363 5830 Irentcus
3397 5769 3499 5824 nisi
3527 5767 3628 5822 sub

431 5925 504 5957 Μ
540 5921 658 5978 Gal.
696 5936 755 5987 ιι,
802 5920 887 5987 l9,
914 5915 1005 5971 20.
