4078 6434
507 417 609 471 159

1566 414 1623 471 S.
1666 414 2007 471 IGNATIUS.
2051 446 2118 457 -—
2157 415 2686 473 PBOLEGOMENA.

3659 386 3789 478 tso'

504 533 826 599 Commodo,
858 542 912 588 et
944 532 1132 587 adulto
1156 529 1271 601 jam
1303 530 1579 586 Eleutheri
1614 531 1957 601 pontificatu,
1988 546 2082 585 eos
2113 544 2155 596 Α
2186 540 2392 597 verunt,
2421 540 2475 585 et
2504 547 2571 585 ex
2599 531 2870 585 diametro
2893 518 3137 603 pugnant
3163 548 3288 590 cum
3318 534 3385 591 iis
3412 552 3535 605 qua:
3561 552 3590 590 a
3617 535 3772 591 Mar-

504 639 611 678 tam
645 625 898 695 graphice
928 624 1218 694 depingere
1249 622 1444 693 potuit.
1472 621 1782 689 Quinetiam
1821 622 2075 677 Theodo-

504 720 669 775 tionis
722 720 1025 774 versionem
1086 726 1355 773 memorat
1408 717 1502 771 lib.
1562 733 1645 779 III,
1689 733 1810 787 cap.
1848 718 1940 781 ‘24,
1985 716 2077 787 qui

504 814 680 882 primo
730 814 793 865 ὲκ
840 813 939 883 τῆς
983 812 1232 883 διαδοχῆς
1278 811 1601 884 Μαρκίωνος
1634 817 1776 875 erat,
1816 825 1847 864 e
1882 810 2079 865 castris

504 905 950 960 Marcionitarum
1011 908 1077 959 ad
1138 904 1429 959 Ebionteos
1486 903 1803 973 transfugit,
1849 912 1906 956 et
1951 917 2077 957 cum

501 999 864 1053 circumcisus
892 1007 1071 1063 esset,
1113 998 1358 1067 linguam
1388 994 1671 1051 Hebraeum
1703 995 1927 1061 didicit;
1957 1011 2079 1050 ver-

502 1091 709 1145 sionem
762 1088 974 1145 Veteris
1013 1088 1347 1144 Testamenti
1381 1090 1598 1145 tandem
1634 1088 1961 1155 elaboravit,
1999 1098 2073 1155 et,

501 1191 636 1237 teste
672 1181 1002 1252 Epiphanio,
1033 1182 1138 1236 sub
1182 1181 1485 1236 Commodo
1524 1182 1856 1251 imperatore
1885 1181 2073 1237 edidit.

500 1275 716 1331 Priores
774 1275 939 1344 igitur
998 1283 1109 1328 tres
1163 1274 1333 1328 libros
1381 1274 1486 1328 sub
1535 1272 1830 1329 Eleuthero
1856 1273 2077 1343 quidem

500 1369 732 1437 scriptos
775 1373 1012 1431 constat,
1054 1366 1147 1420 sed
1199 1374 1452 1435 vergente
1488 1366 1600 1435 jam
1648 1366 1715 1421 ad
1758 1366 1921 1421 tinem
1958 1366 2078 1436 ejus

500 1462 850 1530 pontiﬁcatu;
874 1461 1113 1529 reliquos
1129 1467 1224 1512 aut
1253 1460 1358 1513 sub
1378 1458 1671 1514 Eleuthero
1685 1459 1801 1528 jam
1826 1468 2075 1525 exeunte,

498 1562 595 1609 aut
648 1554 751 1609 sub
776 1554 998 1607 ineunte
1024 1550 1239 1607 Victore
1264 1560 1518 1606 exaratos
1548 1559 1712 1621 patet.

572 1646 754 1712 Quare
808 1654 934 1699 ante
986 1643 1249 1698 Irenazum
1316 1645 1584 1713 scripsere
1621 1643 1723 1698 viri
1755 1643 1808 1698 in
1836 1642 2077 1699 Ecclesia

499 1737 865 1801 celeberrimi,
895 1736 1191 1793 Barnabas.
1220 1735 1505 1801 Clemens,
1532 1735 1781 1800 Hermas,
1809 1736 2076 1805 lgnatius,

498 1830 854 1903 Polycarpus,
880 1829 1098 1899 Papias,
1131 1829 1465 1895 Quadratus,
1495 1828 1788 1895 Aristides,
1819 1828 2076 1898 Agrippa,

2181 623 2340 676 cione
2370 623 2729 686 dicebantur;
2760 623 2930 678 multa
2966 640 3089 695 quae
3116 626 3181 680 ad
3209 642 3364 682 suam
3395 627 3597 695 γνῶσιν
3621 643 3771 698 gno—

2180 714 2492 782 sticumque
2514 715 2767 771 trahebat
2787 716 3041 773 Clemens
3065 718 3472 775 Alexandrinus
3496 720 3771 776 adversus

2179 806 2302 862 illos
2348 808 2443 877 qui
2491 809 2599 862 ἀπὺ
2642 809 3001 882 ψευδωνύμου
3048 810 3303 879 γνώσεως
3347 814 3580 883 gnostici
3611 814 3773 869 dice-

2181 899 2398 954 bantur.
2429 900 2741 967 Quadratus
2769 902 3016 957 Adriano
3045 905 3291 974 porrexit
3319 906 3517 961 librmn
3543 924 3645 978 pro
3673 922 3763 963 re-

2178 992 2378 1063 ligione
2404 1002 2590 1048 nostra
2612 994 2998 1064 compositum,
3023 994 3084 1060 ἐξ
3104 988 3165 1050 οὗ
3186 996 3422 1051 κατιδεῖν
3450 998 3599 1053 ἔστιν
3622 999 3749 1070 λαμ

2179 1085 2295 1155 πρὰ
2332 1086 2606 1157 τεκμήρια
2632 1086 2733 1157 τῆς
2763 1103 2822 1139 τε
2861 1086 2957 1141 τοῦ
2990 1089 3181 1160 ἀνδρὸς
3212 1090 3471 1155 διανοίας,
3503 1091 3597 1144 καὶ
3625 1091 3763 1145 ἁπο-

2180 1176 2434 1246 στολικῆς
2475 1177 2815 1249 ὀρθοτομὶας,
2850 1186 2909 1233 ιιι
2950 1180 3195 1250 loquitur
3232 1181 3528 1248 Eusebius,
3561 1182 3767 1237 librum

2178 1268 2330 1323 valde
2360 1268 2544 1323 utilem
2568 1269 2879 1340 plenumque
2907 1272 3128 1325 rationis
3153 1284 3201 1327 et
3224 1273 3372 1341 fidei,
3389 1283 3439 1329 et
3466 1275 3767 1343 apostolica

2179 1363 2423 1418 doctrina
2473 1364 2727 1435 dignum,
2777 1375 2915 1421 teste
2964 1365 3318 1440 Hieronymo.
3377 1369 3447 1423 At
3490 1369 3765 1440 quidquid

2180 1455 2301 1509 Iidei
2346 1464 2403 1511 et
2425 1456 2691 1513 doctrina:
2722 1459 3035 1528 apostolica:
3072 1458 3196 1527 fuit,
3225 1460 3277 1514 id
3317 1477 3482 1516 omne
3512 1462 3579 1516 ad
3611 1462 3740 1518 refu

2181 1548 2378 1605 tandos
2424 1546 2733 1606 Irenzeanos
2783 1551 3069 1608 haereticos
3118 1570 3226 1608 non
3271 1554 3448 1623 potuit
3478 1571 3590 1610 non
3636 1571 3767 1611 esse

2186 1642 2319 1697 utile
2341 1651 2396 1698 et
2423 1644 2715 1711 idoneum;
2746 1646 3046 1716 praasertim
3076 1662 3199 1701 cum
3231 1645 3397 1702 fuerit
3423 1648 3493 1702 ab
3521 1664 3588 1703 eo
3617 1649 3775 1704 scri-

2178 1745 2353 1805 ptum,
2383 1736 2475 1805 qui
2503 1736 2761 1805 plurimos
2788 1753 2820 1791 a
2846 1754 2900 1792 se
2919 1739 3079 1803 visos,
3104 1740 3196 1808 qui
3218 1737 3312 1792 sub
3339 1738 3566 1794 Domino
3596 1744 3769 1795 uariis

2180 1831 2237 1883 in
2268 1828 2463 1885 Judwa
2508 1832 2743 1899 oppressi
2785 1832 3185 1887 calamitatibus
3234 1835 3412 1887 sanati
3447 1834 3683 1904 fuerant,
3713 1849 3767 1890 et

496 1924 714 1989 Castor,
753 1922 1026 1987 Justinus,
1060 1920 1262 1988 Melito,
1298 1921 1697 1991 Athenagoras,
1721 1920 2078 1990 Theophilus,
2115 1905 2157 1963 Β
2184 1923 2274 1992 qui
2308 1940 2339 1975 a
2375 1924 2597 1977 mortuis
2633 1933 3054 1991 resurrexerunt,
3086 1934 3183 1979 aut
3214 1926 3407 1980 saltem
3457 1941 3556 1981 sua
3601 1935 3769 1981 aetate

501 2014 791 2087 Dionysius
832 2015 1266 2078 Corinthiorum,
1300 2015 1695 2084 Apollinarius,
1722 2013 2081 2084 Hierapolila-
2183 2014 2564 2084 superfuisse,
2596 2024 2825 2071 testatus
2870 2025 2974 2072 est.
3021 2016 3180 2083 Quod
3234 2018 3401 2073 etiam
3445 2018 3650 2088 pariter
3696 2018 3767 2073 de

496 2123 618 2161 rum
687 2108 980 2177 episcopus
1005 2148 1022 2174 ,
1083 2116 1139 2162 et
1195 2104 1567 2177 Hegesippus;
1628 2109 1868 2162 lrenmus
1916 2108 2080 2177 igitur
2180 2105 2418 2162 Aristide
2449 2107 2818 2174 sentiendum,
2842 2108 2936 2178 qui
2969 2120 3104 2165 teste
3138 2109 3493 2183 Hieronymo,
3518 2112 3767 2166 volumen

495 2202 733 2255 omnium
781 2200 1153 2255 doctrinarum
1209 2199 1604 2252 curiosissimus
1647 2201 1973 2269 explorator,
2020 2207 2081 2253 ut
2182 2202 2351 2256 nostri
2392 2202 2658 2272 dogmatis
2693 2203 2949 2257 rationem
2985 2203 3256 2256 continens
3306 2203 3487 2256 eodem
3530 2212 3767 2273 tempore

492 2309 617 2347 eum
661 2293 898 2362 appellat
929 2291 1322 2357 Tertullianus,
1355 2294 1557 2362 scripta
1590 2293 1786 2346 horum
1830 2291 2077 2346 omnium
2179 2312 2282 2365 quo
2303 2304 2353 2349 et
2377 2294 2687 2359 Quadratus
2709 2295 2947 2349 Adriano
2971 2297 3201 2366 principi
3230 2296 3397 2349 dedit.
3424 2295 3581 2362 Quod
3609 2298 3767 2351 enim

493 2386 699 2455 optime
743 2385 926 2450 novit;
960 2385 1176 2453 saltem,
1207 2384 1408 2440 Dallzeo
1445 2385 1669 2448 fatente,
1697 2388 1816 2440 sine
1839 2400 1952 2455 quo
1983 2400 2078 2439 ar-
2181 2390 2352 2443 nostri
2385 2389 2656 2459 dogmatis
2679 2389 2944 2444 rationem
2980 2390 3241 2454 continet,
3277 2373 3634 2445 fundamenta
3662 2406 3750 2446 eo-

492 2478 735 2547 gumenti
789 2477 1023 2547 negativi
1074 2477 1159 2531 vis
1194 2479 1421 2532 omnino
1449 2478 1744 2544 nulla,hoc
1768 2494 2080 2548 supponere
2179 2497 2299 2535 rum
2324 2482 2703 2537 haereticorum
2736 2483 3049 2537 necessario
3078 2482 3292 2537 evertit.
3323 2482 3467 2536 Idem
3494 2483 3658 2537 etiam
3691 2483 3766 2538 de

500 2574 626 2641 jure
667 2588 986 2641 possumus.
1018 2573 1087 2627 At
1116 2590 1183 2629 ex
1207 2575 1292 2629 his
1318 2575 1526 2644 aliquot
1550 2577 1619 2629 ab
1645 2578 1852 2631 irenaro
1884 2578 2077 2633 nullibi

494 2667 878 2731 nominantur;
917 2666 1083 2721 nullae
1125 2682 1192 2721 ex
1222 2667 1332 2722 illis
1350 2668 1655 2722 ’sententia:
1682 2680 2073 2740 excerpuntur,

492 2769 546 2812 et
594 2759 660 2812 ad
705 2758 1079 2813 testimonium
1138 2759 1402 2814 adversus
1455 2760 1739 2816 haereticos
1788 2760 2073 2817 ferendum

495 2851 844 2906 adhibentur.
902 2850 1106 2917 Quales
1184 2863 1312 2907 sunt
1376 2851 1678 2918 Barnabas,
1737 2852 2073 2923 Quadratus,

496 2945 785 3010 Aristides,
829 2945 1088 3015 Agrippa,
1117 2944 1319 3012 Melito,
1353 2946 1753 3016 Athenagoras,
1799 2947 2075 3019 Theophi-

494 3038 600 3100 lus,
638 3036 952 3107 Dionysius,
996 3035 1335 3108 Hegesippus
1388 3057 1401 3092 :
1446 3053 1679 3093 numero
1716 3048 1865 3096 certe
1889 3041 2073 3109 plures

492 3145 657 3198 quam
710 3130 805 3199 qni
852 3131 924 3184 ab
950 3145 1016 3185 eo
1062 3131 1439 3185 nominantur.
1469 3132 1551 3185 An
1591 3132 1694 3186 hos
1725 3148 1920 3188 omnes
1951 3133 2072 3190 ideo

493 3225 697 3277 Irenaeo
755 3222 1063 3293 incognitos
1117 3221 1289 3278 fuisse
1329 3225 1532 3290 dicent,
1563 3226 1710 3295 quod
1768 3227 1838 3281 ab
1880 3227 1974 3282 illo
2015 3228 2070 3281 in

495 3316 649 3371 libris
688 3330 829 3386 quos
859 3332 1006 3371 nunc
1034 3316 1323 3381 habemus,
1360 3332 1487 3373 cum
1544 3320 1729 3388 plures
1784 3320 2069 3389 perierint,

493 3424 602 3463 non
637 3410 1173 3463 commemorentur?
1210 3408 1511 3475 Barnabas,
1540 3410 1804 3465 Clementi
1834 3411 2071 3467 Alexan-

490 3500 650 3554 drino
677 3515 817 3570 saepe
844 3501 1042 3558 citatus
1068 3510 1122 3555 et
1144 3501 1472 3570 exscriptus,
1490 3502 1679 3556 lrenaei
1705 3500 2030 3573 Synchrono
2054 3521 2067 3558 :

492 3591 757 3658 Quadrati
806 3602 861 3646 et
898 3591 1156 3649 Aristidis
1211 3594 1475 3664 apologite
1528 3594 1850 3659 notissimae,
1894 3595 2072 3649 omni-

493 3684 706 3753 basque
776 3683 1137 3751 charissimae,
1218 3685 1369 3754 quod
1440 3684 1684 3739 Adriano
1756 3686 2069 3757 imperatori

492 3776 688 3831 oblata:
719 3776 1156 3846 persecutionem
1202 3778 1574 3832 restinxerint.
1602 3778 1839 3849 Agrippa
1876 3777 2072 3834 Castor

493 3868 730 3923 Eusebio
758 3867 1184 3939 γνωριμώτατος
1216 3870 1586 3941 συγγραφεύς,
1613 3868 1946 3942 Hieronymo
1991 3872 2073 3924 vir

491 3962 639 4014 valde
697 3960 903 4015 doctus.
952 3960 1247 4015 Melitionis
1287 3960 1497 4030 elegans
1542 3971 1590 4015 et
1629 3961 2071 4015 declamatorium

491 4053 758 4122 ingenium
791 4051 1032 4106 laudavit
1071 4049 1442 4105 Tertullianus
1479 4070 1492 4105 :
1529 4049 1824 4122 Dionysius
1862 4068 2070 4123 magna:

491 4143 803 4212 eloquentiae
847 4142 971 4211 fuit.
1013 4140 1351 4212 Hegesippus
1396 4142 1601 4195 vicinus
1654 4141 2070 4211 apostolicorunt

495 4249 807 4307 temporum,
841 4244 975 4290 teste
1026 4233 1375 4305 Ilieronymo.
1404 4232 1714 4303 Scriptores
1745 4234 1913 4304 igitur
1955 4244 2066 4288 tam

492 4331 784 4400 prteclaros
811 4330 1064 4398 ignorare
1086 4343 1195 4382 non
1216 4328 1391 4397 potuit
1412 4329 1684 4391 Irenaeus;
1708 4342 1879 4396 quare
1904 4326 2066 4380 iidem

492 4437 594 4475 nec
645 4420 911 4474 nominati
964 4435 1063 4474 nec
1112 4418 1278 4489 ignoti
1309 4418 1559 4478 fuere.et
1584 4432 1865 4487 perperam
1908 4419 2070 4487 plane

492 4511 746 4575 infertur,
779 4510 1014 4580 aliquem
1063 4508 1236 4565 fuisse
1284 4511 1490 4563 [remeo
1540 4509 1758 4577 penitus
1794 4509 2065 4580 ignotum,

2176 2574 2535 2645 Apollinario,
2553 2575 2696 2630 Asiae
2723 2573 3131 2645 llierapolitano
3147 2576 3425 2646 episcopo,
3443 2575 3763 2641 dicendum,

2176 2666 2271 2737 qui
2306 2666 2377 2722 Μ.
2410 2668 2691 2723 Antonino
2728 2668 2934 2738 insigne
2961 2667 3201 2722 volumen
3230 2685 3324 2733 pro
3361 2668 3466 2737 ﬁde
3491 2667 3761 2723 Christia-

2177 2774 2367 2812 norum
2412 2759 2577 2821 dedit.
2626 2768 2687 2814 ut
2734 2768 2790 2813 et
2837 2760 2905 2814 de
2954 2758 3227 2814 Melitoue.
3268 2758 3607 2829 Theophilus
3654 2763 3765 2816 sub

2176 2848 2504 2919 imperatore
2534 2848 2604 2905 Μ.
2643 2850 2921 2906 Antonino
2953 2852 3152 2906 librum
3186 2860 3381 2907 contra
3422 2850 3759 2907 Marcionetn

2176 2944 2515 3012 composuit;
2548 2944 2715 2998 alium
2756 2954 2946 2999 contra
2977 2944 3334 3015 Hermogenis
3385 2946 3636 3001 haeresim
3672 2947 3760 3001 in-

2175 3036 2416 3105 scripsit.
2448 3036 2686 3106 Agrippa
2708 3035 2905 3091 Castor
2927 3036 3207 3091 adversum
3231 3037 3490 3092 Basilidis
3520 3040 3761 3094 haeretici

2173 3128 2464 3195 volumina,
2493 3143 2612 3193 qua
2638 3128 2693 3181 in
2729 3126 3075 3199 Evangelium
3110 3131 3429 3199 confecerat,
3465 3132 3762 3200 fortissime

2175 3222 2447 3275 disseruit.
2482 3220 2665 3276 Melite
2694 3229 2822 3276 ante
2861 3221 3102 3276 libellum
3141 3224 3440 3294 supplicem
3472 3223 3543 3278 Μ.
3576 3226 3759 3281 Anto-

2176 3315 2308 3369 nino
2330 3314 2518 3368 datum
2545 3314 2713 3368 multa
2738 3313 3033 3383 scripserat
3059 3313 3126 3368 de
3149 3315 3452 3385 prephetis,
3478 3316 3546 3370 de
3571 3315 3761 3373 Eccle-

2175 3406 2278 3471 sia,
2310 3405 2377 3460 de
2407 3405 2532 3471 fide,
2560 3405 2629 3460 de
2664 3407 3018 3475 generatione
3056 3405 3186 3463 Jesu
3217 3406 3445 3472 Christi,
3472 3409 3539 3463 de
3570 3408 3760 3464 lucar-

2174 3496 2394 3551 natione
2423 3494 2542 3563 Dei;
2569 3496 2949 3567 Athenagoras
2970 3499 3158 3564 etiam,
3184 3509 3380 3575 praeter
3404 3500 3761 3570 Apologiam,

2174 3588 2243 3643 de
2284 3586 2710 3645 Resurrectione
2758 3592 3087 3661 scripserat,
3114 3607 3240 3661 quze
3275 3593 3460 3647 omnia
3490 3593 3560 3647 ad
3587 3607 3761 3662 argu-

2174 3687 2418 3733 mentum
2477 3676 2665 3733 lrenaai
2719 3680 3083 3749 pertinebant.
3146 3680 3428 3751 Denique,
3482 3694 3541 3739 ut
3588 3684 3761 3739 refert

2173 3770 2442 3826 Eusebius
2474 3769 2620 3825 Hist.
2649 3772 2858 3836 eccles.,
2885 3772 2916 3827 Ι.
2961 3789 3036 3838 tv,
3062 3789 3112 3828 c.
3143 3773 3208 3828 21
3239 3791 3252 3827 :
3278 3772 3479 3828 Iisdem
3505 3778 3760 3845 tempori-

2172 3864 2266 3917 bus
2314 3864 2370 3917 in
2416 3861 2659 3917 Ecclesia
2707 3865 2893 3933 ﬂoruit
2947 3864 3306 3936 Hegesippus,
3362 3876 3413 3922 et
3464 3867 3759 3939 Dionysius

2172 3956 2570 4019 Corinthiorum
2602 3958 2898 4027 episcopus,
2922 3957 3151 4028 Pinytus
3181 3977 3386 4031 quoque
3416 3960 3758 4015 Cretensium

2169 4046 2465 4114 episcopus,
2491 4044 2772 4116 Philippus
2802 4057 3061 4117 prteterea
3090 4058 3140 4102 et
3172 4050 3524 4119 Apollinaris,
3553 4068 3617 4105 ac
3648 4051 3757 4106 Me-

2170 4136 2291 4203 lita,
2329 4137 2583 4192 Husanus
2614 4140 2776 4193 etiam
2801 4152 2848 4194 et
2888 4139 3177 4207 Modestus,
3214 4142 3307 4195 καὶ
3343 4143 3435 4197 ἐπὶ
3461 4145 3629 4199 πᾶσιν
3659 4146 3755 4199 Ei-

2175 4232 2411 4302 ρηναῖος,
2441 4240 2490 4286 et
2522 4240 2785 4299 postremo
2811 4275 2826 4297 ,
2862 4249 2959 4289 seu
3005 4244 3122 4302 post
3155 4234 3247 4287 hos
3281 4251 3458 4290 omnes
3489 4234 3519 4289 Ι
3526 4252 3753 4293 renatus.

2170 4326 2260 4389 At,
2289 4326 2480 4381 eodem
2509 4335 2667 4394 teste,
2694 4326 2981 4398 Philippus
3012 4329 3516 4383 luculentissimum
3547 4330 3753 4385 librum

2170 4428 2360 4475 contra
2392 4419 2722 4476 Marcionem
2745 4424 3077 4491 composuit,
3105 4421 3384 4477 Modestus
3406 4439 3516 4492 prae
3538 4427 3756 4479 caeteris

2168 4528 2385 4569 errores
2407 4515 2528 4584 ejus
2550 4516 2809 4571 omnibus
2831 4515 3160 4585 spectandos
3182 4516 3461 4583 exhibuit;
3489 4515 3755 4572 Musanus

490 4601 636 4671 quod
684 4603 753 4656 ab
797 4618 864 4657 eo
926 4602 981 4656 in
1017 4601 1104 4657 his
1151 4617 1292 4672 quos
1329 4601 1596 4657 habemus
1624 4601 1742 4670 ejus
1771 4601 1925 4657 libris
1955 4618 2063 4658 non

2173 4604 2371 4659 librum
2400 4605 2967 4677 ὲπιστρεπτικώτατον
2997 4606 3262 4660 adversus
3292 4604 3605 4661 Encratitas
3635 4615 3753 4661 tum

492 4691 656 4746 fuerit
681 4692 1018 4747 nominatus.

2167 4697 2405 4766 primum
2435 4706 2658 4752 exertos
2699 4698 2954 4766 scripsit;
2987 4712 3163 4766 neque
3202 4707 3383 4753 tamen
3413 4698 3614 4753 horum
3650 4716 3751 4754 cu-

560 4785 720 4841 Dices
768 4786 1004 4841 fortasse
1049 4785 1349 4842 sententias
1395 4785 1706 4856 Ignatianas
1757 4787 1824 4841 ad
1875 4785 2062 4843 Irenaai
2162 4789 2401 4859 juspiam
2434 4788 2671 4846 lrenaeus
2709 4790 2976 4845 meminit.
3011 4788 3076 4843 lli
3112 4805 3237 4844 cum
3270 4789 3472 4844 Irenaeo
3501 4806 3609 4845 non
3650 4806 3751 4859 po-

488 4887 868 4950 argumentum
908 4894 1030 4934 esse
1058 4879 1306 4943 idoneas,
1336 4878 1554 4933 illorum
1594 4896 1702 4933 non
1735 4881 1863 4936 item
1893 4900 1905 4936 :
1931 4898 2065 4938 cauv

488 4989 606 5027 sam
665 4972 925 5027 habuisse
980 4987 1107 5026 eum
1162 4970 1429 5041 Ignatium
1484 4973 1803 5029 nominandi
1850 4975 2059 5045 justam

486 5073 650 5135 atque
705 5064 1111 5127 necessariam,
1163 5065 1287 5118 illos
1349 5075 1536 5119 autem
1592 5070 2062 5123 commemorandi

487 5156 716 5212 nullam.
760 5155 875 5210 lmo
914 5171 1045 5209 vero
1096 5171 1198 5210 nec
1245 5157 1371 5211 huic
1409 5156 1610 5227 ellugio
1649 5158 1739 5213 hic
1770 5160 1924 5215 locus
1954 5168 2058 5215 est.

486 5250 627 5304 Sunt
670 5249 725 5302 in
766 5249 996 5317 epistola
1042 5248 1304 5304 Barnabas
1342 5251 1459 5305 loca
1502 5253 1910 5322 quamplurima
1939 5270 2063 5324 quae

487 5341 793 5406 haereticos,
820 5350 1012 5394 contra
1042 5357 1179 5410 quos
1208 5343 1428 5412 scripsit
1453 5343 1708 5411 Iretneus,
1739 5355 1927 5415 aperte
1973 5364 2063 5401 re-

486 5434 694 5488 fellunt.
729 5435 895 5488 Multa
923 5434 1083 5489 habet
1106 5452 1228 5506 quae
1249 5434 1463 5492 Patrem
1489 5437 1697 5494 Christi
1727 5438 1915 5493 mundi
1936 5454 2063 5495 con-

484 5528 713 5582 ditorem
748 5529 1126 5592 constituunt;
1173 5530 1239 5584 de
1281 5547 1388 5599 qua
1438 5546 1498 5585 re
1547 5540 1655 5585 tam
1706 5532 1917 5601 prolixe
1951 5533 2068 5603 agit

487 5618 743 5688 lrenams,
768 5631 822 5677 et
846 5638 944 5692 pro
971 5638 1079 5693 qua
1117 5624 1235 5679 sola
1265 5622 1565 5680 Clementis
1599 5624 1889 5694 epistolam
1923 5624 2062 5679 cita-

485 5712 563 5765 vit
601 5731 615 5766 :
655 5714 723 5768 de
764 5714 964 5787 Moysis
1005 5727 1059 5771 et
1107 5717 1495 5787 prophetarum
1540 5718 1761 5787 scriptis
1802 5718 2060 5786 plurima,

486 5820 605 5873 qua:
627 5806 750 5861 huic
771 5809 1048 5863 sententizc
1064 5820 1318 5879 tanquam
1343 5810 1695 5864 fundamento
1724 5811 2059 5864 innituntur:

493 5896 764 5970 Prop/ictae
787 5901 847 5956 ab
874 5903 982 5971 ipso
1019 5902 1264 5958 habentes
1292 5902 1485 5957 donum
1515 5904 1565 5957 in
1599 5903 1749 5957 illum
1783 5904 2059 5957 orca/tcta-

2167 4883 2371 4938 tuerint
2410 4898 2535 4937 esse
2580 4884 2861 4953 incogniti,
2890 4890 2944 4936 et
2985 4884 3155 4938 multa
3188 4883 3241 4937 in
3274 4883 3429 4937 libris
3463 4885 3581 4938 suis
3616 4894 3753 4938 tunc

2164 4969 2327 5023 editis
2368 4969 2679 5037 habuerint,
2709 4986 2831 5039 quae
2859 4971 2926 5024 ad
2960 4982 3343 5039 argumentum
3374 4972 3493 5041 ejus
3541 4971 3751 5028 fuerint

2165 5061 2385 5127 idonea,
2411 5076 2518 5114 non
2545 5071 2723 5116 tamen
2742 5071 2899 5115 erant
2920 5062 2988 5116 ab
3010 5079 3074 5117 eo
3104 5062 3393 5118 nominati.
3418 5062 3558 5118 Male
3582 5063 3749 5133 igitur

2166 5170 2193 5205 a
2223 5152 2425 5207 Dallteo
2457 5162 2564 5207 tam
2611 5154 2976 5222 peremptorie
2999 5154 3291 5220 asseritur,
3321 5164 3610 5209 auctorem
3639 5156 3747 5209 ali-—

2165 5261 2328 5315 quem
2357 5247 2524 5299 etiam
2553 5248 2871 5315 praeclarum
2909 5246 3083 5300 fuisse
3112 5246 3317 5301 lrenaro
3345 5248 3562 5317 penitus
3591 5249 3746 5317 igno-

2166 5348 2301 5404 tum,
2334 5338 2457 5393 ideo
2481 5347 2715 5406 tantum,
2747 5338 2876 5409 quia
2903 5348 3209 5408 opportuna
3239 5341 3532 5396 occasione
3560 5342 3749 5397 ablata

2165 5450 2291 5487 eum
2322 5433 2548 5487 minime
2572 5432 2894 5487 nominavit.

2237 5524 2453 5581 Rursus
2499 5524 2751 5592 Hermas,
2793 5524 3072 5591 Clemens,
3114 5523 3472 5597 Polycarpus,
3517 5526 3745 5599 Papias,

2164 5617 2428 5684 Justinus,
2457 5633 2525 5673 ex
2556 5618 2742 5673 multis
2770 5618 2862 5687 qui
2894 5628 3021 5673 ante
3051 5619 3231 5688 ipsum
3262 5622 3555 5689 scripsere,
3581 5625 3745 5690 pauci

2165 5711 2385 5766 fuerunt
2413 5710 2481 5765 ab
2505 5709 2710 5765 Irenaeo
2745 5709 2968 5780 quidem
3001 5713 3304 5779 nominati;
3336 5715 3430 5767 sed
3466 5729 3533 5767 an
3569 5715 3743 5767 multa

2165 5818 2229 5859 cx
2258 5802 2365 5859 illis
2394 5804 2515 5857 loca
2548 5803 2612 5856 ad
2643 5813 3025 5871 argumentum
3066 5819 3225 5859 suum
3263 5805 3561 5870 luculenta,
3592 5807 3744 5874 quod

2166 5900 2231 5954 de
2269 5896 2477 5968 lguatio
2501 5898 2737 5967 postulat
2765 5897 2843 5952 vir
2878 5898 3249 5981 doctissimus,
3281 5899 3574 5969 excerpsit,
3609 5908 3661 5953 et
3686 5899 3743 5954 in
