4078 6432
339 420 437 475 161

1124 423 1174 479 1.
1216 422 1585 479 PEARSONII
1628 424 1949 479 vmmcma
1992 384 2409 480 mamma.
2450 457 2517 467 .-
2548 426 2728 481 rans
2765 428 2803 483 ι.

3522 432 3622 485 162

335 542 512 597 libros
540 557 677 597 suos
702 544 1023 614 congessit?
1047 544 1292 599 minime.
1323 544 1624 600 Clementis
1648 545 1935 614 epistolam
1971 550 2015 603 Α
2040 546 2228 602 eadem
2254 557 2395 603 esset
2424 562 2549 602 cum
2579 550 2699 618 ipso
2725 551 3013 617 sententia,
3033 554 3408 609 controversia
3438 564 3617 607 autent

332 635 624 689 continere
650 636 728 689 ait
746 636 1092 690 traditionem
1130 638 1537 691 annuntiantem
1570 653 1733 691 unum
1763 637 1933 691 Deum

336 728 751 787 omnipotentem
785 729 1047 798 faetorem
1075 730 1191 785 caeli
1216 741 1267 785 et
1291 740 1447 786 terra:
1481 730 1680 803 (neque
1702 732 1929 798 mirum,

335 821 496 889 cujus
528 821 681 875 enim
706 821 965 877 catholici
995 824 1277 894 scriptoris
1306 840 1447 895 opus
1474 825 1582 880 hoc
1616 840 1722 880 non
1752 826 1931 882 couti-

336 912 515 981 net?);
549 914 650 967 sed
692 929 768 968 ne
799 930 967 969 unam
1014 916 1233 985 quidem
1260 932 1324 971 ex
1356 932 1420 972 ea
1450 918 1679 988 epistola
1709 928 1919 973 senten-

334 1008 464 1059 tiam
488 1021 559 1060 eo
587 1007 696 1062 loci
729 1007 908 1073 affert,
935 1018 1031 1063 aut
1055 1009 1186 1064 alibi
1222 1009 1309 1063 vel
1335 1025 1505 1064 unum
1546 1008 1618 1081 μῦ
1647 1010 1925 1080 exprimit.

332 1097 700 1169 Polyrarpum
729 1100 897 1155 etiam
934 1102 1135 1156 ibidem
1166 1102 1375 1167 laudat,
1405 1111 1461 1157 et
1487 1103 1773 1172 epistolam
1805 1104 1928 1172 ejus

329 1189 395 1242 ad
440 1189 829 1261 Phi'ippenses
880 1206 1185 1262 memorat;
1240 1197 1333 1251 sed
1383 1210 1450 1251 ne
1496 1212 1658 1251 uuam
1705 1199 1925 1268 quidem

325 1280 600 1349 syllabam
630 1298 696 1337 ex
730 1283 854 1353 ejus
876 1284 1118 1355 scriptis,
1150 1288 1235 1341 vel
1257 1287 1325 1343 ad
1360 1286 1723 1345 confutandos
1754 1289 1927 1346 haere-

324 1374 491 1439 ticos,
525 1376 613 1429 vel
644 1375 698 1430 in
724 1377 892 1431 alium
925 1378 1088 1433 linem
1115 1378 1355 1435 adducit.
1385 1379 1610 1451 Papiam
1638 1384 1803 1438 etiam
1834 1400 1928 1439 no-

328 1467 529 1533 minat,
565 1479 625 1524 et
667 1472 1144 1528 narratiunculam
1176 1489 1243 1528 ex
1274 1488 1342 1527 eo
1383 1475 1627 1542 adducit,
1670 1492 1778 1531 non
1813 1487 1924 1533 tam

325 1570 523 1616 contra
546 1562 841 1621 haereticus
865 1580 1031 1635 quam
1056 1567 1123 1621 ad
1145 1566 1538 1623 Chiliastarum
1561 1570 1758 1641 dogma
1787 1586 1923 1627 con-

326 1657 686 1724 firmandum,
718 1660 865 1730 quod
891 1660 967 1715 illi
1000 1676 1146 1716 unus
1167 1659 1365 1731 Papias
1390 1673 1761 1731 persuaserat,
1788 1675 1924 1721 teste

324 1748 573 1806 Eusebio
626 1753 724 1807 lib.
773 1770 858 1815 ttt,
892 1753 960 1808 ad
1005 1753 1192 1820 tinem,
1224 1765 1277 1810 et
1307 1754 1641 1826 Hieronymo
1669 1757 1724 1811 in
1759 1758 1922 1813 Cata-

323 1843 476 1913 logo.
510 1842 591 1898 Ex
624 1845 792 1900 unico
831 1844 1073 1910 Iustino,
1106 1847 1200 1915 qui
1241 1862 1341 1902 sua
1385 1858 1545 1904 aetate
1589 1850 1744 1920 vim,
1784 1853 1922 1909 duas

2035 640 2104 695 de
2129 640 2315 695 verbis
2347 648 2581 696 tantum.
2614 642 2696 696 Ad
2730 644 2829 698 hos
2859 647 3216 713 posteriorem
3251 657 3459 716 partem
3500 648 3617 718 epi-

2034 733 2188 787 stolae
2209 732 2416 803 dirigit,
2443 748 2475 788 a
2503 734 2700 803 pagina
2728 735 2834 790 9l5
2861 736 3209 807 incipientem
3232 757 3245 805 ;
3283 755 3443 809 quam
3476 740 3619 794 male

2034 824 2405 896 interrumpit,
2431 827 2627 897 pagina
2653 830 2927 898 sequenti,
2962 829 3151 885 Latina
3191 832 3574 902 interpretatio
3600 854 3614 889 :

2035 916 2149 973 Nos
2175 935 2293 973 vero
2323 921 2514 973 iterum
2537 922 2842 991 impetenies
2873 940 2982 987 eos,
3013 926 3102 993 qui
3146 924 3368 979 Verbum
3400 936 3616 980 creatu-

2030 1027 2146 1065 ram
2185 1027 2297 1065 esse
2323 1013 2539 1078 dicunt,
2568 1029 2660 1065 nec
2688 1028 2806 1066 eum
2836 1014 3015 1066 volunt
3048 1016 3344 1084 legitimum
3366 1028 3415 1070 et
3444 1027 3615 1071 natu-

2029 1103 2197 1157 ralem
2227 1103 2401 1172 ﬁlinm
2433 1121 2564 1165 esse.
2604 1106 2927 1159 ostendimus
2955 1122 3041 1158 eos
3075 1124 3138 1159 ea:
3166 1107 3409 1161 humanis
3434 1123 3615 1163 exem-

2028 1196 2128 1265 plis
2161 1197 2329 1266 patris
2352 1206 2402 1250 et
2427 1197 2531 1266 ﬁlii
2561 1198 2834 1251 adversum
2866 1215 2920 1251 se
2946 1200 3175 1253 rationes
3207 1209 3256 1253 et
3280 1201 3607 1254 demonstra-

2028 1290 2192 1343 tiones
2217 1290 2472 1358 accipere.
2503 1288 2636 1355 Quae
2662 1291 2827 1345 verba
2852 1301 2906 1345 et
2929 1301 3169 1345 tenorem
3202 1292 3608 1348 dissertationis

2026 1383 2374 1452 perturbant,
2407 1390 2463 1436 et
2505 1397 2769 1451 personas
2801 1394 2965 1453 atque
2996 1400 3081 1438 res
3116 1384 3264 1453 ipsas
3300 1386 3438 1439 mire
3482 1401 3611 1440 con-

2027 1474 2282 1530 fundunt.
2316 1473 2503 1531 Greca
2536 1476 2610 1530 ita
2644 1491 2703 1531 se
2735 1476 2974 1531 habent:
3003 1476 3112 1529 Καὶ
3145 1477 3299 1530 αὐτοὶ
3332 1477 3462 1546 γοῦν
3495 1480 3606 1530 tw—

2027 1569 2282 1640 στάμενοι
2317 1569 2477 1622 πάλιν
2504 1568 2640 1640 πρὸς
2671 1569 2798 1631 τοὺς
2824 1568 3027 1640 κτίσμα
3059 1569 3315 1638 λέγοντας
3346 1565 3485 1622 εἶναι
3514 1569 3605 1625 τὸν

2024 1661 2214 1728 Λόγον,
2250 1662 2342 1714 καὶ
2377 1661 2450 1731 μὴ
2484 1660 2737 1724 Θέλοντας
2767 1661 2930 1714 αὑτὸν
2960 1664 3180 1731 γνήσιον
3200 1657 3517 1725 Υἱὸνεῖναι,
3546 1658 3607 1725 ἐξ

2023 1753 2378 1827 ἀνθρωπίνων
2426 1755 2885 1828 παραδειγμάτων
2926 1753 3043 1808 υἱοῦ
3086 1756 3180 1808 καὶ
3220 1754 3428 1827 πατρὸς
3459 1754 3606 1824 silig-

2024 1860 2156 1912 φασι
2186 1844 2286 1909 τὰς
2320 1845 2442 1899 κατ’
2462 1845 2643 1900 αὐτῶν
2689 1844 3010 1910 ἀποδείξεις.
3048 1845 3252 1899 Rursus
3301 1847 3462 1901 etiam
3501 1847 3605 1915 ipsi

320 1937 636 1991 sententias
674 1938 925 2006 protulit,
959 1953 1026 1992 ex
1080 1935 1276 1993 Herma
1319 1954 1507 1994 uuam.
1552 1939 1594 1993 E
1629 1951 1706 1996 tot
1730 1917 1922 2012 igitur
1954 1917 1994 1972 Β
2025 1937 2257 2006 (scilicet
2289 1955 2429 2010 quos
2474 1938 2673 1994 fratres
2706 1938 3096 2008 appellaverat)
3129 1939 3462 2007 disputantes
3498 1940 3600 1992 ad-

320 2026 726 2095 scriptoribus,
755 2043 987 2098 quorum
1034 2030 1253 2084 nomina
1285 2030 1352 2085 ad
1387 2046 1491 2086 nos
1536 2044 1917 2101 pervenerunt,

317 2127 567 2187 quatuor
608 2127 824 2175 tantum
868 2122 1172 2176 sententias
1202 2121 1256 2175 in
1293 2130 1401 2176 tam
1446 2123 1664 2190 prolixo
1695 2134 1919 2195 tamque

316 2221 593 2266 accurato
624 2220 681 2266 et
720 2212 939 2266 erudito
982 2227 1147 2282 opere
1189 2212 1482 2282 excerpsit,
1526 2228 1760 2283 quarunt
1808 2231 1916 2270 una

314 2318 384 2357 ex
439 2304 683 2374 epistola
737 2302 932 2375 lgnatii
976 2306 1267 2375 desumpta
1320 2313 1428 2360 est.
1481 2303 1665 2371 Quare
1710 2306 1915 2362 frustra

318 2397 562 2453 Dalla-us
603 2407 687 2453 tot
728 2397 1035 2453 sententias
1073 2413 1140 2452 ex
1183 2398 1597 2462 comutentitiis,
1628 2408 1709 2453 tot
1733 2415 1799 2453 ex
1832 2399 1917 2454 in-

318 2489 635 2559 terpolatis,
660 2498 745 2543 tot
771 2503 838 2543 ex
868 2487 1125 2559 genuinis
1163 2486 1355 2559 lgnatii
1386 2488 1635 2559 epistolis
1660 2490 1915 2559 deprom-

314 2584 462 2653 psit;
496 2597 802 2653 possumus
831 2581 978 2636 enim
1021 2581 1182 2652 longe
1206 2582 1392 2651 plures
1416 2596 1483 2637 ex
1513 2583 1833 2638 auctoribus
1860 2593 1916 2639 et

313 2677 544 2745 quidem
577 2676 953 2729 celeberrimis
982 2676 1076 2744 qui
1115 2685 1241 2729 ante
1267 2673 1534 2729 Irenaeum
1572 2675 1915 2745 scripserunt

313 2770 540 2835 afferre,
568 2783 803 2837 quarum
854 2768 1038 2822 nullas
1086 2767 1176 2822 ille
1224 2768 1425 2837 attigit,
1470 2768 1638 2823 etiam
1675 2784 1745 2825 ex
1782 2768 1910 2836 illis,

312 2877 461 2932 quos
491 2859 762 2915 Irenaeum
795 2860 1016 2915 novisse
1046 2859 1418 2915 certissimum
1450 2870 1554 2916 est.

383 2956 499 3012 Sed
544 2954 916 3010 Athanasium
960 2962 1017 3008 et
1056 2952 1470 3020 Bellarminum,
1503 2952 1910 3011 Theodoretum

308 3060 366 3104 et
392 3048 682 3104 Gelasium
722 3048 863 3103 mire
895 3046 1181 3116 conjungit
1224 3055 1281 3101 et
1320 3046 1528 3101 nostris
1572 3047 1784 3118 objicit,
1816 3049 1909 3117 qui

307 3152 391 3197 tot
420 3143 545 3196 loca
576 3157 645 3196 ex
676 3139 888 3212 lguatio
914 3140 1307 3209 produxerunt.
1334 3137 1475 3193 'l‘um
1499 3154 1653 3206 vero,
1681 3138 1909 3195 Obsecro

308 3245 467 3285 tuam
513 3232 698 3301 ﬁdem,
738 3230 953 3300 inquit,
993 3230 1104 3284 hare
1146 3227 1437 3299 Ignatiana
1480 3229 1810 3285 Athanasius
1856 3243 1906 3286 et
1936 3255 1979 3314 ο

310 3321 681 3379 Theodoreus
713 3332 904 3376 contra
934 3322 1163 3377 Arianos
1184 3331 1233 3375 et
1264 3319 1651 3391 Eutychianos,
1676 3323 1906 3393 inquas,

306 3425 490 3484 utpote
522 3412 764 3468 nondum
790 3423 1026 3478 exertos,
1050 3413 1252 3482 scripta
1281 3429 1384 3466 non
1414 3421 1561 3480 sunt,
1584 3414 1908 3469 adducerent

307 3521 493 3563 tamen
528 3517 582 3563 et
612 3506 937 3562 recitarem?
962 3503 1201 3560 fremens
1233 3504 1418 3559 eadem
1444 3504 1526 3559 his
1548 3506 1678 3575 ipsis
1701 3506 1757 3559 in
1775 3522 1906 3575 quos

305 3602 525 3670 proprie
556 3600 763 3667 scripta
813 3607 960 3660 sunt,
998 3595 1288 3662 Gnosticis,
1345 3595 1759 3661 Valentinianis,
1795 3598 1907 3651 Do-

304 3692 442 3744 ceti:
466 3705 574 3744 non
604 3689 931 3758 objicerent?
959 3685 1082 3741 Non
1115 3702 1260 3742 nunc
1280 3687 1522 3758 disputo,
1547 3700 1735 3744 contra
1763 3705 1906 3759 quos

302 3782 597 3851 lgnatiana
630 3781 849 3851 proprie
889 3779 1094 3850 scripta
1142 3780 1272 3845 sint,
1304 3780 1373 3835 de
1410 3796 1517 3851 qua
1569 3798 1628 3837 re
1668 3781 1906 3839 fortasse

300 3862 615 3945 aliquando
638 3882 694 3926 et
723 3872 842 3927 fuse
861 3878 918 3927 et
949 3882 1202 3926 accurate
1230 3870 1614 3927 disserendum
1647 3872 1773 3927 erit.
1811 3872 1907 3927 Sa-

298 3967 373 4019 tis
398 3975 511 4030 est,
542 3965 690 4035 quod
714 3963 984 4020 Eusebius
1012 3978 1116 4019 nos
1146 3963 1356 4029 docuit,
1385 3972 1442 4018 et
1473 3979 1559 4019 res
1589 3964 1708 4034 ipsa
1734 3974 1906 4021 testa-

299 4073 398 4114 tur
431 4074 566 4113 eum
607 4067 801 4113 contra
831 4058 916 4113 sui
950 4056 1217 4126 temporis
1250 4057 1539 4112 haereticos
1578 4058 1898 4128 scripsisse;

299 4154 445 4208 satis
490 4162 599 4217 est,
639 4152 754 4206 sive
806 4160 998 4206 contra
1044 4150 1279 4220 aliquos,
1311 4149 1427 4205 sive
1480 4158 1672 4203 contra
1726 4151 1901 4207 mullos

298 4245 537 4307 diserte,
582 4242 916 4296 utClemens
964 4239 1266 4306 Romanus,
1316 4241 1619 4310 scripserit,
1661 4243 1903 4298 auctori-

299 4347 478 4392 tatem
514 4336 622 4389 viri
658 4334 995 4391 sanctissimi
1028 4334 1508 4403 antiquissimique
1539 4336 1773 4389 multttm
1808 4351 1899 4392 va-

301 4433 418 4485 lere
449 4439 651 4485 contra
703 4429 991 4484 haereticos
1021 4442 1359 4498 quocunque
1405 4429 1608 4483 saeculo
1652 4439 1896 4484 exertos.

303 4524 361 4577 Id
391 4525 523 4578 dico
550 4523 703 4592 quod
732 4521 900 4592 hujus
929 4521 1243 4591 argumenti
1275 4521 1386 4574 vim
1418 4537 1637 4576 omnetn
1668 4537 1899 4591 prorsus

2020 2043 2196 2082 versus
2247 2046 2333 2083 eos
2376 2029 2467 2098 qui
2520 2028 2744 2083 Verbum
2773 2040 3077 2083 creaturam
3110 2045 3221 2083 esse
3248 2029 3452 2095 dicunt,
3508 2046 3600 2084 nec

2019 2122 2293 2191 proprium
2333 2120 2538 2175 Filium
2585 2137 2699 2175 esse
2741 2121 2921 2175 volunt
2949 2122 3193 2191 (scilicet
3229 2124 3601 2191 Ariauos),ex

2018 2215 2265 2268 humanis
2297 2215 2547 2282 exemplis
2571 2214 2741 2283 patris
2763 2225 2814 2268 et
2846 2215 2969 2284 ﬁlii,
2997 2224 3181 2270 contra
3207 2232 3293 2270 eos
3319 2217 3597 2287 (Ariauos)

2017 2308 2491 2362 demonstrationes
2523 2316 2879 2376 sumpserunt.
2924 2306 2988 2361 lli
3036 2308 3230 2378 igitur,
3264 2310 3597 2379 quibuscum

2017 2399 2131 2469 agit
2160 2398 2515 2462 Athanasius,
2551 2408 2747 2453 contra
2784 2399 3016 2454 Arianos
3046 2400 3421 2468 disputabant,
3446 2416 3597 2456 eam-

2016 2490 2139 2545 dem
2187 2490 2344 2543 lidem
2388 2504 2517 2543 cum
2557 2488 2862 2544 Athanasio
2913 2488 3353 2558 profitebantur;
3404 2505 3594 2545 vocem

2016 2589 2197 2635 autem
2240 2579 2524 2650 ὁμοούσιον
2558 2579 2798 2634 nondum
2850 2580 3232 2644 admittebant,
3274 2582 3439 2651 idque
3477 2598 3597 2652 pro-

2015 2682 2134 2741 pter
2161 2671 2522 2726 reverentiam
2571 2680 2626 2726 et
2658 2671 2921 2727 honorem
2968 2687 3097 2741 erga
3130 2688 3227 2727 eos
3256 2671 3466 2740 Patres,
3500 2676 3595 2745 qtti

2015 2765 2243 2819 Paulum
2294 2764 2738 2819 Samosatensem
2785 2764 3309 2820 coudcmnaverant.
3344 2764 3595 2821 Athana-

2011 2856 2131 2913 sius
2154 2865 2214 2911 ut
2242 2856 2390 2911 hunc
2434 2855 2502 2910 iis
2533 2856 2854 2924 scrupulum
2898 2856 3115 2921 evellat,
3143 2857 3305 2911 docet
3331 2872 3442 2911 non
3473 2872 3596 2913 esse

2012 2949 2474 3013 contendendum,
2496 2949 2542 3004 si
2565 2949 2716 3018 prior
2734 2948 2979 3019 synodus
3007 2947 3295 3018 ὁμοούσιον
3318 2949 3592 3019 rejiceret,

2011 3044 2289 3116 posterior
2318 3044 2758 3099 commendaret:
2786 3043 2839 3097 id
2883 3043 3028 3098 enim
3062 3058 3131 3097 ex
3168 3044 3385 3100 diverso
3428 3060 3592 3101 sensu

2012 3135 2217 3191 factum
2261 3150 2405 3191 esse.
2448 3135 2580 3190 Dein
2624 3134 2932 3203 exemplum
2972 3136 3228 3204 producit
3272 3146 3591 3193 sanctorum

2012 3225 2259 3293 Patrum,
2286 3227 2380 3297 qui
2414 3227 2709 3297 ἀγέννητον
2742 3226 2901 3282 aliter
2948 3236 3113 3297 atque
3160 3229 3318 3284 aliter
3366 3245 3593 3299 accepe-

2010 3328 2161 3375 runt.
2211 3318 2484 3389 lgnatius,
2534 3319 2748 3389 inquit,
2803 3317 3097 3374 Dominum
3147 3328 3262 3375 tum
3301 3323 3589 3394 γεννητόν,

2009 3423 2126 3468 tum
2154 3411 2487 3483 ἀγέννητον;
2516 3411 2615 3466 'alii
2658 3419 2783 3481 post
2818 3409 3087 3481 lgnatium
3138 3412 3417 3480 dixerunt,
3441 3414 3501 3467 ἓν
3530 3415 3593 3467 τὸ

2008 3504 2303 3574 ἀγέννητον
2333 3505 2362 3556 ὁ
2393 3502 2605 3574 Πατήρ,
2636 3502 2779 3555 solus
2805 3501 2972 3555 Pater
2995 3503 3282 3572 ingenitus.
3315 3502 3479 3559 Recte
3500 3521 3594 3560 att-

2009 3605 2116 3650 tctu
2153 3606 2207 3650 et
2233 3595 2497 3665 lgnatius,
2523 3605 2576 3648 et
2600 3595 2676 3648 illi
2706 3594 3007 3649 secundum
3031 3596 3310 3651 diversum
3343 3612 3590 3666 sensum,

2006 3688 2095 3741 cui
2127 3687 2228 3756 ipsi
2250 3702 2374 3742 cum
2407 3687 2711 3741 scriberent
2734 3685 3106 3741 attenderunt.
3132 3685 3257 3741 Haec
3288 3686 3397 3742 ille.
3423 3689 3593 3743 Obse-

2006 3795 2102 3835 cro
2134 3780 2300 3850 igitur
2334 3787 2482 3833 tuam
2517 3778 2699 3843 fidem,
2741 3788 2879 3848 qttot
2920 3779 3041 3834 loca
3069 3795 3135 3833 ex
3168 3777 3382 3848 lgnatio
3414 3781 3590 3835 Atha-

2006 3873 2197 3927 nasius
2239 3873 2503 3927 adversus
2532 3870 2767 3926 Arianos
2795 3871 3087 3941 produxit?
3116 3883 3175 3927 ut
3205 3872 3301 3927 tibi
3331 3873 3548 3928 videtur
3569 3916 3586 3939 ,

2004 3982 2211 4032 unum;
2247 3974 2307 4019 ιιι
2337 3965 2493 4031 mihi,
2529 3981 2597 4020 ne
2631 3981 2801 4020 unum
2835 3966 3085 4035 quidem.
3134 3967 3291 4033 Quod
3324 3968 3489 4038 igitur
3519 3969 3589 4025 de

2002 4057 2303 4113 Athanasio
2330 4072 2522 4113 verum
2550 4072 2677 4113 esse
2711 4057 2938 4123 scimus,
2976 4059 3169 4127 quidni
3203 4068 3259 4114 et
3283 4059 3351 4115 de
3379 4059 3586 4117 irean

2003 4150 2288 4205 dicamus?
2312 4148 2731 4220 Quamplurima
2754 4165 2820 4204 ex
2852 4150 3102 4219 professo
3125 4160 3316 4206 contra
3350 4152 3587 4208 Arianos

2003 4238 2223 4308 scripsit
2260 4238 2616 4303 Athanasius,
2656 4238 2813 4308 plura
2844 4255 3010 4309 quam
3041 4240 3111 4294 ab
3139 4240 3346 4296 Irenaeo
3392 4253 3584 4299 contra

2002 4345 2193 4385 omnes
2226 4331 2512 4386 luereticos
2543 4330 2744 4401 scripta
2768 4332 3058 4388 habemus.
3090 4332 3259 4389 Multa
3288 4334 3342 4389 in
3375 4334 3585 4404 lgnatio

2002 4432 2133 4477 sunt
2151 4422 2218 4476 ad
2256 4421 2587 4479 refellendos
2618 4422 2855 4479 Arianos
2886 4427 3022 4479 satis
3048 4425 3350 4492 luculenta,
3375 4427 3580 4483 nullatn

2002 4523 2182 4569 tamen
2208 4531 2275 4569 ex
2305 4514 2400 4569 illo
2441 4516 2768 4571 sententiam
2802 4516 3067 4572 adversus
3110 4533 3204 4573 eos
3235 4518 3481 4585 adduxit,
3517 4536 3584 4575 ne
3646 4576 3649 4579 λ

292 4619 461 4673 elidit
496 4628 555 4672 et
583 4616 885 4686 pessundat
925 4634 938 4669 :
970 4624 1189 4684 poterat
1218 4615 1555 4671 Athanasius
1592 4630 1702 4669 non
1728 4631 1902 4685 pauca
1932 4618 1980 4675 ι)
2007 4606 2272 4687 Ignatium
2312 4607 2490 4677 ipsum
2530 4608 2867 4674 nominavit;
2899 4619 2954 4664 et
2981 4618 3161 4663 tamen
3196 4610 3348 4664 illum
3378 4612 3583 4681 optime

297 4727 370 4767 ex
405 4710 620 4767 nostris
650 4709 842 4780 lguatii
864 4708 1115 4778 epistolis
1145 4706 1395 4778 proferre
1424 4709 1565 4775 loca,
1595 4723 1718 4777 quae
1748 4708 1899 4763 Aria-

302 4821 434 4858 nant
472 4804 733 4858 haeresim
764 4803 969 4857 diserte
1003 4808 1271 4871 peterent,
1305 4815 1431 4856 cum
1473 4816 1568 4856 eas
1594 4809 1721 4855 ante
1750 4801 1898 4856 illius

301 4898 586 4951 haereseos
629 4902 886 4948 exortum
925 4896 1164 4964 scriptas
1200 4892 1371 4948 fuisse
1399 4893 1563 4947 etiam
1595 4893 1897 4949 adversarii

296 5005 505 5046 omnes
538 4988 836 5043 fateantur.
876 4985 1075 5041 Varios
1106 4986 1197 5041 ille
1227 4986 1449 5057 quidem
1499 4985 1670 5039 libros
1700 4986 1896 5041 adver-

294 5101 402 5142 sus
441 5082 681 5137 Arianos
710 5080 1158 5148 fortissimosque
1186 5079 1533 5162 conscripsit,
1566 5079 1898 5135 auctoritate

296 5190 493 5234 tamen
525 5175 720 5246 lgnatii
751 5188 1034 5243 nunquam
1069 5187 1168 5227 eos
1196 5171 1414 5241 premit,
1444 5171 1650 5226 nullam
1677 5186 1745 5226 ex
1776 5171 1896 5241 ejus

294 5269 529 5341 scriptis
558 5267 885 5323 sententiam
913 5265 984 5320 iis
1010 5264 1255 5334 opponit.
1290 5263 1346 5317 In
1375 5263 1602 5333 epistola
1634 5264 1891 5333 quadam,

293 5362 446 5435 πρὸς
490 5362 620 5425 τοὺς
659 5358 856 5414 ἑαυτοῦ
908 5356 1255 5429 γνωρίμους,
1306 5356 1376 5410 ad
1425 5355 1754 5426 familiares,
1798 5371 1893 5411 seu

290 5455 599 5513 discipulos
630 5470 778 5520 suos,
812 5462 873 5507 ut
901 5466 1024 5505 eam
1059 5451 1306 5521 indigitat
1336 5448 1614 5515 Socrates,
1649 5449 1894 5519 disputat

293 5551 488 5620 primo
532 5558 723 5605 contra
760 5547 1024 5610 Arianos,
1073 5545 1201 5599 dein
1249 5558 1376 5599 cum
1424 5542 1534 5598 illis
1572 5543 1720 5613 agit,
1754 5556 1893 5613 quos

291 5646 543 5699 Arianae
569 5657 694 5698 esse
723 5648 908 5712 negat,
942 5652 1085 5710 quos
1118 5638 1303 5692 omnia
1331 5636 1436 5691 alia
1477 5651 1508 5690 a
1548 5634 1767 5691 Nicaana
1803 5650 1894 5706 sy-

293 5738 449 5793 nodo
480 5735 680 5805 scripta
718 5736 989 5803 recipere,
1032 5740 1231 5802 praeter
1269 5730 1489 5785 unicam
1536 5743 1728 5784 vocem
1765 5730 1894 5799 ὁμο-

290 5830 485 5884 οὐδσιον
524 5837 775 5893 testatur,
803 5843 948 5897 quos
986 5823 1327 5895 ἁγαπητοὺς,
1369 5822 1590 5876 dilectos
1634 5821 1889 5892 appellat,

296 5924 365 5977 ad
395 5939 537 5992 quo.»
571 5933 818 5990 tanquam
845 5918 1017 5988 frater
1049 5917 1120 5971 ad
1161 5917 1353 5985 fratres
1389 5914 1655 5986 loquitur,
1688 5899 1913 5986 quibus.

2002 4700 2173 4765 novit,
2204 4709 2259 4755 et
2293 4701 2459 4755 semel
2505 4701 2572 4755 ad
2614 4702 2843 4757 dilectos
2881 4711 2933 4756 et
2968 4700 3167 4757 fratres
3211 4718 3343 4758 suos
3371 4704 3578 4758 citavit.

2002 4790 2238 4849 lrenaaus
2273 4793 2477 4863 pariter
2508 4793 2641 4847 nihil
2672 4794 2937 4849 adversus
2968 4794 3256 4849 haereticos
3282 4809 3349 4849 ex
3382 4794 3578 4865 lgnatii

1999 4881 2248 4951 epistulis
2280 4882 2654 4952 deprompsit;
2701 4898 2796 4939 eas
2838 4891 3020 4937 tamen
3066 4882 3273 4952 optime
3324 4883 3495 4947 novit,
3524 4894 3581 4938 et

2001 4973 2170 5028 semel
2196 4974 2375 5028 obiter
2400 4975 2608 5030 citavit.

2068 5065 2138 5120 At
2183 5064 2556 5121 Theudor-etus
2598 5066 2780 5137 plura,
2826 5074 3011 5132 recte,
3058 5066 3154 5121 sed
3193 5064 3325 5135 quid
3368 5065 3473 5121 hoc
3509 5068 3578 5121 ad

2000 5156 2300 5215 Irenaeum?
2329 5158 2429 5214 Hic
2450 5161 2716 5225 secundo,
2748 5160 2839 5215 ille
2868 5160 3063 5228 quinto
3094 5160 3299 5214 saeculo
3331 5159 3574 5229 scripsit.

1997 5249 2109 5307 Nos
2137 5262 2319 5307 autem
2364 5260 2491 5308 ante
2517 5253 2827 5315 docuimus,
2864 5254 3011 5307 circa
3054 5254 3214 5306 linem
3258 5252 3440 5322 quarti
3475 5268 3581 5307 sae-

1997 5349 2105 5404 culi
2134 5349 2373 5419 primum
2405 5363 2472 5402 ex
2498 5346 2659 5418 longa
2690 5345 3029 5415 experientia
3051 5345 3400 5401 observatum
3429 5360 3577 5413 esse,

1998 5442 2238 5498 lnerescs
2278 5450 2333 5496 et
2362 5442 2663 5515 schismata
2698 5437 3164 5509 disputationibus
3192 5437 3310 5492 tolli
3340 5452 3450 5492 non
3484 5452 3580 5507 po-

1996 5536 2204 5602 tuisse;
2238 5544 2292 5589 et
2317 5518 2686 5589 certissimum
2723 5531 3023 5587 remedium
3053 5529 3174 5586 fore
3199 5529 3301 5594 τὰς
3332 5529 3577 5596 ἐκδόσεις

1993 5630 2103 5684 τῶν
2130 5628 2377 5683 παλαιῶν
2405 5628 2461 5682 in
2491 5626 2867 5682 testimonium
2899 5624 3185 5679 adductas.
3215 5623 3371 5690 Quod
3403 5620 3579 5677 Theo-

1994 5725 2154 5781 dosio
2185 5732 2241 5779 et
2285 5720 2540 5777 Nectario
2588 5720 2801 5790 primus
2848 5718 3097 5772 omnium
3150 5717 3425 5771 Sisinnius
3458 5730 3576 5783 per-

1995 5819 2187 5875 suasit.
2217 5816 2349 5873 Post
2382 5815 2547 5886 igitur
2569 5828 2816 5870 severam
2855 5810 3152 5867 Theodosii
3181 5811 3349 5880 legem
3381 5814 3572 5861 contra

1996 5912 2284 5969 haereticos
2319 5910 2508 5976 latam,
2547 5908 2621 5963 illi
2647 5906 2810 5978 paulo
2835 5904 3191 5973 sapientiores
3224 5902 3376 5971 facti,
3400 5898 3573 5956 admi-
