4078 6386
544 399 646 455 165

1548 392 1605 449 S.
1648 392 1996 451 IGNATIUS.
2036 424 2103 433 —
2138 387 2678 446 ΡηοιεοοιίΕΝΑ.

3699 388 3807 442 Ilii

542 525 731 573 serunt
755 530 946 571 eorum
974 515 1195 569 Patrum
1229 515 1562 579 testimonia,
1588 515 1681 583 qui
1729 523 1855 567 ante
1879 513 2110 567 divisio-

2216 508 2485 580 τολμηρὸν
2542 508 2634 561 καὶ
2685 507 2899 570 ἀναιδὲς
2949 507 3095 578 ψυχὴ
3150 505 3286 576 κενῷ
3339 506 3464 579 ἀέρι
3513 504 3809 576 Θερμαινοο

541 625 665 663 nem
718 620 895 662 ortam
954 609 1323 677 scripserant,
1362 616 1421 661 et
1471 607 1715 661 celebres
1769 607 1823 658 in
1874 604 2115 659 Ecclesia

543 702 780 755 fuerant.
814 703 952 755 Ante
985 701 1124 754 hanc
1172 708 1386 755 aetatem
1421 715 1528 754 non
1560 700 1810 753 videmus
1856 698 2117 752 ecclesia-

541 796 712 849 sticos
737 794 1033 861 scriptores
1060 792 1333 861 catalogos
1358 790 1582 844 Patrum
1610 799 1875 851 terentes.
1903 798 1959 843 et
1988 803 2117 843 con-

540 886 708 941 fertas
741 886 1035 939 sententias
1062 901 1128 939 ex
1152 899 1343 938 eorum
1369 882 1590 951 scriptis
1617 891 1805 937 contra
1830 880 2114 935 hereticos

539 983 869 1041 prementes.
903 974 1107 1039 Quinto
1132 973 1352 1026 demum
1384 973 1586 1026 saeculo
1620 972 1722 1026 hoc
1749 970 1978 1032 factum,
2006 979 2061 1023 et
2083 984 2115 1023 a

539 1063 884 1120 'l‘heodoreto
905 1067 1044 1118 inter
1069 1065 1300 1135 primos;
1335 1074 1461 1118 ante
1493 1064 1625 1118 illud
1651 1074 1863 1133 tempus
1897 1063 2115 1132 parcius

537 1167 591 1210 et
633 1158 841 1221 obiter;
892 1167 1048 1213 aetate
1083 1166 1262 1211 autem
1302 1156 1491 1210 lrenzei
1545 1156 1597 1208 id
1640 1155 1757 1208 lieri
1804 1154 1954 1207 nullo
1989 1153 2116 1223 jure

538 1251 732 1318 potuit.
771 1248 1017 1303 l-l.eretici
1047 1250 1214 1314 enim,
1248 1257 1441 1303 contra
1470 1263 1609 1316 quos
1638 1247 1727 1300 ille
1752 1246 1993 1314 scripsit,
2022 1259 2116 1299 ve-

539 1342 863 1395 tustioribus
892 1340 1182 1395 catholicis
1227 1340 1364 1393 nihil
1413 1339 1760 1404 tribuebant;
1797 1338 1980 1392 omnia
2022 1353 2117 1391 eo-

541 1450 664 1487 rum
695 1433 898 1501 scripta
937 1430 1092 1486 ﬂocci
1137 1431 1428 1497 faciebant,
1464 1431 1633 1484 libros
1675 1430 2116 1500 quamplurimas

538 1526 883 1596 apocrypbos
905 1540 935 1578 a
963 1526 1079 1579 suis
1114 1524 1472 1593 compositos,
1515 1525 1739 1594 suisque
1770 1532 1980 1577 tantum
2014 1536 2115 1575 no-

540 1626 624 1670 tos
670 1616 772 1671 sub
808 1616 1162 1685 antiquorum
1198 1616 1421 1670 nomine
1454 1615 1830 1686 proferebant,
1875 1614 2112 1684 plurima

538 1709 701 1762 etiam
750 1708 1209 1778 evangelistarum
1257 1717 1312 1763 et
1360 1710 1734 1779 apostolorum
1783 1708 1986 1776 scripta
2030 1722 2116 1761 re-

541 1803 842 1871 spuebant,
904 1802 1184 1871 multaque
1238 1803 1534 1857 commenti
1577 1812 1724 1867 sunt,
1756 1811 1944 1856 contra
1993 1815 2116 1869 qua:

2230 602 2388 672 μένη,
2425 600 2541 668 pari
2578 610 2865 653 venustate
2897 609 2953 653 et
2990 600 3261 669 elegantia
3309 596 3686 666 conspicuam.
3719 594 3808 649 Tu

2238 707 2390 756 vero,
2420 691 2641 753 Dallaee,
2669 704 2736 742 ex
2767 688 2853 743 his
2877 689 3132 759 colligere
3157 697 3333 757 potes,
3362 688 3671 742 necessario
3698 684 3812 740 Iro-

2220 798 2399 837 meum
2451 797 2517 836 ex
2564 779 2813 849 epistolis
2873 777 3172 849 lgnatianis
3220 776 3524 832 sententias
3577 776 3810 830 laudare

2217 872 2481 935 voluisse,
2518 872 2565 926 si
2604 869 2895 925 seivisset?
2926 868 3032 935 Tu,
3067 869 3316 938 inquam,
3346 867 3439 937 qui
3474 865 3808 923 Usserianas

2218 978 2411 1018 omnes
2454 962 2660 1029 tristes,
2707 961 3038 1025 salebrosas,
3066 962 3229 1017 rudes
3267 973 3321 1015 et
3361 960 3595 1015 incultas
3625 958 3811 1013 dicis?

2218 1052 2322 1119 Tu,
2356 1054 2450 1123 qui
2489 1052 2795 1107 orationem
2836 1060 3096 1121 tanquam
3145 1052 3425 1107 horridam
3454 1060 3509 1105 et
3537 1051 3807 1105 torrentis

2218 1146 2391 1200 instar
2414 1160 2509 1213 per
2536 1145 2866 1213 confragosa
2895 1144 3185 1208 montium,
3204 1159 3301 1213 per
3323 1144 3555 1213 abrupta
3586 1152 3641 1198 et
3663 1158 3806 1197 saxa

2216 1246 2271 1289 et
2300 1246 2489 1290 cautes
2518 1245 2572 1289 et
2608 1234 2904 1304 przecipitia
2946 1235 3037 1288 vix
3081 1235 3337 1290 enitentis
3386 1237 3665 1292 accusas?
3691 1234 3804 1299 Tu,

2217 1327 2312 1397 qui
2342 1342 2597 1397 magnam
2630 1341 2892 1383 sensuum
2940 1326 3145 1396 ubique
3173 1327 3566 1383 obscuritatem
3588 1371 3605 1396 ,
3636 1340 3692 1384 et
3716 1329 3805 1383 vel

2218 1417 2429 1471 nullum
2472 1417 2556 1471 vel
2610 1417 2910 1488 malignum
2961 1418 3254 1472 verborum
3300 1417 3446 1472 inter
3482 1434 3543 1474 se
3591 1435 3803 1473 nexum

2215 1508 2509 1563 observas?
2542 1506 2645 1574 Tu,
2675 1508 2769 1577 qui
2811 1509 2990 1578 prisca
3038 1506 3223 1563 Loxiae
3259 1507 3526 1578 Apollinis
3568 1511 3805 1566 oracula

2217 1603 2297 1657 vel
2334 1602 2661 1671 Sibyllarum
2694 1600 2824 1656 folia
2857 1601 3034 1671 legere
3065 1610 3115 1655 te
3144 1601 3359 1656 credis?
3388 1601 3479 1656 Sic
3507 1603 3652 1657 enim
3676 1602 3802 1656 dis-

2216 1705 2398 1766 putas.
2426 1695 2662 1751 lrenazus
2688 1695 2839 1765 Operi
2872 1710 2974 1749 suo
2995 1694 3264 1765 τηλαυγὲς
3298 1694 3588 1765 πρόσωπον
3624 1710 3802 1764 appo-

2218 1791 2349 1854 suit,
2370 1787 2743 1860 prtefationem
2792 1786 3026 1856 eleganti
3059 1787 3296 1857 quadam
3330 1797 3575 1842 veterum
3620 1788 3803 1841 alicu-

541 1864 701 1947 n'emo
746 1864 989 1948 veterum
1027 1864 1325 1963 quidquam
1374 1864 1734 1950 ἀίεερι-υεηιξ
1787 1864 2026 1947 [remens-
2054 1902 2113 1946 ιιι
2143 1864 2186 1919 Β
2211 1879 2304 1950 jus
2333 1878 2607 1934 sententia
2639 1877 2951 1943 adornavit,
2980 1885 3035 1931 et
3063 1878 3225 1931 aliam
3264 1876 3460 1931 similis
3492 1876 3803 1931 venustatis

540 1986 641 2039 hos
663 1984 947 2051 refutaret,
968 1987 1104 2041 libro
1120 1986 1298 2055 primo
1316 1988 1638 2041 sententiam
1662 2000 1853 2039 eorum
1879 1984 2111 2052 aperuit,

538 2077 779 2131 secundo
820 2078 1126 2132 rationibus
1171 2078 1459 2141 subvertit,
1509 2077 1671 2131 tertio
1716 2076 2030 2145 Scripturas
2060 2083 2116 2129 et

536 2167 881 2221 traditionem
931 2168 1199 2230 adhibuit,
1246 2168 1394 2237 quod
1447 2168 1513 2221 ad
1561 2181 1681 2221 eam
1722 2167 1961 2221 haeretici
2008 2166 2114 2221 ali-

534 2258 756 2326 quando
788 2268 1180 2327 provocarent,
1206 2272 1406 2327 quarto
1433 2274 1500 2312 ex
1546 2256 1727 2313 Veteri
1761 2258 2115 2314 Testamento

535 2348 806 2417 praecipue
859 2348 1179 2419 disputavit,
1229 2350 1425 2419 quinto
1464 2364 1532 2403 ex
1572 2350 1799 2419 reliquis
1850 2350 2115 2405 doctrinis

537 2437 751 2493 Domini
781 2441 974 2507 nostri,
1000 2450 1054 2495 et
1084 2456 1150 2495 ex
1182 2440 1500 2511 apostolicis
1522 2442 1792 2511 epistolis,
1826 2452 1889 2497 ut
1918 2444 2034 2512 ipse
2058 2444 2111 2496 in

536 2528 955 2586 Praefationibus
997 2534 1305 2602 profitetur.
1352 2533 1644 2604 Nunquam
1678 2550 1737 2589 se
1770 2551 1999 2590 usurum
2032 2544 2113 2589 te-

536 2622 810 2677 stimoniis
833 2632 1075 2677 veterum
1104 2624 1369 2680 adversus
1386 2640 1576 2679 eorum
1597 2628 1919 2681 sententiam
1950 2635 2115 2682 testa-

535 2720 955 2781 tur,°nunquam
987 2714 1095 2767 ulla
1128 2715 1248 2769 loca
1287 2716 1355 2769 ad
1386 2731 1506 2769 eam
1535 2731 1649 2769 rem
1681 2715 1872 2771 idonea
1904 2717 2115 2771 exscri-

534 2802 634 2865 bit,
657 2813 712 2857 et
736 2803 783 2856 si
808 2819 971 2873 quem
998 2803 1137 2859 forte
1168 2805 1389 2861 adducit
1410 2807 1477 2860 ad
1507 2807 1855 2861 traditionem
1886 2808 2111 2862 firman-

533 2897 660 2950 dam
691 2905 902 2950 tantum
952 2898 1231 2963 nominat;
1274 2898 1598 2952 sententiam
1645 2899 1862 2968 quidem
1911 2898 2111 2955 Justini

534 2987 721 3041 laudat
745 2996 934 3042 contra
966 2987 1297 3043 Marcionem
1342 2988 1605 3044 fervidam
1635 2999 1690 3045 et
1715 2992 1816 3045 zeli
1858 2992 2109 3062 plenam;

532 3088 591 3133 at
616 3078 857 3134 Marcion
893 3078 1111 3135 Justino
1137 3081 1415 3150 antiquior
1440 3082 1564 3148 fuit,
1586 3090 1642 3138 et
1669 3084 1970 3138 auctoritas
1990 3084 2111 3152 ejus

534 3172 603 3225 ad
629 3170 986 3227 revincendos
1006 3170 1454 3228 Marcionitarum
1477 3188 1695 3229 errores
1720 3174 1853 3228 nihil
1876 3175 2107 3241 valebat,
2136 3203 2183 3266 ο

533 3278 713 3333 neque
755 3262 810 3317 in
854 3278 980 3317 eum
1030 3263 1193 3317 linem
1244 3274 1327 3319 est
1380 3265 1634 3320 adducta.
1686 3264 1881 3335 Dispar
1927 3266 2112 3335 itaque

537 3357 769 3412 omnino
820 3357 964 3411 ratio
1014 3355 1201 3411 lrenaai
1243 3364 1298 3411 et
1342 3355 1671 3412 Theodoreti
1711 3375 1725 3412 :
1764 3374 1873 3411 non
1922 3358 2111 3412 eadem

532 3448 751 3518 utrique
780 3463 957 3514 mens,
984 3458 1078 3503 aut
1106 3449 1323 3502 occasio
1361 3448 1414 3502 in
1460 3448 1751 3503 scribendo
1797 3448 1918 3504 fuit.
1970 3448 2113 3504 Fru-

532 3549 647 3595 stra
681 3541 847 3609 igitur
870 3549 926 3594 et
958 3542 1080 3595 sine
1110 3540 1222 3593 nllo
1264 3537 1619 3593 fundamento
1664 3540 1863 3594 asserit
1909 3539 1989 3593 vir
2014 3540 2113 3594 do-

532 3631 844 3697 ctissimus,
894 3646 1020 3685 cum
1067 3640 1150 3686 tot
1189 3632 1309 3686 loca
1357 3647 1423 3685 ex
1466 3629 1677 3701 lgnatio
1733 3629 2112 3685 Theodoretus

532 3726 870 3794 produxerit,
899 3724 1159 3779 lrenaeum
1190 3726 1354 3779 etiam
1388 3739 1496 3779 non
1541 3724 1800 3793 pauciora
1840 3724 2111 3779 adducere

531 3816 807 3878 debuisse,
836 3816 882 3869 si
910 3815 1175 3884 lgnatium
1207 3815 1551 3884 epistolicum
1592 3815 1860 3870 novisset.

608 3904 1111 3971 Verumenimvero,
1144 3916 1221 3959 est
1234 3916 1282 3960 et
1299 3907 1474 3970 aliud,
1490 3907 1687 3977 inquit,
1704 3924 1806 3977 quo
1832 3907 1941 3962 hinc
1957 3905 2112 3977 Igna-

530 3997 681 4050 tiana
710 3998 890 4050 omnia
921 3996 1156 4052 Iremeus
1187 3998 1344 4067 plane
1374 4001 1653 4053 nescivisse
1683 4000 2107 4068 deprehenditur.

531 4087 680 4142 Solet
711 4090 852 4141 enim
879 4088 971 4141 ille
1007 4089 1377 4157 prwstantium
1412 4090 1645 4143 virorum
1681 4105 1737 4143 sc
1768 4092 2111 4145 vetustiorum

528 4181 818 4233 sententias
845 4190 895 4234 et
954 4182 1163 4251 ῥήσεις,
1198 4182 1307 4235 sive
1337 4182 1586 4251 scriptas,
1617 4182 1723 4235 sive
1748 4184 1865 4236 viva
1896 4200 2016 4237 voce
2044 4185 2110 4236 ab

529 4273 599 4325 iis
632 4272 888 4340 prolatas,
915 4288 1018 4326 non
1053 4273 1341 4326 nominatis
1369 4274 1677 4326 auctoribus
1713 4274 1906 4342 afferre
1940 4292 2003 4328 ac
2029 4291 2111 4328 rc-

529 4365 720 4419 citare.
767 4361 956 4420 Nullas
994 4363 1188 4435 lgnatii
1246 4380 1350 4420 suo
1396 4367 1550 4435 operi
1594 4366 1871 4435 inspersit.
1920 4366 2110 4423 Nullas

528 4473 662 4528 ergo
703 4458 964 4529 epistolas
992 4459 1171 4514 scivit.
1226 4458 1399 4513 Nulla:
1435 4474 1566 4529 ergo
1600 4469 1714 4513 tum
1752 4461 2103 4516 exstiterunt.

531 4550 645 4603 lrno
684 4566 811 4605 vero
855 4551 901 4605 si
949 4551 1273 4618 sententias,
1312 4566 1451 4621 quas
1494 4551 1574 4604 vir
1622 4551 1983 4607 doctissimus
2025 4553 2109 4607 in-
2143 4556 2184 4610 Ι)

530 4643 752 4714 telligit,
794 4644 1245 4709 consideremus,
1290 4643 1395 4697 etsi
1446 4643 1620 4696 multo
1664 4643 1848 4712 plures
1898 4653 2104 4711 essent,

530 4750 691 4789 nemo
732 4750 973 4805 unquam
1012 4735 1134 4789 ideo
1176 4734 1557 4800 concluderet,
1589 4735 1903 4791 necessario
1941 4736 2106 4791 etiam

528 4844 654 4885 eum
730 4828 940 4899 aliquas
1007 4843 1075 4882 ex
1134 4825 1431 4897 lgnatianis
1508 4841 1777 4895 usurpare
1847 4827 2103 4883 voluisse.

530 4918 769 4974 Primam
830 4918 900 4972 ab
965 4916 1152 4986 aliquo
1216 4931 1277 4971 se
1340 4917 1723 4986 praestantiore
1794 4918 1847 4971 in
1907 4916 2107 4988 praefa-

531 5012 682 5064 tione
750 5008 915 5063 refert
970 5017 1260 5063 venustam
1324 5024 1459 5065 sane
1517 5017 1684 5077 atque
1753 5008 2103 5079 elegantem:

533 5103 655 5154 Ὄτι
685 5101 831 5155 λίθον
860 5100 952 5154 τὸν
995 5100 1178 5171 τίμιον
1219 5100 1528 5174 σμάραγδον
1573 5099 1730 5163 ὄντα,
1766 5101 1861 5154 καὶ
1893 5100 2109 5155 πολυτι-

533 5193 703 5265 μητόν
748 5210 889 5246 τισιν
937 5191 1097 5255 ὕαλος
1139 5193 1411 5265 ὲνυὸρίζει
1442 5191 1532 5245 διὰ
1557 5192 1756 5263 τέχνης
1790 5210 2111 5265 παρομοιου-

534 5285 691 5356 μένη,
711 5284 914 5337 ὁπόταν
951 5283 1025 5355 μὴ
1058 5286 1204 5357 παρῇ
1225 5287 1254 5339 ὁ
1276 5284 1479 5338 σθένων
1510 5283 1799 5355 δοκιμάσαι
1820 5285 1915 5338 καὶ
1944 5285 2110 5358 τέχνῃ

528 5377 796 5445 διελέγξαι
845 5376 943 5447 τὴν
996 5376 1318 5451 πανούργως
1368 5377 1684 5447 γενομένην.
1724 5376 1893 5430 Vetus
1942 5376 2111 5430 inter-

530 5485 656 5541 pres
690 5487 705 5523 :
731 5467 1006 5534 Quomodo
1041 5469 1273 5538 lapidem
1298 5469 1588 5537 pretiosum
1617 5468 1958 5538 smaragdum
1995 5482 2111 5519 ma-

531 5563 621 5634 gni
640 5562 797 5632 pretii
827 5562 967 5631 apud
988 5562 1241 5631 quosdam
1266 5561 1490 5616 vitreum
1513 5562 1569 5614 in
1593 5560 1706 5630 ejus
1734 5558 2110 5615 contumeliam

530 5646 624 5723 per
668 5664 836 5709 artem
884 5654 1248 5708 assimilatum
1296 5654 1641 5724 quoadusque
1686 5668 1790 5706 non
1829 5653 1978 5706 adest
2017 5651 2109 5724 qui

530 5756 697 5814 potest
746 5746 988 5817 probare,
1017 5758 1065 5801 et
1117 5746 1407 5813 artiﬁcium
1458 5761 1677 5815 arguere
1718 5745 1856 5813 quod
1894 5744 2111 5799 subdole

530 5838 597 5893 sit
626 5840 860 5906 factum;
887 5848 939 5894 et
965 5839 1129 5894 aliam
1163 5837 1328 5893 etiam
1354 5837 1423 5892 ab
1452 5837 1642 5893 eodem
1672 5845 1733 5892 ut
1764 5836 1996 5905 videtur,
2027 5836 2109 5890 ὅτι

2216 1972 2343 2025 alibi
2390 1970 2673 2035 adhibuit;
2708 1967 2985 2039 lgnatiana
3029 1970 3193 2039 igitur
3234 1984 3460 2038 prorsus
3489 1969 3798 2039 ignoravit:

2216 2062 2375 2135 aliter
2415 2062 2604 2115 rudem
2640 2061 2885 2130 aliquam
2915 2069 2971 2114 et
3025 2060 3309 2126 incultam,
3341 2061 3551 2115 tristem
3574 2073 3627 2114 et
3656 2062 3806 2116 sale.

2217 2156 2437 2210 brosam
2492 2154 2820 2210 sententiam
2871 2153 2940 2207 ad
2984 2154 3409 2209 commentarios
3452 2170 3584 2210 suos
3626 2171 3801 2209 exor-

2216 2249 2425 2303 nandos
2452 2257 2507 2302 et
2532 2248 2926 2302 illuminandos
2969 2247 3334 2316 produxisset.
3368 2250 3413 2301 A
3442 2248 3631 2301 divino
3656 2264 3800 2317 quo-

2215 2340 2341 2394 dam
2390 2355 2551 2405 sene,
2599 2350 2654 2394 et
2695 2339 2943 2395 veritatis
2991 2354 3243 2408 praecone
3280 2355 3473 2395 versus
3520 2341 3799 2409 quosdam

2216 2431 2481 2487 iambicos
2518 2432 2783 2487 adversus
2816 2431 3057 2486 Marcum
3096 2432 3413 2486 haereticum
3446 2432 3650 2487 cti‘usos
3675 2433 3798 2487 lau-

2214 2524 2325 2590 dat,
2356 2540 2495 2593 quos
2538 2525 2625 2579 hic
2652 2541 2681 2578 a
2718 2524 3017 2594 Scaligero,
3067 2533 3231 2593 atque
3272 2523 3496 2580 Petavio
3535 2525 3653 2581 suis
3688 2542 3788 2580 nuv

2215 2619 2377 2672 tueris
2418 2620 2699 2674 restitutos
2729 2628 3064 2691 reprmsento
3092 2635 3107 2672 :

2321 2710 2681 2764 Εὶδωλοποιὲ
2710 2711 2931 2780 Μάρκε,
2967 2710 3063 2763 καὶ
3095 2715 3517 2780 τερατοσκόπε,

2319 2782 2772 2853 Ἀσζρολογικῆς
2803 2784 3037 2853 ἐμπςιρε
3072 2784 3165 2853 καὶ
3196 2782 3456 2851 μαγικῆς
3488 2784 3729 2853 τέχνης,

2318 2852 2398 2903 Δι’
2418 2850 2503 2922 ὧν
2535 2850 2848 2922 κρατύνεις
2880 2851 2986 2919 τῆς
3022 2850 3260 2919 πλάνὴς
3290 2850 3361 2905 σὰ
3392 2850 3741 2922 διδάγματα,

2318 2920 2538 2988 Σημεῖα
2568 2920 2806 2993 δεικνὺς
2836 2922 2959 2993 τοῖς
2990 2923 3109 2977 ὑπὸ
3140 2923 3255 2976 σοῦ
3286 2920 3723 2993 πλανωμένοις,

2318 2992 2744 3060 Ἀποστατικῆς
2773 2992 3081 3060 δυνάμεως
3111 2992 3526 3062 ἐπιχειρήματα,

2326 3063 2383 3114 Ἃ
2419 3062 2515 3114 σοὶ
2550 3062 2799 3131 χορηγεῖ
2824 3063 2936 3131 σὸς
2968 3062 3163 3130 πατὴρ
3196 3061 3393 3116 Σατᾶν
3425 3065 3517 3117 ἀεὶ

2318 3133 2398 3184 Δι’
2417 3130 2740 3202 ἁγτελικῆς
2770 3130 3076 3201 δυνάμεως
3111 3131 3343 3200 Ἀζαζὴλ
3375 3134 3587 3199 ποιεῖν,

2323 3203 2515 3271 "Elter
2545 3217 2621 3256 σε
2652 3202 2985 3271 πρόδρομον
3013 3203 3287 3257 ἀντιθέου
3320 3207 3708 3275 πανουργίας.

2285 3310 2526 3377 Quorum
2552 3312 2825 3369 restitutio
2858 3314 3025 3369 veteri
3047 3315 3302 3371 versione
3332 3317 3569 3371 maxime
3590 3320 3801 3374 contir-

2216 3412 2397 3458 matur
2429 3421 2443 3457 ἶ

2319 3493 2595 3548 Idolorum
2629 3494 2921 3564 fabricator
2948 3494 3149 3565 Marce,
3200 3509 3249 3553 et
3298 3509 3661 3567 portentorum
3709 3502 3791 3555 in.

3427 3570 3682 3642 [spector,

2318 3636 2637 3705 Astrologia:
2668 3655 2729 3691 co
2768 3640 2929 3704 nitor,
2953 3646 3003 3692 et
3032 3642 3253 3709 magica:
3276 3636 3435 3707 artis,

2321 3705 2425 3777 I_’er
2451 3723 2581 3774 quas
2608 3656 2892 3777 conﬁgi-mas
2914 3710 3109 3763 erroris
3138 3711 3431 3775 doctrinas,

2321 3705 2425 3759 Per
2451 3723 2581 3774 quas
2608 3705 2892 3775 confirmas
2914 3710 3109 3763 erroris
3123 3705 3431 3775 doctrinas,

2320 3775 2484 3845 Signa
2513 3775 2792 3833 ostendens
2820 3780 2901 3832 his
2930 3781 3019 3849 qui
3055 3797 3087 3831 a
3122 3790 3170 3833 te
3199 3781 3544 3848 seducuntar,

2317 3848 2640 3918 Apostatica!
2667 3850 2878 3902 uirtutis
2909 3848 3256 3918 operationes,

2317 3917 2449 3989 Qua:
2478 3916 2573 3971 tibi
2594 3930 2826 3989 praestat
2860 3916 2978 3972 tuus
3000 3930 3149 3989 pater
3181 3920 3417 3975 Satanas

2319 3985 2430 4061 fier
2449 3985 2742 4055 angelicam
2769 3985 3015 4043 virtutem
3045 3991 3241 4044 Azazel
3264 3991 3458 4061 facere,

2322 4056 2535 4111 Habetis
2566 4068 2614 4112 te
2646 4076 3023 4130 prtecursorem
3046 4056 3330 4115 contraria:
3348 4056 3597 4116 adversus
3624 4062 3796 4117 Deum

3382 4134 3676 4204 [nequitiam

2282 4215 2619 4274 Posteriores
2665 4217 2922 4277 Petavius
2970 4221 3195 4277 metriae
3243 4222 3476 4278 reddens
3521 4224 3664 4279 male
3688 4240 3785 4279 ex-

2212 4310 2414 4377 pressit
2432 4325 2446 4362 :

2318 4400 2449 4477 liae
2473 4411 2531 4477 tu
2559 4403 2658 4457 illa
2690 4402 2911 4477 Satanae
2942 4404 3108 4474 fretus
3142 4405 3347 4460 auxilio
3374 4408 3571 4477 patris,

2316 4472 2657 4545 {anulisque
2682 4476 2817 4527 mira
2841 4472 3085 4545 designas
3110 4492 3229 4545 ope,

2318 4540 2630 4597 Prwcursor
2657 4545 2739 4597 illi
2771 4540 2980 4614 fraudis
3006 4546 3062 4598 in
3092 4540 3319 4616 superos
3346 4546 3525 4602 datus.

2213 4632 2338 4690 Haec
2360 4636 2504 4689 enim
2530 4634 2773 4691 Marcum
2813 4634 3052 4698 Satanae,
3082 4647 3177 4692 aut
3203 4638 3451 4693 Azazelis
3484 4654 3798 4708 praecurso-

2213 4744 2326 4782 rem
2359 4726 2606 4795 faciunt;
2638 4744 2765 4784 cum
2815 4729 3033 4784 divinus
3068 4729 3157 4783 ille
3189 4745 3354 4784 senex
3406 4744 3532 4784 eum
3576 4729 3794 4786 descri~

2212 4820 2341 4875 bere
2370 4821 2643 4888 voluerit,
2695 4816 2956 4890 tanquam
3008 4820 3331 4875 Antichristi
3369 4836 3795 4891 praecursorem,

2211 4913 2355 4983 quod
2386 4913 2477 4969 hic
2507 4913 2779 4983 signiﬁcat
2804 4912 3046 4976 ἀντίθεος
3080 4913 3400 4984 πανουργία.
3427 4911 3546 4967 iam
3576 4929 3704 4968 vero
3726 4932 3795 4969 ex

2212 5003 2509 5076 lgnatianis
2554 5021 2623 5059 an
2663 5005 2869 5075 aliquid
2894 5005 3074 5061 simile
3106 5015 3291 5076 petere
3320 5008 3496 5075 potuit
3530 5006 3796 5073 lrenteus,

2211 5098 2260 5153 si
2287 5113 2351 5152 ea
2378 5097 2669 5153 novisset?
2699 5108 2794 5153 aut
2832 5098 3124 5169 quisquam
3165 5115 3271 5153 non
3304 5100 3520 5154 novisse
3550 5098 3796 5153 afﬁrma-

2212 5188 2309 5253 bit,
2335 5189 2465 5259 quia
2493 5189 2587 5259 qui
2618 5190 2923 5246 versiculos
2948 5190 3168 5246 aliunde
3212 5191 3266 5245 in
3296 5191 3539 5247 Marcum
3571 5200 3800 5247 contor-

2213 5284 2305 5349 sit,
2337 5283 2473 5337 nihil
2520 5283 2596 5338 illi
2628 5300 2695 5338 ει
2722 5282 2930 5355 lgnatio
2952 5284 3224 5354 aspersit?
3247 5283 3547 5355 Cujusdam
3581 5294 3707 5340 ante
3730 5301 3801 5341 se

2212 5374 2281 5429 de
2304 5374 2507 5443 duplici
2543 5375 2794 5432 vocabuli
2834 5373 2971 5428 Filii
3006 5376 3323 5446 acceptione
3351 5376 3800 5433 observationem

2213 5467 2279 5521 ad
2312 5466 2820 5536 interpretationem
2863 5464 2923 5522 S.
2959 5464 3259 5539 Scriptum
3284 5468 3671 5539 pertinentem,
3693 5469 3798 5524 lib.

2214 5574 2290 5623 Iv,
2320 5574 2439 5629 cap.
2467 5558 2534 5613 79
2567 5558 2744 5614 aﬂ‘ert.
2778 5556 2910 5614 Vult
2949 5560 3097 5614 enim
3150 5560 3353 5630 impios
3379 5571 3433 5615 et
3463 5561 3708 5616 infideles
3736 5561 3803 5616 in

2215 5650 2388 5705 sacris
2412 5648 2632 5705 Litteris
2660 5650 2802 5719 ﬁlios
2828 5660 2875 5705 et
2909 5650 3121 5721 angelos
3138 5652 3338 5706 diaboli
3365 5653 3471 5706 dici
3500 5671 3514 5717 ;
3551 5662 3803 5707 veterum

2215 5750 2397 5796 autem
2429 5741 2663 5811 alicujus
2695 5742 3074 5797 testimonium
3112 5743 3287 5811 all'ert,
3316 5744 3410 5813 qui
3447 5741 3650 5796 Filium
3692 5743 3801 5797 dn-

2214 5837 2425 5907 plicitcr
2455 5835 2682 5907 intelligi
2707 5835 2865 5907 dixit,
2890 5846 2985 5895 aut
3005 5836 3071 5895 de
3092 5847 3244 5908 nato,
3277 5846 3371 5895 aut
3400 5838 3465 5895 de
3497 5836 3664 5903 iacto,
3702 5846 3797 5893 aut
