4078 6452
345 428 455 483 165

1130 431 1178 488 ι.
1218 432 1581 491 PEARSONII
1622 422 1942 493 Vmorem:
1980 439 2394 504 IGNA'rIAMa.
2443 484 2499 494 -
2536 451 2716 507 PARS
2754 451 2794 505 ι.

3506 455 3605 509 lliﬁ

337 544 658 600 secundum
686 556 939 603 naturam
976 557 1033 603 et
1059 551 1452 616 conditionem,
1488 562 1584 607 aut
1622 555 1925 611 secundum
1959 566 2003 620 Α
2032 580 2189 635 τερος
2222 566 2423 636 ἔλεγεν.
2464 569 2718 633 lrenaeus,
2757 568 2921 639 Papia
2955 571 3161 640 jnnior,
3200 573 3451 641 exemplo
3486 575 3604 644 ejus

335 634 616 690 doctrina:
688 638 1068 708 magisterium
1120 657 1134 692 :
1182 640 1287 706 Qui
1362 644 1506 697 enim
1560 646 1777 700 edoctus
1847 658 1925 701 est

334 728 515 791 uerbo,
557 727 710 797 ﬁlius
748 730 985 784 docentis
1012 747 1126 786 esse
1152 732 1374 800 dicitur,
1414 745 1464 789 et
1495 735 1587 789 ille
1608 737 1724 807 eius
1754 749 1923 808 pater.

2029 656 2195 712 nimis
2245 672 2559 728 permotus,
2612 664 2867 733 quaesivit
2914 665 3117 733 pariter
3172 682 3203 720 a
3266 667 3603 735 senioribus,

2027 748 2160 815 quid
2202 748 2279 804 illi
2313 754 2631 808 audiveram
2667 755 2735 808 ab
2770 754 2856 816 iis.
2899 756 2993 825 qui
3026 757 3399 825 apostolorum
3432 758 3607 812 disci-

338 814 407 871 Ut
457 828 654 887 postea
693 818 951 878 Clemens
988 823 1409 890 Alexandrinus,
1451 827 1649 883 αὐτίκα
1682 830 1916 903 πατέρας

2026 841 2185 908 pulos
2216 842 2484 913 viderant,
2524 856 2579 901 et
2615 863 2739 902 cum
2770 847 2885 901 haec
2919 848 3038 901 viva
3070 864 3204 903 voce
3232 850 3442 919 prolata
3467 851 3605 907 sibi-

330 910 461 975 τοὺς
474 914 903 984 κατηχήσαντας
914 916 1114 987 φαμέν,
1132 926 1185 972 et
1198 917 1496 989 Gregorius
1508 920 1888 981 Nazianzenus
1906 941 1920 978 :

476 1027 667 1103 ἑύῖςιρ
702 1029 1047 1103 {pulsantis};
1080 1030 1178 1103 μὲν
1210 1032 1324 1085 ὅσοι
1356 1032 1519 1087 καλὸν
1552 1033 1879 1103 ἐξεδίδαξαν,

476 1097 682 1162 Παῖδες
715 1097 761 1152 δ’
794 1097 890 1163 οὓς
922 1097 1164 1163 ἐδίδαξα.

395 1215 485 1269 An
516 1225 703 1270 autem
730 1216 861 1287 quia
886 1232 918 1269 e
947 1219 1226 1275 veteribus
1256 1236 1450 1289 unum,
1475 1222 1570 1292 qui
1602 1223 1768 1280 simili
1796 1242 1918 1281 mo-

319 1303 397 1358 do
434 1314 567 1359 ante
593 1307 774 1376 ipsum
814 1307 1128 1377 Scripturas
1154 1310 1543 1381 interpretatus
1575 1324 1679 1381 est,
1720 1331 1791 1370 ne
1819 1334 1921 1371 no-

318 1412 457 1451 vum
500 1414 729 1453 sensum
761 1400 868 1457 illis
899 1401 1139 1457 alﬁxisse
1160 1402 1460 1471 videretur,
1490 1406 1719 1462 adduxit
1749 1424 1763 1459 ε
1798 1409 1918 1465 ideo

323 1494 423 1540 aut
456 1488 671 1558 aliquid
694 1504 761 1544 ex
791 1489 1091 1560 lgnatianis
1116 1493 1287 1548 citare
1310 1495 1579 1563 debuerit,
1607 1510 1702 1552 aut
1722 1516 1785 1553 ea
1811 1500 1914 1569 ipsi

320 1581 517 1649 ignota
560 1598 667 1638 nos
713 1584 1019 1639 concedere
1060 1586 1378 1654 debeamus,
1441 1589 1495 1643 in
1538 1591 1741 1661 quibus
1785 1592 1915 1647 talia

318 1687 426 1725 nec
451 1672 690 1727 inveniri
726 1690 827 1729 nec
854 1676 1159 1745 exspectari
1183 1679 1513 1747 potuerunt?

388 1763 553 1829 Quod
580 1765 629 1819 si
655 1766 774 1820 haec
796 1766 861 1821 ad
890 1768 1218 1821 sententiam
1246 1769 1348 1823 viri
1376 1769 1681 1825 doctissimi
1712 1774 1914 1828 conﬁr-

312 1857 583 1911 mandam
608 1874 805 1927 parum
834 1858 1019 1915 valere
1040 1860 1350 1927 videantur,
1384 1871 1532 1918 certe
1558 1865 1769 1934 reliqua
1792 1882 1913 1922 om-

313 1947 455 2002 nino
493 1949 653 2003 nihil.
707 1948 847 2004 Sunt
889 1950 1035 2005 enim
1080 1960 1293 2007 tantum
1353 1953 1600 2009 virorum
1638 1971 1907 2026 quorum-

310 2035 472 2101 dam,
501 2053 613 2091 non
648 2039 856 2107 scripto
882 2039 977 2094 sed
1008 2039 1132 2094 viva
1164 2055 1297 2095 voce
1322 2042 1530 2108 prolata
1567 2044 1905 2113 testimonia;

308 2142 440 2196 quae
497 2137 650 2182 recte
708 2127 1249 2201 ἀπομνημονεύματα
1312 2129 1584 2188 Eusebius
1649 2137 1907 2206 appellat,

308 2220 411 2273 lib.
450 2235 507 2285 v,
529 2236 654 2290 cap.
683 2220 739 2286 8,
774 2221 866 2274 καὶ
899 2220 1481 2293 ἀπομνημονευμάτων
1526 2225 1906 2284 Ἀποστολικοῦ

308 2330 459 2377 τινος
513 2313 916 2385 πρεσϐυτέρου,
967 2309 1030 2367 οὗ
1080 2315 1317 2389 τοῦνομα
1370 2322 1547 2392 σιωπῇ
1599 2323 1903 2394 παρέδωκε,

309 2405 676 2475 μνημονεύει.
738 2404 994 2462 Bullinus
1041 2407 1308 2478 interpres
1346 2425 1360 2462 :
1397 2410 1501 2465 Sed
1542 2423 1594 2466 et
1624 2415 1904 2483 apostolici

305 2496 603 2566 cujusdam
626 2500 750 2564 viri,
783 2500 937 2565 cuius
978 2516 1163 2554 nomen
1193 2503 1426 2568 reticuit,
1455 2507 1713 2561 sermonis
1748 2510 1903 2579 quasi

303 2594 624 2646 memoriter
672 2594 932 2648 meminit.
976 2592 1071 2649 Sic
1109 2593 1276 2650 Marci
1318 2592 1673 2669 Evangelium
1709 2601 1901 2657 crede-

304 2687 443 2740 bant
467 2698 684 2740 veteres
713 2687 851 2741 nihil
877 2688 1023 2742 aliud
1065 2688 1238 2744 fuisse
1264 2706 1428 2760 quam
1465 2689 1610 2745 Petri
1644 2692 1900 2766 ἀπομνη-

302 2776 657 2848 μονεύματα.
694 2774 771 2830 lta
806 2775 1004 2848 Papias
1033 2780 1175 2848 apud
1200 2778 1432 2845 Euseb.,
1458 2781 1496 2835 l.
1528 2798 1610 2849 Ill,
1642 2798 1762 2854 cap.
1795 2785 1896 2840 59:
1960 2830 1968 2837 .

298 2869 539 2940 Μάρκος
564 2868 666 2939 μὲν
692 2869 1035 2942 ἑρμηνευτὴς
1054 2871 1261 2944 Πέτρου
1281 2874 1590 2944 γενόμενος,
1610 2874 1710 2928 ὅσα
1728 2877 1899 2949 ἐμνη-

300 2963 594 3031 μόνευσεν,
629 2961 873 3033 ἀκριϐῶς
906 2963 1185 3033 ἐγραψεν;
1220 2974 1275 3019 et
1316 2982 1510 3022 rursus
1555 2985 1569 3021 :
1611 2968 1771 3022 Ὥστε
1803 2969 1898 3022 οὑ·-

294 3054 388 3106 δὲν
419 3056 643 3125 ἥμαρτε
663 3054 892 3126 Μάρκος
922 3055 1096 3119 οὕτως
1127 3057 1244 3111 ένια
1285 3058 1504 3130 γράψας
1535 3059 1611 3124 ὡς
1651 3062 1900 3133 ἀπεμνη-

298 3148 564 3216 μόνευσε.
596 3144 665 3201 [lt
690 3145 880 3218 Cynici
918 3147 1201 3217 cujusdam
1220 3149 1383 3204 verba
1404 3150 1471 3204 de
1503 3149 1798 3222 Peregrina
1828 3170 1895 3209 ex

296 3239 576 3293 memoria
601 3238 838 3293 recitare
853 3254 914 3293 se
933 3240 1162 3295 lideliter
1180 3241 1467 3309 proﬁtetur
1484 3240 1895 3309 Lucianus,-ua‘t
1924 3276 1967 3335 α

2024 946 2132 1001 que
2157 935 2356 990 tradita
2390 938 2614 1008 scriptis
2643 937 2946 1007 praeferret,
2978 956 3100 1009 qua:
3129 941 3198 995 ab
3228 942 3337 997 illis
3362 959 3584 1016 accepev

2021 1034 2106 1078 rat
2130 1028 2336 1095 pariter
2355 1030 2592 1099 scripsit.
2623 1028 2829 1085 Horum
2857 1032 3023 1101 igitur
3048 1034 3328 1089 seniorum
3356 1038 3598 1092 auctori-

2024 1127 2132 1173 tate
2168 1132 2223 1174 et
2260 1122 2595 1187 testimonio,
2624 1124 2691 1178 ad
2729 1124 3048 1179 ﬁrmandam
3085 1126 3427 1182 traditionem
3461 1145 3597 1184 non-

2021 1228 2327 1283 nunquam,
2367 1217 2568 1285 saepius
2604 1217 2671 1271 ad
2714 1233 2866 1281 suas,
2915 1218 2982 1273 de
3022 1221 3182 1274 annis
3210 1219 3415 1277 Christi
3454 1238 3595 1293 quos

2018 1306 2131 1373 egit
2162 1305 2216 1358 in
2251 1306 2435 1372 terris,
2476 1308 2544 1363 de
2576 1309 2685 1364 illis
2710 1324 2849 1378 quos
2888 1309 3087 1364 ibidem
3132 1311 3331 1366 iterum
3370 1323 3595 1370 acturus

2017 1404 2123 1462 est,
2160 1396 2229 1451 de
2267 1406 2611 1452 mortuorum
2651 1407 2819 1464 statu,
2856 1399 2924 1453 de
2957 1399 3144 1455 bestiae
3185 1401 3593 1472 Apocalypticze

2017 1488 2530 1555 numero,privatas
2560 1490 2849 1560 opiniones
2879 1491 3232 1546 stabiliendas
3255 1493 3445 1547 utitur.
3486 1492 3591 1547 Sed

2016 1579 2147 1647 quid
2172 1580 2297 1635 inde
2314 1583 2562 1653 sequitur
2581 1584 2604 1636 ?
2624 1599 2692 1637 an
2722 1585 2855 1639 illud
2886 1586 2937 1639 in
2966 1585 3181 1655 primis,
3207 1584 3410 1639 Irenaeo
3434 1585 3592 1654 igno-

2015 1676 2068 1724 ta
2099 1669 2271 1727 fuisse
2309 1672 2589 1744 lgnatiana
2626 1676 2833 1739 omnia,
2865 1677 2993 1745 quia
3046 1676 3181 1731 nihil
3235 1678 3304 1731 ab
3352 1692 3418 1731 eo
3448 1676 3591 1732 scri‘

2013 1770 2165 1829 ptum
2201 1762 2342 1816 inter
2367 1752 2484 1819 hmo
2519 1767 2702 1819 omnia
2738 1765 3046 1820 testimonia
3083 1766 3391 1835 reperitur?
3430 1766 3591 1820 mini-

2013 1867 2121 1906 me.
2152 1850 2422 1923 lgnatium
2463 1856 2751 1910 consulere
2804 1872 2911 1910 non
2960 1858 3139 1925 potuit
3192 1856 3450 1924 lrenaeus,
3495 1858 3586 1929 qu'

2014 1942 2107 1997 illo
2163 1952 2379 2000 mortuo
2427 1955 2588 2002 natus
2633 1955 2736 2002 est.
2793 1946 3048 2003 Seniores
3098 1949 3304 2004 lrenmo
3355 1951 3586 2005 recitant

2011 2033 2143 2103 quid
2176 2035 2529 2103 audiverant;
2570 2038 2623 2093 id
2656 2038 2898 2109 Ignatius
2937 2040 3032 2094 diu
3060 2049 3187 2095 ante
3212 2042 3403 2097 bestiis
3431 2042 3587 2097 obla-

2010 2134 2100 2181 tus
2134 2126 2313 2184 facere
2342 2145 2452 2184 non
2477 2131 2673 2199 potuit.
2701 2130 2925 2186 Frustra
2958 2131 3124 2202 igitur
3156 2148 3281 2187 eum
3334 2134 3475 2188 inter
3500 2148 3582 2188 sc-

2009 2218 2196 2273 niores
2220 2219 2345 2274 illos
2376 2235 2475 2275 sua
2502 2221 2762 2291 suffragia
2785 2221 3101 2278 all'crentem
3127 2239 3361 2293 quaeras.
3396 2223 3585 2279 Senio-

2007 2324 2099 2365 res
2145 2310 2245 2377 illi,
2286 2313 2417 2382 quid
2465 2328 2598 2367 voce
2652 2315 2772 2370 viva
2828 2316 3183 2382 audiverant,
3221 2334 3330 2372 non
3363 2319 3495 2388 quid
3529 2320 3584 2373 in

2008 2403 2229 2472 scriptis
2260 2403 2521 2473 legerant,
2557 2417 2954 2475 narraverunt;
2999 2407 3198 2464 frustra
3228 2410 3392 2480 igitur
3417 2411 3581 2466 etiam

2007 2496 2334 2550 sententiam
2361 2497 2599 2566 aliquam
2625 2500 2693 2553 ab
2721 2497 2934 2569 lgnatio
2968 2500 3228 2571 scriptam
3264 2502 3332 2557 ab
3357 2503 3464 2558 illis
3483 2520 3582 2559 ex-

2006 2596 2238 2655 spectes.
2264 2586 2508 2658 lgnatius
2526 2589 2641 2658 ipse
2658 2590 2724 2643 ad
2744 2590 2948 2647 bestias
2966 2593 3383 2662 condemnatus,
3404 2607 3460 2651 et
3484 2596 3584 2652 Ec—

2004 2679 2201 2735 clesias
2225 2680 2279 2734 in
2312 2679 2509 2737 itinere
2535 2682 2892 2749 conﬁrmans,
2917 2700 3024 2739 non
3049 2695 3108 2739 ut
3127 2685 3324 2757 Papias
3351 2689 3581 2761 σμικρὸς

2002 2768 2081 2824 ὢν
2112 2771 2203 2825 τὸν
2236 2773 2383 2839 νοῦν,
2419 2775 2551 2844 quid
2589 2776 2658 2831 ab
2694 2776 2860 2845 hujus
2901 2777 2986 2831 vel
3028 2777 3178 2833 illius
3204 2781 3463 2849 apostdli,
3497 2783 3581 2837 vel

2002 2862 2258 2933 discipuli
2284 2879 2381 2919 ore
2407 2867 2492 2919 vel
2524 2866 2639 2935 ipse
2661 2867 2746 2921 vel
2769 2867 2863 2921 alii
2884 2878 3228 2938 acceperant,
3258 2871 3313 2925 in
3335 2872 3582 2941 epistolis

2002 2955 2223 3025 scripsit
2248 2974 2262 3011 :
2288 2956 2419 3012 hinc
2448 2958 2617 3027 igitur
2640 2959 2820 3029 colligi
2855 2960 3004 3014 nullo
3038 2962 3202 3016 modo
3230 2972 3429 3033 potest,
3459 2967 3581 3033 ejus

1999 3048 2258 3117 epistolas
2286 3051 2356 3103 ab
2386 3048 2591 3107 [remeo
2619 3052 2830 3108 laudari
2855 3053 3135 3122 debuisse,
3153 3064 3248 3110 aut
3269 3072 3336 3113 eo
3359 3061 3581 3115 nomine

2001 3143 2105 3213 ipsi
2141 3143 2357 3212 ignotas
2381 3142 2573 3200 fuisse.

2069 3234 2324 3291 Nondum
2357 3238 2526 3307 igitur
2561 3254 2643 3293 res
2691 3240 2825 3294 satis
2859 3241 3101 3310 confecta
3142 3240 3311 3296 videri
3355 3242 3575 3311 debuit,

291 3328 376 3392 ὡς
406 3328 479 3382 ἂν
510 3323 626 3393 οἷός
658 3348 718 3383 τε
760 3322 806 3382 ὦ
856 3330 1192 3402 πειράσομαί
1242 3349 1325 3386 σοι
1370 3332 1510 3388 αὐτὰ
1550 3333 1732 3389 ἐκεῖνα
1764 3337 1898 3391 ἀπο-

2000 3329 2093 3384 sed
2116 3344 2236 3383 eam
2270 3330 2438 3384 multo
2468 3331 2789 3385 luculentius
2819 3348 2884 3386 ea:
2909 3333 3139 3403 quodam
3158 3334 3394 3403 ejusdem
3426 3333 3575 3389 Scri-

298 3420 685 3490 μνημονεῦσαι
718 3421 794 3485 ὡς
826 3421 1065 3488 ἐλέγετο.
1101 3422 1193 3476 Sic
1225 3423 1393 3493 igitur
1414 3421 1653 3480 Irenams
1684 3426 1779 3481 lib.
1818 3443 1892 3493 iv,

295 3529 402 3583 mp
434 3514 470 3568 5
508 3533 523 3568 :
561 3513 1027 3578 Quemadmodum
1054 3515 1238 3569 audivi
1263 3533 1295 3569 a
1315 3515 1546 3587 quodam
1568 3518 1892 3589 presbytero,

293 3608 390 3677 qui
414 3609 670 3662 audierat
700 3608 766 3662 ab
803 3608 885 3663 his
917 3610 1009 3679 qui
1042 3610 1308 3680 apostolos
1333 3611 1595 3675 viderant,
1624 3622 1674 3667 et
1710 3615 1776 3667 ab
1810 3614 1893 3670 his

290 3703 389 3771 qui
412 3702 742 3757 didicerant.
767 3700 873 3757 Ubi
903 3702 1193 3774 diligenter
1220 3702 1626 3759 observandum
1662 3716 1748 3761 est
1777 3706 1891 3762 lre-

292 3809 482 3847 naeum
520 3795 611 3850 hic
654 3795 816 3865 plane
858 3794 1085 3866 Papiam
1129 3793 1301 3851 fuisse
1350 3796 1649 3863 imitatum,
1706 3814 1737 3853 a
1781 3814 1892 3868 quo

288 3885 617 3940 doctrinam
645 3887 794 3941 mille
819 3902 1095 3942 annorum
1123 3888 1370 3959 accepit;
1405 3890 1485 3944 sic
1515 3889 1660 3943 enim
1694 3888 1891 3961 Papias

284 3991 357 4031 ea
399 3979 686 4033 memoriae
716 3978 999 4034 mandavit
1042 3994 1164 4049 quae
1209 3994 1240 4034 a
1277 3979 1554 4034 veteribus
1596 3980 1701 4035 hoc
1728 3982 1892 4036 modo

287 4070 594 4136 didicerat,
621 4079 683 4125 ut
708 4070 825 4139 ipse
854 4070 922 4126 de
946 4085 1005 4125 se
1027 4078 1261 4126 testatur
1284 4088 1300 4123 :
1331 4072 1395 4125 Et
1420 4071 1478 4125 δέ
1500 4090 1602 4125 που
1632 4074 1726 4127 καὶ
1747 4092 1890 4148 παρ-

284 4162 687 4233 ηκολουθηκώς
718 4180 803 4226 τις
834 4165 947 4227 τοῖς
983 4163 1374 4237 πρεσϐυτέροις
1407 4165 1569 4229 ἔλθοι,
1623 4166 1749 4231 τοὺς
1780 4166 1890 4221 τῶν

287 4252 695 4325 πρεσϐυτέρων
742 4253 1026 4326 ἀνέκρινον
1076 4253 1289 4322 λόγους,
1342 4255 1396 4308 τί
1427 4255 1705 4327 Ἀνδρέας,
1753 4256 1787 4326 ἢ
1835 4256 1889 4309 τί

286 4346 507 4417 Πέτρος
539 4341 716 4409 εἶπεν,
752 4345 785 4416 ἢ
820 4345 874 4398 τί
907 4345 1191 4409 Φίλιππος,
1225 4346 1261 4418 ἢ
1294 4345 1350 4399 τί
1382 4346 1604 4418 Θωμᾶς,
1634 4349 1668 4419 ἢ
1704 4347 1889 4402 Ἰάκω-

286 4440 408 4503 6ος,
444 4439 481 4510 ἢ
516 4439 572 4492 τί
616 4438 891 4510 Ἰωάννης,
925 4439 961 4509 ἢ
995 4439 1297 4504 Ματθαϊος,
1350 4440 1385 4511 ἦ
1430 4457 1515 4505 τις
1560 4440 1747 4513 ἕτερος
1778 4441 1888 4495 τῶν

285 4531 386 4584 τοῦ
421 4529 634 4601 Κυρίου
672 4529 952 4600 μαθητῶν,
987 4530 1083 4584 ἆτε
1128 4531 1414 4603 Ἀριστίων
1457 4531 1551 4585 καὶ
1583 4534 1612 4585 ὁ
1643 4531 1886 4604 πρεσϐύ-

1995 3422 2164 3489 ptoris
2196 3421 2308 3474 loco
2335 3422 2567 3491 probare
2596 3438 2655 3477 se
2681 3439 2843 3493 posse
2871 3433 3025 3494 putat
3060 3424 3143 3478 vir
3179 3425 3573 3489 doctissimus;

1997 3508 2109 3573 illo,
2151 3508 2362 3565 scilicet
2390 3524 2502 3578 quo
2528 3510 2595 3563 ad
2625 3508 2898 3567 Ecclesias
2923 3513 3061 3568 duas
3085 3513 3345 3582 epistolas
3369 3529 3577 3569 memo—

1996 3610 2100 3665 rat,
2135 3618 2298 3656 unam
2326 3603 2623 3659 Clementis
2662 3605 2730 3659 ad
2777 3605 3115 3668 Corinthios,
3152 3606 3378 3660 alteram
3414 3606 3577 3678 Poly-

1993 3693 2144 3763 carpi
2196 3695 2260 3748 ad
2310 3693 2711 3764 Philippenses.
2759 3695 2942 3762 Quare
2973 3696 3064 3749 hic
3093 3704 3265 3766 rogat,
3306 3713 3422 3764 cur,
3449 3699 3498 3753 si
3524 3701 3573 3753 ei

1993 3794 2147 3839 notus
2174 3796 2289 3841 erat
2325 3796 2502 3840 noster
2532 3785 2802 3857 Ignatius,
2833 3786 2982 3841 illius
3005 3787 3120 3841 loco
3143 3798 3257 3843 tam
3279 3800 3573 3859 opportuno

1994 3888 2203 3950 tamque
2259 3882 2556 3934 necessario
2611 3881 2790 3935 nullus
2842 3882 3188 3935 meminerit?
3228 3881 3575 3953 Respondeas

1992 3988 2100 4027 non
2136 3980 2245 4026 tam
2279 3988 2378 4043 pro
2418 3973 2579 4029 nobis
2616 3988 2793 4044 quam
2821 3988 2921 4043 pro
2954 3974 3136 4045 seipso
3165 3975 3278 4043 jam
3311 3976 3571 4031 lremeus.

1990 4061 2102 4118 Nos
2135 4064 2281 4118 enim
2310 4064 2483 4119 multo
2511 4066 2739 4121 tutiores
2777 4080 2972 4121 sumus
3007 4080 3038 4119 a
3068 4064 3249 4121 Dallazi
3284 4069 3566 4137 conjectu-

1990 4155 2089 4219 ris,
2121 4171 2285 4223 quam
2311 4154 2369 4210 S.
2404 4154 2641 4213 lrenteus
2679 4158 2748 4212 ab
2779 4157 3024 4229 ejusdem
3050 4174 3304 4214 censura.
3340 4158 3434 4215 Sic
3464 4161 3571 4230 igi-

1988 4256 2080 4302 tur
2114 4249 2202 4302 illc
2225 4249 2319 4304 lib.
2358 4266 2438 4313 ιιι,
2475 4265 2595 4321 cap.
2631 4252 2664 4305 '5
2698 4271 2711 4306 :
2745 4250 3107 4306 Traditionam
3148 4254 3332 4325 itaque
3363 4266 3570 4324 aposto-

1990 4337 2164 4391 lorum
2193 4338 2249 4391 in
2270 4347 2378 4392 toto
2406 4341 2602 4394 mundo
2630 4343 3047 4412 manifestatam,
3080 4344 3136 4397 in
3166 4345 3311 4399 omni
3328 4344 3569 4400 Ecclesia

1989 4430 2139 4484 adest
2174 4433 2465 4501 perspicere
2507 4434 2749 4488 omnibus
2791 4435 2882 4505 qui
2914 4451 3033 4489 vera
3061 4436 3219 4490 uelint
3246 4439 3468 4502 audire;
3516 4450 3565 4493 et

1988 4522 2238 4577 habemus
2277 4541 2627 4580 mmumerare
2670 4542 2757 4580 eos
2800 4528 2892 4597 qui
2929 4528 2994 4581 ab
3039 4529 3291 4598 apostolis
3334 4531 3565 4584 instituti

286 4637 453 4692 τερος
497 4620 752 4691 Ἰωάννης
784 4622 832 4673 οἱ
865 4619 960 4674 τοῦ
993 4622 1199 4693 Κυρίου
1237 4622 1476 4695 μαθηταὶ
1508 4623 1787 4692 λέγουσιν·
1822 4627 1883 4679 οὑ

2000 4625 2110 4670 sunt
2131 4618 2360 4687 episcopi
2393 4618 2450 4671 in
2477 4618 2732 4685 ecclesiis,
2762 4629 2811 4672 et
2844 4636 3165 4676 successores
3195 4637 3378 4675 eorum
3405 4636 3567 4699 usque

286 4716 404 4786 γὰρ
439 4712 509 4767 τὰ
544 4715 611 4767 ὲκ
641 4713 750 4767 τῶν
785 4714 1006 4785 βιϐλίων
1047 4715 1300 4769 τοσοῦτόν
1354 4734 1421 4788 με
1472 4717 1703 4786 ὠφελεῖν
1745 4718 1883 4772 ἀπε-

286 4805 597 4877 λάμϐανον,
647 4807 773 4859 ὅσον
818 4806 885 4861 τὰ
929 4805 1086 4877 παρὰ
1130 4807 1313 4878 ζώσης
1345 4809 1532 4880 φωνῆς
1565 4810 1657 4863 καὶ
1692 4809 1885 4880 μενού-

288 4917 417 4969 σης.
458 4898 616 4963 Quod
643 4900 691 4952 si
717 4899 833 4969 quis
862 4898 1131 4953 interdum
1160 4901 1292 4955 mihi
1319 4902 1626 4956 occurrebat
1654 4904 1746 4973 qui
1766 4921 1886 4957 cum

286 4992 597 5045 senioribus
627 5001 867 5045 uersatus
901 4992 1111 5061 fuisset,
1138 5008 1205 5047 ea;
1238 5009 1298 5047 eo
1326 4996 1534 5049 curiose
1570 4996 1887 5051 sciscitabar

283 5100 545 5149 «tenam
582 5093 755 5137 essent
790 5084 1057 5138 seniorum
1091 5086 1236 5139 dicta
1267 5101 1289 5141 :
1309 5087 1438 5157 quid
1466 5087 1730 5149 Andreas.
1756 5090 1883 5159 quid

293 5180 515 5243 Petrus,
540 5179 671 5249 quid
693 5177 998 5248 Philippus,
1026 5177 1156 5249 quid
1190 5177 1442 5244 Thomas,
1475 5180 1603 5251 quid
1624 5179 1882 5250 Iacobus,

284 5265 421 5334 quid
445 5263 704 5329 Joannes,
729 5266 857 5336 quid
880 5263 1196 5329 Matthteus,
1220 5267 1348 5337 quid
1369 5268 1549 5321 cwteri
1567 5266 1786 5322 Domini
1805 5269 1886 5323 di-

288 5358 490 5428 ἐἰρκιὶ
502 5359 677 5413 dicere
691 5359 840 5413 soliti
850 5368 1041 5423 essent,
1054 5359 1563 5429 quidttantAristion
1583 5370 1635 5414 et
1646 5359 1881 5417 Joannes

284 5451 569 5523 presbyter
594 5451 847 5522 discipuli
878 5451 1094 5505 Domini
1123 5453 1413 5507 traderent.
1448 5451 1630 5525 Neque
1655 5455 1794 5510 enim
1815 5470 1881 5510 ea:

286 5545 559 5599 librorum
588 5544 810 5599 lectione
832 5553 1037 5598 tantam
1068 5561 1149 5599 me
1176 5545 1467 5600 utilitatem
1512 5563 1698 5616 capere
1731 5563 1881 5617 posse

284 5636 687 5702 csistimabam,
720 5646 978 5706 quantam
1016 5651 1081 5690 ea:
1111 5636 1385 5692 hominum
1416 5638 1590 5692 adhuc
1625 5641 1882 5708 supersti-

288 5737 405 5783 tum
434 5730 553 5782 viva
577 5745 715 5784 voce.
748 5727 1228 5799 QuaasivitPapias
1250 5745 1279 5784 a
1304 5731 1616 5786 senioribus
1645 5731 1776 5802 quid
1802 5731 1879 5785 illi

290 5825 363 5879 ab
408 5822 677 5891 apostolis
706 5831 802 5878 aut
833 5822 1122 5893 discipulis
1160 5823 1503 5889 audiverant,
1560 5832 1615 5879 et
1656 5839 1779 5895 qua:
1811 5826 1879 5880 ab

295 5915 405 5972 illis
437 5922 722 5971 acceaerat
743 5915 985 5977 scripsit.
1018 5915 1113 5973 καῖ
1144 5914 1306 5982 οὕτω,
1340 5916 1535 5982 inquit,
1567 5917 1597 5971 ὁ
1632 5917 1873 5983 πρεσϐύ-

1987 4710 2057 4763 ad
2088 4725 2180 4763 nos
2206 4747 2221 4773 ,
2256 4710 2346 4780 qui
2375 4711 2506 4764 nihil
2528 4712 2635 4766 tale
2655 4712 2969 4777 docuerunt,
3002 4729 3164 4782 neque
3192 4724 3562 4783 cognouerunt.

1986 4802 2143 4871 quale
2188 4804 2253 4856 ab
2301 4803 2377 4856 eis
2432 4803 2714 4857 deliratur.
2760 4803 3006 4859 Traditio
3055 4806 3221 4875 igitur
3260 4808 3561 4862 secundum

1986 4893 2250 4951 Irenaeum
2279 4906 2400 4951 erat
2423 4898 2476 4951 in
2497 4898 2647 4952 omni
2678 4897 2919 4953 Ecclesia
2947 4896 3214 4962 Romana,
3235 4899 3563 4954 Alexandri-

1986 5003 2079 5053 na,
2110 4987 2474 5053 Antiochena,
2498 4987 3016 5059 Hierosolymitana,
3043 4988 3405 5060 reliquisque,
3433 4997 3488 5045 et
3516 4990 3562 5043 si

1986 5078 2282 5145 voluisset,
2334 5087 2550 5150 poterat
2597 5095 2890 5134 numerare
2931 5094 3124 5133 omnes
3153 5081 3446 5150 episcopos
3493 5082 3563 5135 ab

1985 5172 2253 5241 apostolis
2314 5171 2615 5240 institutos,
2662 5188 2794 5242 quos
2842 5187 3166 5226 successores
3216 5172 3560 5243 reliquerant,

1984 5280 2139 5318 suum
2176 5264 2412 5333 ipsorum
2440 5264 2608 5318 locum
2632 5266 2925 5335 magisterii
2954 5265 3243 5329 tradentes,
3279 5274 3335 5318 et
3366 5280 3557 5321 eorum

1983 5357 2147 5411 etiam
2180 5371 2546 5412 successores.
2582 5355 2685 5411 Sed
2706 5357 2980 5427 quoniam,
3026 5355 3224 5425 inquit,
3253 5356 3310 5409 in
3343 5356 3437 5410 hoc
3463 5357 3560 5411 tali

1982 5451 2244 5505 volumine
2268 5449 2481 5519 longum
2504 5457 2581 5503 est
2604 5448 2837 5501 omnium
2870 5446 3231 5500 Ecclesiarum
3253 5463 3559 5504 enumerare

1981 5544 2331 5596 successiones
2356 5556 2375 5604 ,'
2398 5541 2669 5605 maxime,
2698 5550 2749 5592 et
2777 5538 3029 5607 antiqua,
3046 5545 3097 5591 et
3118 5538 3359 5594 omnibus
3377 5542 3558 5609 cogni-

1984 5650 2072 5706 tae,
2104 5657 2135 5693 a
2167 5637 2564 5709 gloriosissimis
2586 5636 2790 5689 duobus
2830 5636 3087 5705 apostolis
3119 5635 3279 5690 Petro
3302 5647 3349 5690 et
3382 5633 3556 5688 Paulo

1981 5732 2161 5788 Roma:
2191 5729 2429 5800 fundata:
2451 5737 2501 5783 et
2530 5728 2834 5782 constituta:
2854 5725 3105 5783 Ecclesiae
3129 5743 3248 5782 eam
3274 5743 3433 5797 quam
3456 5726 3555 5779 ha-

1982 5827 2063 5880 bet
2080 5826 2143 5879 ab
2173 5832 2426 5895 apostolis
2448 5821 2782 5877 traditionem
2801 5830 2851 5877 et
2866 5823 3235 5876 annuntiatam
3256 5818 3553 5874 hominibus

1984 5918 2158 5978 ﬁdem.
2184 5932 2275 5973 aer
2302 5915 2647 5973 successiones
2669 5916 3027 5987 episcoporum
3053 5912 3430 5971 pervenientem
3467 5926 3546 5964 uso
