4078 6402
484 451 489 454 _
541 380 639 436 ιθτ

1551 371 1607 431 S.
1646 375 1997 433 ICNA'I'IUS.
2038 406 2108 419 σ-
2143 373 2679 431 PROLECOMENA.

3705 368 3807 422 {Cll

537 515 636 569 que
662 498 730 551 ad
759 514 851 552 nos
879 498 1196 561 indicantes,
1227 498 1604 561 confundimus
1628 515 1804 551 omnes
1837 515 1943 551 eos.
1971 495 2124 550 Tunc
2154 501 2198 556 Α
2227 495 2417 550 eadem
2456 510 2580 548 cum
2614 492 2875 546 Romanis
2904 490 3274 559 praedicasset,
3318 487 3465 559 quod
3506 488 3710 543 multos
3740 504 3808 542 ex

541 591 681 643 inter
713 590 851 645 alios
897 589 1084 645 Roma:
1114 590 1404 661 episcopos
1444 590 1779 645 Clementem
1814 597 2119 654 enumerat,

539 682 630 751 qui
665 691 713 734 et
752 680 881 734 vidit
918 681 1058 750 ipsos
1101 682 1367 750 apostolos
1394 692 1443 735 et
1468 682 1688 735 contulit
1715 698 1834 735 rum
1864 683 1961 746 eis,
2002 698 2122 735 cum

539 772 713 824 adhuc
738 771 1071 824 insonantem
1094 772 1526 840 prtedicationem
1549 772 1911 841 apostolorum
1933 783 1981 826 et
2011 781 2124 825 tra-

536 863 786 914 ditionem
847 876 967 920 ante
1017 863 1197 916 oculos
1229 863 1461 923 haberet,
1500 865 1775 934 traditque
1805 862 1991 917 Romae
2021 863 2123 919 Ec-

540 962 765 1008 clesiam
806 954 910 1009 sub
935 956 1039 1009 hoc
1064 955 1362 1020 Clemente,
1406 956 1695 1026 scripsisse
1734 956 2020 1025 epistolam
2055 956 2122 1010 ad

540 1044 881 1109 Corinthios,
913 1043 983 1098 ad
1008 1060 1190 1113 pacem
1219 1061 1305 1097 eos
1334 1057 1758 1117 congregantem,
1788 1054 1839 1100 et
1872 1062 2124 1115 reparan-

546 1147 651 1191 tem
677 1136 836 1206 ﬁdem
859 1152 1064 1202 eorum,
1090 1146 1140 1190 et
1165 1140 1571 1192 annuntiantem
1599 1156 1758 1209 quam
1782 1138 1845 1191 ab
1868 1137 2123 1208 apostolis

543 1239 807 1299 receperat
840 1231 1206 1285 traditionem.
1244 1230 1489 1285 Meminit
1533 1232 1700 1303 igitur
1732 1232 2031 1288 Clementis
2070 1246 2125 1289 et

542 1325 792 1395 epistola:
825 1324 927 1379 sub
961 1326 1081 1395 ejus
1109 1325 1426 1395 pontiﬁcatu
1466 1327 1708 1397 scriptae,
1737 1342 1908 1397 quare
1934 1342 2043 1380 nou
2068 1337 2124 1382 et

546 1416 783 1487 lgualii?
820 1417 1122 1486 respondeo
1155 1417 1283 1486 quia
1326 1416 1570 1488 lgnatius
1608 1417 1797 1473 Romae
1827 1419 2122 1488 episcopus

544 1524 826 1577 nunquam
866 1508 994 1575 fuit,
1050 1510 1154 1564 sub
1174 1524 1240 1563 eo
1284 1507 1523 1563 Ecclesia
1569 1508 1817 1564 Romana
1861 1510 2122 1579 epistolas

545 1600 787 1654 scribere
817 1615 925 1653 non
961 1602 1157 1669 potuit.
1192 1599 1394 1654 Statuit
1422 1608 1603 1655 autem
1641 1600 1874 1655 Irenaeus
1910 1603 1977 1657 de
2007 1612 2120 1657 tra-

543 1692 753 1747 ditione
782 1692 849 1746 ad
885 1691 1190 1747 Romanam
1228 1692 1525 1748 Ecclesiam
1562 1695 1872 1763 pertinente
1905 1704 2120 1750 tantum

545 1785 720 1854 loqui.
752 1783 961 1839 Inerter
987 1802 1049 1838 ac
1080 1786 1366 1855 ﬂagitiose,
1406 1786 1550 1842 dicet
1595 1786 1829 1841 Dallaeus
1867 1787 2119 1843 fortasse.

2226 587 2517 651 haereticis,
2548 594 2739 640 contra
2770 600 2913 654 quos
2935 583 2989 636 hi
3021 584 3145 637 libri
3175 583 3383 636 exarati
3416 592 3579 645 sunt,
3614 582 3681 635 ad
3716 598 3812 635 ea-

2224 679 2484 733 tholicam
2524 678 2683 732 tidem
2719 677 2905 731 Romae
2929 675 3279 740 converterit,
3315 682 3370 729 et
3407 674 3667 728 Romana:
3709 673 3816 728 Ec-

2225 770 2403 825 clesias
2429 770 2886 833 reconciliaverit,
2911 768 3057 839 quod
3087 767 3216 838 quid
3251 766 3309 821 S.
3340 765 3581 821 Joannes
3608 766 3675 821 de
3703 766 3815 819 Cc.

2224 864 2412 917 rintho
2436 862 2691 926 senserit,
2717 861 2850 932 quid
2875 862 2992 931 ipse
3026 862 3094 915 de
3121 860 3418 925 Marcione,
3452 869 3681 914 testatus
3712 858 3810 917 sit.

2226 953 2435 1009 Horum
2452 968 2581 1009 vero
2597 952 3034 1023 uihildelgnatio
3046 952 3152 1007 dici
3172 950 3367 1021 potuit.
3391 949 3651 1019 Epistola:
3673 952 3807 1019 qui-

2226 1049 2349 1104 dem
2376 1048 2496 1118 ejus
2523 1049 2701 1103 obiter
2725 1047 2998 1112 memiuit,
3032 1047 3124 1101 sed
3155 1061 3221 1100 ue
3255 1044 3327 1115 μῦ
3349 1061 3415 1098 ex
3431 1042 3520 1098 illa
3547 1044 3812 1110 adducit;

2226 1158 2294 1197 ne
2312 1142 2365 1195 id
2406 1142 2625 1211 quidem
2665 1141 2797 1195 dicit
2833 1155 2953 1195 eam
2982 1140 3264 1193 continere
3283 1137 3530 1191 eamdem
3550 1136 3809 1189 traditio-

2230 1248 2354 1286 nem
2391 1248 2513 1302 qua:
2544 1232 2597 1285 in
2648 1230 2892 1285 Romana
2951 1229 3194 1285 Ecclesia
3258 1228 3513 1282 obtinuit.
3552 1226 3816 1298 Polycar-

2225 1339 2353 1393 pum
2388 1323 2568 1392 itaque
2593 1323 2714 1378 ideo
2741 1332 2951 1377 tantum
2982 1321 3191 1384 citavit,
3211 1320 3357 1391 quod
3395 1319 3583 1374 Roma:
3610 1320 3809 1373 eadem

2225 1432 2349 1471 cum
2382 1416 2627 1470 Romana
2659 1414 2901 1471 Ecclesia
2929 1417 3199 1481 docuerit,
3218 1423 3273 1468 et
3303 1413 3575 1468 hareticis
3601 1412 3811 1466 ibidem

2226 1510 2503 1564 restiterit.
2532 1507 2639 1563 Nec
2669 1518 2786 1562 erat
2818 1508 3093 1577 utriusque
3124 1505 3434 1559 nominandi
3459 1522 3559 1575 par
3591 1506 3757 1557 ratio.

2295 1601 2451 1667 Quod
2478 1601 2628 1655 addit
2652 1600 2738 1655 vir
2756 1600 3133 1662 doctissimus,
3172 1596 3437 1652 Irenaeum
3478 1599 3533 1651 in
3573 1598 3809 1666 epistola

2224 1694 2291 1749 ad
2321 1693 2603 1747 Florinum
2638 1692 2921 1763 Polycarpi
2952 1691 3285 1745 mentionem
3324 1688 3536 1756 fecisse,
3574 1704 3680 1742 non
3706 1706 3811 1742 au-

2228 1797 2335 1843 tem
2391 1787 2606 1859 lgnatii,
2652 1787 2812 1857 cujus
2857 1784 3102 1854 epistolae
3150 1784 3319 1837 multa
3363 1790 3553 1836 contra
3599 1780 3811 1835 Florini

548 1875 710 1931 Certe
743 1877 816 1930 ita
853 1876 981 1932 fecit
1016 1876 1274 1942 lrenaeus,
1297 1888 1351 1932 et
1376 1893 1477 1933 cur
1504 1879 1582 1934 sic
1612 1888 1996 1949 argumentum
2027 1880 2127 1934 ad-
2158 1873 2201 1928 B
2230 1879 2626 1948 blasphemiam
2667 1877 2973 1940 continent,
3007 1874 3057 1927 id
3084 1874 3310 1928 omnino
3334 1874 3445 1926 vim
3473 1872 3678 1926 nullam
3709 1872 3813 1925 ha-

544 1984 738 2024 versus
801 1969 1091 2025 btereticos
1153 1971 1482 2037 institueret,
1543 1972 1811 2026 rationem
1869 1972 2123 2039 reddidit,

545 2062 690 2131 quod
717 2072 929 2132 propter
955 2064 1303 2131 potentiorem
1338 2064 1488 2119 illius
1524 2063 1783 2120 Ecclesia:
1808 2066 2115 2134 principali-

547 2164 729 2220 tatem,
756 2154 878 2223 ejus
906 2156 1078 2211 solius
1112 2155 1334 2210 traditio
1359 2170 1553 2210 omnes
1579 2156 1866 2212 haereticos
1893 2157 2128 2211 confun-

541 2248 715 2302 deret.
747 2246 880 2313 Qua:
927 2247 1147 2316 quidem
1194 2247 1337 2301 ratio
1378 2246 1664 2312 Irenaeum,
1702 2248 1807 2303 etsi
1847 2248 2039 2319 lgnatii
2063 2264 2129 2303 eo

544 2340 648 2395 loci
694 2355 804 2394 non
837 2338 1171 2405 meminerit,
1203 2340 1345 2409 apud
1371 2354 1457 2394 me
1490 2339 1903 2411 ﬂagitiosissimi
1926 2340 2127 2396 silentii

542 2432 775 2486 crimine
794 2431 1067 2497 absolvit;
1101 2432 1339 2487 viderint
1381 2432 1639 2487 Dallasani
1670 2432 1716 2487 si
1751 2432 1932 2487 adhuc
1971 2448 2124 2487 reum

548 2533 792 2578 teneant.
820 2522 891 2576 At
921 2532 1117 2592 praeter
1145 2523 1480 2577 Clementem
1507 2524 1672 2579 etiam
1702 2522 1986 2594 Polycarpi
2013 2539 2127 2578 me-

546 2615 708 2669 minit
728 2614 1083 2683 epistolzeque
1110 2614 1231 2684 ejus
1262 2614 1330 2668 ad
1362 2614 1742 2684 Philippeuses
1775 2634 1789 2669 :
1824 2630 1996 2685 quare
2022 2615 2124 2686 igi-

548 2716 639 2761 tur
679 2722 789 2762 non
830 2715 884 2761 et
925 2707 1139 2777 lguatii,
1172 2706 1477 2777 Polycarpo
1509 2708 1767 2772 senioris,
1799 2706 1961 2775 cujus
2007 2708 2125 2777 epi-

545 2798 699 2854 stolae
731 2798 809 2852 illi
853 2798 921 2852 ad
948 2797 1329 2869 Philippenses
1362 2807 1522 2853 erant
1564 2796 1878 2865 adjuncta}?
1923 2796 2127 2851 Memo-

546 2889 703 2942 randi
749 2898 887 2943 certe
936 2892 1076 2942 ratio
1115 2890 1393 2959 utriusque
1433 2906 1533 2959 par
1570 2897 1708 2955 erat,
1759 2886 1964 2960 Ignatii
2009 2905 2128 2943 vero

543 2981 709 3035 etiam
764 2982 960 3049 potior.
1027 2979 1356 3050 Priusquam
1421 2980 1728 3050 respondeo
1779 2981 1848 3035 de
1897 2980 2123 3047 Irenaeo,

545 3087 736 3142 quaero
796 3073 999 3142 pariter
1052 3072 1120 3127 de
1174 3071 1530 3127 Tertulliauo.
1570 3072 1873 3139 Concedes,
1907 3073 2124 3144 opinor,

546 3180 675 3219 eum
705 3164 844 3219 bene
879 3164 1120 3230 novisse,
1151 3163 1421 3236 lgnatium
1447 3163 1619 3220 fuisse
1651 3164 1913 3222 Ecclesiae
1934 3168 2128 3223 Antio-

2230 1974 2339 2028 bet.
2368 1970 2714 2042 Blasphemia
2739 1984 2903 2040 quam
2939 1979 3069 2022 tunc
3104 1967 3365 2044 temporis
3401 1966 3655 2020 tuebatur
3682 1965 3813 2019 Flo-

2230 2066 2407 2130 rinus,
2435 2063 2535 2133 ipsi
2562 2063 2856 2133 peculiaris
2888 2061 3012 2122 fuit,
3044 2069 3232 2129 utpote
3260 2075 3425 2130 quam
3450 2059 3691 2114 haeretici
3711 2059 3813 2129 qui

2228 2163 2382 2211 extra
2411 2153 2712 2209 Ecclesiam
2745 2162 2920 2219 erant,
2947 2166 3228 2222 nunquam
3260 2151 3502 2220 proﬁteri
3525 2153 3643 2205 ausi
3671 2151 3810 2205 sint.

2230 2251 2423 2306 Postea
2462 2250 2706 2320 quidem,
2737 2256 2877 2303 teste
2911 2246 3171 2311 Eusebio,
3210 2246 3441 2301 descivit
3473 2244 3540 2299 ad
3568 2244 3815 2301 Valenti-

2230 2344 2444 2399 nianos.
2475 2340 2719 2412 Epistula
2741 2349 2923 2395 autem
2946 2337 3134 2393 lrenaai
3166 2337 3547 2392 tantummodo
3576 2353 3676 2406 pro
3710 2354 3806 2391 ar—

2230 2442 2490 2504 gumento
2540 2432 2750 2496 habuit,
2807 2430 2953 2501 quod
2998 2429 3141 2483 Deus
3178 2446 3280 2483 non
3309 2429 3378 2482 sit
3422 2440 3607 2482 auctor
3634 2429 3813 2481 malo-

2230 2540 2349 2577 rum
2373 2523 2414 2589 ‘,
2441 2538 2565 2577 nam
2593 2523 2719 2578 licet
2749 2522 2887 2576 alter
2915 2519 3107 2574 titulus
3128 2519 3265 2590 Περὶ
3302 2519 3601 2590 μοναρχίας
3622 2527 3815 2572 osten-

2228 2616 2358 2671 dere
2399 2615 2649 2670 videatur
2684 2612 2968 2669 Florinum
3005 2613 3116 2665 duo
3148 2610 3415 2681 principia
3453 2610 3728 2664 invexisse
3755 2620 3813 2664 et

2230 2705 2522 2761 Marcionis
2574 2720 2639 2760 ac
2674 2703 2943 2759 Cerdonis
3001 2701 3349 2771 dogmatibus
3384 2700 3706 2763 adhzesisse,
3748 2710 3813 2753 ut

2229 2799 2487 2855 observat
2514 2797 2871 2852 doctissimus
2900 2794 3184 2861 Valesius;
3211 2802 3389 2848 tamen
3418 2807 3543 2847 cum
3569 2791 3811 2845 lrenaaus

2232 2891 2347 2961 ipse
2372 2890 2622 2959 dogmata
2651 2888 2857 2949 Eloriui
2896 2897 3109 2942 asserat
3138 2887 3206 2941 ab
3228 2884 3500 2939 haireticis
3520 2899 3809 2953 nunquam

2229 2982 2401 3039 fuisse
2441 2981 2663 3047 tradita,
2708 2989 2762 3035 et
2805 2978 3075 3035 Eusebius
3105 2978 3291 3041 addat,
3342 2974 3549 3046 ταύτης
3581 2975 3690 3046 γάρ
3723 2991 3811 3027 τοι

2227 3075 2328 3147 τῆς
2359 3072 2605 3145 γνώμης,
2639 3066 2793 3136 οὗτος
2827 3070 2999 3124 ἐδόκει
3033 3068 3410 3142 προασπίζειν,
3447 3068 3660 3122 videtur
3694 3068 3810 3120 Ire-

2230 3182 2382 3220 natus
2412 3165 2479 3218 de
2516 3164 2608 3218 illa
2635 3178 2693 3218 re
2728 3170 2782 3216 ta
2827 3178 2942 3216 tum
2969 3161 3277 3232 disputasse
3322 3159 3586 3215 adversus
3626 3157 3812 3213 Flori-

546 3256 736 3311 chena:
796 3228 1116 3325 episcopum
1176 3228 1241 3311 et
1305 3256 1375 3311 ab
1443 3256 1710 3326 apostolis
1770 3258 2084 3314 ordinatum
2106 3300 2121 3325 ,
2151 3228 2195 3286 θ
2232 3271 2363 3311 num
2397 3274 2411 3311 :
2450 3275 2469 3308 ι
2498 3255 2603 3321 An,
2632 3254 2861 3317 scilicet,
2895 3228 3266 3308 Deus-auctor
3291 3262 3434 3307 esset
3462 3252 3755 3305 malorum.
3784 3269 3807 3302 ι

546 3346 764 3403 °tiamsi
807 3345 1069 3415 epistolas
1110 3346 1233 3417 ejus
1268 3346 1555 3417 ignorasse
1581 3357 1759 3417 putes.
1794 3349 1992 3415 Quaero
2020 3352 2124 3422 igi-

546 3447 637 3494 tur
678 3454 804 3494 cum
850 3437 1128 3495 Ecclesias
1173 3441 1511 3511 apostolicas
1538 3451 1833 3507 memorat,
1867 3440 1944 3495 De
1988 3458 2126 3511 pra:-

545 3533 832 3601 scriptione
864 3532 1250 3600 hereticorum,
1278 3549 1399 3605 cap.
1431 3534 1523 3602 32,
1555 3551 1656 3591 cur
1679 3533 1872 3606 lgnatii
1904 3544 1997 3588 aut
2019 3534 2125 3591 Ec-

544 3625 725 3680 clesiae
749 3625 1108 3682 Antiochena:
1131 3642 1241 3682 non
1266 3629 1553 3685 meminit?
1584 3628 1701 3684 Hoc
1723 3630 1899 3695 modo,
1925 3630 2122 3700 inquit,

546 3717 800 3773 Ecclesia
858 3719 1169 3788 apostolica:
1229 3736 1416 3775 census
1475 3739 1595 3776 suos
1651 3723 1933 3792 deferunt;
1990 3723 2126 3776 sicut

547 3808 949 3879 Smyrnazorum
974 3810 1217 3866 Ecclesia
1242 3811 1600 3883 Polyrarpum
1634 3814 1699 3868 ab
1722 3814 1930 3869 Joanne
1962 3813 2127 3868 collo-

542 3911 720 3954 catum
751 3904 931 3970 refert,
963 3904 1101 3955 sicut
1124 3901 1484 3957 Romanorum
1514 3902 1831 3959 Clementem
1875 3921 1909 3957 a
1960 3900 2126 3957 Petro

545 3990 853 4044 ordinatum
884 3992 1091 4047 itidem.
1115 3990 1332 4047 Nullam
1357 3994 1518 4048 aliam
1547 3993 1846 4049 Ecclesiam
1871 3994 2127 4064 apostoli-

545 4094 669 4133 cam
704 4081 1029 4136 nominavit.
1064 4081 1245 4147 Quid?
1280 4099 1461 4138 nonne
1490 4086 1646 4139 novit
1672 4083 1941 4156 lgnatium
1965 4083 2126 4155 Poly-

546 4185 714 4240 carpo
760 4171 933 4228 fuisse
971 4174 1284 4229 seniorem?
1315 4191 1497 4230 nonne
1536 4176 1875 4232 existimavit
1921 4175 1979 4231 S.
2023 4176 2126 4233 Pe-

546 4273 693 4317 trum
732 4261 903 4319 fuisse
940 4265 1246 4321 Antiochiae
1287 4267 1442 4335 prius
1471 4282 1637 4337 quam
1675 4266 1900 4323 Romae?
1945 4268 2126 4335 Quare

547 4356 712 4426 igitur
750 4355 1148 4411 Antiochenam
1189 4356 1490 4413 Ecclesiam
1526 4366 1581 4413 et
1630 4360 1952 4431 episc0pum
2003 4360 2125 4431 ejus

548 4448 815 4518 lgnatium
845 4465 951 4503 non
975 4451 1460 4506 commemoravit?
1492 4449 1699 4523 Nempe
1720 4456 1915 4508 inerter
1941 4463 1991 4508 et
2022 4454 2125 4523 ﬂa-

2228 3351 2298 3404 At
2316 3364 2481 3420 quam
2498 3349 2690 3415 multa,
2706 3361 2914 3418 quasso,
2936 3347 3003 3403 ad
3022 3347 3420 3417 blasphemiam
3454 3347 3506 3400 in
3538 3362 3600 3402 ea
3624 3362 3683 3401 re
3711 3363 3806 3402 re-

2228 3443 2561 3499 tundendam
2579 3449 2885 3512 opportuna
2908 3441 3150 3512 epistolae
3173 3440 3358 3511 lgnatii
3380 3440 3696 3495 continent?
3714 3450 3813 3495 aut

2227 3539 2273 3595 si
2312 3538 2680 3604 continerent,
2713 3538 2856 3591 unde
2881 3537 3067 3591 liceret
3092 3535 3344 3606 colligere
3387 3534 3685 3590 sententias
3739 3550 3811 3589 ex

2228 3632 2298 3688 iis
2327 3631 2395 3687 ad
2419 3628 2775 3685 refellendum
2804 3627 3080 3683 Florinum
3106 3641 3393 3697 excerpere
3412 3626 3653 3681 voluisse
3691 3625 3812 3680 Ire-

2226 3723 2438 3780 naeum?
2466 3721 2627 3777 Certe
2661 3722 2729 3776 ab
2758 3721 3009 3791 exemplo
3036 3719 3317 3790 Polycarpi
3356 3720 3460 3775 hoc
3499 3719 3650 3773 nullo
3684 3736 3812 3773 mo-

2225 3813 2296 3869 do
2337 3812 2605 3883 sequitur.
2639 3810 2822 3866 lnnuit
2866 3811 3088 3882 quidem
3128 3826 3255 3865 eum
3313 3811 3497 3881 plures
3541 3811 3812 3879 epistolas

2227 3906 2538 3977 scripsisse,
2588 3920 2657 3959 ne
2709 3921 2876 3959 uuam
2932 3920 3001 3961 ex
3056 3920 3244 3960 earum
3309 3906 3417 3959 ulla
3475 3904 3833 3960 Sententiaur

2227 3997 2469 4053 adducit.
2494 3998 2676 4067 Ipsum
2710 3997 2980 4064 nominat,
3008 3997 3101 4053 sed
3125 4013 3191 4052 eo
3222 3997 3342 4051 loco
3364 4012 3473 4067 quo
3500 3998 3812 4067 πεφεισμέ-

2224 4105 2352 4154 νως,
2384 4104 2542 4158 parce
2579 4104 2644 4143 ac
2682 4087 2863 4142 leviter
2894 4104 3019 4143 cum
3054 4086 3278 4143 Florino
3308 4088 3439 4159 agit,
3471 4104 3581 4157 quo
3612 4100 3810 4143 osten-

2225 4182 2307 4237 dit
2347 4181 2593 4236 seniores
2629 4181 2723 4251 qui
2757 4196 2883 4236 cum
2919 4182 3178 4252 apostolis
3223 4183 3421 4237 versati
3465 4193 3611 4247 sunt,
3664 4186 3807 4239 nihil

2224 4273 2335 4354 tale
2385 4288 2512 4328 eum
2564 4273 2837 4329 docuisse.
2888 4273 3091 4329 Eorum
3142 4275 3419 4345 aliquibus
3472 4275 3803 4331 familiarem

2225 4356 2398 4420 ftﬁssc
2443 4363 2725 4419 Florinum
2782 4373 3043 4434 noverat;
3100 4382 3268 4419 unum
3315 4383 3382 4419 ex
3440 4367 3507 4421 iis
3530 4370 3803 4433 nominat,

2226 4468 2423 4524 nempe
2449 4452 2842 4525 Polycarpum;
2894 4471 3130 4527 eumque
3167 4456 3438 4526 praecipue
3474 4458 3673 4529 scligit,
3728 4462 3808 4515 ob

547 4541 733 4610 gitiose
759 4539 885 4596 fecit
923 4559 938 4597 :
977 4550 1125 4596 certe
1173 4542 1441 4597 lrenzeum
1508 4542 1754 4601 imitatus
1801 4554 1857 4600 et
1902 4556 2123 4601 secutus
2152 4587 2198 4643 Ι)
2227 4547 2429 4603 multas
2476 4563 2615 4618 quas
2666 4548 2940 4619 signiﬁcat
2984 4549 3247 4603 rationes.
3297 4548 3503 4614 Primo,
3547 4562 3805 4621 respectu

546 4644 650 4690 est.
682 4633 952 4701 Quocirca
981 4635 1028 4689 si
1059 4635 1172 4705 jam
1200 4650 1437 4702 quaeras,
1477 4651 1649 4706 quare
1701 4637 1935 4694 lrenaeus
1962 4638 2119 4711 Poly-

545 4726 698 4796 carpi
721 4725 990 4792 meminit,
1014 4742 1121 4781 non
1139 4736 1323 4782 autem
1350 4727 1575 4796 Ignatii;
1602 4744 1769 4785 causa
1792 4729 1843 4783 iu
1868 4739 2119 4801 promptu

545 4827 669 4885 est;
702 4817 830 4889 quia
853 4818 1202 4873 traditionem
1231 4818 1404 4873 solius
1422 4818 1681 4875 Ecclesia:
1702 4819 1965 4878 Romanae
1995 4839 2122 4893 pro-

546 4920 824 4981 posuerat,
883 4911 951 4966 ad
981 4926 1147 4981 quam
1178 4911 1612 4968 conﬁrmandam
1650 4914 1914 4971 adversus
1949 4917 2121 4973 haere-

547 5006 703 5069 ticos,
728 5004 1029 5060 auctoritas
1053 5003 1339 5076 Polycarpi
1363 5007 1658 5077 plurimum
1684 5008 1937 5075 faciebat,
1962 5010 2120 5081 lgna-

546 5099 608 5154 tii
646 5098 804 5153 nihil.
857 5095 1011 5152 lianc
1040 5098 1311 5153 rationem
1348 5100 1463 5169 ipse
1487 5100 1714 5157 indicat.
1752 5099 1807 5155 Is
1837 5103 1998 5170 enim,
2036 5103 2120 5157 iu-

543 5188 688 5259 quit,
725 5196 824 5246 est.
850 5188 943 5257 qui
979 5188 1075 5241 sub
1108 5187 1326 5243 Aniceto
1354 5205 1475 5243 cum
1500 5191 1789 5247 advenisset
1822 5193 1875 5246 in
1906 5191 2115 5259 Urbem,

544 5280 739 5334 multos
765 5296 832 5334 ea:
861 5280 942 5333 his
965 5296 1092 5350 quos
1120 5281 1466 5349 prwdixtmus
1495 5283 1768 5338 hwreticos
1790 5286 2039 5340 convertit
2062 5286 2117 5340 in

547 5368 842 5425 Eccleiiam
863 5370 981 5437 Dei,
1004 5388 1164 5425 unam
1186 5383 1236 5426 et
1261 5376 1431 5429 solam
1460 5375 1596 5430 hanc
1619 5379 1893 5432 veritatem
1912 5396 2118 5433 annun-

545 5465 685 5517 tians
735 5463 800 5517 ab
835 5466 1088 5534 apostolis
1128 5467 1422 5536 percepisse
1469 5483 1543 5535 se,
1580 5484 1739 5539 quam
1788 5477 1838 5522 et
1878 5467 2117 5524 Ecclesia

544 5555 788 5609 tradidit.
822 5556 903 5611 Ad
939 5556 1367 5613 conﬁrmandam
1408 5558 1675 5616 Romanae
1713 5559 1968 5617 Ecclesia:
2002 5570 2117 5616 tra-

542 5649 805 5704 ditionem
832 5649 1052 5705 adducit
1091 5649 1473 5724 Polycarpum,
1514 5669 1676 5723 quem
1726 5653 1841 5723 ipse
1883 5655 2113 5721 viderat,

545 5741 690 5813 quod
737 5743 1078 5802 venerandus
1122 5744 1212 5801 ille
1258 5762 1426 5803 senex
1476 5745 1665 5804 Roma:
1706 5747 1939 5814 adesset,
1968 5748 2115 5818 quod

618 5861 640 5890 ³
656 5857 752 5926 Jaf;
807 5874 845 5921 ι,
875 5856 962 5913 l5.

2224 4638 2453 4705 Florini,
2484 4640 2576 4708 qui
2603 4637 2963 4710 Polycarpum
2994 4640 3262 4703 audierat,
3295 4640 3387 4696 sed
3411 4650 3466 4695 et
3488 4657 3612 4697 cum
3636 4659 3703 4696 eo
3724 4644 3806 4696 si-

2222 4730 2337 4784 mul
2372 4729 2624 4794 Ireuacus,
2657 4726 2796 4783 είδον
2830 4732 2939 4802 γάρ
2975 4748 3056 4795 σε,
3106 4731 3319 4801 inquit,
3355 4735 3483 4796 παῖς
3515 4733 3592 4785 ὢν
3623 4735 3704 4786 ἐτι
3740 4736 3807 4788 ὲν

2221 4824 2288 4893 τῇ
2322 4822 2473 4875 κάτω
2504 4822 2659 4893 Ἀσίᾳ
2691 4820 2842 4893 παρὰ
2866 4820 2943 4892 τῷ
2968 4822 3310 4894 Πολυκὰρπῳ
3331 4822 3598 4896 λαμπρῶς
3622 4826 3806 4895 πράτ-

2220 4932 2381 4968 τοντα
2412 4916 2470 4968 ὲν
2503 4918 2570 4986 τῇ
2607 4913 2857 4985 βασιλικῇ
2892 4914 3051 4987 αὐλῇ,
3089 4915 3181 4969 καὶ
3216 4914 3555 4987 πειρώμενον
3588 4916 3806 4970 εὐδοκι-

2223 5008 2347 5076 μεῖν
2391 5008 2521 5078 παρ’
2557 5004 2726 5075 αὐτῷ.
2784 5004 2905 5059 Vidi
2929 5006 3069 5059 enim
3108 5015 3155 5058 te
3195 5021 3310 5058 cum
3350 5004 3524 5058 adhuc
3552 5021 3683 5075 puer
3714 5023 3802 5060 es-

2219 5114 2328 5151 sem
2373 5098 2428 5151 in
2475 5096 2718 5167 inferiori
2764 5098 2891 5150 Asia
2929 5096 3070 5166 apud
3101 5095 3478 5166 Polycarpum,
3524 5096 3806 5166 splendide

2219 5199 2457 5260 agentem
2491 5191 2545 5241 in
2569 5188 2795 5259 palatio,
2840 5199 2889 5242 et
2930 5204 3239 5259 magnopere
3270 5187 3598 5242 laborantem
3650 5200 3709 5241 ut
3746 5203 3807 5244 te

2217 5284 2301 5338 illi
2324 5282 2660 5352 approbares.
2694 5281 2971 5346 Secundo,
3008 5288 3255 5351 respectu
3281 5281 3367 5335 sui
3399 5280 3594 5350 ipsius,
3628 5296 3801 5351 quem

2218 5387 2476 5444 tanquam
2511 5376 2778 5445 optimum
2812 5374 3000 5444 ejusce
3026 5375 3103 5429 rei
3136 5382 3327 5430 testem
3351 5373 3612 5445 depingit,
3644 5377 3802 5444 quod

2218 5484 2339 5539 qua:
2362 5478 2491 5523 tunc
2521 5466 2728 5522 audivit
2756 5482 2787 5521 a
2809 5464 3133 5537 Polycarpo,
3157 5466 3368 5520 ﬁrmius
3398 5468 3676 5520 memoria:
3706 5466 3803 5518 ad-

2217 5559 2503 5627 haererent,
2539 5575 2703 5629 quam
2738 5572 2860 5628 quae
2892 5573 3065 5628 nuper
3100 5557 3433 5613 acciderant.
3476 5554 3663 5611 Ταῦτα
3701 5557 3799 5609 καὶ

2216 5651 2337 5707 τότε
2390 5651 2694 5716 σπουδαίως
2743 5651 2937 5721 ἤκουον
2988 5648 3567 5722 ὑπομνηματιζόμενος
3599 5648 3703 5701 οὐκ
3738 5651 3796 5704 ἐν

2218 5745 2391 5817 κάρτη
2414 5745 2527 5801 ἀλλ’
2562 5747 2619 5800 ἒν
2651 5746 2717 5816 τῇ
2751 5744 2858 5817 ἐμῇ
2892 5744 3112 5817 καρδίᾳ,
3156 5746 3249 5799 καὶ
3281 5744 3370 5800 ἀεὶ
3401 5744 3539 5799 αὐτὰ
3573 5744 3789 5814 ἀναμη-
