4078 6394
193 449 325 498 “5‘9

1005 451 1056 506 εἰ.
1101 451 1466 506 PEARSONII
1509 450 1831 505 VINDICIIE
1875 450 2297 506 lCNATIAN/‘E.
2341 484 2410 493 —-
2443 453 2623 508 PARS
2657 455 2700 509 1.

3421 455 3523 506 1ῗῦ

188 561 497 633 paulum.
545 562 674 617 Harp
701 581 798 633 ego
825 577 952 620 tunc
985 571 1276 622 studiosius
1308 570 1612 634 audiebam,
1646 571 1829 623 nonin
1859 573 1905 629 A
1936 568 2206 639 lgnatium
2237 570 2396 623 annis
2437 571 2490 624 in
2529 571 2704 625 lucem
2748 571 3019 627 emisisse.
3057 572 3346 638 Quomodo
3373 579 3520 633 enim

187 654 427 718 charta,
466 656 560 706 sed
596 655 651 706 in
690 657 851 709 corde
890 674 1002 710 meo
1039 658 1228 711 audita
1263 659 1582 722 describens,
1612 661 1826 714 eadem-

188 761 308 814 que
333 745 481 812 apud
513 763 595 798 me
629 759 810 814 repeto
837 759 888 801 et
920 751 1144 804 revolvo.
1187 750 1391 816 Tertio,
1423 753 1634 806 ratione
1666 769 1829 821 argu-

193 838 384 890 menti
411 838 564 906 quod
591 838 968 895 fortissimum
1006 842 1236 911 putavit.
1267 843 1491 897 Audivit
1517 844 1662 897 enim
1699 854 1830 899 tunc

189 928 609 1000 Pnlycarpum,
640 947 767 1001 quae
799 933 878 986 illi
913 931 1094 989 fuerat
1118 951 1241 991 cum
1268 935 1326 990 S.
1365 935 1580 991 Joanne
1617 947 1667 992 et
1699 940 1828 993 reli-

185 1024 333 1088 quis
385 1025 481 1092 qui
542 1023 842 1079 Dominum
871 1026 1124 1082 viderant
1155 1031 1520 1091 consuetudo,
1571 1046 1824 1100 quaenam

185 1114 266 1168 ab
322 1116 445 1170 illis
496 1117 566 1170 de
607 1119 836 1174 Christo
867 1123 1039 1174 relata
1074 1135 1414 1192 perceperat,
1447 1133 1501 1178 et
1528 1141 1692 1194 quam
1732 1127 1824 1180 illa

185 1208 424 1270 omnia,
461 1227 591 1279 qua:
624 1213 696 1265 ab
731 1213 798 1266 iis
836 1214 930 1269 qui
964 1214 1205 1268 Verbum
1246 1217 1370 1270 vitae
1395 1230 1818 1286 conspexerant,

185 1297 301 1353 SS.
353 1302 678 1372 Scripturis
714 1305 1120 1373 consentirent,
1153 1307 1444 1378 diligenter
1488 1311 1818 1367 observavit.

179 1392 362 1458 Quod
402 1404 493 1447 est
530 1395 876 1464 ipsissimum
916 1410 1300 1469 argumentum
1344 1388 1456 1470 quo
1503 1402 1664 1456 toties
1705 1403 1821 1457 Ire—-

183 1499 357 1537 κῖκυς
386 1486 480 1538 vel
505 1487 576 1539 ad
623 1487 915 1544 haereticos
943 1489 1292 1556 refellendos,
1329 1494 1412 1547 vel
1435 1494 1502 1548 ad
1535 1510 1665 1549 suas
1694 1510 1820 1549 sen-

183 1577 409 1631 tentias
448 1582 873 1638 contirmandas
904 1585 1096 1640 utitur.
1141 1585 1284 1640 Nihil
1307 1599 1491 1643 autem
1526 1589 1720 1644 horum
1751 1592 1820 1645 de

183 1672 418 1742 (gnatio
470 1675 661 1731 dicere
716 1679 933 1746 potuit;
976 1696 1100 1735 cum
1145 1697 1210 1734 eo
1254 1698 1537 1751 nunquam
1569 1694 1818 1741 versatus

179 1777 269 1820 est
297 1766 620 1833 Flnrinus;
652 1783 763 1822 non
793 1769 931 1824 vidit
955 1786 1078 1824 eum
1103 1770 1370 1838 lrenaeus;
1399 1790 1681 1844 nunquam
1705 1776 1816 1831 dis-

178 1871 486 1914 serentem
530 1861 602 1915 de
633 1861 902 1930 apostolis
941 1871 1037 1916 aut
1071 1863 1352 1933 discipulis
1398 1863 1612 1920 Domini
1658 1867 1818 1922 audi-

179 1954 289 2012 \‘it,
311 1963 420 2006 aut
456 1954 512 2005 in
551 1954 807 2022 epistolis
843 1955 996 2026 legit.
1030 1954 1294 2012 Rationes
1321 1958 1486 2027 igitur
1515 1961 1649 2015 satis
1676 1963 1819 2016 mul-

177 2055 268 2098 tas
311 2045 527 2099 habuit
564 2045 831 2108 lrenaeus,
866 2063 966 2101 cur
995 2047 1357 2120 l'olycarpum
1400 2067 1502 2107 suo
1537 2068 1688 2107 more
1720 2069 1818 2124 po—

179 2153 301 2191 ιιιιε
338 2155 524 2208 quam
567 2138 842 2210 lgnatium
880 2141 1148 2198 adversus
1178 2141 1386 2198 Florini
1417 2145 1815 2216 blasphemiam

179 2243 389 2286 testem
427 2233 766 2288 adduceret.

253 2324 553 2388 Quocirca
599 2338 728 2379 cum
763 2325 1112 2380 notissimam
1157 2326 1215 2383 S.
1251 2327 1446 2398 lguatii
1480 2332 1812 2388 sententiam

183 2414 441 2471 Irenazus
481 2417 768 2481 citaverit,
803 2434 970 2485 quam
999 2419 1053 2472 in
1084 2419 1311 2489 cpistola
1338 2423 1585 2491 ejusdem
1611 2424 1678 2479 ad
1706 2423 1815 2479 Ro-

188 2523 390 2560 manos
442 2507 687 2562 totidem
731 2510 915 2565 verbis
963 2512 1225 2580 scriptam
1274 2516 1638 2583 reperimus:
1685 2534 1811 2573 cum

187 2597 479 2656 Eusebius
507 2600 786 2655 lrena-um
817 2619 938 2656 eam
965 2619 1030 2658 ex
1059 2606 1248 2661 eadem
1289 2609 1522 2676 cpistola
1562 2611 1813 2668 hausisse

183 2703 445 2761 asserat,
502 2695 722 2765 aliique
773 2706 902 2765 post
949 2713 1074 2752 eum
1135 2699 1276 2754 idem
1325 2702 1639 2759 allirmcnt:
1681 2722 1808 2761 cum

184 2785 336 2840 nulla
372 2789 628 2841 ontnino
659 2789 743 2843 vis
773 2790 827 2842 iu
869 2790 958 2844 illa
1014 2792 1366 2849 distinctione
1413 2796 1555 2850 inter
1585 2799 1726 2852 dixit
1757 2809 1809 2853 et

184 2881 404 2950 scripsit
437 2891 752 2951 appareat:
782 2897 907 2936 cum
937 2885 1089 2939 nulla
1126 2883 1318 2956 lgnatii
1344 2891 1808 2963 apopbthegmata

185 2971 238 3022 in
261 2971 702 3040 antiquissimis
727 2973 1116 3040 scriptoribus,
1143 2984 1238 3028 aut
1257 2977 1409 3030 Actis
1437 2979 1804 3046 reperiantur,

187 3058 239 3110 in
273 3059 710 3128 posterioribus
766 3072 952 3115 autem
1007 3078 1132 3132 qua:
1175 3076 1426 3132 exstant,
1455 3084 1522 3122 ex
1559 3070 1807 3139 epistolis

182 3151 506 3206 certissime
539 3151 840 3224 desumpta
875 3153 983 3209 sint
1018 3172 1032 3207 :
1069 3171 1194 3211 cum
1216 3159 1454 3228 denique
1489 3162 1636 3216 nulla
1665 3164 1807 3218 ratio

1940 660 2044 714 hoc
2079 661 2196 714 fieri
2229 661 2426 729 potuit,
2471 662 2516 714 si
2546 661 2650 715 HO
2680 664 2842 717 annis
2877 675 3000 732 post
3029 667 3282 719 ultimum
3311 679 3520 735 marty-

1935 751 2013 803 ris
2039 759 2314 804 certamcn
2348 753 2569 806 easdem
2598 753 2860 820 epistolas
2894 755 3049 818 vidit,
3080 756 3230 824 legit.
3273 758 3519 826 duasque

1933 855 1998 892 ex
2033 840 2100 894 iis
2135 844 2437 896 sententias
2469 842 2761 911 exscripsit
2791 841 3089 912 Origenes?
3120 847 3202 898 An
3236 847 3398 901 annis
3428 848 3518 910 60,

1931 941 2228 1002 antequam
2256 933 2415 988 editae
2453 943 2620 999 sunt,
2652 951 2749 990 eas
2781 936 3010 991 laudare
3035 939 3214 1006 potuit
3235 940 3517 994 Adaman-

1931 1024 2085 1078 tius?
2116 1023 2231 1079 lloc
2258 1042 2427 1080 unum
2454 1028 2832 1082 testimonium
2859 1029 3122 1098 quidquid
3151 1031 3204 1082 in
3228 1032 3332 1086 hoc
3353 1049 3516 1102 opere

1929 1117 2212 1185 proprium
2251 1117 2453 1172 Dallteo
2484 1129 2569 1174 est
2592 1120 2791 1175 refellit
2823 1123 3180 1193 ctexpungit.
3213 1122 3515 1181 Salmasius

1929 1217 1983 1262 et
2029 1210 2348 1264 Albertinus
2381 1212 2476 1266 diu
2531 1224 2657 1268 ante
2685 1210 2977 1286 Origenem
3021 1229 3208 1271 natum
3252 1219 3516 1287 epistolas

1927 1303 2031 1357 sub
2068 1302 2268 1374 lgnatii
2316 1307 2537 1359 nomine
2582 1307 2816 1377 scriptas
2867 1306 3140 1375 fatentur;
3199 1311 3514 1369 Blondellus

1926 1405 2218 1466 antequam
2260 1396 2524 1470 Origenes
2559 1401 2842 1456 scriberet.
2881 1400 3044 1458 Solus
3082 1403 3316 1459 Dallteus
3341 1447 3355 1471 ,
3403 1408 3512 1462 nist

1927 1486 2070 1543 forte
2105 1489 2390 1547 addcndus
2421 1492 2470 1546 ei
2502 1492 2576 1546 sit
2615 1491 2942 1559 Bochartus,
2970 1494 3061 1548 ditt
3105 1508 3229 1565 post
3254 1495 3512 1568 Origenis

1925 1590 2158 1635 n'tortem
2211 1598 2406 1638 omnes
2450 1584 2684 1654 scriptas
2737 1585 3003 1655 aﬂirmat;
3029 1598 3084 1642 et
3115 1605 3182 1642 ex
3223 1593 3508 1661 sexaginta

1923 1689 2015 1728 sex
2077 1676 2421 1745 argumentis
2473 1678 2712 1746 plurima
2763 1680 2830 1734 ad
2866 1680 3008 1734 hanc
3067 1682 3334 1750 epochatn
3392 1682 3507 1738 for-

1924 1766 2132 1832 mavit,
2187 1784 2310 1837 quae
2358 1769 2463 1824 hoc
2513 1764 2634 1825 Solo
2685 1772 3000 1827 testimonio
3054 1774 3271 1830 tirmato
3325 1777 3512 1831 conci-

1919 1857 2077 1913 dunL

1996 1951 2248 2007 Secunda
2285 1952 2467 2008 Daliaei
2493 1953 2786 2011 falsissima
2820 1959 3053 2014 assertio
3086 1969 3188 2026 est,
3220 1959 3509 2017 Eusebium

1921 2062 2034 2099 esse
2074 2046 2246 2099 omnis
2285 2048 2350 2100 de
2389 2045 2692 2117 lgnatianis
2736 2051 2933 2104 erroris
2977 2053 3210 2122 fontem;
3251 2059 3344 2126 qui
3387 2059 3508 2112 hinc

1920 2139 2092 2206 primo
2138 2150 2388 2204 exortus,
2434 2139 2696 2195 latissime
2736 2154 2918 2211 postea
2955 2146 3191 2214 effusus,
3233 2149 3509 2220 insequen-

1921 2233 2053 2284 tium
2078 2231 2395 2286 saeculorum
2430 2249 2559 2302 pene
2592 2251 2770 2288 omnes
2801 2234 3096 2292 Christiani
3127 2242 3356 2294 nominis
3385 2258 3511 2296 eru-

1919 2325 2059 2378 ditos
2081 2328 2336 2395 pervasit.
2365 2325 2484 2380 Non
2528 2325 2731 2382 frustra
2775 2329 2941 2400 igitur
2970 2329 3258 2401 Origenem
3283 2334 3508 2390 adduci-

1920 2434 2065 2483 mus,
2098 2419 2191 2487 qui
2222 2427 2330 2472 tam
2365 2420 2686 2483 immanem,
2719 2437 2784 2476 ac
2807 2425 2974 2478 tantis
3004 2424 3138 2480 viris
3175 2426 3505 2495 ignominio-

1919 2529 2042 2567 sum
2076 2529 2321 2568 errorem
2371 2515 2620 2568 funditus
2665 2516 2868 2569 evellit.
2919 2518 3000 2570 An
3038 2518 3184 2573 enim
3232 2518 3505 2576 Eusebius

1918 2606 2158 2674 primum
2193 2607 2381 2675 lapsus
2409 2615 2514 2671 est,
2549 2607 2642 2675 qui
2674 2605 2963 2678 Origenem
3006 2619 3092 2664 est
3132 2612 3504 2666 secutus?An

1916 2699 2007 2753 iile
2047 2698 2218 2754 fetum
2266 2715 2442 2770 nuper
2496 2709 2686 2754 natum
2731 2710 2787 2754 et
2829 2702 3200 2758 adulterinum
3251 2707 3502 2776 excepit.

1914 2805 2075 2858 quem
2103 2786 2367 2859 Origenes
2401 2798 2510 2843 tam
2535 2790 2629 2843 diu
2657 2799 2785 2845 ante
2809 2790 2966 2858 fovit,
2998 2794 3357 2850 exosculatus
3385 2798 3506 2851 est?

1911 2880 1994 2933 An
2023 2880 2206 2934 eteteri
2247 2878 2439 2934 Patres
2479 2879 2778 2935 Eusebium
2812 2881 3192 2948 ἀϐασανίστως
3225 2897 3501 2942 errantem

1913 2973 2086 3026 secuti
2117 2981 2270 3037 sunt,
2297 2973 2392 3041 qui
2431 2988 2557 3026 eum
2593 2973 2774 3040 primo
2803 2991 2912 3029 non
2942 2993 3164 3032 errasse
3191 2981 3504 3036 certissime

1912 3063 2181 3129 sciebant,
2211 3073 2397 3132 utpote
2431 3065 2524 3133 qui
2556 3063 2846 3135 Origenem
2868 3075 3133 3133 perpetuo
3161 3066 3504 3122 lectitarent?

1913 3152 1971 3206 Si
1999 3154 2319 3224 scripsisset
2342 3153 2610 3224 Origenes
2635 3156 2894 3212 homilias
2919 3157 3044 3212 illas
3070 3157 3174 3212 MO
3195 3159 3355 3216 anuis
3379 3169 3505 3229 post

186 3241 461 3300 baetenus
490 3245 814 3315 excogitata
843 3247 1080 3317 sibque}
1101 3249 1346 3320 reliquas
1371 3250 1564 3321 lgnatii
1595 3254 1804 3322 cpisto-
1832 3269 1875 3325 ο
1911 3247 2108 3317 lgnatii
2139 3258 2397 3315 mortem,
2433 3249 2548 3304 haec
2572 3264 2680 3303 non
2713 3246 3048 3313 frustrauee,
3073 3251 3166 3305 sed
3194 3262 3503 3322 opportune

185 3335 265 3389 hs
302 3337 610 3407 ignorasse
644 3337 913 3394 lrcnmum
963 3341 1124 3396 nobis
1155 3345 1516 3411 persuadeat;
1563 3346 1806 3402 rationes

187 3439 367 3484 autem
411 3433 616 3485 multa:
651 3442 971 3502 suppetant,
1011 3451 1134 3504 quae
1165 3437 1326 3492 nobis
1366 3437 1529 3492 fidem
1559 3437 1802 3503 faciant,

187 3521 392 3575 nullam
427 3521 654 3576 Ire-nmo
687 3522 959 3592 lgnatium
1005 3527 1209 3580 citandi
1243 3527 1590 3582 occasionem
1626 3529 1694 3584 iis
1724 3529 1804 3584 lo-

186 3630 267 3668 τις
295 3616 554 3668 oblatam
602 3615 802 3680 fuisse,
831 3617 1034 3686 quibus
1055 3618 1356 3673 adversarii
1384 3623 1593 3689 justam
1623 3631 1676 3676 et
1704 3638 1801 3676 ne-

186 3708 499 3764 cessariam
547 3719 828 3779 crepant;
865 3711 1137 3766 concludo
1179 3713 1430 3782 [rit-olunt
1473 3725 1521 3768 ct
1568 3717 1802 3784 ineptum

187 3816 314 3863 esse,
355 3801 650 3856 Irenaeum
692 3801 912 3856 aliunde
939 3821 1103 3874 quam
1130 3819 1194 3858 ea:
1227 3815 1418 3860 nostra
1454 3805 1652 3877 lgnatii
1685 3809 1792 3875 cpi-

191 3892 319 3946 stola
370 3895 451 3947 ad
516 3893 793 3947 Romanos
835 3898 1152 3950 sententiam
1187 3899 1475 3967 sumpsisse
1509 3898 1800 3964 hariolari,

194 3984 437 4056 adeoque
525 3986 910 4041 testimonium
984 3986 1172 4044 lrenmi
1231 3992 1298 4044 ad
1365 3990 1800 4045 confirmandam

196 4079 620 4145 Ignatianorum
659 4077 1046 4133 auctoritatem
1076 4095 1106 4134 a
1137 4079 1344 4136 nostris
1374 4090 1521 4137 recte
1548 4093 1602 4137 et
1633 4097 1802 4152 appo-

198 4171 286 4224 site
315 4171 539 4226 alerri.

808 4280 1040 4341 CAPUT
1097 4284 1202 4340 V'll.

201 4392 533 4468 Testimonia
596 4397 847 4468 Origcnis
895 4400 960 4452 ab
1004 4399 1385 4467 objectionibus
1435 4400 1795 4453 vindicantur.

262 4465 298 4519 l.
343 4465 718 4521 Frustraneir
754 4487 856 4522 non
889 4481 1033 4535 sunt,
1066 4465 1206 4540 quod
1249 4487 1453 4524 errores
1494 4469 1690 4524 Dallwi
1735 4472 1800 4524 de

259 4551 414 4593 etate
468 4541 790 4606 impostoris
839 4543 959 4601 sui.
1006 4552 1053 4595 et
1107 4541 1528 4594 hallucinatione
1581 4541 1799 4594 Eusebii

1911 3343 2047 3396 satis
2096 3340 2163 3396 ad
2210 3339 2515 3398 Dallaeanas
2562 3343 2806 3398 rationes
2835 3345 3164 3401 evertendas
3207 3348 3498 3404 observata

1910 3443 2432 3595 essgBtTdLrespondeo
2476 3488 2754 3594 secundo,
2803 3523 3058 3596 Origenis
3092 3526 3346 3581 bomilias
3385 3540 3496 3579 non

1910 3625 2021 3670 tam
2047 3631 2190 3682 sero,
2223 3633 2332 3672 non
2363 3619 2582 3672 demum
2610 3618 2712 3672 MO
2737 3618 2898 3673 annis
2921 3626 3044 3687 post
3067 3617 3321 3672 ult-imum
3352 3632 3502 3690 mar-

1910 3711 2048 3781 tyris
2072 3720 2370 3771 certamen.
2403 3711 2496 3764 sed
2545 3711 2636 3764 diu
2673 3722 2800 3766 ante
2841 3712 3076 3779 scriptas
3111 3708 3307 3764 fuisse.
3343 3708 3502 3767 Men-

1910 3795 1986 3848 tio
2031 3795 2280 3864 epistola:
2315 3794 2615 3864 lgnatianaa
2656 3795 3020 3852 disertissima
3055 3808 3235 3854 exstat
3258 3801 3500 3857 bomiliis

1905 3887 2028 3953 ejus
2047 3889 2100 3941 in
2129 3887 2186 3941 S.
2215 3885 2442 3944 Lucam.
2463 3886 2730 3944 llomilias
2749 3889 2870 3945 illas
2887 3890 3390 3964 scripsitOrigeues
3404 3894 3498 3964 ju-

1904 3979 2061 4034 venis
2084 3982 2284 4045 adbuc,
2309 3992 2358 4036 et
2377 3991 2505 4036 ante
2538 3992 2754 4037 aetatem
2785 3984 3018 4038 virilem.
3052 3983 3231 4041 Testis
3257 3988 3499 4056 locuple—

1907 4074 2156 4130 tissimus
2176 4073 2232 4129 S.
2255 4073 2645 4141 Hieronymus,
2663 4075 2980 4132 A-damantii
3005 4080 3264 4137 assiduus
3297 4081 3494 4142 lector.

1905 4175 1959 4218 et
1981 4181 2106 4221 cum
2128 4165 2230 4221 ista
2249 4167 2536 4233 scriberet,
2568 4169 2890 4224 admirator.
2913 4169 2990 4225 lta
3008 4172 3153 4226 enim
3183 4173 3340 4228 illeiu
3360 4190 3500 4244 prm-

1907 4258 2112 4313 fatione
2140 4260 2206 4313 ad
2247 4260 2557 4315 versionem
2597 4277 2756 4316 suam
2795 4280 2808 4316 ;
2840 4259 3042 4316 Fateor
3085 4266 3264 4335 itaque
3313 4267 3368 4321 in
3417 4268 3496 4321 Itis

1909 4347 2188 4419 Origenem
2210 4351 2526 4404 tractatibus
2549 4354 2706 4421 quasi
2728 4370 2948 4422 puerum
2972 4355 3098 4408 talis
3121 4357 3302 4411 ludere
3325 4372 3342 4410 :
3383 4359 3496 4412 alia

1904 4449 2023 4491 sunt
2068 4438 2248 4492 virilia
2283 4440 2399 4509 ejus
2426 4481 2442 4506 ,
2491 4449 2541 4493 et
2575 4444 2858 4497 senectutis
2909 4446 3070 4499 seria.
3110 4444 3298 4516 Neque
3329 4448 3496 4518 igitur

1906 4545 2094 4602 senex,
2129 4548 2305 4602 neque
2337 4549 2463 4588 cum
2481 4536 2655 4590 virilis
2671 4546 2819 4591 esset
2842 4540 3040 4604 aetatis,
3061 4538 3319 4596 homilias
3344 4542 3396 4595 in
3434 4541 3492 4596 S.

266 4610 524 4676 refellant
549 4625 672 4700 _ac
697 4623 949 4679 pra'terra
1003 4613 1555 4700 quod".‘t'rgumentum
1601 4612 1799 4700 ’τειραιὶ-

1914 4621 2110 4678 Lucam
2131 4627 2352 4695 scripsit
2369 4626 2655 4698 Origenes,
2677 4631 2770 4683 sed
2790 4631 2973 4686 adhuc
2993 4633 3335 4688 adolescens.
3355 4633 3493 4688 Cum

263 4695 375 4731 rum
429 4681 688 4749 funditus
729 4693 990 4736 evertunt.
1017 4681 1090 4735 ill.
1119 4681 1285 4734 Falsa
1321 4699 1425 4736 non
1455 4691 1598 4735 sunt.
1651 4681 1797 4751 Opus

265 4751 314 4822 in
354 4752 662 4804 Canticum
704 4757 1037 4806 canticorum
1067 4763 1143 4806 est
1169 4754 1338 4820 ipsius
1373 4753 1652 4822 Origenis,
1695 4769 1797 4806 non

264 4820 447 4874 Latini
476 4823 750 4893 auctoris,
781 4825 870 4876 scd
899 4825 1224 4892 interpretis,
1250 4833 1297 4876 et
1327 4820 1535 4893 quidem
1567 4823 1794 4893 Ruf/ini.

271 4893 533 4946 licinilia'
550 4895 606 4944 in
628 4891 686 4946 S.
710 4892 910 4946 Lucam
929 4891 1052 4946 sunt
1073 4895 1236 4962 ipsius
1260 4891 1504 4964 Origenis
1521 4935 1534 4956 ,
1573 4891 1797 4946 nonLa-

263 4966 352 5015 tim
378 4965 633 5017 auctoris
662 4965 753 5017 sed
781 4966 1108 5034 interpretis,
1139 4974 1186 5018 et
1216 4965 1428 5038 quidem
1458 4964 1796 5036 Hieronymi.

261 5093 520 5152 ’lertiuin
564 5114 595 5151 a
645 5098 805 5153 nobis
833 5113 898 5152 ex
933 5097 1175 5167 Origene
1208 5099 1503 5153 deductum
1535 5105 1620 5153 est
1646 5097 1801 5152 testi-

205 5190 475 5244 monium.
516 5190 635 5245 Hoc
669 5192 850 5260 primo
874 5191 957 5244 vir
983 5190 1340 5246 doctissimus
1368 5190 1500 5246 dicit
1531 5205 1653 5246 esse
1679 5190 1801 5244 fru-

210 5290 489 5337 straneum
521 5323 537 5344 ,
581 5284 828 5337 secundo
877 5283 1100 5336 falsum.
1140 5281 1390 5348 Frustra,
1427 5283 1626 5352 inquit,
1671 5281 1801 5336 Ori-

213 5377 345 5441 gcnis
401 5377 660 5429 homilias
725 5377 882 5428 annis
946 5377 1159 5429 circiter
1213 5373 1317 5428 140
1379 5384 1496 5444 post
1549 5374 1800 5427 ultimum

213 5469 456 5537 martyris
491 5481 762 5522 certamen
783 5470 1016 5537 scriptas
1040 5469 1288 5522 recitant.
1327 5467 1515 5520 Serum
1539 5469 1677 5520 enim
1701 5468 1798 5520 hoc

213 5566 253 5608 et
276 5559 428 5613 inane
447 5559 863 5631 lgnatianorum
887 5561 1222 5630 prtcsidium.
1253 5559 1584 5628 Respondeo
1619 5559 1800 5627 primo

215 5648 306 5702 hoc
324 5653 700 5708 testimonium
720 5671 834 5708 non
853 5670 978 5708 esse
997 5655 1154 5707 i'rusti
1171 5667 1396 5715 ancunt;
1415 5650 1544 5719 quia
1561 5651 1671 5704 duo
1689 5651 1798 5704 im-

221 5753 392 5799 manes
414 5744 599 5801 Dallaai
625 5762 848 5802 errores
874 5747 958 5801 vel
979 5747 1082 5800 hoc
1114 5760 1224 5800 uno
1247 5751 1594 5816 argumento,
1623 5745 1666 5798 si
1692 5745 1798 5800 alia

219 5824 468 5901 deessent,
497 5835 810 5891 manifesta:
830 5837 1090 5891 falsitatis
1114 5836 1552 5890 revincerenlur.
1575 5833 1797 5891 Primus

227 5929 316 5990 est,
337 5924 685 5997 impostorcm
715 5928 818 5982 has
842 5929 1105 5998 epistolas
1134 5927 1352 5987 nonnisi
1381 5926 1638 5985 ducentis
1667 5938 1792 6001 post

531 6025 815 6084 l’nttOL.
873 6024 986 6082 (in.
1046 6019 1116 6083 ν.

1907 4726 2090 4771 autem
2123 4718 2395 4774 decimum
2422 4731 2677 4774 octavum
2719 4738 2928 4776 annum
2972 4733 3198 4793 ageret,
3243 4727 3496 4780 catechc-

1905 4810 2025 4864 lica:
2064 4810 2266 4865 scholae
2292 4811 2584 4882 pricfeetus
2606 4823 2692 4868 est
2723 4814 3093 4870 Alexandriae.
3133 4814 3250 4871 Hoc
3292 4817 3496 4872 diserte

1903 4905 2070 4960 tradit
2124 4904 2394 4960 Eusebius
2433 4923 2448 4961 :
2494 4907 2655 4970 Ἔτος
2690 4906 2748 4961 δὲ
2801 4903 2937 4978 ἦγεν
2985 4907 3492 4973 ὀκτωκαιδέκατον,

1904 5000 2027 5054 καθ’
2060 5000 2088 5053 ὃ
2114 5001 2212 5072 τῆς
2245 5001 2604 5072 κατηχήσεως
2640 5001 2882 5072 προέστη
2919 5001 3315 5066 διδασκαλείου,
3347 5002 3490 5057 Hist.

1905 5092 1998 5146 lib.
2033 5109 2112 5156 v1,
2137 5109 2188 5147 c.
2219 5094 2283 5157 5,
2315 5109 2399 5146 cu.
2438 5094 2774 5163 suffragatur
2823 5092 2882 5148 S.
2934 5092 3317 5164 Hieronymus.
3366 5093 3496 5149 Erat

1904 5186 1995 5241 hic
2027 5202 2208 5242 annos
2243 5186 2432 5243 Severi
2469 5187 2830 5252 undecimus;
2862 5186 3076 5242 decimo
3107 5186 3256 5240 enim
3305 5185 3494 5242 Severi

1904 5283 2168 5355 Origenes
2200 5283 2475 5337 decimum
2519 5284 2811 5352 septimum
2863 5281 3043 5336 astatis
3087 5297 3293 5336 annum
3341 5283 3490 5351 egit,

1904 5378 2137 5431 testibus
2181 5375 2418 5431 Eusebio
2447 5385 2500 5428 et
2530 5374 2884 5443 l-lieronymo.
2928 5373 3145 5443 Septem
3176 5373 3288 5428 fere
3317 5390 3494 5430 annos

1906 5470 1958 5522 in
1993 5471 2226 5538 imperio
2251 5477 2441 5537 postea
2469 5469 2670 5522 mansit
2697 5467 2952 5522 Severus.
2993 5466 3107 5521 Sub
3135 5468 3296 5522 initio
3325 5469 3492 5538 igitur

1903 5562 2200 5617 Caracallaa
2229 5559 2521 5629 Origenem
2547 5560 2727 5614 adhuc
2755 5575 3010 5627 puerum,
3047 5575 3141 5614 seu
3171 5559 3494 5615 adolescen-

1906 5663 2036 5719 tem,
2068 5653 2358 5721 scripsisse
2388 5651 2644 5704 bomilias
2676 5651 2727 5703 in
2763 5651 2822 5704 S.
2859 5650 3066 5706 Lucam
3105 5667 3201 5721 par
3235 5661 3320 5708 est
3360 5667 3488 5707 cre-

1903 5745 2052 5800 dere.
2099 5743 2220 5798 Jam
2268 5757 2398 5798 vero
2440 5759 2470 5797 a
2515 5742 2728 5797 decimo
2761 5742 3018 5813 'l‘rajani,
3064 5759 3176 5813 quo
3226 5745 3490 5814 epistolas

1903 5837 2194 5907 scripsisse
2218 5835 2463 5906 lg-natius
2479 5835 2818 5904 perhibetur.
2838 5835 2904 5888 ad
2928 5834 3144 5889 initium
3170 5834 3489 5898 Caracallae,

1903 5928 1992 5983 vix
2042 5929 2171 5982 anni
2222 5936 2352 5983 sunt
2397 5925 2519 5983 105.
2573 5927 2719 5982 lutta
2772 5929 2936 5998 igitur
2976 5935 3052 5981 tot
3083 5941 3261 5981 annos
3297 5924 3488 5997 lgnatii

1887 6057 1910 6068 -
3128 6024 3165 6080 li
