4078 6430
585 428 678 484 l7l

581 642 863 714 Origenes.
899 640 1054 708 Quod
1082 643 1202 697 ideo
1227 642 1634 697 observandum
1659 642 1783 707 fuit,
1809 658 1916 697 non
1954 653 2166 698 tantum

581 746 640 787 ut
670 734 1012 788 ostenderem
1046 733 1184 788 falsa
1213 748 1340 789 esse
1362 750 1485 803 qua:
1517 733 1752 788 Dallaeus
1787 735 1854 788 de
1881 735 2170 792 intervallo

580 828 797 893 asserit,
831 828 923 883 sed
951 827 1115 882 etiam
1141 836 1201 881 ut
1227 829 1275 882 ei
1307 836 1718 897 argumentum,
1747 842 1858 897 quo
1885 835 2170 898 tantOpere

579 920 902 985 delectatur,
937 921 1252 989 negativum
1285 919 1576 989 eriperem.
1612 919 1935 991 Launoyum
1966 921 2170 976 doctis-

579 1012 782 1066 simum
820 1012 1084 1067 Sorbonte
1114 1013 1426 1082 theologum
1453 1013 1519 1067 de
1552 1015 1603 1066 vi
1631 1012 1934 1084 argumenti
1966 1028 2171 1082 negan-

575 1103 650 1156 tis
681 1101 801 1158 fuse
829 1104 1202 1172 disputantem
1253 1103 1507 1158 advocat.
1561 1102 1666 1159 Sed
1715 1104 2012 1174 Launeyus
2054 1105 2170 1173 ipse

575 1196 654 1251 ita
699 1198 1024 1251 sententiam
1064 1213 1220 1251 suam
1262 1199 1529 1268 protulit:
1565 1197 1698 1252 Cum
1734 1198 1912 1251 nullus
1955 1198 2168 1250 omnino

577 1290 808 1358 scriptor
853 1289 1073 1359 (aqualis
1133 1289 1211 1344 vel
1263 1307 1462 1359 suppar
1503 1301 1730 1359 prazstat
1773 1291 2165 1356 testimonium,

578 1391 704 1435 tunc
741 1397 806 1434 ea?
836 1382 1068 1451 generali
1099 1382 1334 1449 silentio,
1362 1383 1501 1453 quod
1528 1383 1880 1438 ducentorum
1915 1385 2035 1452 plus
2067 1385 2168 1436 mi-

575 1491 677 1528 nus
725 1490 986 1527 annorum
1031 1477 1292 1530 aestimari
1342 1487 1544 1546 potest,
1596 1479 1792 1547 efﬁcax
1839 1479 2167 1547 depromitur

577 1576 970 1637 argumentum.
1015 1566 1115 1622 llic
1145 1578 1328 1624 autem
1370 1571 1600 1640 scriptor
1630 1571 2008 1625 nobilissimus
2037 1569 2165 1625 Ori-

576 1674 765 1729 genes,
796 1659 1008 1731 lgnatio
1037 1677 1261 1730 suppar,
1294 1662 1487 1717 eodem
1535 1678 1646 1732 quo
1695 1663 1783 1716 ille
1818 1663 2036 1732 scripsit
2065 1678 2166 1718 sae-

575 1752 704 1808 culo
738 1763 936 1819 natus,
974 1754 1475 1810 luculentissimum
1515 1754 1764 1825 epistolis
1794 1755 1914 1824 ejus
1945 1765 2162 1824 praestat

575 1845 970 1908 testimonium;
997 1855 1051 1899 et
1079 1846 1125 1899 si
1156 1862 1317 1899 nemo
1349 1857 1476 1900 ante
1503 1861 1627 1901 eum
1656 1845 1849 1918 lgnatii
1881 1847 2164 1903 meminis-

571 1943 680 2001 set,
715 1950 785 1990 ne
835 1936 914 1990 sic
961 1937 1182 2005 quidem
1217 1937 1458 2007 generale
1501 1938 1849 1992 ducentorum
1897 1956 2161 1993 annorum

572 2029 794 2084 circiter
819 2028 1091 2083 silentium
1123 2031 1532 2099 pra-cessisset,
1580 2040 1640 2086 ut
1675 2031 1802 2086 inde
1845 2033 2029 2101 e/ﬁcaa:
2066 2033 2160 2085 de-

569 2131 904 2190 promeretur
933 2132 1324 2190 argumentum.
1367 2122 1550 2190 Quare
1574 2125 1620 2178 si
1650 2123 1950 2178 tacuissent
1975 2123 2033 2178 S.
2057 2123 2163 2178 Po-

568 2215 849 2286 lyearpus,
879 2225 933 2269 et
964 2214 1026 2270 S.
1061 2214 1323 2282 lrentnus,
1367 2217 1746 2272 testimonium
1791 2217 2044 2286 Origenis
2075 2232 2162 2272 se-

567 2307 812 2363 cundum
837 2308 1082 2363 rationes
1109 2306 1476 2381 Launoyanas
1500 2309 1637 2366 satis
1658 2311 1768 2364 vim
1793 2320 1844 2365 et
1866 2310 2160 2364 efficaciam

568 2401 826 2472 negantis
881 2403 1190 2470 argumenti
1235 2404 1570 2458 retunderet.
1633 2402 1783 2458 Unus
1827 2403 1991 2470 igitur
2036 2401 2161 2455 Ori-

567 2509 734 2563 genes
764 2533 780 2558 ,
830 2496 878 2548 si
939 2504 1201 2563 tauquam
1254 2497 1409 2550 testis
1460 2495 1737 2566 legitimus
1799 2496 2157 2561 admittatur,

570 2587 903 2641 sententiam
951 2587 1137 2642 Dallaei
1181 2588 1398 2656 penitus
1428 2588 1710 2654 convellit,
1743 2596 1797 2640 et
1837 2597 2160 2656 argumenta

567 2679 975 2747 quamplurima
1001 2680 1070 2734 ab
1092 2680 1213 2747 ipso
1235 2680 1543 2750 excogitata
1566 2689 1820 2743 enervat;
1845 2695 1952 2733 non
1976 2679 2159 2750 itaque

566 2766 777 2822 frustra
807 2783 836 2822 a
866 2769 1024 2824 nobis
1055 2768 1372 2824 advocatur.

641 2861 870 2930 Appello
905 2871 1120 2915 veteres
1151 2861 1319 2915 etiam
1353 2862 1495 2917 inter
1533 2860 1880 2916 Christianos
1913 2860 2154 2917 criticos.

568 2953 708 3006 Cum
747 2953 894 3006 enim
947 2953 1015 3007 de
1060 2951 1282 3024 scriptis
1333 2953 1609 3025 Dionysii,
1643 2953 1852 3024 lgnatio
1891 2956 2154 3023 senioris,

567 3044 804 3100 celebris
831 3047 1212 3102 controversia
1243 3048 1296 3102 in
1339 3046 1586 3102 Ecclesia
1615 3057 1781 3110 esset,
1814 3055 1870 3101 et
1910 3048 1977 3103 de
1999 3050 2154 3104 testi-

566 3138 1086 3207 moniis-ageretur;
1113 3139 1208 3210 qui
1235 3155 1425 3194 eorum
1457 3150 1737 3196 auctorem
1771 3141 2152 3212 Areopagitam

1603 427 1660 483 S.
1696 427 2047 486 lGNATIUS.
2088 463 2154 472 -—-
2188 429 2725 488 PBOLEGOMENA.

579 550 824 621 epistolis
871 549 1245 605 testimonium
1310 551 1513 618 scripto
1561 548 1862 619 prmbuisse
1922 551 2165 606 creditur
2194 561 2238 616 Α
2272 555 2598 619 testimonia,
2661 571 2764 606 non
2817 555 2970 607 modo
3020 552 3264 624 Origenis
3324 570 3427 606 non
3467 569 3599 614 esse,

3758 433 3854 488 ΠΩ

3679 555 3769 608 sed
3799 572 3854 609 ne

2277 644 2445 700 Graeci
2501 647 2731 715 quidem,
2770 663 2946 700 verum
3003 645 3186 698 Latini
3228 647 3402 713 potius
3429 648 3704 715 scriptoris
3751 664 3854 701 esse

2271 746 2512 806 apparet.
2556 736 2741 792 Primo
2787 737 2953 806 igitur
2999 753 3139 806 opus
3169 735 3427 806 Origenis
3470 737 3524 789 in
3572 736 3852 791 Canticum

2271 829 2638 892 canticorum,
2664 844 2730 884 ex
2763 827 2924 898 cujus
2954 829 3184 899 prologo
3217 827 3593 882 testimonium
3628 827 3854 882 adduxi-

2270 936 2416 986 mus,
2447 931 2609 990 negat
2629 919 2880 991 Origenis
2910 937 3053 986 esse,
3096 929 3259 991 negat
3286 935 3409 976 esse
3456 920 3633 976 Grteci
3665 921 3852 990 cujus-

2269 1012 2416 1082 piam
2445 1013 2752 1081 scriptoris,
2794 1011 2976 1066 Latini
3022 1027 3146 1068 esse
3187 1011 3493 1066 contendit.
3547 1009 3614 1065 Et
3653 1011 3706 1064 in
3757 1012 3854 1066 hac

2270 1105 2491 1174 quidem
2537 1121 2598 1160 re
2643 1105 2808 1160 habet
2855 1116 3111 1161 auctores
3151 1121 3291 1175 quos
3338 1114 3619 1176 sequatur.
3673 1104 3853 1159 Primo

2271 1198 2392 1254 loco
2425 1198 2718 1252 Erasmum
2748 1199 3014 1262 nominat,
3047 1199 3206 1268 cujus
3239 1213 3529 1253 censuram
3561 1213 3770 1267 gravem
3795 1214 3854 1250 ac

2269 1309 2447 1346 veram
2497 1292 2765 1362 appellat,
2809 1307 2931 1346 eum
2981 1293 3052 1346 sit
3091 1292 3370 1346 levissima
3423 1290 3848 1360 lalsissimaque.

2270 1381 2409 1437 Huic
2443 1383 2692 1452 adjnngit
2740 1382 3167 1436 Amerbacbium
3201 1391 3255 1436 et
3296 1383 3542 1441 Coeum;
3580 1383 3758 1449 potuit
3805 1393 3855 1436 et

2267 1477 2426 1538 alios,
2457 1478 2550 1546 qui
2585 1476 2872 1530 Erasmum
2909 1476 3286 1539 ἀϐασανίστως
3312 1475 3486 1530 secuti
3516 1484 3666 1529 sunt.

2343 1568 2438 1624 llis
2469 1583 2688 1638 Oppono
2719 1567 2986 1624 Jacobum
3018 1568 3310 1622 Mcrlinum
3353 1569 3407 1622 in
3440 1567 3692 1638 Origenis
3723 1584 3852 1638 ope-

2267 1663 2421 1716 ribus
2471 1662 2710 1716 maxime
2749 1673 3052 1727 versatum,
3083 1662 3242 1731 cujus
3271 1661 3438 1716 verba
3465 1661 3532 1715 de
3566 1661 3652 1716 his
3682 1661 3854 1714 immi-

2265 1756 2355 1811 liis
2383 1766 2512 1810 sunt
2539 1773 2550 1808 :
2581 1755 2641 1810 Si
2666 1757 2992 1826 pensiculate
3014 1758 3189 1825 ipsam
3223 1757 3503 1809 materiam
3535 1771 3654 1825 qua:
3693 1755 3752 1807 in
3791 1755 3850 1806 iis

2268 1849 2504 1902 traditur
2535 1848 2848 1914 attenderis,
2878 1850 2981 1919 ipsi
3017 1848 3234 1918 Origeni
3275 1847 3552 1902 attribues.
3586 1845 3726 1901 lluic
3763 1846 3852 1901 ad-

2263 1940 2435 2011 jungo
2488 1941 2904 1996 Genehrardum
2928 1983 2943 2005 ,
2976 1942 3072 2012 qui
3101 1940 3388 2012 Origenem
3429 1953 3616 2010 postea
3659 1939 3850 2002 edidit.

2265 2046 2320 2089 et
2356 2035 2511 2090 libris
2537 2035 2749 2104 aliquot
2775 2051 2884 2090 non
2919 2044 3050 2090 ante
3095 2035 3260 2090 editis
3290 2033 3665 2103 locupletavit.
3715 2031 3851 2088 Huic

2265 2127 2534 2182 editorem
2564 2127 2815 2181 ultimum
2845 2127 3004 2191 addo,
3030 2128 3121 2198 qui
3155 2143 3370 2181 summa
3397 2142 3521 2181 cum
3548 2125 3851 2196 diligentia,

2263 2217 2512 2272 doctrina
2560 2227 2726 2288 atque
2764 2218 2974 2288 judicio
3004 2219 3059 2272 in
3093 2219 3374 2284 eruendis,
3402 2217 3652 2282 edendis,
3683 2219 3848 2271 ador-

2264 2309 2575 2380 n‘andisque
2617 2311 2864 2381 ejusdem
2911 2312 3172 2381 operibus
3203 2310 3408 2366 Graecis
3444 2320 3716 2377 versatur,
3749 2310 3849 2364 Da-

2263 2402 2462 2458 nielem
2487 2401 2745 2458 Huetium
2775 2422 2789 2458 :
2817 2403 3399 2475 Castigandus,inquit
3424 2404 3532 2468 ille,
3565 2405 3846 2465 Erasmus,

2262 2491 2352 2561 qui
2380 2499 2430 2544 et
2457 2490 2568 2560 ipse
2608 2490 2794 2554 sentit,
2819 2501 2868 2546 et
2895 2491 3122 2543 idemut
3147 2493 3399 2544 sentirent
3438 2489 3851 2559 Magdeburgen-

2261 2599 2343 2637 ses
2392 2583 2644 2652 perfecit,
2676 2583 2772 2637 hoc
2827 2600 2957 2653 opus
2989 2600 3100 2638 esse
3140 2584 3369 2637 hominis
3405 2582 3590 2636 Latini
3631 2582 3849 2650 pulchre

2261 2675 2406 2731 docti
2433 2686 2483 2730 et
2522 2676 2646 2730 bene
2675 2677 2886 2730 diserti.
2934 2675 3050 2730 Imo
3081 2684 3143 2730 ut
3190 2675 3516 2731 sententiam
3564 2675 3748 2730 lluetii
3788 2676 3850 2729 de

2262 2767 2495 2824 Erasmo
2538 2784 2640 2822 suo
2688 2767 2998 2838 intelligant
3037 2766 3298 2821 Dallzeani
3325 2806 3340 2830 ,
3385 2767 3501 2821 haec
3531 2766 3649 2836 ejus
3683 2767 3847 2825 verba

2261 2866 2436 2912 sunt:
2471 2856 2702 2926 Eﬂ'renis
2751 2858 3026 2926 profecto,
3082 2857 3276 2910 iterum
3327 2857 3468 2921 dico,
3505 2867 3556 2910 et
3610 2857 3848 2926 projecta

2261 2947 2481 3002 Erasmi
2513 2950 2782 3002 temeritas
2809 2958 3040 3003 ueterum
3079 2945 3310 3002 Patrum
3353 2949 3553 3018 scripta
3598 2949 3846 3001 inanibus

2260 3041 2371 3094 suis
2411 3040 2734 3110 conjecturis
2774 3043 2852 3094 ita
2881 3041 3269 3110 permiscentis,
3303 3051 3360 3095 ut
3390 3042 3495 3094 nisi
3525 3041 3846 3096 contrairis-

2259 3143 2371 3187 sent
2404 3123 2758 3202 posteriorum
2783 3134 3141 3204 theologorum
3171 3136 3374 3199 studia,
3403 3137 3490 3190 via:
3517 3145 3718 3189 certum
3746 3134 3850 3188 ali-

565 3245 758 3285 verum
817 3247 930 3285 non
983 3247 1106 3287 esse
1162 3232 1597 3301 contendebant,
1654 3249 1763 3287 non
1822 3235 2158 3304 objiciebam
2184 3248 2228 3309 ς
2259 3224 2386 3296 quid
2403 3226 2468 3279 de
2483 3225 2831 3280 adolescentis
2852 3225 3103 3282 Ecclesiae
3133 3227 3378 3281 doctrina
3407 3238 3639 3282 statuere
3668 3243 3849 3297 posse—

565 3325 796 3380 sccundi
843 3326 1030 3381 szeculi
1084 3325 1404 3391 silentium;
1456 3325 1552 3380 sed
1599 3327 1705 3381 hoc
1753 3327 2154 3391 tantummodo,

567 3419 716 3488 quod
757 3417 1022 3488 Origenes
1057 3427 1112 3474 et
1143 3417 1414 3476 Eusebius
1465 3420 1586 3490 ejus
1624 3419 1853 3475 minime
1893 3421 2157 3476 memine-

562 3510 698 3564 rint.
714 3507 789 3563 lta
808 3508 1100 3575 Maximus,
1123 3519 1316 3565 contra
1333 3526 1495 3581 quem
1522 3511 1595 3566 ita
1609 3511 1966 3582 disputabant
1989 3531 2000 3567 :
2021 3514 2150 3579 Ναὶ,

563 3597 752 3666 φασὶν,
789 3597 903 3651 ἀλλ’
924 3598 1023 3652 οὐκ
1052 3598 1289 3671 ἔγραψεν
1322 3599 1486 3653 αὑτοῦ
1526 3603 1627 3664 τὰς
1675 3602 1956 3666 συντάξεις
1984 3602 2154 3656 Εὐσέ-

563 3689 683 3752 ϐιος
714 3691 743 3741 ὁ
781 3690 1090 3761 Παμφίλου,
1118 3691 1213 3744 καὶ
1246 3691 1351 3763 μὴν
1376 3693 1485 3745 οὐδ’
1526 3693 1824 3765 Ὡριγένης.
1861 3693 1978 3747 Imo
2011 3709 2150 3758 vero,

561 3783 833 3850 inquiunt,
873 3798 1034 3851 opera
1077 3783 1192 3852 ejus
1237 3800 1340 3836 non
1369 3785 1650 3854 descripsit
1683 3784 1944 3840 Eusebius
1991 3785 2153 3839 Pant-

561 3874 720 3942 phili,
763 3891 927 3945 neque
956 3875 1118 3930 etiam
1154 3875 1427 3946 Origenes.
1457 3874 1518 3930 Si
1543 3876 1749 3932 frustra
1782 3893 1973 3933 eorum
1999 3879 2153 3934 testi-

561 3967 752 4021 monia
781 3967 1132 4033 aﬂ‘errentur,
1165 3969 1209 4023 si
1236 3983 1355 4024 sera
1389 3969 1505 4023 haec
1525 3981 1712 4023 essent
1737 3979 1790 4024 et
1812 3970 1994 4025 inania
2027 3971 2154 4026 Dio-

565 4059 923 4130 nysianorum
952 4061 1237 4129 prtesidia:
1272 4076 1373 4115 cur
1399 4069 1612 4117 veteres
1644 4063 1786 4117 inter
1807 4063 2152 4120 Christianos

563 4151 739 4207 critici
771 4167 837 4206 ea
879 4154 1270 4222 postularunt?
1303 4153 1362 4209 Si
1414 4155 1544 4209 huic
1589 4157 1879 4224 quaestioni
1923 4173 2153 4228 respon~

564 4244 693 4300 dere
739 4259 838 4315 pro
881 4245 1142 4318 Dionysio
1183 4262 1286 4301 suo
1315 4248 1584 4315 potuisset
1630 4247 1924 4314 Maximus,
1956 4266 2150 4319 quem-

563 4337 858 4392 admodum
881 4339 1280 4409 respondemus
1304 4354 1403 4407 pro
1427 4337 1658 4409 lgnatio,
1681 4355 1744 4394 ea
1769 4341 1960 4409 procul
1984 4341 2153 4395 dubio

563 4432 873 4499 responsio,
913 4429 1204 4500 Origenem
1250 4429 1462 4484 scilicet
1503 4441 1558 4485 et
1590 4429 1886 4485 Eusebium
1920 4432 2041 4501 ejus
2071 4433 2154 4486 di-

560 4532 713 4577 ‘serte
741 4523 1084 4588 meminisse,
1132 4538 1232 4592 pro
1280 4521 1588 4576 frustranea
1633 4537 1916 4591 nunquam
1968 4524 2152 4578 habita

2261 3335 2402 3376 mus.
2424 3318 2659 3374 Maxime
2689 3319 2853 3389 igitur
2871 3320 3100 3374 idoneus
3124 3329 3317 3374 auctor
3333 3319 3599 3375 Erasmus
3618 3319 3847 3385 Dallazo,

2259 3411 2354 3480 qui
2397 3409 2463 3465 de
2498 3426 2600 3465 usu
2647 3409 2747 3464 SS.
2783 3409 3004 3464 Patrum
3055 3410 3108 3464 in
3140 3425 3268 3465 eum
3301 3412 3528 3465 modum
3573 3410 3846 3480 disputat.

2331 3500 2533 3558 Tribus
2560 3503 2646 3557 his
2670 3499 2922 3572 Origenis
2941 3502 3267 3568 editoribus,
3289 3502 3432 3557 addo
3463 3502 3609 3556 viros
3639 3501 3852 3556 doctis-

2257 3593 2429 3647 simos
2459 3603 2514 3648 et
2541 3592 2954 3664 lgnatianorum
2999 3593 3185 3649 hostes
3230 3593 3630 3663 juratissimus,
3661 3595 3847 3662 primo

2255 3685 2620 3746 lllondellum,
2655 3685 2749 3754 qui
2802 3685 2856 3738 in
2905 3685 3156 3755 apologia
3208 3696 3268 3739 ut
3304 3686 3499 3754 probet
3545 3683 3842 3755 Origenem

2255 3782 2404 3834 binos
2423 3789 2632 3834 tantum
2653 3779 2992 3832 sacerdotum
3008 3788 3054 3832 et
3075 3779 3443 3842 diaconorum,
3463 3778 3714 3847 magistri
3735 3775 3847 3831 Cle-

2254 3874 2444 3926 mentis
2473 3871 2734 3940 exemplo,
2775 3872 2975 3942 gradus
3007 3871 3304 3941 agnovisse,
3342 3870 3586 3925 sectione
3611 3869 3669 3933 ‘2,
3698 3869 3726 3941 §
3762 3870 3848 3936 l5,

2254 3965 2634 4020 testimonium
2667 3979 2734 4019 ex
2767 3964 3010 4019 secunda
3052 3963 3219 4033 hujus
3249 3963 3430 4034 operis
3460 3963 3690 4018 homilia
3719 3980 3852 4034 pro-

2254 4055 2428 4110 ducit.
2475 4053 2596 4108 Non
2654 4055 2822 4126 igitur
2878 4053 3134 4109 Latinum
3181 4055 3462 4125 aliquem,
3518 4055 3612 4108 sed
3661 4055 3850 4125 ipsum

2254 4147 2571 4218 Origenem,
2591 4146 2888 4202 Clementis
2915 4147 3271 4202 Alexandrini
3295 4147 3648 4216 discipulum,
3679 4147 3851 4215 hujus

2256 4241 2440 4306 operis
2472 4246 2754 4292 auctorem
2795 4238 3049 4308 agnoscit
3083 4237 3418 4292 Blendellus.
3445 4236 3706 4292 Secundo
3755 4237 3852 4290 Al-

2255 4332 2526 4386 bcrtinum
2550 4373 2565 4398 ,
2597 4331 2692 4402 qui
2716 4341 2826 4387 tam
2857 4331 3119 4402 praeclare
3145 4341 3336 4387 contra
3370 4329 3704 4385 llalloixium
3738 4329 3853 4384 dis-

2255 4427 2489 4492 putavit,
2528 4424 2605 4479 De
2639 4427 2965 4480 eucharistia
2997 4425 3092 4480 lib.
3125 4442 3188 4492 ll,
3212 4441 3262 4481 c.
3299 4425 3351 4480 1.
3390 4423 3492 4480 Ubi
3523 4425 3628 4479 hoc
3660 4426 3848 4494 ipsutn

2255 4530 2395 4584 opus
2441 4516 2494 4568 in
2527 4516 2816 4571 Canticum
2862 4517 3234 4579 canticorum,
3269 4524 3324 4571 et
3370 4516 3518 4571 hunc
3547 4517 3727 4586 ipsum
3760 4518 3850 4570 lo-

561 4615 780 4670 fuisset.
817 4614 926 4669 Pro
971 4615 1164 4670 iisdem
1197 4613 1598 4684 AreOpagiticis
1628 4608 1890 4684 Hypatius
1924 4612 2152 4683 Ephesi-
2183 4598 2225 4652 D
2256 4623 2416 4673 cum,
2448 4623 2612 4677 quem
2659 4609 2804 4661 inter
2848 4608 3165 4663 tcstim0nia
3215 4607 3570 4671 adduximus,
3619 4607 3851 4679 Origcni

560 4724 670 4762 nus
695 4710 986 4778 episcopus
1017 4707 1080 4762 Β.
1113 4707 1300 4778 Cyrilli
1325 4716 1377 4761 et
1409 4705 1471 4762 B.
1507 4707 1794 4762 Athanasii
1838 4709 2150 4779 requirebat

562 4801 900 4867 testimonia,
927 4800 1281 4869 addiditque:
1316 4798 1376 4853 Si
1406 4809 1579 4853 autem
1614 4801 1794 4854 nullus
1827 4817 1892 4854 ea:
1915 4801 2147 4872 antiquis

563 4893 874 4945 recordatus
901 4903 978 4945 est
1003 4907 1086 4956 ea,
1124 4891 1261 4944 unde
1287 4908 1426 4944 nunc
1449 4892 1668 4960 potestis
1704 4894 1998 4959 ostendere,
2021 4895 2147 4962 quia

561 4985 713 5040 illius
762 4988 889 5051 sint,
945 4986 1142 5038 nescio.
1196 4983 1477 5039 Habemus
1525 4983 1730 5056 Cyrillo
1772 4986 2144 5057 synchronum

565 5078 1007 5145 Theodoretum;
1040 5078 1309 5132 habemus
1355 5078 1847 5149 Chrysostomum,
1882 5079 2144 5148 Hierony-

565 5186 741 5236 mum,
755 5170 935 5238 ipsum
953 5168 1349 5236 Athanasium;
1373 5169 1638 5223 habemus
1653 5184 1720 5223 ex
1742 5168 2147 5238 antiquioribus

564 5260 864 5317 Eusebium
897 5269 952 5314 et
989 5258 1305 5330 Origenem,
1343 5261 1437 5331 qui
1468 5269 1526 5314 ut
1571 5261 1641 5316 ab
1664 5260 1774 5315 illis
1799 5277 1905 5316 non
1937 5258 2145 5315 frustra

563 5351 1005 5421 postulabantur,
1025 5352 1097 5405 ita
1124 5367 1153 5404 a
1179 5352 1337 5407 nobis
1361 5366 1469 5406 non
1503 5351 1710 5406 frustra
1733 5351 2057 5408 alferuntur.

638 5443 744 5497 Sed
771 5443 948 5512 pergit
974 5445 1058 5496 vir
1083 5444 1460 5508 doctissimus,
1490 5452 1543 5498 et
1565 5444 1634 5497 ad
1665 5452 1946 5513 utrumque
1971 5443 2145 5497 locum

562 5552 629 5590 ex
678 5533 914 5604 Origene
969 5535 1265 5590 adductum
1309 5534 1470 5589 simul
1515 5535 1774 5606 semelque
1823 5534 2145 5603 respondet:

563 5630 715 5684 Levis
740 5646 851 5683 esse
873 5629 941 5682 ad
971 5645 1077 5683 rem
1104 5645 1221 5700 quae
1243 5631 1422 5699 agitur
1449 5629 1723 5694 momenti,
1749 5629 1888 5699 quod
1921 5643 2148 5697 opuscu-

563 5724 758 5784 lorum,
803 5737 867 5774 επ
911 5721 1100 5791 quibus
1153 5721 1311 5774 allati
1361 5729 1507 5785 sunt,
1550 5719 1713 5772 dubia
1756 5721 1826 5773 sit
1858 5729 1908 5773 et
1942 5721 2146 5772 incerta

561 5817 882 5870 auctoritas.
916 5814 990 5870 Ita
1029 5814 1251 5884 quidem
1293 5815 1474 5882 primo
1517 5814 1680 5883 paulo
1729 5812 1909 5867 lenius
1943 5831 1956 5867 :
1992 5827 2143 5878 mox,

563 5910 640 5964 uti
670 5908 830 5978 solet,
856 5907 1223 5963 confidentius
1251 5923 1263 5960 :
1296 5904 1402 5960 Eos
1431 5905 1616 5972 libros,
1651 5905 1788 5959 unde
1813 5916 1938 5959 sunt
1969 5905 2140 5960 allata

2256 4700 2472 4766 tribuit,
2509 4708 2564 4756 et
2607 4701 3004 4756 verisimillime
3053 4702 3289 4772 colligit,
3321 4702 3591 4756 larvatum
3637 4701 3854 4774 Diony-

2252 4791 2394 4843 sium
2444 4806 2513 4844 ex
2553 4790 2669 4860 ipso
2716 4791 2950 4862 Origene
3005 4809 3105 4848 sua
3155 4794 3488 4849 traduxisse.
3541 4793 3851 4864 Origenem

2251 4891 2434 4935 autem
2464 4898 2655 4937 verum
2694 4885 2981 4956 intelligit,
3010 4886 3163 4939 illum
3193 4901 3411 4956 nempe,
3440 4887 3534 4957 qui
3564 4904 3855 4958 nunquam

2250 4973 2418 5043 plagii
2465 4993 2496 5027 a
2532 4993 2800 5046 quoquam
2829 4977 2932 5046 fuit
2965 4979 3336 5042 insimulatus,
3381 4995 3501 5032 cum
3532 4989 3666 5033 esset
3710 4981 3854 5034 adeo

2263 5070 2456 5137 feracis
2483 5070 2703 5139 ingenii,
2731 5080 2790 5123 ut
2821 5070 2946 5125 aliis
2977 5072 3155 5139 potius
3186 5083 3394 5135 auctor,
3449 5088 3609 5142 quam
3659 5075 3857 5144 cujus-

2249 5177 2410 5231 quam
2458 5162 2700 5214 imitator
2751 5175 2844 5216 aut
2895 5165 3248 5233 transcriptor
3288 5165 3444 5232 foret.
3491 5163 3854 5219 Albertinum

2251 5255 2498 5324 sequitur
2523 5255 2757 5310 Dallarus
2780 5257 2848 5311 de
2865 5256 3021 5312 libris
3045 5257 3347 5326 suppositis
3372 5255 3636 5327 Dionysio
3666 5257 3859 5311 Areo-

2249 5347 2448 5417 pagita:
2477 5348 2573 5402 lib.
2609 5365 2646 5415 ι,
2678 5364 2727 5403 c.
2756 5348 2844 5403 17.
2876 5349 3068 5403 Merito
3091 5349 3398 5404 Albertinus
3427 5360 3625 5414 noster,
3659 5349 3858 5420 inquit

2251 5440 2515 5496 adversus
2543 5443 2798 5498 eumdem
2842 5440 3177 5498 Halloixium
3216 5444 3503 5514 disputans
3523 5484 3538 5509 ,
3567 5442 3856 5511 judicavit

2250 5533 2570 5604 Dionysium
2610 5547 2759 5590 tuum
2797 5545 2966 5589 totum
3001 5537 3138 5591 hunc
3180 5537 3354 5593 locum
3397 5556 3429 5592 a
3470 5549 3558 5594 tuo
3611 5537 3856 5610 Origene

2248 5626 2327 5679 uel
2358 5644 2469 5681 esse
2519 5628 2778 5696 furatum,
2830 5627 2906 5681 vel
2945 5638 3084 5682 certe
3111 5639 3294 5682 mutuo
3335 5630 3641 5700 sumpsisse.
3685 5629 3859 5697 Quo—

2248 5722 2415 5774 modo
2444 5720 2589 5774 enim
2618 5721 2806 5774 merito
2847 5721 2900 5775 id
2941 5721 3216 5790 judicaret
3248 5722 3583 5788 Albertinus,
3613 5721 3660 5776 si
3697 5725 3857 5778 scri-

2248 5823 2370 5884 ptor
2395 5815 2484 5869 ille
2515 5831 2612 5870 nec
2642 5813 2907 5886 Origenes
2936 5825 3105 5882 esset,
3135 5831 3235 5871 nec
3260 5815 3577 5872 Grtecorum
3610 5817 3853 5885 aliquis,

2251 5909 2344 5964 sed
2374 5907 2600 5965 Latinus
2625 5909 2814 5966 nescio
2841 5910 2998 5980 quis?
3022 5908 3161 5965 Cum
3191 5908 3511 5976 llalloixius,
3542 5919 3601 5964 ut
3632 5908 3856 5984 Diony-
3919 5899 3932 5910 ’
