4078 6388
249 419 363 473 I73

1007 427 1057 481 J.
1102 429 1466 485 PEARSUNII
1509 431 1829 488 VlNDlCl.’E
1869 433 2286 490 ΙῧΝΑΤΙΑΝᾸι.
2325 467 2394 477 -
2434 437 2613 492 PARS
2650 438 2690 492 l.

3440 447 3541 500 17¢

243 541 394 594 cium
425 556 591 594 suum
613 543 965 612 defenderet,
1000 553 1360 621 corrupisset,
1390 554 1685 625 locumque
1707 557 1856 611 hunc
1889 565 1930 619 Α
1964 555 2196 622 ercos)
2225 559 2383 611 etiam
2425 558 2624 628 logicen
2661 560 2839 629 (quam
2875 577 2966 613 nos
3002 562 3320 615 rationalem
3348 579 3534 624 possu-

241 651 312 689 ex
345 635 471 704 ejus
505 637 652 691 libro
695 642 1184 696 exterminandum
1209 645 1549 714 iudicasset;
1583 647 1856 704 facessere

243 743 370 780 eum
393 744 521 781 cum
543 732 932 786 morosissima
950 734 1354 805 etineptissima
1372 738 1562 793 critica
1581 754 1679 793 sua
1701 739 1858 808 jubet

246 821 506 885 Dallmus,
538 832 595 875 et
627 825 774 892 quod
811 827 866 878 in
902 825 1130 896 Origene
1163 830 1336 899 (quem
1369 848 1496 900 pace
1533 841 1624 885 tua
1652 832 1856 904 Diony-

243 915 322 966 sio
373 925 467 966 tuo
514 917 688 968 multo
725 917 1020 973 doctiorem
1069 920 1234 990 fuisse
1282 923 1453 976 virum
1497 925 1659 994 puto)
1713 935 1852 980 totus

242 1008 500 1061 hactenus
531 1009 682 1063 orbis
710 1027 865 1080 aequo
889 1015 1070 1066 animo
1096 1013 1238 1078 tulit,
1271 1015 1326 1068 id
1354 1016 1406 1068 in
1438 1016 1695 1087 Dionysio
1723 1018 1849 1089 legi,

244 1101 371 1163 noli,
417 1101 628 1170 inquit,
666 1104 806 1171 ferre
835 1106 1092 1175 iniquius.
1124 1107 1332 1162 Auctor
1360 1109 1526 1179 igitur
1548 1112 1849 1180 expositio-

243 1210 370 1247 num
406 1194 462 1248 in
492 1193 798 1249 Canticum
836 1198 1222 1262 canticorum,
1253 1216 1379 1254 cum
1413 1210 1607 1255 contra
1642 1200 1851 1274 Diony-

239 1287 382 1342 sium
409 1288 617 1341 scribit
642 1287 911 1354 Dallaeus,
935 1287 1200 1361 Origenes
1227 1300 1332 1354 est,
1359 1300 1413 1347 et
1443 1294 1648 1360 locum,
1682 1311 1847 1365 quem

240 1381 603 1446 adduximus,
636 1379 691 1434 in
730 1382 924 1436 eodem
955 1380 1189 1454 Origene
1218 1394 1366 1441 totus
1393 1385 1660 1442 hactenus
1695 1389 1849 1445 orbis

239 1486 394 1539 aluo
416 1471 624 1528 animo
661 1474 787 1528 tulit
813 1492 828 1527 :
855 1490 1033 1544 quare
1063 1475 1204 1528 idem
1237 1491 1346 1530 non
1375 1486 1482 1543 est,
1510 1493 1684 1548 quare
1713 1495 1849 1534 con-

240 1573 316 1616 tra
349 1574 536 1618 totum
577 1568 773 1622 orbem
824 1568 1027 1622 militat
1076 1567 1345 1634 Dallmus,
1399 1587 1525 1626 cum
1571 1573 1845 1630 adversus

241 1654 509 1726 lgnatium
547 1675 705 1713 arma
733 1661 952 1715 sumit?

306 1751 591 1808 Auctores
643 1768 770 1808 cum
815 1757 1138 1812 auctoribus
1169 1759 1536 1825 contulimus;
1569 1775 1716 1816 nunc
1747 1777 1840 1816 ra-

238 1845 418 1900 tiones
478 1859 610 1900 cum
657 1850 968 1903 rationibus
1008 1851 1378 1908 conferamus.
1438 1852 1682 1909 Grmcum
1734 1873 1837 1910 non

1963 665 2078 702 mus
2113 650 2306 717 dicere)
2338 661 2528 720 quarto
2558 650 2610 702 in
2642 666 2860 702 numero
2889 663 3198 718 posuerunt.
3223 649 3333 708 Nec
3355 661 3538 707 tamen

1960 750 2153 796 auctor
2203 743 2291 797 hic
2331 759 2389 796 se
2441 744 2696 798 Latinum
2742 744 3050 813 proﬁtetur.
3091 743 3228 798 Nam
3276 745 3370 800 illa
3418 761 3543 815 quae

1958 834 2177 888 unculis
2209 835 2559 900 inclusimus,
2603 835 2918 904 interpretis
2952 846 3105 899 sunt,
3134 853 3242 889 non
3272 840 3538 894 auctoris.

1956 921 2094 977 Cum
2138 924 2284 978 enim
2318 924 2530 989 Grteca,
2579 927 2777 981 litteris
2809 925 3033 996 quidem
3086 925 3320 997 Latinis,
3356 930 3540 986 verbis

1957 1025 2138 1069 autem
2170 1015 2375 1073 Gr:ccis
2400 1020 2579 1088 primo
2619 1020 2966 1085 reddidisset,
3000 1037 3068 1076 ne
3100 1020 3238 1075 forte
3266 1038 3298 1076 a
3329 1022 3540 1080 Latinis

1957 1124 2065 1162 non
2096 1111 2552 1181 iutelligerentur,
2588 1122 2684 1166 aut
2712 1129 2777 1168 ne
2799 1113 2916 1182 ipse
2948 1129 3056 1167 non
3087 1114 3423 1172 intellexisse
3453 1117 3536 1171 vi-

1954 1201 2196 1270 deretur,
2230 1204 2420 1259 eadem
2463 1205 2656 1261 Latine
2700 1223 2896 1261 rursus
2932 1207 3286 1276 interpretari
3317 1209 3533 1277 voluit,

1955 1292 2101 1361 quod
2126 1304 2210 1348 est
2233 1296 2510 1350 veteribus
2528 1299 2921 1367 interpretibus
2947 1313 3213 1368 perquam
3238 1299 3534 1358 familiare.

1953 1377 2158 1436 Locum
2193 1399 2374 1439 autem
2403 1385 2579 1455 ipsum
2603 1388 2672 1441 ab
2697 1388 2932 1458 Origene
2965 1389 3230 1458 scriptum
3257 1390 3428 1447 fuisse
3451 1394 3538 1448 vel

1953 1473 2086 1530 illud
2115 1478 2315 1546 arguit,
2344 1479 2490 1547 quod
2516 1495 2642 1534 eum
2674 1478 3042 1552 Hieronymus
3069 1482 3136 1536 ad
3168 1483 3533 1542 Ecclesiasten

1950 1577 2234 1636 sequatur,
2277 1578 2355 1635 ut,
2397 1579 2528 1625 tunc
2559 1572 2907 1640 potissimum
2957 1589 3082 1629 cum
3126 1578 3370 1631 nondum
3414 1579 3536 1634 Ori-

1947 1659 2137 1726 geniea
2170 1661 2307 1716 adeo
2339 1663 2756 1732 displicuerant,
2788 1667 3020 1722 solebat.
3054 1667 3128 1723 De
3171 1670 3347 1726 tribus
3383 1673 3529 1726 enim

1948 1750 2260 1808 Salomonis
2305 1756 2460 1810 libris
2494 1772 2680 1829 agens,
2711 1768 2767 1814 et
2803 1774 2995 1814 eorum
3033 1761 3306 1829 ordinem,
3346 1773 3400 1818 et
3439 1779 3532 1820 ar-

1943 1855 2202 1914 gumenta
2229 1862 2353 1902 cum
2382 1848 2616 1920 Origene
2646 1852 2968 1919 observans,
3000 1857 3078 1911 ait
3107 1871 3118 1906 :
3149 1855 3311 1910 Haud
3343 1859 3531 1927 procul.

236 1939 403 2007 fuisse
425 1940 508 1992 vel
536 1940 663 1993 hinc
687 1941 914 2010 colligas
942 1943 1141 2007 licebit,
1170 1945 1348 2016 inquit
1385 1946 1673 2013 Erasmus,
1701 1948 1841 2018 quod
1875 1929 1916 1984 Β
1945 1938 2009 1990 αι’
2045 1939 2143 1992 hoc
2184 1941 2372 1994 ονάὶηε
2403 1943 2771 1998 doctrinarum
2816 1955 2866 1998 el
2898 1947 3199 2018 philosophi
3242 1961 3528 2007 sectatores

234 2032 291 2082 in
337 2030 578 2102 Prolago
626 2034 759 2086 citat
814 2034 1028 2089 (ἔνατος
1073 2037 1212 2092 velut
1258 2039 1484 2094 alienos.
1525 2039 1662 2094 Cum
1697 2041 1842 2110 apud

236 2123 484 2187 Graecos,
520 2126 724 2194 inquit,
757 2127 851 2196 qui
884 2129 1084 2183 eruditi
1135 2140 1188 2184 et
1227 2132 1507 2199 sapientes
1559 2133 1838 2189 videntur.

236 2217 494 2286 lmperite
528 2234 761 2286 prorsus
793 2229 848 2274 et
875 2220 1077 2290 inepte.
1107 2221 1252 2276 Citat
1278 2224 1425 2278 enim
1459 2224 1670 2280 ercos
1703 2227 1841 2281 velut

233 2309 436 2363 alienos
477 2326 592 2364 non
639 2326 669 2364 a
708 2310 929 2381 lingua,
962 2323 1056 2366 aut
1083 2322 1242 2383 gente
1267 2331 1391 2380 sua,
1421 2317 1517 2372 sed
1552 2318 1835 2390 religione.

233 2402 328 2456 llic
358 2403 512 2456 enim
545 2403 760 2457 Cra'cos
791 2421 900 2458 non
935 2407 1135 2475 opponi
1178 2405 1415 2472 Latinis,
1445 2410 1538 2465 sed
1563 2410 1839 2468 Christia-

233 2496 336 2556 nis,
368 2503 590 2548 certum
612 2504 716 2549 est.
743 2494 820 2549 Ita
843 2497 990 2550 enim
1019 2498 1268 2567 sequitur
1295 2515 1308 2550 :
1342 2498 1464 2552 Non
1491 2516 1614 2571 ergo
1641 2503 1837 2555 mirum

228 2600 384 2651 esset,
416 2591 468 2643 si
495 2603 547 2643 ct
575 2591 722 2659 apud
757 2606 873 2657 nos,
909 2593 1002 2645 ubi
1029 2602 1228 2662 quanto
1255 2593 1434 2662 plures
1458 2594 1832 2664 simpliciores,

229 2692 376 2736 ,ωηο
403 2683 592 2752 plures
617 2692 669 2736 et
690 2683 1045 2753 imperitiores
1065 2686 1329 2739 videntur.
1361 2684 1495 2752 Quae
1515 2687 1675 2742 verba
1689 2698 1835 2744 certe

225 2791 333 2828 non
360 2776 429 2829 ad
467 2773 704 2829 Latinos
735 2786 970 2842 tantum,
995 2778 1090 2831 sed
1115 2776 1555 2834 Christianorum
1583 2783 1830 2836 omnium

226 2879 404 2922 coetus
429 2869 757 2938 pertinent;
783 2874 847 2924 'et
885 2879 1148 2940 prazterea
1179 2869 1468 2942 Origeuem
1494 2874 1656 2929 nobis
1692 2873 1828 2929 refc-

224 2971 376 3022 runt,
421 2962 520 3030 qui
567 2961 639 3015 de
683 2961 1041 3031 simplicitate
1070 2973 1123 3017 et
1167 2964 1440 3033 imperitia
1486 2966 1688 3034 ubique
1719 2965 1832 3020 fere

223 3053 494 3122 loquitur.
533 3052 727 3123 Neque
754 3069 887 3108 vero
913 3055 1208 3124 quisquam
1236 3055 1458 3112 Grmcos
1487 3055 1832 3126 lrequentius

220 3145 454 3214 opponit
507 3145 874 3212 Christianis,
905 3161 1070 3216 quam
1108 3145 1404 3217 Origenes;
1451 3148 1611 3216 cujus
1657 3164 1826 3202 unum

218 3239 407 3292 locum
451 3238 882 3292 memorandum
925 3253 1048 3293 esse
1091 3240 1257 3304 duxi,
1303 3250 1360 3294 ut
1406 3241 1610 3310 pariter
1635 3256 1826 3295 emen-

216 3330 366 3382 dem.
405 3327 552 3382 Dum
584 3328 782 3382 evolvo
810 3329 1244 3385 commentarios
1278 3331 1330 3383 in
1365 3330 1422 3386 S.
1454 3329 1746 3396 Joannem,
1773 3331 1826 3384 in

218 3436 433 3490 nupera
484 3421 768 3484 editione,
793 3436 921 3491 pag.
955 3421 1084 3486 2H,
1117 3421 1238 3491 lego
1276 3442 1290 3476 :
1337 3423 1423 3484 Ὠς
1456 3423 1662 3495 Πέτρου
1685 3424 1830 3477 διδά-

217 3532 451 3577 σκοντος
508 3514 586 3585 μὴ
639 3512 891 3567 καθελεῖν
941 3515 1010 3577 ἃς
1060 3520 1406 3588 προσκυνεῖν,
1449 3533 1613 3572 sensu
1667 3519 1829 3587 plane

216 3610 394 3662 nullo.
428 3608 539 3662 Sed
587 3616 736 3661 recte
768 3605 1063 3663 Ferrarius
1102 3617 1360 3675 verterat,
1409 3610 1624 3678 perinde
1672 3613 1826 3680 quasi

212 3701 414 3756 Petrus
440 3701 724 3761 docuerit,
771 3717 873 3754 non
924 3710 1162 3770 oportere
1210 3718 1302 3755 nos
1354 3705 1631 3771 gentilium
1682 3721 1824 3758 more

209 3793 482 3855 adorare;
519 3792 646 3846 ideo
682 3789 917 3846 lluetius
963 3792 1140 3846 editor
1170 3793 1235 3847 ad
1270 3796 1573 3864 marginem
1614 3805 1820 3861 monet,

210 3885 516 3956 legendum
563 3885 682 3937 κατ’
714 3884 967 3948 ὲθνικούς
1038 3900 1135 3953 pro
1175 3885 1425 3939 καθελεῖν
1473 3887 1561 3949 ἃς,
1595 3900 1822 3942 sensum

207 3981 424 4048 potius,
458 3995 630 4047 quam
667 3977 835 4033 verba
860 3977 1185 4046 respiciens,
1220 3989 1273 4032 et
1303 3977 1618 4033 Ferrarium
1645 3981 1820 4051 magis

207 4088 378 4142 quam
411 4071 714 4141 Origenem
757 4086 870 4140 pra:
902 4069 1080 4125 oculis
1115 4071 1344 4126 habens.
1387 4070 1523 4140 Ipsa:
1549 4073 1694 4126 enim
1727 4074 1819 4128 lit-

212 4175 343 4218 tcrze
378 4182 483 4233 μνη
516 4162 772 4216 καθελεῖν
830 4162 896 4224 ἃς
929 4164 1305 4232 reponendum
1360 4165 1585 4218 omnino
1621 4167 1820 4220 docent

208 4256 330 4311 καθ’
372 4253 674 4317 Ἕλληνας,
705 4264 759 4308 et
813 4255 887 4308 ita
939 4255 1044 4323 legi
1101 4271 1298 4310 moneo
1335 4257 1388 4309 in
1443 4274 1547 4314 ms.
1598 4267 1814 4322 nostro,

209 4347 491 4403 Eluetiano
530 4347 726 4401 codice
749 4347 907 4412 longe
933 4349 1338 4417 praestantiore.
1373 4349 1594 4405 Interim
1623 4351 1816 4405 certis-

206 4440 413 4492 simum
452 4446 542 4491 est
569 4479 584 4501 ,
635 4435 849 4490 Crtecos
903 4452 1014 4490 non
1073 4436 1317 4498 Latinis,
1354 4421 1449 4493 sed
1481 4437 1815 4494 Christianis

205 4531 501 4600 appositos
545 4545 614 4582 eo
647 4529 770 4583 loco
795 4544 958 4597 quem
995 4528 1198 4584 indicat
1230 4529 1523 4597 Erasmus;
1552 4539 1606 4586 ct
1637 4532 1813 4585 multo

1945 2036 2070 2083 suos
2094 2031 2381 2094 erudiunt;
2419 2043 2475 2087 ut
2521 2037 2753 2104 primum
2794 2038 3026 2094 ethicam
3065 2043 3310 2108 doceant,
3342 2044 3529 2098 deinde

1943 2121 2220 2190 physicam
2257 2123 2690 2191 interpretentur,
2735 2134 2787 2178 et
2830 2143 2984 2196 quem
3023 2128 3080 2180 in
3121 2130 3202 2182 his
3241 2130 3528 2200 profecisse

1942 2217 2324 2284 perspexerint,
2357 2217 2424 2270 ad
2456 2217 2774 2288 theologiam
2814 2237 2978 2290 usque
3007 2222 3322 2291 perducant.
3352 2223 3526 2290 Quem

1943 2307 2124 2362 locum
2161 2307 2206 2362 si
2244 2308 2298 2361 in
2354 2308 2542 2362 animo
2591 2310 2877 2366 habuisset
2933 2311 3206 2370 Henricus
3253 2314 3522 2381 Valesius,

1942 2413 2225 2468 nunquam
2270 2399 2420 2454 illam
2466 2400 2911 2458 observationem
2963 2405 3019 2459 in
3073 2407 3524 2464 adnotationibus

1941 2489 2010 2543 ad
2036 2487 2333 2545 Eusebium
2363 2493 2683 2560 protulisset
2712 2493 2902 2550 :Certe
2935 2497 2990 2550 in
3025 2496 3176 2550 libris
3212 2498 3525 2570 Hieronymi

1941 2600 2210 2653 nunquam
2237 2584 2552 2655 theologiam
2577 2586 2684 2640 dici
2715 2588 2964 2657 reperies,
3005 2589 3096 2642 sed
3128 2589 3308 2645 Crazce
3341 2591 3526 2646 Θεολο-

1938 2676 2083 2744 γιαν.
2125 2675 2314 2747 Neque
2353 2679 2398 2732 si
2445 2678 2743 2748 cogitasset
2785 2679 3175 2753 Hieronymum
3209 2683 3264 2737 in
3291 2685 3520 2754 epistola

1940 2769 2064 2836 155,
2113 2769 2367 2841 Origenis
2408 2772 2554 2827 hunc
2587 2773 2769 2829 loeum
2803 2775 3114 2844 exprimere
3149 2778 3410 2844 voluisse,
3444 2779 3524 2832 le-

1937 2863 2174 2917 ctionem
2220 2864 2430 2920 codicis
2471 2864 2784 2920 Memmiani
2829 2868 3058 2938 vulgata:
3097 2870 3280 2924 statim
3315 2879 3521 2940 prsete-

1935 2954 2108 3020 lisset,
2159 2965 2254 3010 aut
2297 2957 2437 3011 hanc
2481 2959 2594 3010 sine
2639 2973 2795 3010 sensu
2839 2961 3107 3013 theoricen
3145 2962 3405 3016 exhibere
3435 2963 3521 3017 di-

1934 3049 2126 3102 xisset.
2170 3045 2346 3103 Verba
2395 3047 2884 3121 Hieronymisunt
2928 3071 2940 3105 :
2991 3051 3302 3122 Philosophi
3346 3055 3517 3109 solent

1933 3137 2321 3208 disputationes
2353 3156 2477 3194 suas
2507 3142 2560 3194 in
2591 3142 3132 3211 physicam,ethicam
3192 3145 3520 3215 logicamque

1933 3233 2162 3300 partiri,-
2203 3233 2283 3286 ἤια
2319 3241 2370 3286 et
2409 3234 2620 3304 eloquia
2648 3235 2830 3288 divina
2879 3245 2972 3288 aut
3007 3235 3071 3289 de
3105 3247 3296 3290 natura
3339 3237 3519 3306 dispu-

1934 3333 2066 3387 tare,
2100 3332 2158 3377 ut
2190 3327 2246 3378 in
2278 3323 2466 3381 Genesi
2495 3337 2545 3378 et
2583 3324 2935 3389 Ecclesiaste;
2963 3336 3055 3380 aut
3077 3327 3141 3381 de
3168 3328 3424 3390 moribus,
3459 3338 3516 3381 ut

1930 3416 1985 3468 in
2023 3415 2343 3481 Proverbiis,
2375 3427 2424 3470 et
2465 3418 2520 3470 in
2557 3417 2800 3471 erunibus
2831 3420 3060 3487 sparsim
3091 3418 3243 3472 libris
3269 3437 3288 3484 ;
3329 3430 3422 3484 aut
3452 3421 3516 3473 de

1929 3507 2120 3579 logica,
2158 3525 2255 3580 pro
2288 3526 2394 3579 qua
2443 3511 2613 3564 nostri
2650 3511 2910 3564 theoricen
2950 3512 3053 3565 sibi
3101 3512 3405 3578 vindicant,
3456 3523 3514 3566 ut

1929 3601 1983 3652 in
2029 3599 2252 3654 Cantica
2281 3603 2618 3655 canticorum
2673 3612 2723 3655 et
2751 3604 2806 3656 in
2846 3601 3169 3672 Evangeliis.
3214 3603 3346 3670 Quae
3386 3621 3510 3659 cum

1927 3708 1995 3747 ex
2038 3690 2272 3762 Origene
2322 3694 2488 3763 petita
2538 3695 2720 3764 quivis
2773 3696 3065 3761 intelligat,
3118 3695 3400 3752 theoricen
3447 3713 3514 3750 eo

1927 3786 2032 3840 loci
2066 3787 2177 3856 pati
2208 3788 2335 3857 quis
2367 3803 2476 3841 non
2519 3789 2739 3856 poterit,
2773 3788 2866 3856 qui
2910 3804 3030 3842 eam
3075 3789 3147 3843 ita
3185 3789 3400 3844 deliniri
3442 3793 3511 3844 ab

1926 3875 2163 3938 Origene
2192 3881 2392 3934 novit:
2428 3879 2729 3950 lnspectiva
2770 3881 2988 3945 dicitur,
3036 3898 3142 3951 qua
3182 3885 3508 3952 supergressi

1925 3971 2157 4024 visibilia
2195 3970 2259 4025 de
2288 3971 2483 4025 divinis
2532 3971 2738 4042 aliquid
2765 3980 2814 4025 et
2856 3971 3153 4026 coelestibus
3185 3975 3510 4050 contempla-

1923 4082 2063 4130 mur,
2089 4082 2252 4136 eaque
2274 4065 2388 4118 sola
2414 4075 2583 4119 mente
2612 4066 2921 4119 intuemur?
2941 4064 3067 4120 Haec
3089 4066 3256 4136 igitur
3281 4068 3509 4122 omnino

1923 4155 2176 4226 Origenis
2206 4166 2355 4220 sunt,
2385 4166 2440 4212 et
2469 4174 2536 4211 ex
2573 4173 2638 4211 eo
2665 4158 2851 4211 hausit
2886 4155 3278 4228 Hieronymus.

1996 4250 2102 4307 Sed
2133 4251 2294 4318 idem,
2327 4251 2505 4320 inquit
2547 4249 2833 4314 Erasmus,
2871 4249 3037 4320 liquet
3083 4265 3147 4303 ex
3185 4252 3508 4319 interpreta-

1923 4345 2063 4398 tione
2116 4345 2338 4408 amoris,
2388 4343 2692 4403 charitatis,
2751 4340 3052 4395 dilectionis
3103 4351 3152 4395 et
3211 4343 3503 4422 cupidinis.

1921 4437 2145 4492 Minime
2175 4453 2324 4492 vero.
2359 4434 2477 4491 Non
2501 4435 2648 4490 enim
2689 4435 2884 4488 harum
2915 4444 3155 4504 quatuor
3179 4449 3376 4490 vocum
3415 4436 3504 4489 in-

1920 4531 2366 4599 terpretationem
2387 4529 2551 4582 tradit
2572 4537 2785 4593 auctor,
2817 4527 2911 4582 sed
2934 4543 3000 4582 ea
3032 4536 3245 4581 tantum
3279 4528 3506 4583 adhibet

207 4621 562 4690 probabilius
608 4634 675 4673 ex
723 4619 915 4674 eodem
968 4621 1173 4692 colligit
1222 4620 1473 4684 lltn-tius,
1527 4631 1810 4676 auctorem
1844 4637 1891 4693 ι)
1919 4622 2187 4690 interpres
2233 4622 2300 4675 ad
2349 4621 2704 4690 exprimenda
2735 4619 2848 4674 duo
2894 4620 3182 4685 vocabula,
3225 4636 3348 4690 quae
3397 4636 3499 4674 au-

209 4712 372 4781 bujus
411 4711 605 4780 operis
644 4726 768 4765 esse
801 4709 1115 4780 Origencm,
1150 4714 1295 4780 quod
1333 4713 1420 4766 hic
1451 4727 1561 4766 non
1611 4714 1813 4768 obscu-

209 4808 277 4860 ris
318 4807 515 4860 verbis
560 4804 816 4858 laudetur
843 4804 1092 4860 Platonis
1131 4805 1512 4876 Symposium,
1547 4808 1639 4861 ubi
1684 4808 1813 4877 περὶ

209 4900 458 4970 Ἔρωτος
497 4901 633 4969 agit,
662 4914 826 4967 quem
862 4900 1044 4968 ipsum
1077 4901 1277 4954 librum
1309 4902 1496 4955 laudat
1523 4901 1664 4956 idem
1690 4899 1814 4955 Ori-

203 5009 392 5060 genes.
414 5002 468 5045 et
494 4994 677 5046 locum
698 4995 765 5046 de
790 4993 1014 5057 Amore,
1045 4994 1295 5047 adversus
1323 4994 1534 5048 Celsum
1568 4993 1712 5047 libro
1736 5009 1808 5047 tv.

201 5086 351 5139 Adeo
412 5083 713 5139 infeliciter
773 5086 827 5139 in
888 5085 993 5140 hoc
1045 5097 1370 5156 argumento
1420 5095 1672 5141 versatus
1727 5097 1810 5141 est

202 5177 500 5233 Erasmus.

265 5273 470 5325 Mrlins
516 5271 802 5340 aliquanto
850 5271 997 5324 hanc
1047 5270 1416 5338 objectionem
1464 5279 1622 5338 urget
1661 5267 1810 5340 Ray-

203 5367 426 5418 naudus
461 5362 697 5417 Jesuita.
737 5361 993 5415 Latinum
1029 5379 1081 5414 se
1113 5372 1301 5414 auctor
1341 5363 1449 5427 ipse
1480 5361 1560 5414 bis
1592 5363 1808 5430 pro/ite-

206 5465 287 5508 tur
331 5473 496 5527 agens
545 5456 610 5508 de
644 5455 822 5525 logica
863 5457 918 5508 in
961 5453 1314 5524 philosophice
1359 5454 1640 5507 divisione.
1696 5454 1808 5507 Illic

205 5547 346 5599 enim
393 5547 598 5600 diserte
640 5543 824 5599 Latini
863 5544 1072 5599 Graecis
1100 5553 1478 5614 opponuntur.
1523 5543 1805 5599 Genet-ales

208 5640 530 5709 disciplinae,
570 5641 764 5709 quibus
808 5640 880 5691 ad
926 5655 1103 5692 rerum
1156 5639 1432 5692 scientiam
1477 5639 1801 5707 pervenitur,

213 5738 305 5783 tres
343 5744 465 5785 sunt
509 5750 642 5802 quas
675 5731 898 5802 (Graeci)
928 5731 1183 5794 ethicam,
1210 5731 1484 5801 physicam
1526 5740 1574 5784 et
1609 5732 1803 5784 theori-

215 5837 299 5874 cen
330 5824 764 5893 appellaverunt;
797 5824 918 5892 (nos
959 5823 1056 5876 has
1091 5823 1264 5876 dicere
1298 5839 1578 5892 possumus
1622 5838 1802 5875 mora-

225 5921 334 5984 lem,
360 5919 660 5973 naturalem
685 5929 734 5973 et
763 5916 1158 5988 inspectiraml.
1191 5914 1452 5972 Nonnulli
1479 5933 1604 5972 sane
1632 5915 1796 5986 (apud

1918 4725 2038 4769 ctor
2091 4716 2230 4768 inter
2275 4729 2332 4769 se
2378 4714 2614 4778 confert,
2671 4713 2850 4784 ἔρωτα
2901 4713 3109 4767 scilicet
3153 4723 3206 4765 et
3254 4712 3496 4782 ἀγάπην,

1916 4807 2093 4876 ἔρωτα
2133 4818 2316 4860 autem
2359 4788 2457 4859 aut
2499 4822 2753 4866 amorem,
2789 4815 2884 4859 aut
2921 4804 3243 4873 cupidinem,
3277 4804 3501 4874 ἀγάπην

1915 4909 2009 4953 aut
2037 4900 2392 4964 dilectionem,
2419 4909 2513 4953 aut
2545 4899 2866 4951 charitatem
2907 4896 3190 4952 transfert.
3217 4896 3498 4968 'Origenes

1913 4988 2134 5057 quidem
2180 4986 2476 5057 Scriptura:
2519 4989 2637 5041 loca
2675 5003 2772 5057 pro
2801 5001 2954 5042 more
2983 5003 3085 5043 suo
3117 4998 3494 5058 congesserat,

1913 5091 1974 5134 ut
2003 5079 2226 5152 ἀγάπην
2266 5081 2408 5135 idem
2451 5082 2763 5135 ostenderet
2809 5079 3174 5149 scriptoribus
3205 5079 3380 5134 sacris
3414 5080 3493 5134 si-

1910 5173 2190 5243 gniﬁcare,
2217 5173 2363 5242 quod
2392 5173 2533 5242 apud
2566 5173 2704 5227 alios
2727 5158 2886 5243 ἔρώς.
2910 5171 2991 5225 Ad
3021 5172 3136 5225 haec
3165 5180 3345 5226 autem
3374 5173 3494 5226 loca

1910 5265 2234 5334 explicanda
2274 5280 2497 5319 necesse
2536 5265 2727 5318 habuit
2755 5264 3023 5332 interpres
3054 5263 3310 5316 charitati
3357 5263 3496 5318 dile-

1909 5361 2131 5412 ctionem
2153 5358 2371 5421 addere,
2401 5359 2529 5426 quia
2562 5371 2704 5425 saepe
2731 5357 2954 5410 verbum
2998 5357 3220 5424 ἀγαπᾷν
3257 5371 3493 5425 usurpa-

1907 5453 1985 5506 vit
2028 5462 2240 5516 auctor,
2272 5451 2434 5520 quale
2463 5451 2518 5504 in
2569 5448 2778 5503 Latinis
2827 5449 3080 5501 charitati
3122 5463 3226 5501 non
3266 5462 3494 5517 respon-

1906 5545 2016 5599 det.
2045 5543 2169 5599 Haec
2196 5560 2262 5597 ex
2290 5544 2410 5612 ipso
2437 5543 2556 5596 loco
2582 5541 2717 5596 satis
2742 5539 3048 5596 luculenter
3071 5551 3358 5609 apparent.
3392 5539 3488 5600 Vi—

1906 5639 2060 5690 detur
2086 5646 2262 5689 autem
2306 5635 2434 5688 mihi
2473 5633 2613 5704 quod
2657 5633 2840 5687 divina
2875 5630 3155 5701 Scriptura
3192 5634 3365 5687 volens
3396 5650 3489 5688 ca-

1906 5747 2020 5784 vere
2053 5746 2114 5781 ne
2144 5729 2322 5797 lapsus
2353 5728 2548 5798 aliquis
2591 5725 2882 5796 legentibus
2915 5725 3010 5779 sub
3044 5728 3242 5782 amoris
3274 5728 3488 5783 nomine

1907 5832 2247 5887 nasceretur,
2291 5837 2384 5891 pro
2433 5818 2818 5889 inﬁrmioribus
2863 5819 3178 5892 quibusque,
3224 5836 3343 5874 eum
3393 5823 3484 5887 qui

1907 5916 2048 5990 apud
2070 5917 2325 5986 sapientes
2358 5915 2559 5985 swculi,
2585 5913 2795 5983 cupido,
2825 5929 2913 5966 seu
2950 5928 3101 5967 amor
3129 5913 3346 5981 dicitur,
3386 5915 3484 5967 ho-
