4078 6388
537 460 634 514 illi

1548 448 1604 502 S.
1647 444 1998 501 IGNATIUS.
2044 474 2107 482 -μ
2147 435 2683 492 PROLEGOMENA.

3686 428 3788 479 176

530 578 750 635 nestiori
794 572 1042 628 vocabulo
1088 571 1399 624 charitatem
1447 568 1523 620 vel
1556 566 1888 619 dilectione»:
1933 561 2104 614 nonii—
2134 566 2177 619 Α
2211 556 2370 625 plane
2419 569 2476 608 se
2524 560 2743 621 superet
2791 550 3071 619 Origenes.
3111 546 3294 599 Tertio
3339 559 3498 598 nemo
3547 558 3789 611 unquam

528 688 701 726 nasse.
752 668 902 722 Verbi
929 666 1101 736 gratia
1134 675 1188 717 ut
1217 662 1504 725 cumdixit
1529 660 1592 711 de
1623 658 1783 711 Isaac
1815 673 1830 708 :
1864 675 1881 705 ι
1919 654 1984 706 Et
2016 669 2108 705 ac-

530 768 674 836 cepit
727 760 1053 825 Rebeccam,
1105 768 1157 813 et
1206 758 1350 811 facta
1392 764 1477 809 est
1513 755 1563 809 ei
1608 769 1769 814 uxor,
1823 758 1876 804 et
1922 746 2112 801 dilexit

530 875 649 913 eam
682 857 725 920 ',
775 876 792 907 ι
842 855 1062 924 ἀγαπᾷν
1090 852 1311 919 di.igzre
1368 857 1513 901 recte
1545 847 1795 909 vertitur,
1838 851 1893 895 et
1923 840 2109 909 ἀγάπη

532 950 836 1019 antiquitus
872 962 978 1000 non
1023 945 1206 998 minus
1245 941 1459 994 dilectio
1503 953 1667 1008 quam
1703 936 1942 989 charitas
1991 930 2111 985 red—

532 1042 782 1096 debatur.
812 1038 1091 1093 Glossaria
1116 1047 1295 1089 vetera
1339 1049 1350 1083 :
1382 1032 1595 1083 dilectio
1619 1072 1631 1094 ,
1666 1028 1875 1097 ἁγὰπτγ
1900 1024 2110 1093 ἀγάπη,

534 1133 765 1184 dilectio.
797 1127 1169 1182 Tertullianus
1214 1123 1280 1176 de
1320 1122 1506 1191 agapis
1563 1127 1809 1171 veterum
1839 1112 2112 1168 Christia—

537 1240 733 1277 norum
772 1242 783 1276 :
813 1221 973 1275 Cazna
1002 1226 1182 1271 nostra
1214 1216 1278 1267 de
1306 1214 1511 1267 nomine
1546 1210 1803 1263 rationem
1826 1207 1908 1259 sui
1940 1214 2114 1257 osten-

536 1317 613 1367 dit
665 1330 683 1368 :
725 1313 780 1365 id
809 1318 1025 1364 vocatur
1053 1305 1190 1375 quod
1228 1301 1451 1357 dilectio
1475 1300 1613 1368 apud
1653 1295 1886 1349 Cra’cos.
1918 1291 1987 1345 Ut
2018 1307 2115 1343 au-

539 1418 645 1461 tem
679 1402 933 1457 charitati
975 1398 1333 1457 dilectionem,
1376 1394 1448 1446 ita
1494 1400 1549 1445 et
1598 1390 1770 1443 amori
1814 1386 2114 1455 cupidinem

540 1496 809 1565 adjunxit.
844 1491 1182 1546 Glossarium
1220 1496 1373 1539 vetus
1402 1500 1413 1536 :
1458 1484 1659 1554 Ἔρως,
1696 1495 1866 1542 amor,
1901 1474 2110 1545 cupido.

541 1588 697 1655 Quod
723 1594 849 1640 ante
875 1599 997 1636 eum
1025 1580 1225 1634 fecerat
1249 1576 1638 1644 Hieronymus,
1669 1569 1890 1624 homilia
1919 1569 2114 1636 prima,

540 1678 809 1750 spirituali
840 1675 1085 1744 cupidine
1117 1671 1193 1724 vel
1245 1684 1424 1722 amore
1453 1664 1793 1717 accendatur.
1852 1659 1975 1713 ΙΙωο
2020 1672 2117 1710 au—

542 1785 649 1827 tem
682 1781 740 1825 ut
763 1777 1040 1823 auctorem
1074 1762 1328 1815 Latinum
1360 1758 1582 1811 minime
1606 1754 1861 1823 produnt,
1890 1750 1962 1803 ita
1994 1746 2118 1802 Ori-

544 1879 734 1934 genem
783 1861 959 1929 ipsum
1006 1855 1188 1925 potius
1240 1859 1521 1905 auctorem
1580 1846 1748 1898 fuisse
1794 1842 2113 1905 ostendunt,

2219 649 2377 701 toties
2406 662 2568 715 opera
2598 662 2694 698 sua
2723 644 2874 713 prius
2900 640 3097 709 scripta
3124 639 3384 702 laudavit,
3416 653 3478 689 ac
3500 636 3791 704 Origenes.

2214 740 2442 805 Quoties
2474 738 2618 789 enim
2653 735 2949 801 Scriptura:
2990 732 3170 785 locum
3203 731 3381 784 obiter
3409 730 3562 793 citat,
3596 728 3663 780 ad
3694 742 3795 780 ex-

2214 828 2514 897 positiones
2537 840 2666 879 suas
2694 824 2952 877 lectorem
2976 821 3228 889 ablegare
3252 820 3409 875 solet.
3432 819 3576 872 Idem
3606 818 3661 870 in
3688 817 3798 870 hoc

2214 935 2379 991 opere
2429 919 2743 987 frequenter
2801 916 3092 986 pra-stitit;
3146 914 3279 969 citat
3331 913 3478 967 enim
3537 912 3802 966 homilias

2215 1029 2344 1067 suas
2374 1014 2426 1065 in
2454 1010 2719 1073 Exedunt,
2742 1018 2796 1063 et
2820 1008 3035 1063 Judices
3062 1006 3251 1072 semel,
3277 1005 3331 1059 in
3361 1004 3625 1059 Numeros
3651 1020 3798 1075 qua-

2215 1114 2335 1167 ter;
2370 1105 2765 1174 explicationes
2813 1103 2867 1155 in
2922 1101 3236 1162 Leriticum,
3267 1106 3321 1153 et
3364 1099 3799 1154 commentarios

2216 1197 2270 1249 in
2306 1194 2510 1249 Novum
2544 1195 2954 1248 Testamentum.
2989 1191 3218 1257 Quarto,
3266 1188 3487 1259 Origeni
3517 1189 3687 1243 moris
3711 1197 3803 1242 est

2216 1289 2432 1358 propria
2462 1288 2682 1341 nomina
2711 1286 2976 1340 llebraica
3008 1283 3379 1353 interpretari,
3410 1292 3463 1336 et
3506 1298 3573 1336 ex
3600 1297 3802 1335 eorum

2217 1380 2764 1450 interpretationibus
2822 1393 3019 1433 sensus
3078 1375 3447 1445 tropologicos
3496 1373 3800 1443 expiscari.

2217 1473 2419 1527 Nullibi
2454 1471 2797 1541 frequentius
2828 1485 2991 1538 quam
3025 1469 3080 1521 in
3111 1468 3199 1521 his
3222 1468 3386 1521 tomis
3417 1467 3521 1520 hoc
3546 1466 3697 1519 facit.
3739 1464 3804 1520 In

2219 1566 2445 1634 prologo
2492 1563 2693 1632 inquit,
2741 1560 2913 1613 Israel
2951 1560 3012 1612 ob
3046 1561 3344 1613 divinorum
3394 1557 3807 1626 contemplatio-

2221 1672 2335 1708 nem
2376 1654 2675 1707 nominatus
2702 1661 2801 1705 est.
2836 1649 3051 1709 Zaretlt,
3084 1648 3258 1701 aliena
3291 1647 3588 1707 descensio;
3622 1645 3805 1698 Deba-

2222 1748 2341 1811 ralt,
2371 1748 2487 1815 apis
2533 1750 2614 1816 (ut
2670 1742 2860 1797 homil.
2890 1742 2922 1795 5
2960 1743 3013 1796 in
3043 1740 3323 1806 Iudices);
3380 1738 3610 1801 Baraclt,
3643 1754 3808 1790 coru-

2221 1842 2389 1895 scatio
2421 1842 2503 1901 (ut
2526 1838 2713 1892 eadem
2746 1836 2946 1903 hom.),
2968 1832 3535 1901 Salomon,paciﬁcus.
3570 1831 3809 1885 llomilia

560 1902 734 1917 νην...
783 1902 795 1913 .
841 1902 959 1913 νυ...
1008 1902 1186 1925 ,μνη
1244 1902 1339 1905 μη-
2100 1902 2108 1905 ν
2905 1902 2909 1903 ί

544 1902 636 2025 qui
680 1955 732 2005 in
768 1902 987 2019 scriptis
1025 1948 1131 2001 illis
1160 1959 1283 2013 qua:
1331 1941 1619 2001 habemus,
1650 1937 1828 2006 ἔρωτα
1872 1936 1925 1987 in
1958 1932 2121 1987 rebus
2153 1902 2194 1956 Β
2224 1934 2424 2003 prima,
2456 1930 2628 1993 Eden,
2657 1929 2897 1991 deliciw;
2926 1926 3188 1989 secunda,
3221 1924 3415 1989 Cedar,
3454 1925 3693 1994 nigredo,
3729 1924 3812 1978 vet

542 2024 745 2098 divinis
777 2052 887 2095 tam
937 2039 1249 2107 frequenter
1283 2041 1513 2100 usurpat
1568 2048 1580 2083 :
1628 2038 1680 2083 et
1723 2042 1885 2097 quem
1927 2026 1979 2078 in
2025 2024 2127 2077 hac

546 2142 662 2208 ipsa
700 2153 774 2201 re,
809 2135 885 2189 uti
917 2134 1075 2195 solet,
1108 2130 1356 2183 imitatur
1397 2125 1453 2178 S.
1485 2124 1784 2193 Gregorius
1822 2119 2123 2191 Nyssenus,

545 2234 602 2285 in
627 2230 853 2284 Cantica
898 2223 1121 2280 homilia
1167 2222 1388 2291 prima:
1452 2215 1703 2269 Ἐπειδὰν
1747 2212 1923 2265 τοίνυν
1970 2208 2127 2277 σοφία

546 2322 694 2375 ἐστὶν
716 2323 749 2390 ἡ
779 2317 1034 2379 λαλοῦσα,
1062 2314 1345 2382 ἁγάπησον
1367 2311 1489 2363 ὅσον
1508 2307 1733 2361 δύνασαι
1760 2304 1817 2369 ἐξ
1838 2304 1966 2373 ὅλης
1990 2318 2128 2370 καρ-

546 2415 663 2476 δίας
711 2430 770 2465 τε
820 2412 913 2464 καὶ
958 2408 1275 2475 δυνάμεως,
1325 2401 1665 2471 ὲπιΟύμησον
1717 2398 1840 2449 ὅσον
1895 2396 2123 2463 χωρεῖς·

548 2504 880 2577 προστίθημι
922 2500 979 2553 δὲ
1024 2496 1242 2569 Οαρῤὦν
1271 2497 1383 2556 τοῖς
1415 2494 1622 2563 ῥήμασι
1660 2487 1873 2548 τούτοις
1920 2485 2013 2537 καὶ
2047 2483 2129 2545 τὸ,

548 2598 829 2666 ὲράσθητι.
861 2593 994 2647 Cum
1025 2608 1147 2660 ergo
1194 2590 1262 2641 sit
1290 2602 1407 2655 qua:
1454 2584 1689 2653 loquitur
1719 2578 2004 2646 sapientia,
2044 2577 2131 2627 di-

551 2689 651 2757 lige
680 2693 937 2756 quantum
963 2690 1131 2750 potes,
1178 2693 1243 2731 ea:
1275 2684 1383 2730 toto
1434 2672 1592 2727 corde
1626 2680 1673 2724 et
1720 2670 1845 2722 totis
1889 2666 2085 2720 viribus
2113 2682 2131 2727 ;

552 2778 862 2847 concupisce
905 2780 1162 2843 quantum
1196 2777 1341 2837 potes
1374 2779 1595 2832 capere:
1644 2762 1782 2815 addo
1825 2769 1998 2814 autem
2031 2774 2131 2809 au-

551 2871 735 2923 dacter
760 2867 840 2919 his
864 2879 1065 2936 quoque
1095 2860 1261 2915 verbis
1294 2872 1312 2911 :
1341 2859 1502 2911 Ama.
1530 2854 1699 2909 Plane
1716 2862 1773 2908 ut
1804 2854 1859 2907 in
1884 2849 2135 2905 versione

554 2958 981 3029 llieronymiana
1012 2953 1253 3008 homiliae
1293 2949 1485 3020 prima:
1522 2945 1796 3016 Origenis,
1848 2951 1896 2996 et
1931 2952 1988 2995 ut
2031 2939 2133 2993 ali-

553 3052 681 3123 quid
730 3049 1012 3103 audentius
1055 3046 1253 3109 dicam,
1298 3038 1531 3109 spiritali
1580 3038 1823 3107 cupidine
1864 3042 1912 3088 et
1955 3047 2136 3086 amore

556 3143 896 3199 accendatur.

2225 2025 2544 2079 obscuritas.
2604 2022 2962 2085 Hierusalem,
2997 2020 3124 2073 visio
3154 2019 3297 2088 pacis
3336 2017 3417 2088 (ut
3472 2018 3696 2071 homilia
3739 2018 3809 2071 21

2225 2119 2279 2171 in
2318 2117 2565 2181 Josuant,
2594 2117 2657 2169 de
2698 2114 3000 2168 Jerusalem
3042 2113 3340 2181 frequenter
3368 2112 3622 2174 diximus,
3667 2112 3813 2181 quod

2226 2211 2367 2265 visio
2409 2208 2561 2279 pacis
2605 2207 3035 2276 interpretatur).
3087 2205 3449 2269 Abdimelech,
3501 2220 3682 2257 servus
3731 2221 3820 2257 re-

2230 2317 2389 2371 gunt;
2441 2299 2700 2360 Mambre,
2742 2299 2909 2360 visio;
2944 2296 3233 2358 cherubim,
3267 2297 3538 2366 plenitudo
3577 2298 3821 2350 scientia!

2231 2393 2328 2446 Dei
2362 2392 2520 2463 (utin
2556 2391 2893 2445 Ezechielem
2934 2389 3157 2442 homilia
3190 2388 3271 2453 2).
3316 2387 3584 2457 Engaddi,
3627 2388 3819 2442 oculus

2233 2485 2535 2537 tentationis
2562 2500 2690 2538 mea:
2722 2484 2804 2549 (ut
2834 2482 2886 2535 in
2929 2481 3156 2535 homilia
3185 2480 3219 2534 2
3251 2481 3305 2533 i‘n
3349 2480 3559 2534 Cantic.
3590 2482 3658 2534 ab
3690 2479 3822 2534 llie-

2180 2582 2187 2589 ”
2232 2592 2463 2648 ronymo
2494 2578 2712 2645 versa);
2745 2578 2923 2642 tertia,
2954 2575 3157 2640 Bethel,
3190 2573 3380 2628 domus
3409 2574 3522 2627 Dei.
3551 2572 3822 2643 Quisquis

2234 2679 2413 2721 autem
2446 2668 2582 2721 mira
2625 2668 2712 2719 illa
2746 2670 3105 2732 theoremata,
3135 2683 3256 2736 qua:
3292 2684 3357 2721 ex
3391 2667 3458 2721 iis
3492 2667 3824 2735 interpreta—

2234 2761 2476 2814 tionibus
2507 2760 2726 2813 deducit
2774 2769 2986 2825 auctor,
3034 2759 3400 2829 perpenderit,
3435 2760 3638 2812 nemini
3675 2768 3827 2812 certe

2235 2866 2597 2925 przeterquam
2649 2851 2866 2923 Origeni
2917 2854 3083 2907 hosce
3123 2853 3548 2907 commentarios
3594 2852 3820 2906 tribuet.

2235 2947 2458 3013 Quinto,
2488 2946 2789 3016 peculiares
2814 2945 3062 3015 quatdam
3096 2945 3382 3015 Opiniones
3407 2944 3627 3015 Origeni
3661 2947 3824 2998 attri-

2235 3038 2381 3092 buta:
2411 3045 2559 3097 sunt,
2589 3036 2891 3106 praisertim
2917 3036 2982 3089 de
3011 3035 3191 3089 anima
3224 3046 3275 3090 et
3302 3036 3532 3105 angelis,
3564 3051 3593 3088 a
3622 3036 3827 3104 quibus

2237 3130 2511 3200 prmcipue
2543 3128 2724 3183 Latini
2759 3129 3148 3183 abhorrebant.
3178 3127 3271 3183 lla:
3307 3140 3487 3183 autem
3535 3128 3741 3197 ubique
3771 3128 3825 3182 in

628 3236 784 3303 Quod
818 3242 999 3288 autem
1037 3232 1091 3284 in
1120 3226 1400 3283 nonnullis
1429 3224 1586 3279 libris
1613 3224 1717 3277 hoc
1747 3236 1885 3291 opus
1910 3220 1962 3274 in
1988 3219 2133 3273 Call-
2162 3234 2207 3296 ο
2239 3224 2342 3277 hoc
2363 3223 2630 3292 opusculo
2664 3234 3061 3292 proponuntur.
3090 3220 3333 3290 Denique
3361 3220 3622 3291 Origenes
3654 3221 3709 3274 in
3745 3231 3829 3276 to-

557 3329 727 3383 ticum
789 3324 1122 3393 Hieronymo
1171 3319 1484 3381 tribuatur,
1538 3324 1593 3370 et
1641 3330 1671 3369 a
1725 3311 2035 3365 Lombardo
2084 3319 2138 3362 et

557 3419 791 3481 Thema,
824 3423 1018 3470 harum
1070 3426 1252 3465 rerum
1284 3406 1733 3478 imperitissimis,
1764 3406 1868 3458 sub
1916 3401 2137 3456 nomine

557 3506 837 3563 Ambrosii
867 3505 1087 3569 citetur,
1135 3516 1241 3555 non
1284 3498 1411 3554 inde
1458 3497 1712 3562 etIicitur,
1748 3495 1831 3549 vel
1876 3494 2023 3546 hunc
2055 3491 2137 3543 vel

559 3602 713 3655 illum
757 3596 923 3666 hujus
965 3593 1146 3663 operis
1194 3599 1478 3645 auctorem
1532 3587 1726 3652 fuisse,
1783 3600 1907 3639 cum
1958 3583 2138 3637 neutri

559 3693 694 3749 illud
722 3698 1031 3759 competere
1075 3702 1235 3755 posse
1266 3698 1464 3739 omnes
1496 3681 1693 3737 sciant.
1735 3677 1841 3733 Sed
1891 3677 2015 3731 inde
2050 3678 2139 3744 ju-

567 3786 702 3841 stior
730 3780 970 3851 suspicio
996 3791 1099 3842 est,
1126 3792 1246 3832 esse
1293 3776 1423 3831 illud
1455 3773 1638 3844 potius
1670 3771 1843 3841 ipsius
1866 3768 2138 3839 Origenis,

567 3878 698 3945 quia
731 3871 1055 3927 Ambrosius
1096 3879 1149 3923 et
1196 3868 1561 3939 Hieronymus
1590 3864 1843 3935 Origenis
1880 3863 2049 3917 multa
2085 3860 2137 3913 in

568 3966 824 4020 Latinum
857 3975 1163 4016 sermonem
1200 3964 1604 4013 converterunt.

634 4055 779 4109 Nihil
805 4055 967 4123 igitur
1008 4052 1189 4105 valent
1222 4052 1463 4104 rationes
1510 4058 1701 4103 contra
1739 4044 2030 4114 Origenem
2059 4042 2139 4095 al-

564 4149 725 4211 latae;
761 4155 816 4200 at
847 4145 951 4198 illm
975 4160 1115 4214 quas
1155 4158 1255 4213 pro
1298 4157 1362 4195 eo
1392 4140 1707 4205 aﬂeremus,
1743 4146 1872 4191 sunt
1912 4134 2141 4188 validis-

567 4244 741 4297 simas.
792 4238 1144 4306 Quaecunque
1174 4234 1320 4288 enim
1368 4233 1434 4286 de
1479 4246 1643 4300 opere
1691 4228 1878 4297 aliquo
1922 4226 2143 4295 Origeni

568 4330 892 4386 ascribendo
922 4328 1029 4383 dici
1056 4333 1308 4396 possunt,
1343 4322 1472 4377 huic
1496 4321 1549 4374 in
1579 4319 1773 4388 primis
1802 4323 2141 4385 competunt.

566 4421 755 4491 Neque
782 4420 1009 4481 mirum,
1052 4432 1198 4481 cum,
1238 4423 1297 4468 ut
1342 4414 1473 4466 olim
1522 4409 1835 4465 observavit
1884 4406 2145 4475 Hierony-

569 4530 713 4579 mus,
746 4512 994 4583 Origenes
1039 4526 1159 4562 cum
1201 4509 1254 4559 in
1283 4506 1486 4559 caeteris
1536 4502 1687 4555 libris
1729 4517 1906 4553 omnes
1940 4500 2145 4563 vicerit,

2240 3315 2345 3369 mis
2369 3314 2507 3377 suis,
2542 3313 2636 3368 ubi
2671 3313 2735 3367 ad
2770 3314 3060 3385 mysticum
3094 3330 3316 3368 sensum
3352 3313 3741 3383 explicandum
3771 3328 3831 3367 se

2239 3406 2495 3477 applicat,
2530 3422 2671 3474 saepe
2713 3406 2969 3475 precibus
3015 3406 3081 3460 ad
3127 3404 3298 3460 Deum
3344 3420 3403 3460 se
3441 3405 3736 3469 convertit,
3773 3414 3833 3459 ut

2239 3499 2413 3569 gratia
2443 3498 2537 3554 Dei
2568 3499 2873 3554 illustratus
2898 3499 2987 3553 illa
3012 3515 3229 3569 magna,
3250 3506 3309 3552 ut
3340 3498 3595 3568 appellat,
3624 3508 3832 3569 myste—

2240 3592 2321 3644 ria
2351 3590 2666 3659 perspiciat.
2712 3590 2867 3655 Quod
2907 3590 2998 3643 hic
3039 3591 3238 3659 sa'pius
3273 3590 3351 3644 ﬁt.
3401 3589 3458 3644 Si
3494 3590 3661 3660 igitur
3702 3590 3831 3645 libri

2241 3686 2550 3746 materiam,
2583 3681 2919 3751 modumque
2954 3682 3220 3735 traClandi
3273 3690 3607 3751 spectemus,
3640 3684 3832 3736 omnia

2243 3770 2531 3839 Origenem
2564 3773 2741 3825 solum
2773 3773 3011 3841 sapiunt.

2314 3864 2583 3919 Prazterea
2624 3874 2754 3919 sunt
2795 3874 2849 3918 et
2889 3867 2994 3919 alia
3022 3881 3144 3935 qua:
3190 3865 3357 3922 hosce
3399 3869 3835 3922 commentarios

2249 3975 2355 4013 non
2402 3960 2627 4014 alterius
2672 3975 2792 4015 esse
2832 3976 2995 4030 quam
3042 3960 3295 4031 Origenis
3336 3963 3565 4017 omnino
3596 3966 3831 4019 convin-

2246 4059 2396 4104 cunt.
2432 4048 2680 4104 llomilne
2711 4051 2832 4104 dua)
2875 4051 3185 4106 Adamantii
3222 4054 3276 4107 in
3324 4053 3612 4108 Canticum
3648 4056 3833 4109 cantio

2248 4157 2439 4194 eorum
2472 4151 2599 4194 sunt
2627 4142 2695 4195 ab
2734 4139 3069 4211 Hieronymo
3105 4142 3333 4197 ﬁdeliter
3370 4160 3563 4209 versae,
3593 4153 3647 4199 et
3674 4161 3835 4215 papae

2250 4233 2485 4287 Damaso
2515 4234 2799 4299 dedicatzn,
2835 4245 2997 4304 atque
3037 4251 3064 4289 a
3113 4234 3326 4289 Rullino
3358 4238 3574 4307 agnita}.
3623 4236 3830 4293 Earum

2250 4335 2432 4380 autem
2484 4329 2767 4381 sententiae
2819 4329 3139 4383 consimiles
3192 4338 3243 4382 et
3297 4345 3573 4399 germanze
3631 4331 3832 4385 harum

2253 4428 2381 4472 sunt
2405 4435 2525 4487 quae
2556 4420 2607 4473 in
2640 4410 2742 4475 hoc
2774 4437 2939 4490 opere
2963 4422 3335 4487 continentur,
3362 4430 3420 4476 ut
3448 4423 3503 4475 in
3530 4422 3719 4477 eadem
3748 4424 3834 4477 in-

2253 4510 2389 4562 cude
2435 4507 2728 4563 formatum
2779 4526 2899 4565 esse
2943 4520 3239 4580 utrumque
3285 4522 3584 4581 appareat;
3615 4512 3694 4566 uti
3727 4513 3833 4567 ob—

570 4608 625 4659 in
669 4603 892 4659 Cantica
940 4600 1268 4653 canticorum
1314 4598 1423 4665 ipse
1474 4611 1528 4647 se
1572 4594 1717 4646 vicit.
1768 4590 1905 4645 Nam
1944 4591 2132 4661 primo

2253 4600 2493 4653 servavit
2530 4600 2884 4653 doctissimus
2924 4599 3172 4664 lluetius,
3204 4601 3298 4670 qui
3341 4617 3449 4655 non
3491 4616 3663 4670 pauca
3708 4602 3833 4656 loca

570 4700 856 4751 character
886 4692 1338 4763 Origenianorum
1373 4700 1527 4741 vetus
1567 4696 1671 4747 est,
1720 4686 1970 4754 pluribus
2012 4701 2146 4740 mss.

572 4794 627 4845 in
658 4788 887 4857 collegio
926 4785 982 4839 S.
1011 4784 1156 4839 Petri
1188 4782 1329 4852 apud
1361 4778 1842 4848 Cantabrigienses
1872 4778 2147 4847 praalixus,

571 4880 903 4950 cognoscitur
938 4874 1181 4943 Origenis
1222 4888 1393 4926 sermo
1437 4886 1527 4938 per
1563 4870 1943 4922 auctoritatum
1979 4868 2150 4921 abun-

572 4970 840 5023 dantiam.
878 4965 1081 5019 Nullibi
1114 4973 1297 5017 autem
1345 4961 1691 5015 manifestior
1732 4960 1820 5014 hic
1868 4960 2152 5014 character

574 5076 742 5130 quam
774 5060 829 5112 in
870 5058 975 5111 hoc
1009 5071 1172 5125 opere
1202 5074 1215 5108 :
1252 5056 1305 5108 in
1340 5069 1450 5123 quo
1489 5062 1682 5107 auctor
1708 5067 1924 5120 semper
1957 5067 2151 5105 excur-

578 5152 671 5213 rit,
712 5157 767 5202 et
802 5148 919 5201 loca
970 5146 1028 5201 S.
1077 5143 1373 5213 Scriptura:
1414 5144 1778 5212 undecunque
1814 5142 2059 5208 adducit,
2099 5152 2155 5197 et

575 5242 643 5297 ad
676 5239 1017 5309 propositum
1048 5251 1208 5290 suum
1250 5236 1435 5289 trahit.
1491 5232 1768 5300 Secundo,
1817 5235 2150 5303 tropologica

573 5333 780 5400 ubique
804 5337 1048 5384 sectatur
1068 5326 1352 5398 Origenes,
1376 5328 1691 5383 notantibus
1718 5327 1974 5381 omnibus
1995 5326 2153 5381 Chri-

573 5425 795 5490 stianis,
824 5423 943 5492 ipso
965 5423 1129 5477 etiam
1161 5422 1485 5493 Porphyrlo.
1512 5419 1649 5475 Tres
1680 5430 1860 5474 autem
1888 5427 2150 5489 perpetuo

571 5532 774 5571 sensus
812 5516 869 5569 in
898 5523 1013 5569 toto
1051 5517 1154 5570 hoc
1191 5530 1355 5585 opere
1396 5514 1768 5583 persequitur,
1807 5512 2151 5577 historicum,

572 5607 994 5678 tropologicum,
1047 5610 1441 5677 anagogicum;
1495 5621 1673 5676 neque
1718 5606 1875 5659 aliter
1928 5603 2155 5671 exponit

573 5702 790 5771 reliqua
818 5701 1113 5772 Scriptura:
1142 5701 1260 5756 loca
1296 5716 1417 5771 quae
1455 5700 1680 5754 adducit
1716 5698 1890 5752 obiter
1929 5720 1937 5751 :
1976 5706 2034 5750 ιιι
2062 5696 2152 5750 hic

652 5881 673 5914 ³
703 5881 840 5937 Gen.
872 5899 1021 5950 xxrv,
1058 5882 1143 5936 67.

2255 4692 2551 4761 congessit,
2584 4702 2632 4745 et
2672 4692 2844 4745 tnulto
2876 4693 3031 4760 plura
3063 4708 3360 4761 congerere
3387 4696 3679 4762 potuisset.
3720 4693 3832 4748 Sed

2254 4798 2474 4837 onmem
2503 4784 2823 4852 scrupulum
2858 4785 3002 4838 tollit
3032 4785 3367 4839 luculentum
3399 4784 3653 4856 Origenis
3711 4784 3834 4837 ira-

2255 4878 2713 4944 gmentum,quod
2746 4873 2933 4929 Graece
2976 4875 3277 4928 etiamnum
3322 4875 3389 4929 ad
3434 4876 3594 4929 tinem
3648 4872 3839 4927 Philo-

2256 4968 2408 5023 calite
2436 4976 2636 5032 exstat,
2669 4969 2730 5019 ὲκ
2764 4965 2857 5018 τοῦ
2898 4966 2941 5034 β’
2983 4967 3151 5035 τόμου
3190 4966 3296 5019 τῶν
3336 4968 3416 5029 εἰς
3440 4960 3699 5036 τὺτᾼσμα
3724 4966 3839 5019 τῶν

2254 5058 2533 5127 ᾀσμάτων,
2567 5074 2629 5111 ca:
2655 5060 2882 5113 secundo
2909 5072 3047 5113 tonio
3078 5058 3577 5111 commentariorum
3600 5058 3653 5110 in
3683 5056 3839 5110 Can-

2256 5149 2416 5201 ticum
2479 5152 2810 5203 canticorum
2856 5152 3190 5220 decerptum.
3253 5148 3392 5204 lluic
3440 5148 3587 5202 enim
3639 5147 3841 5202 Grazco

2255 5239 2563 5310 fragmento
2593 5243 2753 5311 plane
2796 5242 3128 5312 respondent
3164 5240 3355 5294 Latina
3400 5254 3522 5309 quze
3566 5238 3841 5293 habemus

2255 5333 2309 5386 in
2355 5334 2518 5402 hujus
2545 5335 2723 5403 operis
2761 5334 2983 5387 homilia
3022 5332 3285 5387 secunda.
3318 5330 3470 5385 Licet
3502 5330 3648 5383 enim
3684 5332 3841 5399 prior

2256 5424 2548 5494 fragmeuti
2593 5441 2720 5495 pars
2764 5424 2993 5479 liberius
3035 5425 3150 5479 illic
3188 5432 3519 5493 experiatur,
3558 5423 3839 5491 posterior

2256 5529 2435 5571 tamen
2484 5518 2730 5586 pressius
2767 5517 3011 5571 redditur
3061 5536 3073 5570 :
3120 5525 3173 5569 et
3218 5517 3273 5569 in
3317 5515 3434 5585 ipsa
3470 5515 3638 5584 priori
3679 5526 3838 5585 parte

2256 5609 2347 5663 illa
2376 5609 2662 5679 lragmenti
2688 5610 2874 5675 verba,
2902 5607 3042 5662 οὕτω
3077 5609 3134 5663 δὲ
3166 5609 3261 5662 καὶ
3298 5610 3505 5681 μήποτε
3540 5608 3840 5679 σκληρύνει

2256 5702 2458 5773 Κύριος
2492 5701 2587 5773 τὴν
2628 5700 2852 5773 καρδίαν
2886 5702 3119 5772 Φαραώ,
3161 5701 3227 5757 ab
3263 5701 3355 5756 illo
3400 5711 3581 5757 vetere
3632 5702 3839 5757 melius
