4078 6396
329 391 434 449 ΥΠ

1092 391 1144 448 J.
1188 390 1559 448 PEARSONH
1598 386 1918 445 ἮΝΒΙΟΙᾹΞ
1960 385 2376 442 ΙΟΝΔΤΙᾹΝΑΞ.
2415 415 2483 426 -
2514 384 2692 440 PARS
2726 383 2765 437 l.

3513 383 3616 439 178

322 521 692 579 exponuntur
722 527 887 582 quam
911 527 942 565 a
977 510 1184 566 Tarino
1223 527 1431 580 nupera
1462 513 1779 580 interprete.
1819 506 1929 561 Ta—
1961 512 2004 568 Α
2036 506 2162 560 dam
2205 505 2375 560 fuisse
2425 511 2695 559 coactum.
2746 501 3196 571 Transcripserat
3239 501 3385 556 hunc
3434 501 3614 568 ipsum

326 603 490 659 riuus
525 604 600 658 ita
639 605 840 659 vertit:
886 602 976 657 Ita
1001 621 1273 676 nunquam
1301 603 1563 657 Dominus
1594 619 1684 656 cor
1706 601 1926 656 indurat

327 695 666 760 Pharaonis,
706 697 854 766 quod
894 712 924 751 a
970 706 1154 752 mente
1199 695 1515 749 Adamantii
1550 694 1790 748 alienum
1823 702 1926 748 est.

327 783 502 840 Vetus
537 786 837 856 interpres,
875 787 1166 840 secundum
1205 787 1317 840 [nec
1345 803 1469 855 ergo
1498 786 1728 854 fortasse
1757 793 1806 838 et
1845 786 1929 837 in-

326 878 559 931 durasse
582 879 789 932 dicitur
816 878 960 933 Deus
993 896 1085 932 car
1114 879 1439 932 Pharaonis.
1471 877 1635 932 Recte
1667 897 1681 931 :
1721 879 1930 948 μήποτε

327 971 506 1038 enim,
541 987 654 1025 vox
686 969 910 1042 Origeui
939 971 1245 1042 smpissime
1283 980 1572 1040 usurpata,
1608 985 1718 1023 non
1755 970 1931 1039 signi-

327 1061 461 1117 ﬁcat
485 1078 785 1134 nunquam,
815 1062 911 1118 sed
941 1063 1168 1132 fortasse
1191 1078 1210 1116 :
1255 1062 1359 1118 sub
1390 1077 1454 1116 ea
1491 1062 1638 1116 enim
1674 1062 1931 1132 loquendi

330 1152 579 1207 formula
638 1153 1019 1223 expositiones
1068 1169 1200 1208 suas
1257 1153 1576 1207 dubitanter
1627 1167 1933 1222 proponere
1976 1140 1979 1142 ’

329 1246 542 1316 ubique
568 1245 683 1302 fere
716 1247 858 1301 solet
884 1245 1272 1301 Adamantius.

401 1336 799 1392 Certissimum
833 1339 1002 1409 igitur
1031 1347 1116 1393 est
1157 1338 1291 1392 illud
1349 1353 1489 1408 opus
1526 1338 1582 1393 in
1620 1336 1930 1402 Canticum,

326 1445 397 1483 ex
455 1446 571 1500 quo
613 1430 946 1485 sententiam
1000 1430 1490 1499 transcripsimus,
1569 1437 1624 1484 et
1679 1430 1929 1486 testimo-

331 1523 488 1576 nium
528 1538 633 1592 pro
668 1521 882 1594 lgnatio
917 1533 1108 1577 nostro
1159 1523 1534 1586 adhibuimus,
1587 1539 1709 1578 esse
1756 1523 1932 1593 ipsius

329 1611 614 1681 Origenis,
669 1629 782 1666 non
821 1611 1002 1666 Latini
1057 1612 1292 1682 alicujus
1340 1612 1604 1667 auctoris.
1662 1611 1818 1679 Quod
1875 1620 1934 1666 ut

330 1704 519 1759 adhuc
585 1703 937 1760 manifestius
1002 1714 1279 1774 appareat,
1349 1705 1493 1759 dabo
1533 1705 1702 1759 etiam
1767 1705 1933 1758 inter-

333 1810 586 1868 pretem;
621 1814 785 1868 quem
831 1797 1108 1852 Bullinum
1148 1813 1270 1852 esse
1310 1814 1523 1862 assero,
1564 1813 1675 1852 non
1719 1807 1929 1871 tantum

330 1889 702 1959 coniecturis,
746 1906 887 1960 quas
936 1889 1165 1944 l-luetius
1189 1890 1477 1960 amplexus
1501 1900 1604 1956 cst,
1629 1903 1931 1961 permotus,
1965 1875 2008 1928 Β

332 1983 433 2038 sed
461 1983 631 2041 etiam
663 1983 864 2038 idoneo
889 1983 1208 2039 testimonio
1240 1983 1521 2049 sull‘ultus,
1553 1985 1702 2053 quod
1730 1985 1935 2054 praebet

331 2075 730 2139 Cassiodorus,
767 2076 858 2146 qui
897 2084 1117 2129 centum
1152 2084 1276 2145 post
1314 2073 1513 2129 Bullini
1550 2085 1785 2130 mortem
1838 2093 1936 2130 an—

333 2167 420 2223 nis
441 2168 613 2227 vixit.
645 2166 696 2223 ls
727 2169 899 2233 enim,
927 2169 1024 2222 lib.
1054 2167 1133 2223 De
1160 2169 1327 2222 divin.
1360 2169 1511 2232 lect.,
1557 2183 1680 2239 cap.
1720 2167 1931 2238 quinto,

331 2263 452 2316 haec
478 2261 650 2316 habet
677 2280 691 2318 :
733 2259 798 2315 In
825 2259 1050 2315 Cantica
1077 2263 1408 2316 canticorum
1449 2261 1659 2316 duabus
1701 2261 1935 2316 homiliis

329 2356 726 2425 expositionem
766 2351 1014 2424 Origenis
1040 2355 1178 2407 idem
1205 2353 1264 2410 S.
1299 2353 1682 2424 Hieronymus,
1727 2352 1936 2407 Latina:

330 2447 537 2516 linguis
569 2444 960 2513 multiplicator
988 2444 1252 2514 egregius,
1293 2461 1391 2498 sua
1419 2443 1591 2511 nobis,
1621 2453 1681 2498 ut
1712 2460 1936 2497 consue-

333 2541 429 2604 rit,
460 2537 732 2610 probabili
764 2536 1116 2592 translatione
1144 2539 1440 2608 prospexit.
1467 2542 1612 2604 Quas
1642 2539 1766 2592 item
1802 2537 1936 2608 Ruf-

331 2633 506 2699 ]inus,
541 2632 804 2701 interpres
845 2627 1330 2698 eloquentissimus,
1363 2628 1587 2698 adjectis
1616 2629 1935 2700 quibusdam

325 2720 491 2786 locis,
520 2736 689 2790 usque
725 2719 794 2772 ad
822 2719 959 2772 illud
998 2729 1322 2789 prteceptum
1347 2719 1489 2790 quod
1517 2719 1595 2776 ait
1625 2737 1646 2773 :
1688 2741 1706 2772 ε
1745 2718 1936 2790 Capite

332 2813 500 2867 nobis
543 2813 743 2882 vulpes
777 2812 1005 2882 pusillas
1032 2813 1466 2867 exterminantes
1498 2813 1688 2868 vineas
1709 2813 1752 2878 θ,
1783 2832 1803 2865 ›
1839 2815 1935 2868 tri-

335 2905 435 2959 bus
463 2905 626 2958 libris
664 2903 830 2956 latius
863 2902 1172 2972 explicavit.
1209 2902 1476 2969 Quamvis
1514 2905 1662 2958 enim
1693 2904 1807 2959 haec
1839 2905 1936 2960 0b-

333 3012 499 3051 scvre
523 2996 674 3050 dicta
703 2995 814 3049 sint
851 3010 882 3048 a
905 2993 1262 3055 Cassiodoro,
1316 2993 1451 3048 satis
1490 3003 1672 3049 tamen
1717 2995 1820 3049 hoc
1849 2995 1935 3065 ip-

331 3106 459 3144 sum
509 3104 655 3158 opus
706 3088 936 3149 iudicat,
973 3091 1122 3156 quod
1167 3087 1220 3141 in
1256 3087 1353 3141 illo
1391 3087 1668 3142 versiculo
1702 3103 1713 3136 :
1750 3087 1936 3158 Capite

331 3186 490 3238 nobis
536 3183 720 3252 vulpes
752 3179 979 3253 pusillas
1021 3181 1433 3236 exterminantes
1478 3181 1677 3244 vineas,
1712 3181 1931 3235 desiuit.
1961 3218 2004 3276 ο

337 3277 466 3331 Non
511 3287 591 3330 est
642 3279 808 3347 igitur
845 3275 986 3346 quod
1034 3276 1153 3346 quis
1205 3275 1592 3344 suspicionibus
1637 3275 1932 3346 indulgeat,

337 3370 562 3425 Erasmi
591 3371 806 3440 judicio
843 3370 1012 3438 fretus
1073 3367 1156 3439 (ut
1190 3368 1246 3421 in
1283 3384 1342 3422 re
1369 3369 1644 3423 consimili
1675 3369 1743 3423 de
1775 3367 1936 3422 luno-

333 3463 506 3518 ceutii
522 3462 775 3532 epistolis
798 3462 937 3516 dixit
957 3459 1315 3530 Blondellus),
1337 3461 1509 3515 multo
1535 3461 1717 3517 minus
1739 3461 1935 3532 Amer-

333 3555 547 3618 lzachii,
576 3554 667 3609 hic
705 3553 1047 3619 ﬂuctuantis,
1081 3552 1328 3622 nihilque
1376 3550 1522 3605 aliud
1552 3550 1815 3605 allirmate
1841 3566 1932 3605 as-

332 3649 602 3715 serentis,
640 3647 745 3702 nisi
790 3647 939 3717 quod
971 3654 1026 3701 et
1056 3637 1160 3716 ip'si
1191 3644 1516 3699 asserimus.
1550 3642 1626 3698 lta
1658 3643 1804 3697 enim
1847 3643 1936 3696 ille

332 3739 668 3810 praefatione
694 3740 762 3793 ad
797 3750 1008 3794 tomum
1042 3738 1336 3808 septimum
1369 3735 1684 3807 Hieronymi
1714 3753 1726 3789 :
1762 3735 1932 3790 Ctvte-

333 3849 458 3884 rum
482 3831 548 3884 de
577 3830 819 3884 homiliis
864 3839 1096 3901 quatuor
1136 3829 1193 3883 in
1227 3826 1452 3883 Cantica
1491 3828 1820 3881 canticorum
1865 3843 1936 3879 an

329 3926 446 3978 sint
476 3921 752 3995 Origvnis,
794 3939 976 3987 necne,
1023 3923 1144 3976 nolo
1188 3923 1244 3976 in
1289 3922 1578 3992 praasentia
1617 3921 1934 3990 disputare;

330 4025 477 4070 certe
525 4015 698 4068 multa
745 4024 867 4067 sunt
920 4031 1036 4084 qua:
1069 4031 1134 4068 ea
1167 4014 1348 4069 Latini
1387 4013 1615 4068 hominis
1652 4030 1785 4080 esse,
1832 4031 1935 4068 non

329 4107 519 4163 (ἔνωεί
567 4108 930 4178 comprobent.
980 4107 1130 4162 Illud
1179 4108 1353 4162 ausim
1405 4107 1688 4177 aﬂirmare,
1725 4109 1938 4160 etiamsi

331 4201 518 4258 Graeci
550 4203 783 4256 hominis
809 4205 938 4268 sint,
973 4201 1355 4272 Hieronymum
1379 4217 1484 4255 non
1514 4202 1750 4256 vertisse.
1779 4201 1936 4268 Quod

326 4305 387 4350 et
423 4310 533 4350 nos
565 4294 925 4348 allirmamus.

403 4387 495 4443 Ad
550 4389 794 4458 primum
842 4387 1097 4458 Origeuis
1143 4385 1522 4440 testimonium
1579 4383 1936 4440 refellendum

330 4497 474 4535 usus
499 4489 587 4534 est
618 4479 952 4534 auctoritate
994 4478 1210 4533 lirasmi
1241 4478 1326 4531 vir
1349 4477 1728 4542 doctissimus,
1755 4477 1821 4531 ad
1851 4492 1937 4531 se-

2030 600 2211 653 locum
2243 616 2308 652 ex
2359 596 2592 669 Origene
2621 607 2748 652 ante
2795 611 2921 651 eum
2974 593 3032 650 S.
3098 594 3444 661 Ambrosius,
3499 595 3615 660 sola

2034 694 2282 747 Versioue
2308 699 2619 746 contentus.
2665 689 2770 744 Sed
2799 706 2924 745 cum
2959 679 3306 744 observasset
3331 685 3614 759 Origenes,

2031 800 2220 839 vocem
2250 784 2304 838 in
2333 782 2666 838 salutatione
2689 796 2919 851 prorsus
2950 779 3266 834 inusitatam
3300 795 3442 844 esse,
3461 794 3617 834 eam-

2033 896 2140 950 que
2185 877 2554 949 Hieronymus
2595 875 2946 941 reddidisset,
2985 875 3161 945 gratia
3204 873 3438 944 plenam,
3473 875 3616 929 duo-

2033 974 2158 1039 bus,
2205 972 2436 1036 scilicet,
2471 968 2776 1032 vocabulis,
2823 983 3063 1038 quorum
3112 977 3368 1022 neutrum
3426 981 3613 1023 rarum

2033 1071 2136 1128 est,
2156 1077 2382 1116 necesse
2410 1061 2601 1114 habuit
2623 1058 2842 1123 addere,
2867 1057 3006 1128 quod
3031 1055 3211 1111 (ἔναιρε
3234 1058 3435 1111 dicitur
3454 1075 3619 1128 κεχα-

2036 1154 2331 1226 ριτωμένη.
2365 1151 2619 1207 Secundo
2651 1151 2754 1205 ista
2786 1150 2977 1219 objicit
3012 1164 3079 1203 ex
3123 1149 3352 1203 homilia
3381 1149 3572 1218 quinta
3601 1165 3612 1198 :

2035 1245 2150 1317 Ego
2175 1258 2350 1300 autem
2381 1263 2498 1300 sum
2530 1245 2744 1313 ἄλογος,
2775 1243 2914 1314 quod
2947 1242 3066 1296 licet
3097 1241 3319 1296 Latinus
3345 1242 3501 1296 aliter
3527 1257 3619 1296 ex-

2032 1341 2305 1410 presserit,
2362 1347 2538 1392 tanten
2592 1339 2802 1408 proprie
2852 1335 3134 1405 transferri
3175 1343 3367 1403 potest,
3412 1335 3618 1403 absque

2036 1447 2288 1486 sermone
2313 1431 2394 1484 vel
2425 1431 2654 1486 ratione.
2685 1429 2790 1484 Sed
2814 1437 2868 1483 et
2909 1429 2995 1482 hic
3028 1435 3144 1482 tum
3179 1437 3460 1482 auctorem
3497 1426 3619 1482 Ori-

2036 1538 2251 1593 genem,
2305 1531 2417 1576 tum
2476 1523 2829 1590 interpretem
2881 1517 3278 1590 Hieronymum
3327 1518 3615 1573 habemus.

2036 1616 2247 1670 Mutum
2292 1617 2487 1686 probat
2519 1623 2712 1669 auctor
2742 1613 3003 1684 populum
3046 1611 3431 1677 lsraeliticum,
3472 1613 3620 1680 quod
3696 1660 3702 1665 .

2038 1724 2374 1771 sermonem,
2421 1707 2472 1762 id
2503 1716 2588 1762 est
2617 1704 3281 1774 Clu-istum.rejecissent;
3315 1703 3475 1774 idque
3500 1704 3622 1774 plu-

2039 1806 2192 1859 ribus
2227 1801 2524 1871 Scriptura:
2555 1800 2690 1854 locis
2733 1799 2970 1868 explicat
3003 1817 3016 1851 :
3049 1797 3195 1868 quod
3229 1797 3389 1867 plane
3431 1793 3622 1865 Orige-

2038 1900 2221 1953 uicum
2258 1905 2361 1951 est.
2390 1894 2534 1948 (litat
2563 1894 2652 1947 illa
2671 1891 2738 1946 de
2779 1891 2988 1962 Moyse,
3024 1890 3196 1944 Exod.
3231 1907 3280 1954 v,
3316 1890 3423 1942 l2:
3472 1887 3618 1960 Ἐγὼ

2036 1990 2105 2044 δὲ
2139 1989 2362 2059 ἄλογός
2393 1990 2529 2058 εἰμι.
2557 1985 2828 2055 lnterpres
2865 1985 2995 2055 quia
3026 1985 3165 2038 nihil
3193 1983 3298 2039 tale
3322 1983 3375 2037 in
3408 1981 3620 2037 Latinis

2037 2081 2323 2139 codicibus
2363 2080 2629 2148 scriptum
2673 2077 2964 2141 inveniret,
3000 2075 3095 2132 sed
3131 2077 3314 2146 potius
3360 2074 3522 2140 forte,
3566 2074 3620 2129 id

2037 2174 2186 2246 quod
2218 2188 2365 2227 nunc
2407 2171 2663 2242 legimus,
2707 2186 2828 2223 cum
2864 2170 3269 2223 incircumcisus
3302 2167 3459 2222 labiis
3497 2167 3621 2234 sim,

2038 2278 2096 2322 ut
2125 2277 2180 2322 et
2222 2265 2451 2320 chrzna
2498 2274 2715 2329 sonant,
2759 2274 2811 2319 et
2861 2262 3256 2319 Theodotiouis
3288 2262 3488 2328 versio,
3539 2263 3623 2316 vel

2040 2359 2184 2414 tardi
2204 2358 2484 2423 sermonis,
2507 2364 2568 2410 ut
2591 2356 2898 2427 antiquitus
2933 2355 3236 2425 legebatur,
3265 2369 3493 2410 necesse
3524 2369 3624 2422 pu-

1992 2520 1994 2522 _
2039 2451 2171 2506 tavit
2195 2449 2262 2504 ad
2293 2448 2583 2520 Origenem
2610 2456 2754 2503 recte
2781 2448 3108 2518 capiendum
3135 2448 3451 2511 admonere,
3476 2445 3624 2515 quod

2039 2545 2158 2598 licet
2191 2542 2417 2598 Latinus
2447 2542 2606 2595 aliter
2636 2541 2949 2610 expresserit
2995 2541 3142 2594 illam
3183 2555 3371 2595 vocem
3409 2539 3621 2606 ἄλογος,

2038 2649 2220 2696 tamen
2273 2639 2488 2708 proprie
2531 2635 2817 2706 transferri
2862 2643 3032 2705 potest
3083 2635 3293 2705 absque
3346 2649 3622 2699 sermone,

2038 2729 2156 2785 sive
2180 2729 2415 2783 ratione.
2452 2728 2518 2782 Et
2561 2728 2668 2782 hoc
2711 2726 2874 2796 plane
2905 2724 3392 2797 Hieronymianum
3423 2733 3526 2791 est,
3566 2733 3626 2779 ut

2039 2837 2233 2877 omnes
2283 2829 2507 2876 norunt.
2552 2819 2670 2890 Ipse
2713 2827 2861 2874 certe
2915 2815 3306 2889 Hieronymus,
3351 2817 3418 2870 ad
3461 2827 3627 2886 caput

2038 2932 2163 2970 xuv
2197 2914 2398 2970 Ezech.
2437 2933 2450 2968 :
2493 2911 2564 2967 Et
2606 2914 2662 2966 in
2694 2912 2882 2966 Exodo
2928 2911 3137 2965 locutus
3178 2919 3256 2965 est
3311 2908 3521 2980 Moyses
3570 2910 3623 2963 in

2038 3017 2324 3076 conspectu
2367 3006 2606 3070 Domini,
2649 3005 2827 3058 dicens
2853 3021 2871 3058 :
2909 3021 2928 3054 ί
2966 3001 3110 3057 Ecce
3157 3001 3255 3056 lilii
3299 3001 3468 3056 Israel
3507 3016 3622 3054 non

2037 3097 2336 3152 audierunt
2377 3112 2484 3160 me,
2531 3093 2813 3165 quomodo
2857 3092 3043 3146 audiet
3081 3107 3169 3146 me
3217 3089 3481 3145 Pharao?
3524 3105 3626 3158 ego

2038 3198 2220 3244 autem
2252 3204 2373 3243 sum
2404 3187 2544 3242 tardi
2575 3185 2882 3240 sermonis:
2926 3203 2942 3234 ι
2972 3199 3067 3253 pro
3088 3198 3191 3254 quo
3224 3179 3378 3235 LXX
3411 3182 3594 3235 dixere

2054 3280 2194 3350 Ἐγὼ
2225 3280 2294 3335 δὲ
2329 3279 2551 3348 ἄλογός
2582 3280 2721 3347 εἰμί,
2755 3276 2893 3348 quod
2925 3275 3111 3330 melius
3158 3275 3381 3328 habetur
3417 3276 3473 3328 in
3514 3273 3624 3328 Hc-

2040 3370 2208 3435 brtvo,
2237 3384 2339 3440 ego
2381 3369 2804 3422 incircumcisus
2850 3381 2972 3420 sum
3022 3365 3202 3420 labiis.
3238 3363 3448 3428 Tertio,
3484 3365 3626 3433 ejus-

2038 3463 2180 3528 dem,
2207 3461 2406 3530 inquit,
2431 3470 2509 3514 est
2540 3459 2842 3524 commotis,
2873 3457 3012 3528 quod
3038 3457 3271 3512 cadaver
3301 3472 3332 3510 a
3362 3472 3494 3512 casu
3529 3473 3626 3510 no-

2039 3569 2166 3608 men
2191 3551 2467 3621 accepisse
2489 3549 2750 3612 observat,
2783 3549 2972 3602 homil.
3008 3547 3095 3601 l6.
3126 3546 3240 3600 lmo
3269 3547 3384 3602 haec
3416 3548 3622 3602 nullam

2039 3659 2164 3702 cum
2199 3642 2634 3713 praecedentibus
2674 3641 3091 3695 similitudinem
3122 3641 3342 3705 habent,
3372 3640 3466 3694 sed
3497 3651 3625 3696 sunt

2042 3751 2178 3806 pura
2230 3734 2552 3801 translatio,
2603 3734 2718 3788 sive
2771 3732 2916 3787 nuda
2968 3731 3282 3787 Gratcorum
3332 3732 3623 3786 verborum

2040 3827 2295 3882 redditio.
2354 3825 2604 3896 Explicat
2646 3841 2710 3880 co
2757 3825 2880 3879 loco
2927 3825 3258 3880 versiculum
3304 3826 3374 3880 54
3412 3841 3531 3895 cap.
3583 3842 3623 3880 ιι

2039 3920 2246 3992 Evang.
2290 3921 2594 3976 secundum
2641 3919 2698 3974 S.
2735 3919 2957 3974 Lucam.
2999 3919 3108 3973 ἰδοὺ
3150 3916 3302 3984 οὗτος
3334 3922 3507 3973 κεῖται
3545 3921 3625 3982 εἰς

2041 4013 2251 4067 πτῶσιν
2284 4030 2298 4067 :
2338 4014 2472 4068 Ecce
2506 4015 2590 4067 hic
2634 4014 2842 4084 positus
2877 4025 2954 4068 est
2988 4015 3042 4068 in
3081 4016 3316 4080 ruinam,
3359 4015 3624 4086 Origenes

2040 4121 2195 4161 more
2221 4122 2354 4171 suo;
2389 4115 2443 4159 vt
2491 4107 2708 4159 tandem
2749 4105 2877 4160 huic
2915 4107 3151 4176 applicat
3181 4107 3361 4163 locum
3395 4105 3452 4161 S.
3483 4107 3620 4162 Mat-

2040 4199 2168 4253 thmi
2199 4217 2212 4252 :
2252 4197 2318 4250 Et
2350 4198 2414 4252 de
2454 4200 2554 4252 bac
2599 4201 2758 4254 ruina
2797 4201 3038 4254 dicitur:
3084 4201 3268 4254 Ὅπου
3303 4201 3412 4270 γὰρ
3443 4200 3552 4254 ἐὰν
3583 4199 3623 4269 ᾖ

2042 4289 2106 4344 τὸ
2130 4289 2358 4360 πτῶμα,
2381 4291 2510 4344 ἐκεῖ
2531 4293 3027 4362 συναχθήσονται
3054 4295 3106 4346 οἱ
3124 4293 3304 4359 ἀετοί,
3329 4294 3624 4364 ubicunque

2041 4384 2200 4452 fuerit
2235 4385 2482 4446 cadaver,
2529 4383 2602 4437 ibi
2650 4385 3110 4455 congregabantur
3152 4380 3347 4454 aquila:
3383 4386 3426 4439 ⁷.
3467 4383 3625 4451 Quod

2041 4489 2110 4528 ne
2142 4485 2392 4530 coactum
2427 4477 2588 4532 nimis
2618 4477 2890 4543 videatur,
2915 4479 3144 4545 addidit,
3172 4478 3372 4549 πτῶμα
3392 4478 3500 4550 γὰρ
3518 4479 3626 4532 ἀπὸ

328 4573 585 4626 cundum
619 4571 946 4625 elevandum
991 4587 1094 4625 suo
1123 4570 1344 4639 quidem
1376 4568 1571 4634 Marte,
1617 4585 1716 4624 nec
1753 4569 1935 4624 minus

2041 4566 2302 4632 πτώσεως
2341 4569 2582 4638 λέγεται,
2617 4571 2845 4625 cadaver
2873 4573 3061 4641 quippe
3087 4588 3120 4624 a
3146 4588 3276 4625 casu
3322 4588 3508 4625 nomen
3536 4589 3625 4625 ac-

331 4665 638 4720 iul’cliciter
681 4665 1052 4734 progreditur.
1099 4662 1286 4718 Primo
1318 4664 1671 4719 homiliarum
1713 4662 1936 4732 triginta

331 4774 537 4814 novem
566 4758 620 4811 in
646 4756 854 4812 Lucam
881 4767 1164 4812 auctorem
1194 4756 1309 4810 vult
1332 4773 1454 4811 esse
1477 4755 1730 4810 Latinum
1755 4772 1767 4808 :
1788 4754 1936 4824 quod

328 4863 386 4906 et
408 4867 512 4922 per
542 4867 606 4906 se
639 4851 865 4913 mirum,
895 4861 949 4904 et
975 4861 1107 4904 ante
1145 4850 1293 4904 hunc
1320 4849 1488 4915 diem,
1520 4847 1742 4918 opinor,
1778 4848 1937 4900 inau-

327 4947 515 5000 ditum
541 4952 648 4999 est.
683 4942 1007 4996 Latinorum
1046 4943 1312 4996 natalium
1348 4943 1548 4996 indicia
1578 4956 1700 5011 qua:
1740 4941 1936 5009 depre-

327 5038 531 5092 hendit
573 5037 693 5091 lucc
737 5045 889 5091 sunt.
935 5035 1145 5100 Primo,
1194 5035 1460 5100 observat,
1508 5034 1706 5104 inquit,
1756 5033 1936 5104 gratia

321 5126 572 5196 plenam,
597 5124 783 5178 Grmce
802 5125 1257 5194 κεχαριτωμένην
1279 5124 1408 5177 dici.
1427 5123 1532 5178 Sed
1551 5124 1696 5194 quis,
1722 5139 1931 5193 quaeso,

323 5215 636 5272 observat?
660 5225 875 5276 auctor,
904 5231 974 5268 au
1002 5214 1305 5282 interpres?
1327 5213 1592 5270 Neutrum
1619 5215 1771 5278 dicit,
1799 5215 1934 5270 satis

322 5320 543 5364 caute:
597 5309 692 5362 sed
741 5308 966 5361 homilia
1011 5306 1272 5368 observat,
1322 5308 1467 5376 quod
1517 5307 1653 5360 mire
1699 5307 1927 5366 dictum,

323 5413 505 5472 atque
539 5401 665 5456 inde
709 5401 1019 5464 concludit,
1070 5411 1344 5454 auctorem
1394 5415 1500 5453 non
1542 5399 1805 5466 (li-tecum,
1842 5400 1932 5454 sed

323 5492 591 5547 Latinum
627 5494 812 5563 fuisse.
864 5492 982 5563 Ego
1027 5501 1214 5562 aperte
1251 5493 1374 5547 dico
1429 5492 1486 5547 S.
1534 5490 1929 5563 Hieronymum

324 5587 577 5642 lminiliaa
620 5588 977 5655 interpretem
1021 5587 1125 5639 hoc
1154 5586 1331 5640 obiter
1362 5586 1712 5653 observasse,
1753 5595 1808 5640 et
1836 5602 1933 5640 ne-

321 5681 588 5734 cessitate
624 5679 867 5751 quadam
900 5683 967 5733 ad
1013 5678 1174 5732 talem
1207 5678 1648 5732 observationem
1683 5678 1930 5734 inseren-

404 5836 607 5890 'Cant.
634 5851 694 5903 ιι,
892 5837 909 5864 ⁷
946 5833 1135 5890 Matth.
1179 5833 1433 5901 xxiv,28.

2039 4662 2199 4730 cepit.
2246 4661 2418 4726 Quale
2449 4663 2655 4732 aliquid
2691 4665 2833 4734 apud
2873 4663 3224 4735 Hippolytum
3262 4667 3409 4736 legas
3441 4665 3625 4719 libello

2037 4754 2104 4808 de
2135 4755 2496 4810 Αιιιὶειιιίδιυ.
2527 4755 2758 4822 Quarto,
2783 4756 3021 4826 ejusdem
3045 4759 3326 4812 commotis
3354 4773 3477 4812 esse
3508 4758 3624 4812 vult

2038 4849 2170 4902 illud
2203 4865 2269 4903 ex
2296 4849 2445 4902 hom.
2478 4849 2570 4911 Elii,
2609 4850 2758 4920 quod
2785 4849 3001 4904 Grazcus
3027 4867 3199 4904 sermo
3228 4850 3345 4914 hoc,
3376 4850 3514 4920 quod
3542 4861 3620 4904 est

2037 4941 2270 4996 converti
2319 4943 2373 4994 in
2414 4941 2650 5009 lapides,
2695 4942 3088 5012 signiﬁcantius
3135 4951 3288 4996 sonat
3336 4941 3624 4996 ἀπολιθοῦ-

2039 5033 2184 5087 σθαι.
2235 5033 2341 5089 Sed
2391 5047 2539 5089 totus
2573 5036 2662 5090 ille
2702 5045 2971 5091 tractatus
3016 5039 3083 5091 de
3126 5035 3459 5090 suscitandis
3494 5037 3622 5092 liliis

2036 5126 2272 5180 Abrahae
2297 5141 2365 5179 ex
2410 5126 2684 5195 lapidibus
2713 5129 2872 5196 plane
2901 5126 3229 5196 Origenicus
3259 5136 3382 5194 est;
3423 5139 3476 5182 et
3506 5129 3622 5184 haec

2034 5221 2222 5282 verba,
2254 5234 2374 5286 qua:
2406 5221 2718 5286 parenthesi
2745 5220 2950 5275 includi
2981 5221 3202 5285 debent,
3238 5220 3529 5276 tiiattileste
3550 5221 3623 5276 ab

2037 5311 2332 5379 interprete
2371 5309 2707 5382 Hieronymo
2750 5323 2878 5366 sunt
2920 5313 3120 5366 inserta
3193 5311 3420 5378 Quinto,
3469 5322 3619 5367 notat

2031 5405 2270 5474 judicem
2317 5405 2461 5474 apud
2506 5405 2726 5461 Graecos
2768 5423 2892 5460 cum
2935 5407 3172 5460 articulo
3221 5408 3483 5476 positum,
3522 5408 3616 5476 qui

2035 5499 2436 5567 singularitatis
2467 5497 2807 5567 signiﬁcatur
2837 5508 2942 5563 est,
2974 5507 3023 5551 et
3053 5515 3176 5552 mox
3203 5498 3485 5552 discrimen
3525 5515 3620 5551 no-

2038 5594 2195 5647 minis
2221 5592 2296 5646 vet
2325 5609 2443 5646 cum
2469 5591 2699 5644 articulo
2729 5591 2807 5645 vel
2832 5590 3026 5662 absque
3055 5591 3283 5645 articulo
3306 5593 3468 5660 positi
3488 5591 3617 5644 dicit

2035 5685 2178 5754 apud
2218 5684 2440 5738 Graecos
2475 5683 2651 5752 magis
2679 5682 2905 5752 intelligi
2935 5681 3125 5738 homil.
3159 5683 3247 5738 53.
3293 5681 3395 5738 Sed
3443 5681 3617 5737 facilis
