4078 6388
591 402 695 458 179

1677 408 1735 467 S.
1773 410 2118 469 lGNATlUS.
2151 446 2219 454 —
2256 413 2788 471 PROLEGOMENA.

3747 417 3860 471 180

588 526 914 594 responsio:
964 539 1156 584 auctor
1194 530 1432 585 ilOll‘lllltP.
1465 541 1616 586 notat
1653 533 1890 601 judicem
1925 551 2045 587 cum
2077 552 2166 588 ar-
2195 541 2239 596 Α
2268 534 2504 590 Sabaoth
2550 539 2782 606 primum
2833 538 3017 590 caelum
3077 539 3410 607 manifestat.
3465 539 3661 594 Eodem
3697 544 3857 596 modo

588 616 748 669 ticqu
779 620 1039 686 positum;
1083 621 1351 691 interpres
1384 622 1552 687 addit,
1585 623 1726 692 apud
1767 623 2002 691 Gra'cos,
2035 627 2162 695 quia

587 710 727 778 apud
767 710 990 766 Latinos
1038 728 1145 765 non
1189 715 1411 783 ponitur
1453 715 1740 771 articulus.
1789 715 2030 787 Exponit
2075 720 2163 773 hic

584 800 848 872 Origenes
863 803 1195 859 versiculum
1225 807 1314 872 58,
1331 824 1446 876 cap.
1468 824 1544 861 xu
1565 808 1839 864 Evangelii
1858 811 2161 866 secundum

583 893 803 951 Lucam.
849 895 1120 953 Ohservat
1189 899 1511 970 ἐπ’ἇρχοντα
1579 902 1683 956 dici
1730 902 1848 958 sine
1895 905 2160 971 articulo,

583 984 720 1056 πρὸς
751 987 841 1038 τὸν
870 988 1081 1058 Κριτήν
1109 1003 1233 1044 cum
1261 990 1494 1044 articulo
1532 1009 1543 1043 :
1608 991 1733 1046 inde
1776 993 1985 1063 colligit
2012 995 2162 1062 prin-

580 1081 748 1148 cipem
801 1097 924 1137 esse
977 1098 1147 1136 unum
1206 1085 1563 1153 angelorum,
1616 1086 1711 1155 qui
1787 1088 1942 1142 multi
1993 1097 2159 1154 sunt,

573 1171 812 1241 judicem
853 1188 974 1227 esse
1003 1174 1155 1228 illum
1189 1175 1434 1238 unicum,
1475 1174 1662 1231 Jesum
1699 1177 2002 1234 Christum.
2049 1179 2164 1236 Hoc

583 1262 744 1329 plane
769 1260 1117 1330 Origenicum
1161 1272 1264 1318 est.
1299 1262 1471 1318 Nemo
1501 1265 1646 1319 enim
1688 1268 1854 1322 toties
1887 1269 1994 1322 vim
2026 1270 2162 1322 arti-

581 1353 693 1406 culi
723 1362 879 1423 urget
911 1369 974 1409 ac
1014 1355 1395 1411 Adamantius.
1437 1355 1806 1428 Hieronymus
1848 1375 1972 1413 cum
2010 1359 2162 1414 vide-

582 1455 666 1500 ret
720 1446 998 1502 hominem
1039 1447 1248 1504 Latina:
1278 1459 1488 1504 tantum
1535 1451 1735 1522 lingua:
1776 1455 2013 1522 peritum
2049 1455 2164 1509 haec

579 1553 775 1608 capere
798 1555 906 1594 non
936 1542 1204 1610 potuisse,
1234 1538 1443 1598 notavit
1464 1546 1562 1598 hoc
1591 1546 1733 1614 apud
1756 1545 1966 1602 (ἐφίεσθε
1992 1549 2162 1619 magis

580 1630 828 1701 intelligi.
861 1630 1169 1698 Postremo,
1207 1635 1404 1704 inquit,
1439 1637 1492 1690 in
1521 1637 1702 1692 eadem
1740 1639 1960 1694 homilia
1990 1651 2162 1694 monet

579 1722 962 1791 quadrantem,
994 1726 1109 1780 sive
1141 1727 1411 1781 minutum
1439 1727 1626 1784 Graece
1649 1739 1801 1784 tenue
1834 1730 1942 1785 dici
1975 1747 2158 1801 posse.

581 1813 766 1871 Recte.
814 1816 1091 1874 Habemus
1113 1829 1296 1874 autem
1330 1829 1385 1875 et
1413 1822 1505 1876 hic
1533 1833 1813 1877 auctorem
1846 1823 2158 1895 Origenem,

2267 635 2314 678 et
2351 625 2636 682 Jacob.....
2667 630 2804 682 sicut
2859 629 3148 682 secundum
3188 629 3534 684 Latinitatem
3587 632 3856 686 Dominus

2267 720 2520 773 virtutum
2547 732 2595 774 et
2627 731 2780 789 pater
2810 724 3067 776 omniunt.
3119 721 3244 777 ibet:
3286 740 3418 779 sane
3451 723 3628 778 Latini
3664 725 3855 779 homi-
3923 722 3926 724 ’

2267 814 2372 880 nis,
2404 830 2512 868 non
2544 817 2807 882 auctoris,
2854 819 2949 872 sed
3004 818 3340 887 interpretis.
3395 818 3634 874 Irenteus
3697 821 3854 875 enim

2267 904 2459 960 Latine
2500 923 2607 961 non
2648 910 2900 978 scripsit;
2949 910 3068 980 ejus
3099 919 3282 964 tamen
3326 912 3440 968 inec
3485 913 3670 968 omnia
3720 925 3859 970 sunt

2266 1009 2530 1068 prmterea
2562 1017 2684 1069 qum
2716 1003 2986 1072 interpres
3013 1003 3241 1058 addidit.

2340 1091 2444 1145 Sed
2497 1093 2611 1147 sive
2655 1093 2896 1160 ercus,
2945 1097 3060 1150 sive
3103 1097 3332 1154 Latinus
3384 1097 3550 1154 fuerit
3606 1101 3698 1154 hic
3746 1101 3855 1156 ho-

2266 1183 2537 1237 miliarum
2567 1196 2776 1251 auctor,
2802 1184 3087 1258 Origenes,
3118 1188 3319 1244 Dallazo
3344 1192 3551 1260 judice,
3582 1208 3707 1248 esse
3737 1210 3856 1248 non

2267 1275 2462 1343 potuit.
2512 1274 2648 1330 Nam
2694 1277 2758 1329 ab
2788 1278 2900 1347 ipso
2930 1276 3177 1348 Origenis
3209 1283 3379 1350 genio,
3426 1299 3567 1336 more
3599 1301 3663 1338 ac
3690 1302 3854 1338 sensu

2264 1367 2509 1435 quautam
2541 1379 2662 1420 sunt
2704 1370 2760 1422 in
2789 1369 2968 1423 eodem
3006 1388 3158 1440 opere
3190 1373 3388 1427 aliena.
3420 1373 3554 1440 Qua:
3580 1377 3855 1432 hactenus

2255 1461 2504 1515 .vidimus
2558 1469 2688 1516 sunt
2738 1463 2897 1531 plane
2951 1463 3322 1534 Origeniana,
3374 1484 3625 1536 quwnam
3683 1468 3857 1537 igitur

2265 1562 2393 1606 sunt
2445 1570 2566 1623 qua:
2609 1553 2940 1610 Adamantio
3011 1566 3324 1626 competere
3396 1576 3506 1613 non
3571 1563 3855 1630 possunt?

2264 1643 2471 1710 Primo,
2494 1646 2718 1700 humilia
2741 1646 2813 1701 25
2840 1666 2852 1703 :
2875 1646 3106 1716 Spiritus
3127 1647 3184 1704 S.
3205 1651 3404 1704 dicitur
3423 1653 3581 1706 tertia
3608 1668 3850 1721 persona

2265 1746 2293 1783 a
2314 1728 2471 1784 Patre
2493 1730 2720 1787 etFilio.
2755 1732 2862 1798 Qui
2897 1736 2974 1788 sic
3006 1736 3292 1791 distinctus
3321 1741 3633 1807 personwin
3650 1741 3851 1794 divinis

2264 1838 2391 1875 usus
2437 1823 2500 1876 ab
2531 1823 2756 1893 Origene
2805 1825 3010 1880 alienus
3049 1837 3149 1882 est.
3197 1829 3265 1882 At
3295 1829 3400 1884 hoc
3433 1830 3549 1898 ipso
3586 1831 3710 1885 loco
3751 1848 3854 1884 au-

580 1911 930 1980 interpretem
977 1911 1395 1986 Hieronymum.
1445 1915 1712 1987 Origenes
1756 1919 1887 1972 dum
1922 1919 2160 1988 explicat
2191 1902 2234 1962 Β
2263 1920 2383 1966 Cl0I'
2428 1915 2498 1967 ita
2555 1914 2796 1986 loquitur
2840 1928 2899 1970 ut
2954 1919 3124 1973 alium
3181 1937 3346 1990 quam
3380 1921 3672 1992 Origenem
3719 1940 3850 1977 eum

575 2017 639 2054 ea
675 2003 861 2066 verba,
887 2003 991 2068 ἕως
1023 2000 1083 2058 οὗ
1109 2007 1203 2058 καὶ
1232 2006 1293 2058 τὸ
1318 2005 1544 2077 ἔσχατον
1573 2007 1770 2061 λεπτὸν
1806 2008 2040 2078 ἀποδῷς,
2072 2009 2158 2063 lu-

575 2094 676 2158 dit,
711 2104 770 2148 ut
793 2096 1040 2160 solet,'in
1070 2112 1205 2153 voce
1243 2099 1462 2164 λεπτόν,
1493 2109 1548 2156 et
1584 2101 1826 2155 ostendit
1869 2112 2157 2171 peccatum

575 2202 698 2243 esse
736 2190 820 2244 vel
860 2191 1058 2260 pingue
1090 2200 1144 2245 et
1188 2207 1459 2259 crassum,
1513 2194 1595 2248 vel
1633 2205 1796 2248 tenue
1828 2205 1882 2250 et
1932 2196 2153 2253 subtile.

582 2276 726 2334 Vidit
764 2279 1131 2354 Hieronymus
1166 2283 1280 2338 hac
1309 2300 1340 2338 a
1379 2283 1590 2341 Latinis
1637 2286 1866 2356 intelligi
1910 2303 2019 2341 non
2062 2304 2159 2357 po-

575 2373 748 2428 tuisse
770 2375 854 2430 vel
884 2391 979 2445 per
1003 2376 1378 2446 quadrantem,
1405 2379 1487 2432 vel
1514 2380 1800 2445 minutum,
1834 2379 2158 2449 monuitque

575 2466 629 2519 id
656 2466 800 2536 quod
833 2468 1096 2520 minutum
1128 2469 1354 2532 dicitur,
1399 2468 1584 2525 Graece
1627 2479 1778 2523 tenue
1817 2469 1925 2524 dici
1966 2484 2152 2540 posse,

576 2557 720 2611 unde
749 2573 872 2626 qua:
905 2567 1214 2629 sequuntur
1248 2561 1467 2617 tandem
1502 2560 1733 2631 intelligi
1771 2569 2022 2629 possunt.

651 2649 808 2715 Hcce,
851 2652 1061 2720 inquit,
1099 2662 1368 2706 auctorem
1403 2652 1582 2708 Grece
1621 2653 1894 2721 scripsisse
1935 2661 2153 2722 negant,

571 2759 678 2811 qua
717 2742 902 2811 lingua
949 2753 1131 2797 notum
1170 2756 1247 2799 est
1290 2744 1569 2815 Origenem
1598 2747 1780 2800 omnia
1809 2762 1908 2798 sua
1939 2761 2153 2812 compo-

571 2833 760 2887 suisse.
797 2833 908 2888 Imo
935 2851 1066 2889 vero
1098 2844 1366 2890 auctorem
1400 2836 1580 2890 Grtece
1611 2836 1888 2905 scripsisse
1921 2850 2029 2889 non
2066 2852 2157 2888 ne-

571 2927 864 2995 gant,.sed
913 2928 1295 2982 tantummodo
1347 2929 1703 2996 interpretem
1749 2943 1814 2982 ex
1845 2926 2050 2982 Graecis
2099 2928 2154 2980 in

572 3014 764 3070 Latina
817 3018 1187 3085 transtulisse,
1230 3028 1304 3083 et,
1355 3019 1448 3074 ubi
1495 3033 1635 3088 opus
1680 3027 1848 3083 esset,
1882 3018 2154 3073 versionis

571 3123 686 3160 sum
731 3108 994 3163 rationem
1040 3109 1375 3175 reddidisse,
1405 3127 1517 3181 quo
1545 3110 1681 3165 nihil
1719 3111 1861 3178 apud
1895 3111 2153 3181 antiquos

570 3197 894 3268 interpretes
927 3199 1256 3258 familiarius
1287 3202 1408 3270 fuit,
1439 3204 1752 3257 ostendunt.
1784 3201 2151 3257 Bellarminus
2179 3249 2219 3270 η

571 3299 862 3346 tractatum
895 3292 1170 3362 quintum,
1200 3293 1444 3363 adeoque
1472 3293 1712 3364 reliquos
1751 3293 1806 3348 in
1832 3291 2149 3347 Matthaaum

567 3385 779 3452 putavit
822 3400 962 3440 esse'
979 3385 1163 3440 Latini
1214 3388 1457 3442 auctoris
1501 3404 1515 3442 :
1564 3387 1659 3442 sed
1691 3403 1793 3440 non
1821 3387 1981 3457 ﬁrma
2014 3386 2152 3441 mihi

565 3479 785 3533 videtur
830 3480 951 3550 ejus
1001 3481 1168 3547 ratio,
1218 3481 1399 3552 inquit
1437 3481 1714 3537 Labbeus.
1761 3480 1827 3535 Et
1856 3495 1975 3536 erat
2003 3490 2152 3536 certe

566 3577 968 3642 inﬁrmissima,
998 3586 1058 3632 ut
1085 3594 1234 3633 nunc
1274 3588 1499 3648 apparet
1541 3594 1609 3633 ex
1652 3577 2052 3634 commentario
2081 3577 2150 3631 ab

567 3669 764 3726 Huetio
805 3671 993 3727 Graece
1045 3673 1215 3727 edito.
1268 3671 1335 3726 Et
1365 3673 1525 3744 digna
1578 3687 1709 3729 sunt
1747 3671 1930 3726 Huetii
1983 3673 2149 3726 verba

562 3778 686 3832 qua:
716 3780 745 3816 a
773 3764 975 3818 talibus
1027 3763 1406 3834 hypercriticis
1453 3765 1816 3819 observentur
1846 3781 1858 3816 :
1894 3762 2148 3827 Quamvis

563 3859 659 3909 hoc
689 3855 1003 3910 Bellarmini
1024 3856 1289 3924 judicium
1315 3857 1493 3926 palam
1519 3855 1729 3924 refellat
1752 3855 1952 3909 codicis
1977 3852 2151 3906 (ἓνωεὶ

562 3949 739 4011 lectio,
765 3965 826 4002 ea
855 3958 1028 4001 tamen
1068 3949 1115 4001 si
1147 3965 1469 4007 careremus.
1499 3965 1600 4000 non
1626 3947 1745 4016 plus
1777 3946 1972 4000 valeret
2009 3945 2147 3998 illud

563 4044 815 4097 adversus
859 4042 994 4096 hunc
1033 4043 1345 4097 Adamantii
1408 4043 1640 4106 librum,
1687 4055 1848 4110 quant
1896 4039 2145 4092 adversus

561 4134 818 4202 reliquos,
865 4151 995 4202 quos
1051 4144 1283 4188 veterum
1331 4134 1678 4202 interpretum
1733 4129 1913 4184 studio
1954 4128 2147 4182 Latine

561 4225 797 4279 redditos
838 4225 1058 4294 legimus
1103 4241 1120 4278 .'
1159 4227 1213 4279 in
1261 4226 1328 4278 iis
1367 4224 1630 4293 siquidem
1670 4223 1968 4292 frequenter
1998 4219 2146 4288 ejus-

561 4316 707 4368 modi
737 4329 1020 4372 occurrunt
1049 4318 1418 4372 additamenta
1445 4318 1790 4382 interpretum
1819 4331 1930 4368 sure
1951 4313 2148 4383 lingua:

561 4410 858 4463 hominibus
885 4414 1330 4481 gratiﬁcantium.
1356 4410 1544 4481 Neque
1571 4409 1688 4464 haec
1709 4409 1776 4462 de
1797 4405 2144 4477 Origenianis

559 4509 772 4554 tantum
806 4517 933 4555 vera
984 4511 1131 4557 sunt.
1176 4503 1332 4572 Apud
1383 4499 1640 4555 Latinum
1691 4497 1956 4554 lremeum
2010 4496 2144 4565 legi-

2262 2003 2433 2062 fuisse
2486 2023 2592 2062 non
2636 2008 2852 2064 credas.
2905 2010 3050 2065 Dicit
3082 2013 3300 2083 aliquos
3330 2030 3426 2085 per
3473 2015 3849 2072 inordinatam

2259 2097 2581 2153 charitatem
2625 2098 2808 2155 dicere
2839 2099 3070 2157 Paulum
3121 2107 3310 2161 sedere
3354 2125 3384 2160 a
3416 2107 3650 2174 dextris,
3699 2108 3852 2164 Mar-

2259 2187 2474 2243 cionem
2527 2205 2557 2243 a
2589 2190 2833 2246 sinistris
2879 2192 3186 2248 Salvator-is
3210 2235 3226 2260 ,
3271 2205 3324 2251 et
3364 2212 3458 2266 per
3491 2198 3847 2266 advocatum,

2261 2278 2528 2349 Spiritum
2563 2283 2845 2347 veritatis,
2886 2285 3191 2354 intelligere
3228 2289 3536 2357 apostolum
3566 2289 3806 2346 Paulum
3832 2311 3845 2345 :

2260 2373 2414 2437 Quod
2451 2375 2689 2444 quident,
2717 2375 2915 2446 inquit,
2957 2377 3013 2429 in
3035 2375 3276 2433 Ecclesia
3308 2383 3564 2449 patimur.
3594 2383 3851 2455 Plerique

2255 2467 2397 2518 enint
2439 2466 2567 2518 dum
2610 2465 2730 2535 plus
2776 2483 2870 2520 nos
2919 2468 3146 2540 diligunt
3187 2488 3348 2540 quam
3398 2490 3678 2540 meremur,
3733 2477 3848 2530 lucc

2247 2555 2460 2623 jactant
2490 2564 2539 2608 et
2569 2557 2880 2625 loquuntur,
2909 2575 3172 2613 sermones
3204 2573 3409 2615 nostros
3440 2562 3850 2636 doctrinamque

2256 2646 2560 2712 laudantes,
2589 2663 2706 2716 qua:
2736 2650 3062 2704 conscientia
3093 2662 3276 2706 nostra
3317 2671 3423 2707 non
3469 2657 3677 2724 recipit.
3729 2659 3848 2712 Alii

2256 2755 2374 2791 vero
2433 2748 2692 2793 tractatus
2728 2751 2939 2794 nostras
2987 2741 3375 2800 calumniantes
3411 2762 3474 2799 ea
3504 2747 3701 2800 sentire
3747 2765 3844 2801 nos

2255 2830 2638 2894 criminantur,
2691 2847 2810 2900 qua:
2857 2849 3125 2903 nunquam
3175 2837 3397 2889 sensisse
3436 2853 3530 2890 nos
3577 2839 3843 2893 novimus.

2256 2920 2390 2987 Quae
2417 2922 2483 2976 de
2513 2921 2694 2992 seipso
2723 2922 3011 2993 Origenem
3043 2927 3337 2996 scripsisse
3363 2929 3490 2998 quis
3525 2945 3629 2984 non
3659 2932 3847 2986 videt?

2258 3015 2363 3071 Sed
2405 3016 2580 3072 obiter
2618 3019 2854 3088 appellat
2884 3018 3149 3088 Spiritum
3193 3019 3250 3074 S.
3301 3023 3516 3075 tertiam
3556 3040 3846 3091 personam

2255 3127 2287 3163 a
2310 3108 2474 3163 Patre
2513 3120 2565 3164 et
2583 3109 2762 3175 Filio;
2796 3129 2867 3166 an
2898 3121 3083 3167 autem
3122 3113 3386 3184 Origenes
3432 3115 3506 3169 ita
3547 3116 3698 3185 loqui
3729 3133 3844 3172 non

2256 3205 2471 3274 potuit?
2499 3202 2679 3257 Latini
2709 3203 2902 3260 Patres
2936 3203 3233 3258 ὑπόστασιν
3268 3222 3549 3274 personam
3595 3217 3844 3263 transtu-

2253 3297 2454 3352 lerunt.
2513 3296 2648 3354 Tres
2685 3307 2869 3353 autem
2915 3299 2972 3353 in
3011 3299 3211 3354 divinis
3256 3300 3586 3365 ὑποστάσεις
3621 3318 3845 3372 semper

2252 3389 2475 3459 agnovit
2503 3386 2788 3460 Origenes.
2838 3387 2959 3459 Ipse
2989 3391 3230 3446 secundo
3261 3399 3412 3446 tomo
3453 3393 3507 3446 in
3539 3393 3848 3449 Joannem:

2263 3480 2452 3552 Ἡμεῖς
2488 3481 2670 3552 μέντοι
2703 3498 2766 3550 γε
2799 3483 2949 3552 τρεῖς
2983 3482 3312 3548 ὑποστάσεις
3355 3484 3668 3555 πειθόμενοι
3700 3503 3840 3556 τυγ-

2251 3572 2456 3642 χάνειν,
2482 3572 2574 3625 τὸν
2598 3571 2838 3643 Πατέρα,
2857 3572 2949 3626 καὶ
2979 3573 3071 3626 τὸν
3101 3571 3249 3637 Υἱὸν,
3273 3574 3368 3628 καὶ
3393 3575 3454 3628 τὸ
3486 3575 3641 3645 ἅγιον
3667 3578 3843 3630 Πνεῦ-

2252 3683 2328 3736 μα
2377 3665 2476 3734 (ita
2517 3665 2621 3735 legi
2678 3665 2734 3719 in
2787 3681 2890 3720 ms.
2931 3678 3158 3733 nostro;
3205 3677 3260 3723 et
3304 3671 3553 3739 agnoscit
3604 3670 3842 3728 Huctius

2250 3756 2340 3810 illa
2371 3756 2538 3810 verba
2589 3754 2806 3809 καὶτὸν
2841 3756 2969 3810 Υἱόν
3018 3757 3072 3810 in
3116 3758 3356 3812 editione
3407 3776 3509 3815 sua
3542 3775 3638 3829 per
3681 3771 3840 3832 typo«

2249 3848 2443 3918 graphi
2474 3847 2744 3902 incuriam
2765 3863 2887 3902 esse
2916 3849 3328 3920 praetermissa);
3352 3849 3639 3908 Ferrarius
3666 3853 3840 3908 inter-

2249 3952 2415 4006 pres:
2450 3936 2565 3992 Nos
2601 3948 2778 3991 autem
2809 3939 2900 4008 qui
2935 3949 3040 3992 tres
3069 3955 3343 4008 personas,
3393 3939 3607 3995 Patrem
3650 3954 3699 3997 et
3731 3943 3836 3997 Fi-

2247 4029 2380 4082 liunt
2432 4040 2586 4100 atque
2645 4029 2908 4100 Spiritum
2963 4029 3021 4087 S.
3062 4049 3172 4087 esse
3235 4035 3520 4090 credimus.
3587 4035 3837 4094 Plurima

2248 4134 2378 4178 sunt
2421 4125 2474 4178 in
2508 4123 2723 4180 Latinis
2757 4124 3009 4193 Origenis
3045 4127 3112 4182 de
3143 4127 3414 4183 Trinitate
3445 4145 3834 4198 personarum,

2248 4214 2344 4270 sed
2376 4227 2630 4284 suspecta
2661 4232 2724 4270 ea
2750 4215 2946 4271 l'luetio
2979 4215 3110 4273 facit
3136 4218 3282 4274 tluxa
3316 4218 3518 4273 Bullini
3554 4220 3834 4291 interpre-

2250 4308 2322 4362 tis
2354 4307 2508 4362 tides.
2547 4307 2614 4362 Et
2641 4309 2866 4378 quidem
2903 4309 2996 4365 ubi
3041 4311 3109 4364 de
3151 4313 3360 4366 unitate
3389 4309 3698 4377 Trinitatis,
3737 4323 3835 4367 aut

2245 4403 2560 4472 aqualitate
2604 4419 2966 4474 personarum
3000 4406 3199 4476 agitur,
3251 4407 3446 4462 merito
3473 4407 3829 4462 diﬂidendum

2245 4503 2331 4549 est
2379 4494 2696 4566 interpreti;
2763 4496 2832 4552 de
2871 4497 3138 4552 Trinitate
3199 4507 3380 4552 autem
3444 4503 3832 4556 tantummodo

560 4609 684 4648 mus
731 4609 744 4645 :
784 4592 1033 4656 Ennaue,
1060 4596 1118 4648 id
1166 4607 1242 4650 est
1295 4593 1628 4665 cogitationi.
1689 4591 1946 4656 Hermes,
2002 4591 2139 4644 sicut
2176 4606 2216 4660 D
2245 4586 2522 4657 loquenti,
2563 4589 2707 4644 ratio
2746 4589 2898 4644 nulla
2936 4600 3020 4644 est
3063 4607 3163 4645 cur
3195 4590 3526 4647 dilIidamus.
3570 4592 3627 4646 In
3673 4604 3830 4650 sexto

561 4686 744 4741 (ἑνωεο
792 4703 1029 4742 sermone
1099 4689 1440 4757 exprimitur,
1488 4684 1782 4757 Αἰμυλίους
1837 4701 1897 4736 τε
1948 4683 2140 4752 λόγους

559 4780 654 4832 καὶ
687 4779 978 4833 ἐπίκλοπον
1003 4776 1133 4851 ἦθος
1165 4780 1250 4833 ἐπ’
1286 4780 1484 4842 αὐτοὺς
1518 4778 1766 4843 κάτθετο,
1811 4786 1869 4830 ut
1897 4778 1994 4830 ltoc
2023 4778 2138 4846 ipso

561 4869 757 4924 Latino
803 4888 1042 4925 sermone
1083 4872 1347 4936 dicamus,
1404 4869 1789 4926 fraudulentia:
1819 4870 1926 4922 sive
1974 4869 2139 4924 sedu-

557 4966 756 5020 ctionis
779 4966 966 5028 verba,
997 4975 1049 5019 et
1079 4964 1492 5020 subinvolantes
1524 4978 1706 5018 mores
1731 4962 1930 5017 indidit
1953 4978 2136 5017 eorum

555 5059 794 5112 sensibus
837 5059 906 5111 ad
947 5058 1300 5112 seducendum
1343 5057 1536 5111 stultos
1581 5057 1876 5122 hominum,
1918 5064 1977 5108 ut
2017 5071 2133 5107 cre-

555 5156 685 5208 dant
734 5156 1020 5224 ﬁgmentis.
1074 5154 1249 5208 Mater
1293 5155 1452 5217 enim,
1493 5153 1590 5205 Itoc
1633 5162 1708 5206 est
1736 5151 1887 5217 Leto,
1933 5151 2134 5204 occulte

553 5247 838 5298 commovit
876 5260 1003 5308 eos;
1048 5246 1186 5298 unde
1225 5255 1273 5299 et
1319 5244 1445 5302 Leto
1473 5252 1778 5313 nuncupata
1810 5251 1910 5309 est,
1948 5259 2134 5296 secun-

550 5337 684 5389 dum
728 5336 900 5390 Grteci
933 5337 1189 5391 sermonis
1231 5338 1668 5407 signiﬁcantium.
1725 5336 1939 5392 Rursus
1973 5354 1986 5389 :
2021 5335 2132 5389 IIo-

553 5443 728 5481 merus
759 5438 912 5496 poeta
954 5429 1092 5484 dixit
1133 5447 1152 5485 :
1192 5431 1255 5483 Ol
1287 5430 1343 5482 δὲ
1376 5429 1487 5483 Θεοὶ
1523 5427 1637 5499 πὰρ
1672 5428 1802 5500 Ζηνὶ⁵
1835 5427 2132 5499 καθήμενοι

550 5519 860 5589 ἠγορόωντο
889 5521 1119 5593 Χρυσέῳ
1165 5523 1222 5574 ἐν
1267 5522 1500 5593 δαπέδῳ.
1547 5519 1700 5586 Quod
1733 5521 1922 5575 Latine
1964 5522 2130 5574 inter-

555 5613 906 5680 pretabimur,
967 5615 1044 5670 dii
1094 5627 1274 5672 autem
1333 5617 1476 5686 apud
1527 5616 1716 5672 Jovem
1783 5615 2130 5672 considentes

557 5704 865 5760 tractabant
909 5707 963 5760 in
994 5724 1162 5763 aureo
1201 5708 1343 5763 loco.
1395 5710 1572 5776 Atque
1603 5707 1799 5762 iterum
1829 5727 1842 5762 :
1869 5705 2132 5761 Similiter

554 5804 603 5848 et
628 5790 865 5849 Sabaoth
895 5814 987 5866 per
1025 5800 1066 5850 Ω
1096 5798 1308 5868 quidem
1341 5797 1586 5851 Gra’cam
1635 5799 1684 5850 in
1719 5795 1927 5866 syllaba
1957 5799 2130 5850 novis-

556 5889 688 5945 sima
741 5892 1033 5958 scribitur;
1099 5909 1189 5963 per
1249 5895 1286 5947 Ο
1342 5903 1517 5946 autem
1585 5891 1823 5946 (irrccam
1889 5902 1941 5946 ut
1999 5903 2126 5963 puta

2243 4689 2395 4736 tomo
2443 4682 2496 4736 in
2522 4680 2782 4738 Joannem
2825 4682 3128 4736 etiamnum
3180 4683 3410 4753 legimus
3443 4686 3831 4757 προσκυνητὴν

2243 4771 2473 4842 Τριάδα,
2510 4772 2844 4826 adorandum
2883 4773 3244 4828 Trinitatem:
3284 4775 3446 4846 idque
3479 4787 3604 4832 ante
3631 4779 3828 4834 obser-

2240 4873 2464 4919 vaverat
2515 4863 2573 4920 S.
2611 4864 2848 4920 Basilius
2870 4864 2907 4916 l.
2931 4879 2942 4915 I
2969 4862 3044 4915 De
3069 4865 3276 4933 Spiritu
3299 4865 3358 4921 S.
3384 4884 3504 4939 cap.
3531 4868 3624 4924 29.
3675 4869 3827 4924 Nihil

2239 4957 2386 5011 enim
2415 4957 2622 5012 certius
2651 4967 2734 5012 est
2764 4973 2929 5027 quam
2963 4957 3252 5028 Origenem
3299 4968 3411 5015 tres
3457 4977 3722 5031 personas
3767 4965 3826 5018 in

2237 5051 2441 5107 divinis
2486 5053 2812 5122 agnovisse,
2863 5061 2919 5106 et
2959 5062 3153 5106 contra
3205 5069 3304 5108 eos
3363 5055 3677 5124 disputasse
3726 5061 3825 5129 qui

2238 5163 2404 5201 unam
2437 5147 2734 5201 ὑπόστασιν
2760 5146 3110 5214 asserebant;
3139 5149 3284 5217 quod
3315 5149 3359 5204 si
3388 5165 3481 5205 eas
3511 5151 3824 5208 substantia

2234 5239 2526 5294 distinctas
2562 5249 2617 5293 et
2651 5241 2948 5310 inazqualcs
2977 5241 3182 5304 docuit,
3220 5257 3287 5296 eo
3335 5243 3452 5311 ipso
3492 5246 3666 5314 magis
3701 5261 3825 5300 cer-

2238 5341 2351 5387 tum
2378 5342 2481 5387 est.
2535 5331 2606 5387 Ut
2641 5346 2827 5388 autem
2858 5334 3263 5389 distinctionem
3296 5337 3367 5390 ita
3395 5338 3556 5392 etiam
3587 5348 3641 5394 et
3669 5341 3821 5394 ordi-

2235 5440 2361 5478 nem
2393 5422 2637 5490 tradidit,
2669 5425 2764 5495 qni
2803 5425 2839 5479 Ι.
2867 5441 2901 5478 v
2941 5428 3191 5483 adversus
3226 5431 3435 5487 Celsum
3476 5445 3581 5482 non
3605 5431 3817 5486 veritus

2232 5526 2318 5572 est
2341 5517 2525 5572 dicere
2543 5518 2824 5572 Christum
2849 5518 3101 5589 δεύτερον
3122 5519 3273 5582 Θεόν,
3304 5521 3591 5574 secundum
3608 5522 3816 5587 Deum;

2231 5619 2288 5664 et
2313 5625 2476 5682 quem
2513 5612 2680 5665 tradit
2707 5609 3072 5681 Hieronymus
3104 5611 3171 5664 ad
3197 5611 3441 5678 Avitum,
3473 5614 3527 5667 in
3561 5614 3597 5667 l.
3626 5629 3642 5666 ι
3673 5611 3814 5676 Περὶ

2223 5700 2429 5775 ἀρχῶν
2452 5705 2731 5767 docuisse,
2769 5702 2973 5756 Filium
3012 5721 3214 5774 quoque
3249 5707 3505 5760 minorem
3535 5705 3719 5769 Patre,
3753 5723 3815 5760 to

2232 5800 2370 5868 quod
2401 5801 2662 5852 secundas
2704 5798 2766 5851 ab
2804 5799 2896 5851 illo
2931 5800 3019 5864 sit,
3051 5809 3098 5852 et
3126 5801 3388 5868 Spiritum
3420 5800 3479 5854 S.
3507 5801 3814 5869 inferiorem

2236 5890 2381 5946 l’ilio
2449 5894 2504 5946 in
2562 5892 2760 5946 sanctis
2817 5894 3103 5963 quibusque
3156 5894 3370 5948 versari.
3447 5891 3559 5949 lino
3617 5894 3809 5948 eadem
