4078 6416
386 328 481 384 181

1140 333 1189 389 J.
1231 332 1597 390 PEARSONH
1638 330 1963 389 VlNDlCle
2007 328 2426 386 [GNATIANA'L
2464 359 2535 367 —
2567 327 2747 383 PARS
2785 327 2823 380 1.

3584 324 3685 378 189.

377 452 623 520 epistola
654 450 1045 523 Hieronymus,
1092 452 1158 507 de
1189 451 1519 506 Adamantio
1564 469 1576 503 :
1616 451 1855 505 Tertium
1899 450 1986 502 di-
2017 451 2063 505 Α
2093 446 2467 512 leutissimus,
2531 445 2773 500 Joannes
2842 443 3120 515 Liglztfoot
3148 486 3161 510 ,
3233 443 3285 497 in
3350 441 3672 496 canonicam

378 547 593 612 guilale
640 555 691 598 et
734 545 954 607 honore,
1001 554 1119 613 post
1170 544 1389 599 Patrem
1436 554 1484 597 et
1530 542 1751 606 Filium,
1795 543 1985 595 asserit

379 638 656 705 Spiritum
681 637 740 692 S.
778 637 925 692 Satis
955 639 1121 707 igitur
1155 639 1443 707 principiis
1468 638 1717 705 Origeuis
1750 651 1984 690 consen-

377 741 608 783 taneum
656 739 743 785 est
768 728 1036 797 Spiritum
1091 730 1149 784 S.
1185 746 1432 786 asserere
1470 732 1681 784 tertiam
1706 745 1986 798 personam

372 837 405 871 a
444 817 615 872 Patre
658 830 709 872 et
738 818 906 873 Filio.
949 818 1204 874 Secundo
1230 861 1245 884 ,
1284 820 1474 889 objicit
1516 836 1767 889 personas
1803 819 1983 889 longos

372 927 652 964 sermones
704 912 844 965 inter
881 928 936 965 se
964 922 1216 975 serentes,
1245 923 1436 966 contra
1470 928 1678 966 morem
1707 910 1982 983 Origenis,

368 1001 582 1071 qualis,
617 1004 824 1073 inquit,
866 1004 964 1057 illa
1006 1014 1084 1059 est
1111 1002 1313 1058 Christi
1352 1020 1468 1056 cum
1516 1012 1775 1058 tentatore
1815 1005 1981 1058 collo-

376 1096 524 1148 catio
551 1113 571 1150 :
605 1095 935 1165 Respondeo
968 1096 1087 1158 tibi,
1118 1112 1151 1152 o
1184 1096 1484 1165 versipellis
1514 1106 1567 1150 et
1598 1111 1855 1166 nequam,
1888 1098 1979 1167 qui

375 1204 465 1240 me
503 1197 729 1241 tentare
782 1204 890 1241 non
924 1190 1147 1253 metuis,
1194 1196 1243 1241 et
1289 1198 1504 1242 cwtera.
1557 1188 1763 1243 Caztera
1798 1198 1979 1241 autem

372 1281 492 1335 haec
530 1283 923 1335 tantummodo
970 1293 1121 1347 sunt,
1166 1280 1307 1335 alius
1350 1291 1429 1336 est
1468 1283 1622 1350 panis
1663 1298 1836 1336 sermo
1863 1282 1977 1345 Dei,

369 1369 464 1436 qui
494 1370 735 1437 vivi/ient
770 1370 1063 1425 hominem.
1098 1369 1239 1424 Proh
1274 1372 1465 1442 longos
1494 1374 1807 1427 sermones!
1844 1374 1981 1442 proh

374 1461 663 1529 prolixam
711 1462 1137 1517 collocutionem
1172 1464 1184 1516 l
1245 1462 1348 1517 Sed
1377 1464 1645 1533 prolixior
1680 1464 1853 1535 angeli
1884 1481 1979 1518 cu-

372 1555 550 1609 stodis
608 1556 681 1608 ad
729 1556 1025 1624 principem
1066 1557 1312 1626 angelum
1360 1557 1577 1621 oratio;
1629 1558 1741 1611 imo
1790 1557 1980 1611 infelix

376 1647 623 1702 Dallaeus
654 1648 753 1717 qui
784 1649 1177 1713 adversarium,
1230 1663 1259 1702 a
1303 1648 1552 1718 principe
1589 1650 1753 1719 hujus
1790 1650 1979 1705 szeculi

379 1741 667 1805 missum,
722 1750 1059 1810 quaerentem
1120 1742 1473 1795 occasionem
1538 1739 1885 1807 insidiarum,
1930 1740 1975 1795 si

371 1849 493 1902 quo
522 1832 692 1885 modo
722 1848 825 1887 nos
855 1833 1179 1887 subvertere
1205 1841 1389 1901 queat,
1418 1832 1663 1901 angelum
1709 1834 1978 1887 custodem

373 1925 534 1977 facit.
580 1923 756 1977 Totus
791 1925 891 1979 iste
930 1926 1085 1980 locus
1118 1935 1226 1979 tam
1259 1940 1391 1993 pure
1428 1935 1512 1979 est
1539 1924 1885 1994 Origcnicus,
1919 1932 1979 1979 ut

374 2017 463 2070 his
494 2032 584 2070 me
614 2018 899 2071 immorari
933 2020 1151 2086 pudeat.
1187 2016 1390 2082 Tertio,
1422 2032 1548 2071 cum
1573 2016 1834 2087 Origenes
1863 2018 1978 2086 ipse

372 2110 528 2166 solos
587 2110 761 2165 libros
821 2110 959 2181 legis
1012 2110 1301 2164 admisisse
1365 2107 1698 2163 Saddueatos
1759 2109 1972 2174 doceat,

370 2202 610 2256 bomilia
635 2202 727 2267 '59,
764 2202 884 2256 loca
926 2218 992 2257 ex
1019 2201 1159 2258 Isaia
1193 2212 1247 2258 et
1270 2203 1506 2260 Psalmis
1546 2203 1745 2268 citaus,
1787 2201 1969 2255 addit:

371 2294 512 2358 Quae
555 2294 742 2347 omnia
791 2296 1148 2363 corporaliter
1188 2296 1607 2365 intelligentibus
1660 2294 1972 2351 Sadducwis

366 2386 462 2454 qui
491 2396 650 2439 erant
676 2386 850 2453 portio
873 2385 1209 2453 Judworum,
1236 2389 1364 2440 dicit
1390 2386 1641 2441 Salvator
1663 2402 1682 2440 :
1710 2385 1973 2443 «Nescitis

371 2480 722 2548 Scripturas,
767 2496 945 2548 neque
991 2481 1245 2535 virtutem
1286 2481 1381 2535 Dei
1412 2482 1453 2535 ⁸.
1492 2502 1508 2534 ι
1568 2482 1672 2536 Sed
1703 2496 1812 2534 non
1840 2480 1975 2535 dicit

376 2574 471 2627 hic
507 2573 779 2644 Origenes
812 2576 863 2627 id
889 2575 1037 2643 quod
1065 2575 1401 2629 contrarium
1434 2586 1518 2630 est
1542 2576 1778 2644 cuipiam
1823 2575 1971 2644 quod

366 2663 504 2717 alibi
555 2664 780 2730 docuit;
838 2680 946 2718 non
1000 2665 1147 2718 enim
1193 2664 1427 2719 allirmat
1463 2664 1795 2721 Sadduczeos
1844 2681 1972 2734 pro-

366 2758 567 2825 phetas
616 2758 673 2809 in
729 2772 998 2811 canonem
1046 2756 1460 2827 Scripturarum
1508 2759 1800 2828 recepisse.
1855 2756 1972 2812 Hoc

365 2859 587 2904 tantum
614 2849 774 2915 dicit,
811 2847 1145 2907 Saddueaeos
1193 2851 1334 2906 male
1366 2852 1704 2907 intellexisse
1734 2850 1970 2922 pr0plte—

363 2955 482 3009 tas;
515 2952 821 3013 potuerunt
863 2953 1046 2998 autem
1082 2952 1137 2998 et
1163 2943 1486 3014 intelligere,
1521 2952 1575 2999 et
1608 2944 1773 2999 etiam
1806 2946 1965 3012 male,

360 3047 426 3085 ea
453 3048 582 3100 qua:
613 3048 712 3100 pro
741 3033 917 3086 sacris
943 3031 1249 3103 Scripturis
1296 3050 1404 3088 non
1439 3035 1698 3089 habuere.
1748 3035 1966 3090 Sadduo

2095 538 2293 594 Elicusi
2342 539 2549 610 collega
2597 549 2803 602 noster,
2857 538 2922 593 ad
2960 537 3315 608 Evangelium
3364 534 3420 588 S.
3446 532 3676 589 Joannis

2090 648 2210 702 cap.
2235 648 2309 696 tv,
2354 648 2497 688 vers.
2529 634 2618 695 15,
2665 633 2756 687 ubi
2809 631 3005 686 mulier
3036 630 3385 685 Samaritana
3418 627 3672 683 Messiam

2090 727 2364 783 nominat.
2397 726 2667 781 Praeterea
2706 735 2761 780 et
2793 727 3033 795 juvenis,
3063 733 3117 779 et
3159 724 3227 778 ad
3257 723 3519 792 populum
3558 723 3675 776 baac

2088 816 2308 885 scripsit
2348 814 2643 887 Origenes;
2712 833 2819 871 non
2859 817 3021 886 igitur
3063 824 3191 869 tunc
3238 814 3470 868 fortasse
3510 829 3581 867 no

2087 919 2275 976 verat,
2326 919 2420 965 aut
2454 920 2613 965 certe
2662 926 2771 963 non
2822 925 3045 964 necesse
3092 909 3286 963 habuit
3343 910 3669 964 sententiam

2089 1002 2517 1057 Sadducmorum
2563 1002 2891 1072 peculiarem
2955 1011 3183 1056 notare:
3217 1003 3471 1057 observat
3523 1001 3668 1056 enim

2089 1092 2418 1151 Sadducatos
2477 1105 2688 1150 tantum
2754 1096 3049 1164 portionem
3095 1093 3408 1148 Judazorum
3477 1093 3667 1149 fuisse.

2089 1189 2380 1259 Utcunque
2416 1200 2563 1245 totus
2599 1190 2687 1244 hic
2738 1197 3007 1244 tractatus
3044 1189 3223 1257 ipsum
3262 1186 3548 1257 Origenctu
3584 1203 3672 1241 sa-

2085 1284 2189 1353 pit;
2242 1298 2305 1337 ac
2338 1285 2608 1352 praecipue
2659 1282 2834 1351 prima
2880 1281 2970 1334 illa
3013 1280 3282 1335 sententia
3325 1297 3337 1333 :
3379 1280 3482 1344 Qui
3518 1287 3671 1333 erunt

2084 1376 2222 1427 sicut
2270 1372 2482 1443 angeli,
2538 1374 2717 1441 utique
2771 1370 2942 1441 angeli
2990 1379 3165 1423 erunt.
3231 1369 3344 1422 lmo
3393 1370 3507 1423 Itsec
3552 1370 3669 1438 ipsa

2083 1463 2337 1534 quaestio,
2393 1478 2559 1531 quam
2614 1462 2891 1516 molestam
2945 1471 3103 1516 vocat
3186 1460 3424 1514 homilia:
3478 1468 3670 1514 auctor

2084 1556 2336 1627 (scilicet,
2389 1554 2476 1607 ubi
2532 1554 2789 1621 scriptum
2842 1564 2939 1617 est,
2998 1553 3122 1623 quia
3179 1570 3197 1602 ι
3234 1567 3411 1621 neque
3464 1553 3670 1607 nubent

2083 1662 2260 1716 neque
2277 1645 2549 1699 nubentur
2581 1644 2655 1695 ὀἳ
2683 1644 2757 1715 ι),
2782 1660 2890 1699 non
2908 1653 2990 1700 est
3017 1644 3242 1699 alterius
3283 1659 3448 1714 quam
3483 1642 3667 1715 Orige-

2084 1738 2189 1792 nis.
2234 1736 2494 1791 Eamdem
2538 1736 2683 1790 enim
2728 1736 2843 1805 ipse
2872 1736 3129 1806 praponit
3173 1737 3225 1789 iu
3259 1735 3670 1791 commentariis

2084 1830 2151 1885 ad
2182 1829 2534 1896 Mattlueum,
2580 1846 2815 1900 eamque
2860 1846 3091 1901 operose
3136 1832 3329 1897 solvit,
3375 1832 3670 1887 ostendens

2084 1923 2226 1977 hanc
2254 1924 2576 1978 sententiam
2598 1925 2650 1977 in
2686 1923 2985 1993 Scripturis
3006 1940 3113 1979 non
3131 1924 3351 1994 quidem
3372 1924 3667 1991 αὐτολεξεὶ,

2082 2017 2207 2083 ipsis
2247 2017 2436 2079 verbis,
2483 2019 2577 2071 sed
2622 2019 2679 2069 ὲν
2712 2018 3076 2090 τροπολογίᾳ,
3130 2018 3452 2087 tropologice
3494 2019 3670 2072 conti-

2082 2110 2233 2174 neri,
2292 2120 2456 2180 atque
2507 2112 2638 2167 hinc
2688 2112 2827 2166 mire
2884 2111 3222 2168 contendens
3273 2112 3668 2182 tropologicum

2082 2201 2379 2271 Scriptura)
2410 2203 2812 2272 expositionem
2844 2218 2967 2258 esse
3003 2219 3225 2272 prorsus
3271 2205 3666 2270 necessariam,

2078 2299 2226 2368 quod
2256 2299 2327 2361 ei,
2357 2299 2452 2368 qui
2486 2300 2629 2359 hanc
2672 2314 2784 2354 non
2825 2300 3090 2363 admittit,
3118 2298 3202 2354 vel
3253 2299 3435 2354 locum
3477 2314 3669 2353 corru-

2077 2398 2229 2462 ptum
2275 2392 2669 2461 pronuntiare,
2712 2393 2797 2446 vel
2845 2390 3088 2457 Christo,
3135 2392 3295 2462 quasi
3330 2407 3522 2447 verum
3556 2408 3668 2447 non

2076 2487 2309 2552 dixerit,
2350 2487 2496 2542 haud
2534 2488 2795 2553 credere,
2847 2488 2935 2542 vel
2981 2488 3048 2543 ad
3097 2488 3269 2543 libros
3323 2488 3667 2559 apocryphos

2076 2576 2404 2649 confugere,
2436 2593 2659 2633 necesse
2691 2579 2781 2632 sit.
2838 2577 3092 2633 Ostendit
3131 2579 3273 2634 hanc
3305 2578 3663 2648 quaestionem

2074 2687 2139 2726 ex
2168 2671 2350 2725 verbis
2368 2670 2571 2725 Christi
2590 2671 2733 2739 apud
2754 2670 3067 2725 Mattltteum
3087 2681 3251 2740 atque
3270 2669 3535 2737 Marcum,
3554 2686 3665 2724 non

2074 2771 2253 2816 autem
2271 2778 2337 2815 ex
2356 2763 2462 2816 illis
2479 2762 2622 2831 apud
2641 2760 2847 2815 Lucam
2868 2760 3019 2814 oriri.
3042 2760 3106 2814 Et
3123 2759 3342 2830 quidem
3365 2761 3419 2814 in
3440 2761 3664 2814 homilia

2074 2853 2126 2905 in
2146 2850 2375 2919 Lucam,
2394 2852 2597 2905 omittit
2616 2850 2783 2905 verba
2802 2849 2986 2914 Lucre,
3005 2865 3307 2920 eorumque
3324 2850 3445 2905 loco
3461 2851 3638 2905 substi

2074 2945 2177 2999 tuit
2212 2945 2381 2999 verba
2409 2942 2669 3008 Mattluei,
2690 2952 2749 2998 ut
2782 2943 2927 2997 hanc
2948 2941 3662 3012 qurestionemintrodueat.

2148 3038 2424 3094 Firmiora
2472 3040 2634 3093 nobis
2684 3052 2785 3108 pro
2819 3034 3056 3107 Origene
3101 3044 3424 3106 argumenta
3468 3044 3523 3089 et
3561 3051 3665 3105 pro

358 3126 462 3179 cati
493 3125 721 3195 quidem
758 3123 1062 3181 Samaritas
1092 3127 1264 3181 secuti
1315 3135 1463 3193 sunt,
1494 3128 1655 3198 ὃμοια
1689 3129 1963 3200 Σαμαρεί-
1997 3147 2037 3204 C
2075 3132 2373 3201 interprete
2405 3130 2745 3203 Hieronymo
2779 3131 3048 3186 adversus
3076 3128 3335 3184 Latinum
3381 3138 3662 3185 auctorem

357 3234 483 3277 ταις
519 3217 887 3288 φρονοῦντες,
924 3228 979 3272 et
1011 3218 1080 3271 τὰ
1112 3220 1288 3273 πάντα
1332 3219 1423 3274 ἴσα
1455 3221 1823 3293 Σαμαρείταις
1870 3242 1967 3293 φυ-

364 3312 703 3377 λάττουσιν,
757 3322 815 3367 ιιι
868 3314 1116 3382 loquitur
1167 3311 1530 3383 Epiphanius.
1589 3314 1656 3369 Et
1715 3317 1969 3385 rejccisse

358 3403 586 3472 quidem
633 3419 731 3457 eos
767 3403 1176 3459 Phariszeorum
1227 3404 1592 3477 δευτερὼσεις
1632 3423 1697 3463 ex
1727 3406 1967 3479 Josepho

361 3504 533 3564 patet.
572 3496 680 3548 Sed
711 3505 908 3555 mutu
946 3506 999 3552 et
1028 3505 1231 3557 cum:
1256 3499 1543 3569 prophetas
1595 3510 1650 3555 et
1680 3500 1967 3571 Itagiogra-

353 3588 489 3653 pltos
540 3588 596 3640 in
643 3588 974 3643 traditiones
1002 3588 1127 3658 quis
1168 3588 1310 3644 ferat
1345 3591 1660 3645 numerari?
1695 3574 1967 3659 [interpres

357 3679 590 3749 quidem
647 3677 943 3747 Origenis,
992 3695 1155 3749 quem
1213 3682 1369 3735 all‘ert
1399 3680 1657 3748 Dalleeus,
1689 3682 1821 3735 dicit
1872 3698 1967 3736 eos

358 3787 558 3825 sacras
590 3772 915 3840 Scripturas
940 3783 1093 3826 extra
1126 3772 1299 3828 libros
1330 3772 1605 3828 Mosaicos
1637 3791 1744 3828 non
1776 3773 1963 3843 legere,

354 3865 456 3919 sed
488 3864 684 3918 Grazea
719 3873 920 3935 negant
950 3874 1165 3923 tantum
1194 3866 1517 3937 προσίεσθαι
1548 3867 1633 3922 vel
1664 3867 1967 3941 παραδέχε-

357 3955 511 4019 σθαι,
569 3955 811 4021 scilicet,
858 3958 910 4009 in
942 3957 1339 4013 controversiis
1367 3958 1492 4013 ﬁdei
1532 3958 1966 4013 detertniuaudis

352 4050 671 4101 admittere.
733 4046 848 4103 lloc
875 4050 1020 4104 enim
1053 4048 1412 4106 fundamento
1444 4051 1530 4106 usi
1558 4059 1708 4118 sunt,
1749 4051 1963 4105 nullum

353 4140 664 4194 artiCulum
712 4140 836 4195 fidei
873 4140 1274 4195 admittendum
1325 4155 1469 4205 esse,
1502 4140 1597 4209 qui
1636 4154 1746 4193 non
1782 4154 1847 4193 ex
1899 4138 1964 4190 li-

354 4235 475 4288 bris
506 4233 771 4288 Mosaieis
802 4233 1021 4303 probari
1054 4243 1259 4303 posset.
1296 4232 1559 4303 Reliquos
1592 4240 1773 4287 autem
1811 4231 1961 4287 Scri-

354 4337 537 4396 ptura:
575 4328 745 4381 libros
790 4326 893 4395 ipsi
926 4326 1199 4395 legebant,
1235 4334 1289 4381 et
1322 4327 1398 4381 ita
1433 4327 1959 4395 interpretabantur,

356 4430 419 4472 ut
466 4418 834 4473 fundamento
882 4436 985 4475 suo
1030 4420 1412 4474 contradicere
1462 4434 1570 4472 non
1618 4418 1957 4474 viderentur.

2073 3233 2395 3296 suppetunt.
2442 3223 2501 3279 S.
2531 3222 2900 3294 Hieronymus
2937 3223 3278 3293 iuCatalogo
3321 3223 3463 3281 inter
3497 3238 3663 3294 opere.

2072 3334 2103 3372 a
2147 3334 2205 3373 se
2250 3318 2417 3383 edita,
2460 3318 2513 3371 in
2539 3316 2741 3371 Lucam
2784 3316 3037 3370 Itomilias
3084 3316 3307 3387 triginta
3347 3332 3530 3369 novem
3576 3331 3665 3372 re-

2071 3411 2240 3474 citat;
2291 3410 2549 3465 homilias
2592 3418 2776 3463 autem
2815 3408 2932 3478 ipse
2974 3422 3256 3477 nunquam
3306 3408 3549 3478 scripsit.
3603 3406 3662 3462 In

2072 3503 2296 3573 prologo
2328 3502 2395 3557 ad
2422 3501 2652 3557 Paulam
2695 3511 2749 3556 et
2778 3499 3141 3555 Eustochium
3188 3498 3431 3553 ostendit
3474 3514 3533 3553 se
3563 3514 3661 3555 eas

2070 3607 2136 3645 ex
2196 3590 2423 3661 Origene
2474 3593 2825 3648 transtulisse
2874 3592 2962 3645 his
3016 3590 3253 3645 verbis:
3301 3590 3659 3655 Quamobrem

2068 3685 2299 3753 petistis,
2326 3693 2406 3744 ut,
2439 3684 2754 3753 contemptis
2786 3682 3095 3735 istiusmodi
3127 3682 3302 3751 nugis,
3339 3681 3530 3735 saltem
3560 3684 3662 3736 tri-

2069 3776 2217 3845 ginta
2244 3782 2293 3828 et
2326 3790 2506 3828 novem
2528 3772 2844 3828 Adamantii
2872 3772 3044 3827 nostri
3080 3773 3135 3826 in
3158 3771 3360 3825 Lucam
3381 3773 3656 3837 Itontilias,

2068 3868 2207 3923 sicut
2240 3868 2293 3920 in
2321 3867 2507 3923 Grceco
2538 3866 2820 3931 habentur,
2858 3866 3188 3935 interpreter.
3231 3866 3517 3922 Molestum
3550 3884 3659 3921 rem

2067 3972 2117 4016 et
2142 3970 2399 4015 tormento
2421 3961 2672 4026 similent,
2698 3960 2892 4026 alieno,
2918 3970 2975 4013 ut
3001 3961 3077 4014 ait
3105 3940 3335 4029 Tullius,
3362 3964 3655 4028 stomacho,

2067 4064 2115 4108 et
2144 4070 2249 4108 non
2277 4070 2374 4108 suo
2417 4053 2646 4108 scribere
2685 4068 2703 4106 :
2742 4070 2900 4124 quam
2940 4064 3113 4109 tamen
3151 4056 3353 4111 idcirco
3394 4074 3532 4112 nunc
3568 4059 3657 4127 fa-

2068 4147 2228 4211 ciam,
2273 4148 2402 4216 quia
2455 4146 2775 4200 sublimiora
2817 4164 2920 4201 non
2973 4150 3218 4217 poscitis.
3267 4147 3424 4205 Hunc
3473 4160 3656 4205 autem

2068 4240 2241 4308 ipsius
2277 4237 2596 4311 Hieronymi
2632 4238 2923 4309 prologum
2953 4239 3122 4294 fuisse
3153 4250 3366 4294 certum
3398 4250 3502 4306 est,
3526 4242 3654 4311 quia

2068 4343 2243 4389 totum
2297 4334 2352 4387 in
2405 4348 2563 4388 suam
2617 4333 2949 4388 invectivam
3005 4335 3351 4404 transcripsit
3380 4334 3653 4399 Bullinus,

2066 4434 2121 4478 et
2144 4425 2279 4480 satis
2314 4439 2504 4479 severe
2532 4425 2854 4493 exagitavit.
2888 4423 3024 4492 lmo,
3052 4427 3201 4495 quod
3232 4427 3360 4481 huic
3384 4428 3462 4481 liti
3492 4430 3655 4482 tinent

354 4510 548 4564 Multa:
581 4526 773 4564 eorum
816 4511 1297 4579 interpretationes
1346 4526 1375 4563 a
1404 4510 1671 4564 Rabbinis
1716 4510 1957 4564 aﬂ‘eruu-
1991 4492 2037 4547 D
2068 4515 2352 4584 imponere
2380 4514 2564 4579 debet,
2600 4492 2703 4567 nee
2742 4515 2850 4567 ulla
2884 4492 3087 4583 ingenii
3131 4515 3179 4568 vi
3210 4515 3405 4569 evitari
3449 4524 3649 4584 potest,

351 4616 469 4658 tur.
500 4602 573 4657 Ut
602 4604 886 4657 Abenezra
923 4606 990 4657 ad
1024 4613 1186 4672 caput
1216 4602 1455 4657 Danielis
1502 4620 1599 4669 xu,
1635 4604 1725 4663 51,
1777 4612 1958 4689 D‘p'ﬁt

349 4706 503 4755 972m
561 4697 826 4765 Sapientes
879 4715 905 4750 e
954 4697 1269 4751 Sudducwis
1334 4713 1509 4751 czecos
1558 4705 1758 4759 vocat,
1809 4698 1957 4765 quod

346 4801 578 4873 ιτᾨτὲῆ
628 4791 944 4859 accipereut
980 4790 1045 4843 de
1072 4789 1275 4844 Meeca.
1311 4788 1543 4844 Eosdem
1576 4790 1783 4859 pariter
1812 4790 1956 4844 deti-

348 4884 478 4945 det,
513 4880 666 4949 quod
714 4881 895 4935 locum
932 4880 1156 4935 Levitici
1201 4881 1343 4936 male
1389 4890 1765 4951 exponerent,
1810 4892 1955 4945 N'l't‘l

345 4983 527 5034 ‘52::
558 4990 623 5027 ex
660 4974 799 5027 libro
826 4973 1003 5029 Eme.
1054 4972 1199 5027 Idem
1244 4975 1593 5043 reprehendit
1619 4973 1948 5043 Japhethum

348 5066 467 5118 Bo-u
505 5066 586 5118 lili
621 5064 1011 5131 Sadduewrun,
1056 5077 1113 5118 ut
1150 5066 1388 5131 videtur,
1434 5067 1580 5135 quod
1622 5068 1813 5121 ultima
1848 5067 1951 5121 Da—

347 5162 516 5213 nielis
562 5161 725 5213 verba
773 5170 957 5218 cura
995 5140 1114 5245 γῖῑδ
1363 5172 1570 5225 τεῖΠἹ,
1613 5171 1662 5215 et
1714 5179 1950 5233 resurges

343 5254 404 5307 in
434 5264 577 5305 sorte
625 5263 715 5305 tua
759 5255 811 5306 in
847 5255 955 5322 ﬁne
1003 5254 1211 5306 dierum
1232 5254 1276 5318 ’,
1334 5254 1573 5308 absurda
1629 5255 1952 5325 interpreta-

345 5347 502 5399 tione
539 5346 769 5401 illudere
817 5357 1133 5411 mutaretur,
1180 5362 1404 5416 nempe,
1452 5350 1497 5403 si
1546 5348 1686 5403 forte
1731 5360 1861 5407 tunc
1892 5351 1945 5405 in

343 5443 495 5496 vivis
557 5441 749 5498 fueris.
808 5441 874 5496 Et
926 5441 1286 5498 Talmudistte
1337 5444 1737 5515 disputationes
1806 5461 1948 5515 sazpe

345 5534 623 5597 referunt,
661 5536 712 5587 iu
750 5535 954 5603 quibus
981 5534 1269 5590 Sadducmi
1306 5546 1360 5591 et
1388 5535 1676 5592 Samaritae
1717 5554 1947 5607 respon-

342 5628 481 5681 dent
515 5626 586 5680 ad
616 5627 735 5680 loca
763 5642 823 5680 es
847 5627 1133 5695 prophetis
1168 5636 1221 5681 et
1258 5627 1651 5699 ltagiographis
1687 5631 1944 5696 adducta,

346 5731 404 5775 ut
447 5735 622 5792 nuper
667 5721 954 5773 adnotavit
1002 5721 1083 5774 vir
1124 5736 1307 5775 rerum
1341 5721 1788 5776 Taltnndicaruut
1836 5726 1945 5780 cal—

422 5818 441 5848 ‘
473 5815 667 5873 Matth.
706 5835 841 5885 χλιι,
886 5816 974 5871 -.9.
1056 5818 1075 5848 θ
1112 5816 1245 5872 Dan.
1279 5834 1378 5887 xu,
1415 5818 1498 5873 15.

1583 5820 1622 5849 ’θ
1656 5818 1843 5874 Matth.
1883 5837 1979 5889 xu,
2012 5818 2103 5874 ‘25.

2068 4608 2210 4661 idem
2242 4606 2528 4672 Bullinus,
2580 4606 2797 4661 vivente
2847 4607 3026 4662 adhuc
3052 4605 3385 4678 Hieronymo
3432 4623 3495 4661 ac
3560 4624 3649 4661 re—

2066 4714 2270 4769 sponsa
2299 4699 2617 4763 meditante,
2674 4699 2805 4768 quid
2861 4700 2915 4753 in
2965 4698 3070 4752 hoc
3117 4698 3236 4766 ipso
3279 4713 3445 4766 opere
3485 4697 3651 4751 inﬁde

2062 4791 2407 4845 transtulerit
2454 4790 2693 4845 ostendit
2737 4798 2833 4844 aut
2877 4790 3075 4843 innuit.
3114 4788 3288 4845 Verba
3322 4789 3442 4858 ejus
3473 4798 3644 4843 sunt:

2065 4882 2290 4937 Secutus
2319 4899 2436 4936 sum
2466 4882 2605 4952 quod
2640 4891 2688 4935 te
2727 4882 2965 4935 videram
3002 4882 3057 4933 in
3093 4880 3202 4932 lion.
3218 4879 3326 4933 iliis
3357 4879 3643 4931 secundum

2063 4976 2223 5031 Luca:
2246 4974 2596 5045 Evangelium
2626 4974 2836 5044 fecisse,
2875 4974 2964 5026 ubi
2993 4973 3056 5027 de
3082 4971 3228 5025 Filio
3258 4972 3350 5025 Dei
3390 4974 3444 5025 in
3464 4971 3648 5030 Graeco

2063 5088 2165 5123 non
2184 5079 2319 5124 recte
2344 5071 2617 5123 inveneras
2648 5068 2991 5137 praeterieris,
3018 5068 3074 5119 in
3108 5066 3201 5118 illo
3225 5065 3340 5118 loco
3364 5066 3449 5118 ubi
3481 5066 3645 5120 dicit:

2067 5179 2085 5211 ι
2111 5160 2423 5231 Magnilicat
2452 5158 2639 5213 anima
2674 5175 2791 5213 mea
2833 5156 3151 5221 Dominum,
3203 5158 3503 5211 exsultavit
3532 5160 3647 5228 spi-

2060 5254 2201 5306 ritus
2233 5267 2388 5305 meus
2425 5250 2479 5303 in
2510 5248 2622 5303 Deo
2654 5250 2885 5304 salutari
2927 5265 3050 5303 meo
3080 5250 3144 5313 “,
3182 5268 3201 5301 t
3253 5251 3391 5302 nosti
3424 5252 3551 5319 quia
3582 5252 3646 5306 de

2059 5347 2270 5410 anima,
2314 5343 2482 5396 sicubi
2524 5341 2623 5395 illa
2657 5358 2775 5410 qua?
2813 5342 2980 5396 solent
3012 5342 3119 5393 dici
3157 5358 3261 5393 non
3286 5343 3643 5408 praeterieris;

2054 5436 2144 5489 sed
2168 5452 2230 5489 ea
2258 5435 2431 5487 adhuc
2461 5433 2624 5488 etiam
2657 5447 2721 5485 ea:
2747 5442 2794 5485 te
2816 5432 3019 5485 additis
3058 5432 3217 5483 etiam
3258 5432 3643 5487 assertionibus

2054 5531 2287 5585 lucidius
2317 5529 2619 5597 scripseris,
2650 5508 2719 5580 ut
2758 5528 2812 5579 in
2842 5526 2936 5579 illo
2979 5525 3137 5581 loco:
3191 5543 3210 5576 ι
3238 5524 3381 5582 Ecce
3409 5535 3470 5579 ut
3498 5524 3641 5579 facta

2053 5634 2137 5680 est
2159 5640 2264 5677 vox
2298 5621 2646 5677 salutationis
2674 5629 2780 5674 tua:
2812 5621 2865 5673 in
2897 5621 3127 5675 auribus
3156 5621 3315 5686 meis,
3342 5619 3641 5675 exsultavit

2055 5721 2236 5774 iulans
2286 5716 2337 5768 iu
2387 5725 2544 5768 utero
2594 5730 2715 5767 tneo
2741 5716 2806 5780 ¹²,
2839 5734 2858 5765 ι
2903 5715 2992 5767 ubi
3029 5715 3163 5769 dicis
3193 5713 3333 5785 quod
3371 5728 3482 5769 non
3523 5717 3640 5766 erat

2188 5816 2224 5845 “
2264 5811 2395 5868 Luc.
2428 5828 2465 5878 ι,
2500 5812 2587 5869 ili.
2672 5811 2710 5841 ¹²
2741 5809 2873 5871 Luc.
2913 5827 2950 5878 ι,
2978 5810 3063 5869 44.
