4078 6412
565 377 668 429 181'-

1581 378 1638 433 S.
1686 377 2032 434 IGNATIUS.
2074 411 2142 418 —
2175 375 2704 431 PBOLEGOMENA.

3735 371 3852 426 18-!

566 501 665 547 hoc
703 494 1030 564 principium
1075 495 1402 551 substantia“:
1449 499 1602 568 ejus,
1642 498 1705 552 de
1740 509 1829 550 tuo
1866 499 2148 564 addidisti,
2183 510 2226 566 Α
2322 497 2460 551 Cum
2520 498 2635 550 haec
2683 506 2796 550 tum
2844 493 2913 548 de
2960 501 3209 555 auctore,
3267 499 3384 546 tum
3438 489 3506 545 de
3538 490 3852 560 interprete

564 597 726 655 atque
755 598 980 643 naturte.
1009 589 1138 644 Ilwc
1160 601 1210 645 et
1240 592 1387 645 mille
1409 593 1521 646 alia
1545 593 1625 647 his
1657 593 1859 646 similia
1890 594 1946 646 in
1978 594 2144 646 inter-

562 683 943 745 pretationibus
975 685 1112 748 tuis,
1147 687 1253 738 sive
1283 687 1338 738 in
1369 686 1450 738 his
1487 687 1620 754 ipsis
1653 685 1910 746 ltomiliis,
1951 685 2060 738 sive
2090 686 2145 737 in

561 772 797 827 Ieremia
821 817 836 840 ,
868 776 946 828 vel
971 776 1028 830 in
1058 774 1244 844 Isaia,
1293 779 1532 832 maxima
1579 789 1756 833 autem
1794 779 1851 832 in
1873 776 2146 832 Ezechiele

560 867 898 921 subtraxisti.

647 956 910 1022 Queritur
962 961 1128 1028 igitur
1173 960 1424 1017 Bullinus
1474 963 1528 1016 in
1577 963 1665 1018 his
1715 962 1851 1033 ipsis
1903 962 2146 1018 homiliis

559 1050 806 1118 quaedam
839 1068 962 1122 qua:
1006 1054 1059 1106 in
1086 1053 1293 1109 Graecis
1322 1063 1481 1108 erant
1525 1053 1805 1125 Origenis,
1855 1053 1922 1108 ab
1952 1053 2147 1108 Hiero-

559 1156 722 1212 nymo
780 1142 952 1197 fuisse
997 1143 1302 1204 subtracta,
1331 1145 1581 1214 quaedam
1618 1153 1852 1211 mutata,
1890 1145 2142 1214 quadam

557 1248 678 1301 quae
740 1234 794 1287 in
847 1235 1054 1290 Graacis
1114 1252 1220 1290 non
1296 1246 1454 1291 erant
1513 1237 1694 1291 addita
1746 1256 1759 1291 :
1846 1237 1964 1292 loca
2027 1237 2144 1306 ipsa

559 1329 769 1380 notavit
813 1337 893 1394 ut,
935 1343 1059 1382 cum
1093 1329 1280 1382 Graeca
1326 1340 1628 1397 exstarent,
1680 1332 1838 1386 facile
1870 1334 2137 1401 perspice-

559 1430 746 1472 rentur
789 1435 802 1470 :
849 1437 1022 1474 unum
1066 1421 1230 1474 etiam
1281 1422 1536 1476 recitavit
1587 1438 1653 1476 ex
1698 1424 1815 1491 ipsa
1865 1425 2141 1487 versione,

556 1512 647 1579 qui
698 1511 1005 1565 etiamnum
1053 1513 1278 1567 humilia
1334 1523 1531 1582 quarta
1580 1523 1778 1581 exstat,
1818 1516 1909 1569 ubi
1962 1515 2143 1570 adhuc

557 1606 833 1674 legimus:
881 1606 1021 1664 Ecce
1063 1609 1224 1671 enim,
1249 1609 1327 1662 ait
1361 1608 1664 1677 Elizabetlt,
1725 1631 1742 1663 ι
1781 1622 1841 1667 ut
1881 1612 2023 1668 facta
2057 1625 2141 1670 est

556 1699 816 1753 salutatio
857 1707 949 1755 tua
997 1701 1052 1755 in
1097 1718 1261 1757 aures
1303 1720 1478 1767 meas,
1513 1706 1810 1760 exsultavit
1855 1707 1909 1760 in
1943 1707 2143 1775 gaudio

557 1790 739 1846 infans
777 1794 830 1846 in
864 1803 1020 1848 utero
1047 1811 1188 1850 meo.
1226 1816 1242 1847 ι
1315 1797 1499 1850 Adhuc
1526 1799 1579 1850 in
1605 1799 1792 1853 matris
1826 1808 1975 1852 utero
2002 1811 2140 1865 erat,

2253 589 2389 643 adeo
2421 589 2710 657 perspicua
2743 589 2874 654 sint,
2917 585 3234 640 Blondellus
3263 591 3446 637 tamen
3487 599 3593 636 non
3628 581 3853 635 veritus

2247 691 2349 745 est,
2379 681 2573 734 harum
2606 680 2657 732 in
2695 679 2898 734 Lucam
2935 679 3286 734 homiliarum
3319 679 3672 746 interpretem
3699 671 3856 726 Buf-

2249 774 2418 826 linum
2451 772 2663 836 dicere;
2703 780 2756 825 ct
2791 772 2844 824 'rn
2877 771 3172 826 levissimis
3206 771 3354 824 notis
3386 769 3504 824 suis
3530 767 3598 821 ad
3629 764 3849 834 episto-

2248 863 2354 919 lam
2395 863 2688 918 clarissimi
2725 861 2903 917 Vossii
2936 863 3138 918 asserit
3164 863 3278 933 ejus
3317 877 3428 916 esse
3451 859 3698 930 probare,
3741 857 3850 908 ho-

2247 956 2452 1011 miliam
2501 964 2728 1020 sextam,
2773 971 2841 1009 ex
2887 971 2999 1026 qua
3035 964 3289 1010 nostrum
3327 954 3532 1022 petitur
3580 951 3847 1005 testimo-

2248 1051 2424 1114 nium,
2456 1066 2559 1102 non
2599 1049 2810 1118 Raﬁini,
2840 1050 3046 1102 somnia
3091 1066 3190 1102 sua
3241 1048 3458 1117 Origeni
3487 1045 3804 1116 afﬁngentis
3825 1083 3847 1109 ,

2248 1149 2339 1198 sed
2369 1143 2611 1214 Origenis
2634 1145 2803 1213 ipsius
2841 1159 2972 1197 esse.
3006 1144 3075 1196 At
3100 1158 3204 1197 nos
3231 1143 3338 1196 hoc
3364 1142 3546 1212 ipsum
3577 1140 3844 1194 cumula-

2247 1238 2458 1292 tissime
2487 1237 2862 1306 probavimus,
2889 1245 2949 1290 ut
2976 1244 3238 1306 appareat
3267 1236 3382 1290 haec
3403 1250 3526 1290 esse
3557 1249 3668 1287 non
3697 1231 3844 1285 Buf-

2248 1331 2339 1384 lini
2375 1331 2613 1396 somnia,
2663 1327 2758 1383 sed
2801 1328 3087 1382 Blondelli.
3121 1327 3261 1394 Quid
3299 1327 3480 1382 enim?
3509 1328 3592 1379 An
3629 1323 3842 1378 Bullini

2247 1423 2626 1492 interpretatio
2673 1437 2796 1477 esse
2841 1431 3041 1491 potest,
3068 1427 3233 1491 quam
3282 1420 3340 1474 S.
3377 1418 3753 1490 Hieronymus
3808 1434 3840 1471 a

2247 1516 2540 1584 semetipso
2571 1515 2768 1569 l'aclam
2805 1530 2912 1568 non
2963 1513 3131 1569 semel
3164 1522 3417 1577 testatur,
3449 1523 3503 1565 et
3534 1526 3702 1581 quam
3737 1511 3837 1565 ditt

2245 1608 2437 1670 edidit,
2481 1617 2773 1676 antequam
2808 1605 3054 1661 Bullinus
3093 1606 3177 1660 vel
3219 1621 3390 1659 unum
3421 1604 3710 1658 verbulum
3767 1617 3835 1657 ex

2245 1698 2478 1768 Origene
2525 1699 2579 1753 in
2626 1714 2936 1754 sermonem
2991 1698 3243 1752 Latinum
3295 1698 3700 1752 transtulerat?
3748 1695 3836 1750 An

2249 1791 2444 1846 Bullini
2481 1808 2601 1847 esse
2639 1800 2844 1862 potest,
2876 1809 3040 1862 quam
3069 1792 3320 1846 Bullinus
3348 1793 3467 1861 ipse
3493 1790 3838 1863 Hieronymo

556 1893 604 1937 et
639 1885 758 1952 jam
801 1884 1066 1955 Spiritum
1100 1885 1472 1956 S,acceperat,
1510 1887 1633 1942 Non
1661 1891 1799 1943 enim
1828 1889 1966 1944 illud
1991 1893 2139 1960 prin-
2172 1879 2212 1932 Β
2244 1885 2468 1950 tribuit,
2520 1894 2575 1940 et
2624 1885 2677 1939 in
2728 1883 2997 1938 Invectiva
3052 1900 3151 1939 sua
3201 1884 3338 1938 adeo
3387 1884 3668 1953 exagitat?
3725 1881 3837 1938 Fa-

554 1977 757 2044 cipium
812 1987 928 2030 erat
978 1978 1296 2033 substantia!
1345 1980 1458 2048 ejus
1514 1991 1670 2051 atque
1715 1991 1946 2038 naturw.
2012 1981 2138 2038 Haec

556 2069 718 2122 verba
778 2084 842 2123 ex
892 2068 1319 2140 Hieronymiana
1356 2070 1610 2143 Origenis
1639 2075 1892 2130 versione
1943 2078 2139 2131 recitat

553 2158 850 2231 σύγχρονος
901 2161 1168 2227 Bullinus,
1224 2180 1347 2233 quae
1403 2180 1471 2220 ex
1532 2165 1767 2235 Origene
1833 2170 2134 2232 transtulit,

551 2268 672 2320 quae
712 2269 739 2306 a
768 2255 948 2323 seipso
978 2255 1184 2310 addidit
1227 2256 1527 2327 interpres,
1568 2268 1746 2326 notat,
1783 2261 2010 2326 scilicet,
2042 2263 2134 2317 illa

552 2346 737 2410 verba,
771 2356 928 2416 atque
969 2358 1199 2402 naturae.
1240 2347 1351 2404 Nos
1379 2359 1432 2405 et
1463 2367 1586 2420 quae
1617 2351 1870 2421 Origenis
1899 2364 2049 2417 sunt,
2084 2365 2138 2409 et

549 2453 671 2506 qua:
715 2439 1030 2508 interpretis
1079 2441 1382 2495 etiamnum
1417 2443 1705 2500 habemus.
1750 2445 2134 2500 Certissimum

550 2530 720 2599 igitur
766 2541 852 2584 est
884 2531 984 2585 has
1017 2533 1273 2588 homilias
1301 2550 1424 2590 esse
1464 2534 1738 2608 Origenis,
1771 2547 1822 2593 et
1849 2540 1919 2593 ab
1942 2538 2136 2596 Hiero-

550 2638 714 2692 nymo
739 2639 964 2684 versas;
1007 2640 1108 2679 nec
1138 2633 1318 2694 potest
1366 2644 1489 2684 esse
1518 2631 1819 2701 quidquam
1871 2633 1924 2687 in
1969 2636 2135 2691 rebus

551 2715 868 2783 huiusmodi
902 2717 1007 2770 hoc
1044 2729 1369 2787 argumento
1396 2721 1693 2779 ellicacius.

619 2806 701 2858 Ad
732 2807 998 2876 majorem
1031 2818 1214 2863 tamen
1246 2812 1722 2868 confirmationem
1753 2816 1867 2872 hare
1901 2817 2132 2872 ulterius

549 2903 675 2958 addi
703 2915 954 2974 possunt,
989 2905 1379 2977 Hieronymum
1441 2911 1586 2964 ultra
1616 2910 1683 2965 '70
1716 2913 1920 2967 libellos
1947 2913 2136 2984 Orige-

545 2997 652 3052 nis.
681 3013 810 3066 quos
842 2997 1166 3053 Itontiliticos
1198 3000 1506 3070 appellavit,
1535 3005 1875 3059 transtulisse
1904 3007 1958 3059 in
1986 3005 2136 3061 Lati-

548 3105 695 3146 num,
751 3096 809 3141 ut
863 3087 1030 3142 refert
1075 3089 1330 3148 Bullinus
1382 3094 1436 3148 in
1485 3096 1808 3164 praefatione
1852 3097 1919 3151 ad
1961 3098 2130 3154 libros

541 3175 919 3246 Περὶάρχῶν.
951 3181 1174 3239 Fatetur
1205 3186 1308 3241 hoc
1341 3185 1705 3260 Hieronymus
1740 3189 1854 3258 ipse
1883 3191 2130 3262 apologis
2159 3227 2202 3284 α

548 3271 745 3340 prima.
783 3271 1134 3346 Septuaginta
1175 3276 1339 3331 libros
1369 3280 1506 3348 ejus,
1535 3290 1593 3334 ut
1626 3296 1771 3333 meus
1804 3284 2130 3336 necessarius

545 3364 882 3432 criminatur,
909 3368 960 3420 in
981 3367 1235 3423 Latinum
1273 3382 1554 3434 verteram,
1586 3382 1636 3424 et
1670 3372 1837 3426 multa
1865 3373 1928 3427 de
1951 3374 2128 3429 tomis.

547 3454 832 3528 Nunquam
855 3459 920 3512 de
943 3476 1092 3529 opere
1117 3478 1228 3514 meo
1258 3464 1359 3532 fuit
1385 3465 1642 3534 quwstio;
1673 3481 1941 3534 nunquam
1965 3464 2134 3520 Roma

545 3560 810 3603 commota
836 3560 931 3605 est.
976 3551 1141 3608 Natat
1172 3554 1422 3610 Bullinus
1466 3557 1520 3610 in
1559 3557 1829 3611 invectiva
1876 3557 2133 3613 homilias

545 3641 599 3694 in
633 3641 858 3709 Lucam,
900 3645 953 3699 in
989 3647 1210 3712 Isaiam,
1239 3648 1534 3704 Jeremiam
1567 3659 1732 3720 atque
1765 3650 2127 3707 Ezechielcm.

543 3735 912 3808 Hieronymus
962 3741 1078 3810 ipse
1115 3751 1347 3795 testatur
1380 3743 1446 3797 li
1487 3751 1699 3797 tantum
1746 3743 1798 3798 in
1834 3743 2130 3799 .lcremiam

543 3839 596 3882 et
639 3831 864 3885 totidem
915 3833 967 3885 in
1017 3833 1361 3889 Ezechielem
1415 3852 1474 3889 se
1527 3837 1892 3892 transtulisse.
1951 3835 2130 3892 Verba

543 3923 666 3989 ejus
711 3932 841 3978 sunt
883 3925 936 3978 in
987 3928 1217 3995 prologo
1253 3929 1319 3982 ad
1355 3927 1693 3984 Ezechielem
1727 3948 1739 3982 :
1778 3919 1968 4002 Itaque
2013 3940 2131 4000 post

541 4017 943 4084 quatuordecim
988 4018 1236 4074 homilias
1287 4022 1341 4074 iu
1371 4020 1680 4088 Jeremiam,
1723 4040 1854 4092 quas
1902 4023 2133 4092 jampri—

541 4104 660 4155 dem
706 4106 928 4172 confuso
960 4108 1145 4160 ordine
1174 4109 1554 4178 interpretatus
1602 4130 1739 4178 sum,
1781 4123 1829 4166 et
1873 4113 1970 4167 Itas
1996 4130 2131 4183 qua-

541 4196 834 4249 tnordecim
865 4198 918 4249 in
946 4197 1268 4252 Ezeeltielent
1301 4219 1393 4269 per
1421 4204 1701 4257 interr-alla
1731 4205 1964 4267 dictavi;
1994 4213 2047 4257 et
2074 4204 2128 4257 in

527 4286 824 4356 Calalogo:
861 4285 927 4339 In
949 4287 1238 4342 Jerentiam
1294 4301 1344 4343 et
1391 4293 1444 4344 in
1487 4291 1814 4346 Ezecltielem
1878 4293 2127 4347 homilias

545 4375 789 4445 Origenis
849 4379 1040 4447 viginti
1091 4389 1228 4445 octo,
1282 4398 1413 4451 quas
1462 4382 1524 4436 de
1555 4381 1738 4436 Gra’co
1797 4383 1850 4435 in
1874 4382 2129 4437 Latinum

541 4470 694 4524 verti.
738 4468 990 4524 Homiliw
1023 4483 1211 4525 autem
1267 4475 1322 4526 in
1358 4471 1554 4528 Isaiam
1609 4476 1992 4530 tantummodo
2026 4491 2126 4530 no-

2245 1984 2360 2028 teor
2389 1977 2642 2046 equidem
2677 1975 2952 2030 Bullinum
2999 1976 3065 2029 ad
3096 1977 3258 2030 linem
3286 1992 3422 2045 pene
3446 1975 3574 2030 vita:
3605 1991 3724 2031 suae
3752 1976 3838 2030 in-

2242 2067 2664 2136 terpretationes
2693 2083 2824 2122 suas
2852 2067 2954 2121 sub
2981 2065 3295 2138 Hieronymi
3323 2068 3543 2120 nomine
3566 2065 3834 2121 edidisse.

2243 2161 2348 2215 Sed
2381 2161 2485 2215 hoc
2532 2159 2600 2215 de
2635 2161 2880 2215 homiliis
2925 2161 2978 2214 in
3036 2159 3240 2215 Lucam
3288 2160 3392 2215 dici
3441 2175 3550 2215 non
3603 2169 3834 2230 potest,

2241 2255 2368 2322 quia
2406 2263 2458 2308 et
2514 2254 2630 2323 ipse
2666 2251 3035 2324 Hieronymus
3066 2271 3163 2309 eos
3192 2254 3463 2325 agnoscit,
3509 2261 3564 2308 et
3591 2253 3697 2308 sub
3731 2271 3837 2308 nu-

2243 2360 2395 2399 mero
2427 2346 2779 2415 septuaginta
2809 2345 3160 2400 homiliarum
3192 2360 3221 2398 a
3253 2360 3312 2398 se
3341 2361 3627 2398 versarum
3654 2346 3833 2415 ponit,

2239 2446 2292 2491 et
2318 2437 2576 2508 prologus
2603 2437 2919 2508 Hieronymi
2945 2435 3227 2490 Invectiere
3251 2436 3448 2490 Bullini
3490 2437 3734 2491 insertus
3759 2437 3835 2491 le—

2239 2531 2414 2600 gitur,
2439 2547 2604 2600 quam
2631 2530 2878 2586 Bullinus
2904 2539 3019 2585 tum
3043 2531 3288 2600 scripsit,
3313 2546 3438 2584 cum
3465 2530 3670 2583 nullam
3704 2527 3834 2584 Ori-

2240 2624 2394 2693 genis
2428 2625 2711 2678 homiliam
2758 2625 3062 2693 attigisset,
3094 2639 3218 2679 cum
3257 2620 3610 2689 librumﬂepi
3632 2618 3842 2689 ἀρκῶν

2243 2717 2625 2772 tantummodo
2653 2718 3044 2783 transtulisset,
3078 2717 3196 2786 ipso
3226 2713 3430 2770 latente
3469 2714 3830 2786 Hieronymo.

2238 2807 2315 2862 Ita
2341 2810 2488 2863 enim
2516 2809 2605 2863 ille
2631 2808 2882 2879 apologia
2910 2809 3085 2877 prima
3117 2826 3130 2861 :
3167 2805 3280 2877 Ego
3303 2823 3396 2876 per
3425 2815 3501 2859 tot
3523 2821 3692 2858 annos
3722 2816 3832 2858 tam

2239 2900 2409 2953 multa
2453 2911 2756 2954 convertens
2788 2915 3059 2970 nunquam
3091 2899 3344 2953 seandalo
3376 2898 3458 2968 fui
3488 2913 3505 2950 :
3532 2909 3587 2951 tu
3614 2898 3687 2950 ad
3719 2899 3833 2967 pri-

2238 3009 2384 3045 mum
2418 3001 2467 3046 et
2501 2993 2672 3046 solum
2698 3010 2849 3063 opus,
2880 2994 3092 3062 ignotus
3118 2993 3290 3061 prius,
3335 2993 3628 3045 temeritate
3649 2991 3828 3060 factus

2237 3101 2290 3138 es
2325 3085 2538 3138 nobilis.
2577 3083 2637 3139 Et
2658 3101 2852 3140 rursus
2878 3088 3118 3140 secunda
3149 3103 3162 3139 :
3200 3083 3289 3139 Vis
3323 3085 3602 3155 Origenem
3628 3090 3685 3139 in
3724 3085 3832 3140 La-

2238 3179 2407 3230 tinum
2433 3187 2627 3231 vertere
2645 3179 2668 3230 ?
2685 3178 2842 3231 habes
2867 3178 3063 3233 multas
3091 3177 3341 3231 homilias
3363 3179 3479 3247 ejus
3503 3189 3550 3231 et
3577 3188 3749 3233 tomos
3777 3180 3829 3232 in

2236 3273 2424 3342 quibus
2455 3274 2673 3327 moralis
2697 3284 2965 3327 tractatur
2987 3276 3155 3340 locus,
3184 3283 3232 3327 et
3258 3271 3665 3343 Scripturarum
3694 3288 3832 3342 pan-

2237 3366 2437 3420 duntur
2477 3367 2744 3422 obscura:
2785 3368 2896 3422 luet:
2939 3369 3312 3437 interpretare,
3361 3373 3473 3421 hate
3515 3366 3828 3437 rogantibus

2237 3459 2430 3512 tribue.
2465 3459 2609 3523 Quid
2637 3459 2842 3529 pr'imus
2881 3458 3034 3512 labor
3077 3469 3198 3512 tuus
3237 3460 3426 3528 incipit
3454 3460 3518 3512 ab
3551 3459 3785 3528 infamia
3807 3461 3833 3512 ?

2236 3552 2544 3622 Antequam
2599 3553 2765 3623 igitur
2810 3553 3114 3623 quidquam
3160 3553 3478 3622 scripsisset
3530 3551 3825 3618 Bullinus,

2234 3646 2397 3701 edita:
2430 3657 2558 3700 sunt
2607 3647 2848 3702 homilize
2879 3644 3134 3716 Origenis
3165 3648 3220 3701 in
3271 3647 3475 3701 Lucam
3531 3649 3829 3716 interprete

2236 3734 2602 3808 Hieronymo;
2649 3738 2852 3792 eaadem
2907 3739 2961 3792 in
3008 3737 3277 3793 Invectiva
3324 3737 3523 3793 Bullini
3557 3741 3828 3810 sugillata:

2235 3839 2384 3898 sunt,
2411 3840 2706 3901 antequam
2735 3830 2983 3888 Bullinus
3009 3833 3311 3903 quidquam
3344 3832 3599 3904 Origenis
3631 3846 3830 3906 praeter

2234 3920 2436 3976 librum
2460 3920 2599 3987 Περὶ
2626 3920 2896 3991 ἀρχῶνίιι
2931 3921 3187 3978 Latinum
3215 3926 3608 3981 transtulisset.

2306 4009 2373 4065 Et
2399 4021 2579 4066 tamen
2605 4010 2840 4066 Dallzcus
2872 4014 2938 4068 ad
2966 4015 3071 4068 hoc
3094 4013 3360 4069 Blondelli
3388 4016 3668 4070 somnium
3693 4033 3827 4072 con—

2233 4101 2424 4172 fugere
2460 4103 2682 4158 tandem
2711 4116 2938 4158 coactus
2969 4114 3073 4159 est.
3100 4105 3236 4160 Nam
3268 4123 3390 4162 cum
3427 4107 3628 4178 liquere
3651 4110 3826 4165 dixis-

2235 4202 2318 4247 set
2371 4194 2561 4246 harum
2591 4194 2936 4248 homiliarum
2967 4196 3136 4249 alium
3173 4197 3340 4264 fuisse
3361 4209 3633 4252 auctorem
3663 4217 3823 4270 quam

2238 4282 2542 4353 Origenem,
2571 4284 2624 4338 id
2651 4293 2833 4339 tamen
2866 4287 2999 4341 viris
3031 4289 3261 4342 eruditis
3294 4290 3611 4358 persuaderi
3659 4293 3823 4346 mini-

2231 4391 2321 4430 me
2351 4377 2597 4445 potuisse
2627 4386 2868 4447 putaret,
2904 4379 3087 4433 statim
3133 4380 3362 4446 addidit,
3417 4397 3481 4434 ne
3522 4382 3660 4434 hunc
3685 4383 3821 4436 illud

2232 4467 2477 4537 a/feram,
2503 4469 2643 4538 quod
2675 4470 2807 4523 satis
2830 4479 3036 4525 constat
3071 4469 3316 4541 Origenis
3347 4489 3465 4542 qua:
3490 4472 3686 4527 Latine
3705 4484 3822 4527 tan-

539 4573 662 4613 rem
693 4570 852 4626 sunt;
887 4562 1091 4630 quibus
1123 4563 1165 4616 si
1201 4563 1371 4616 addas
1400 4564 1537 4617 duas
1588 4563 1642 4616 in
1673 4561 1988 4626 Canticum,
2023 4565 2119 4618 ad-
2161 4579 2202 4634 ι)
2235 4570 2346 4614 tum
2376 4570 2609 4627 exstant,
2633 4580 2664 4616 a
2688 4546 2893 4632 Ruﬁin‘o
2924 4574 2973 4618 et
3001 4565 3127 4618 aliis
3153 4565 3524 4634 interpretibus
3549 4567 3627 4620 ita
3657 4569 3822 4637 fuisse

542 4653 650 4706 huc
681 4662 895 4707 tantum
927 4663 1055 4709 sunt
1085 4656 1308 4727 triginta
1336 4670 1551 4709 novem.
1591 4653 1746 4709 Ultra
1783 4657 1948 4727 igitur
1975 4657 2128 4712 libel-

541 4745 620 4798 los
645 4743 712 4797 70
741 4745 811 4800 ab
838 4744 1173 4817 Hieronymo
1199 4763 1391 4802 versos
1430 4747 1678 4801 invenire
1719 4765 2002 4819 nunquam
2029 4766 2128 4820 po-

541 4836 691 4898 teris,
732 4837 839 4890 nisi
882 4837 994 4893 illis
1026 4839 1248 4908 triginta
1293 4853 1488 4893 novem
1533 4840 1788 4895 homilias
1834 4841 1887 4895 in
1921 4841 2124 4897 Lucam

542 4924 758 4979 Bullino
798 4941 1136 4983 memoratas
1177 4929 1532 4992 adnumeres,
1565 4940 1706 4986 utet
1741 4933 1830 4986 ille
1867 4950 2125 4988 numera-

535 5017 633 5071 vit.
654 5017 835 5085 Quare
857 5019 1147 5074 Erasmum
1175 5038 1335 5076 somn
1366 5023 1506 5076 male
1529 5025 1620 5078 hic
1641 5025 1845 5079 deserit
1867 5025 2120 5093 Dallmus,

536 5109 630 5177 qui
671 5109 725 5162 in
757 5109 936 5163 indice
956 5115 1194 5176 Uperum
1222 5111 1540 5183 Hieronymi
1585 5115 1684 5168 has
1736 5116 1887 5186 ipsas
1941 5119 2122 5173 homi-

533 5200 639 5256 lias
678 5202 820 5258 inter
854 5220 1074 5274 γνησια,
1115 5205 1169 5258 id
1205 5221 1282 5259 est
1316 5223 1410 5273 ea,
1460 5224 1574 5277 gate
1619 5225 1733 5262 vere
1770 5219 1892 5262 sunt
1929 5209 2123 5266 Hiero-

535 5291 699 5360 nymi,
742 5308 875 5358 seu,
929 5294 994 5346 de
1037 5295 1225 5362 quibus
1276 5297 1426 5349 nulla
1472 5297 1741 5352 dubitatio
1778 5303 1870 5365 sit,
1898 5303 2025 5371 quin
2055 5302 2119 5355 ab

541 5383 865 5454 Hieronymo
897 5387 1004 5440 sint
1030 5387 1196 5454 edita,
1227 5399 1503 5456 numerat,
1540 5392 1625 5446 his
1671 5394 1888 5449 verbis:
1923 5394 2118 5448 Homi-

533 5479 620 5533 lite
673 5478 730 5530 in
755 5477 959 5531 Lucam
1007 5481 1226 5550 triginta
1269 5501 1450 5538 novem
1486 5487 1550 5538 ab
1579 5485 1904 5558 Hieronymo
1945 5499 2120 5544 trans-

533 5572 677 5624 latw.
710 5569 779 5625 In
804 5574 1121 5642 prtefatione
1151 5593 1398 5632 numerus
1428 5589 1508 5634 est
1535 5583 1784 5638 omissus.
1815 5582 1905 5637 Sic
1939 5593 2118 5638 autem

535 5660 763 5728 refertur
794 5662 880 5716 hie
911 5664 1058 5719 locus
1103 5685 1135 5720 a
1164 5667 1368 5740 Rufﬁno
1411 5673 1679 5728 invectiva:
1707 5690 1819 5728 sua:
1853 5674 1990 5729 libro
2035 5693 2116 5729 se-

534 5752 729 5816 cundo,
768 5756 962 5810 saltem
1009 5746 1230 5829 triginta
1276 5779 1470 5817 novem
1504 5764 1815 5820 Adamantii
1850 5767 2025 5821 nostri
2058 5768 2110 5821 in

535 5841 733 5897 Lucam
749 5843 1022 5906 homilias.
1040 5851 1179 5907 sicut
1192 5854 1246 5907 in
1260 5852 1448 5910 Graeco
1466 5856 2109 5926 habentur,intcrprclor.

2232 4651 2578 4721 interpolata,
2618 4665 2676 4706 ut
2724 4670 2790 4708 ea:
2820 4655 2888 4707 iis
2919 4655 3008 4707 via:
3053 4663 3196 4709 certo
3237 4657 3404 4720 possit
3429 4657 3661 4729 intelligi
3694 4660 3820 4729 quid

2229 4761 2343 4799 vere
2366 4747 2436 4798 sit
2462 4745 2820 4816 Origenicum.
2855 4747 2994 4802 Cum
3023 4757 3231 4804 certum
3256 4749 3327 4804 sit
3381 4764 3490 4804 non
3520 4749 3817 4818 Bullinum,

2229 4839 2324 4892 sed
2358 4836 2750 4908 Hieronymum
2785 4839 2981 4892 barum
3019 4840 3370 4895 homiliarum
3396 4858 3518 4898 esse
3547 4844 3819 4914 interpre-

2226 4941 2333 4982 tem
2359 4947 2373 4995 ;
2407 4930 2452 4984 si
2480 4945 2613 4984 vero
2645 4931 3038 5002 Hieronymum
3065 4933 3208 4987 inter
3237 4934 3372 4988 alios
3396 4937 3704 5006 interpretes
3723 4955 3821 5008 po-

2225 5029 2340 5083 nat,
2374 5021 2468 5091 qui
2501 5021 2792 5091 Origcnem
2827 5033 2937 5076 tam
2973 5022 3117 5078 fcede
3159 5025 3582 5094 interpolarunt,
3632 5031 3815 5083 mani-

2227 5113 2365 5167 l'esta
2399 5124 2485 5167 est
2509 5115 2808 5169 calumnia.
2838 5113 3118 5171 Habemus
3149 5119 3525 5173 novemdecim
3556 5120 3817 5178 homilias

2225 5207 2480 5277 Origenis
2504 5207 2559 5260 in
2585 5205 2884 5262 Jeremiam
2909 5209 3135 5276 Graece;
3165 5213 3434 5266 habemus
3462 5230 3654 5268 earum
3685 5216 3817 5270 duo-

2223 5301 2399 5355 decim
2448 5315 2516 5353 ex
2559 5301 3011 5371 interpretatione
3059 5301 3380 5376 Hieronymi
3428 5305 3650 5375 Latine;
3701 5309 3814 5364 haec

2223 5403 2408 5447 autem
2448 5395 2828 5465 interpretatio
2862 5405 2975 5450 tam
3012 5398 3148 5452 bene
3177 5396 3384 5454 Graecis
3408 5401 3726 5470 respondet,
3756 5409 3814 5455 ut

2221 5488 2386 5541 aliam
2442 5489 2642 5543 addere
2702 5488 2933 5544 Huetius
2984 5492 3359 5546 necessarium
3408 5510 3514 5547 non
3563 5496 3810 5564 putarit,

2221 5582 2466 5652 adeoque
2495 5599 2588 5636 eas
2619 5583 2872 5647 ediderit,
2907 5584 3204 5653 interprete
3246 5584 3602 5657 Hieronymo.
3644 5589 3807 5654 Quaa-

2223 5691 2346 5729 nam
2382 5685 2563 5730 autem
2608 5692 2672 5730 ex
2705 5677 2773 5730 iis
2807 5677 2882 5730 ita
2915 5678 3258 5748 interpolatae
3305 5689 3452 5743 sunt,
3506 5686 3698 5754 utquid
3738 5683 3807 5735 sit

2223 5769 2558 5838 Origenicum
2583 5767 2810 5840 intelligi
2839 5785 2940 5822 non
2958 5772 3154 5839 possit?
3175 5772 3324 5826 idem
3355 5773 3582 5827 omnino
3610 5773 3677 5826 de
3702 5774 3801 5826 ho-

2221 5862 2386 5917 miliis
2422 5862 2475 5916 in
2511 5860 2714 5917 Lucam
2753 5863 3118 5929 sentiendum,
3155 5863 3208 5917 in
3248 5871 3450 5934 quibus
3481 5864 3617 5918 nihil
3649 5863 3800 5920 addi-
