  <div class='ocr_page' id='page_1' title='image "/cluster/home/n/w/nwhite01/storage/ocr_20150623/5/coo.31924054872845/100.png"; bbox 0 0 4078 6412; ppageno 0'>
   <div class='ocr_carea' id='block_1_1' title="bbox 337 372 451 426">
    <p class='ocr_par' dir='ltr' id='par_1_1' title="bbox 337 372 451 426">
     <span class='ocr_line' id='line_1_1' title="bbox 337 372 451 426; baseline 0.009 -1"><span class='ocrx_word' id='word_1_1' title='bbox 337 372 451 426; x_wconf 66' lang='lat'><strong>£85</strong></span> 
     </span>
    </p>
   </div>
   <div class='ocr_carea' id='block_1_2' title="bbox 1090 373 2779 438">
    <p class='ocr_par' dir='ltr' id='par_1_2' title="bbox 1090 373 2779 438">
     <span class='ocr_line' id='line_1_2' title="bbox 1090 373 2779 438; baseline 0.005 -11"><span class='ocrx_word' id='word_1_2' title='bbox 1090 373 1140 428; x_wconf 83' lang='lat' dir='ltr'><strong>J.</strong></span> <span class='ocrx_word' id='word_1_3' title='bbox 1182 374 1548 430; x_wconf 70' lang='lat' dir='ltr'><strong>PEARSONll</strong></span> <span class='ocrx_word' id='word_1_4' title='bbox 1592 374 1912 435; x_wconf 47' lang='lat' dir='ltr'><strong>V‘LNDICL‘E</strong></span> <span class='ocrx_word' id='word_1_5' title='bbox 1953 379 2373 438; x_wconf 72' lang='lat' dir='ltr'><strong>lGNATlAN/E.</strong></span> <span class='ocrx_word' id='word_1_6' title='bbox 2417 415 2485 423; x_wconf 97' lang='lat'><strong>—</strong></span> <span class='ocrx_word' id='word_1_7' title='bbox 2518 381 2698 438; x_wconf 76' lang='lat' dir='ltr'><strong>PARS</strong></span> <span class='ocrx_word' id='word_1_8' title='bbox 2739 383 2779 438; x_wconf 90' lang='lat' dir='ltr'><strong>l.</strong></span> 
     </span>
    </p>
   </div>
   <div class='ocr_carea' id='block_1_3' title="bbox 3519 381 3619 436">
    <p class='ocr_par' dir='ltr' id='par_1_3' title="bbox 3519 381 3619 436">
     <span class='ocr_line' id='line_1_3' title="bbox 3519 381 3619 436; baseline 0.02 -2"><span class='ocrx_word' id='word_1_9' title='bbox 3519 381 3619 436; x_wconf 78' lang='grc'><strong>186</strong></span> 
     </span>
    </p>
   </div>
   <div class='ocr_carea' id='block_1_4' title="bbox 331 496 3617 572">
    <p class='ocr_par' dir='ltr' id='par_1_4' title="bbox 331 496 3617 572">
     <span class='ocr_line' id='line_1_4' title="bbox 331 496 3617 572; baseline 0.001 -22"><span class='ocrx_word' id='word_1_10' title='bbox 331 506 459 550; x_wconf 87' lang='lat' dir='ltr'><strong>tum</strong></span> <span class='ocrx_word' id='word_1_11' title='bbox 495 497 811 554; x_wconf 87' lang='lat' dir='ltr'><strong>observavit</strong></span> <span class='ocrx_word' id='word_1_12' title='bbox 841 496 1091 551; x_wconf 63' lang='lat' dir='ltr'><strong>Bullinus</strong></span> <span class='ocrx_word' id='word_1_13' title='bbox 1124 506 1321 566; x_wconf 61' lang='lat' dir='ltr'><strong>praeter</strong></span> <span class='ocrx_word' id='word_1_14' title='bbox 1364 497 1469 550; x_wconf 85' lang='lat' dir='ltr'><strong>ista</strong></span> <span class='ocrx_word' id='word_1_15' title='bbox 1517 509 1675 567; x_wconf 90' lang='lat' dir='ltr'><strong>atque</strong></span> <span class='ocrx_word' id='word_1_16' title='bbox 1709 510 1938 554; x_wconf 70' lang='lat' dir='ltr'><strong>naturae.</strong></span> <span class='ocrx_word' id='word_1_17' title='bbox 1972 510 2017 566; x_wconf 81' lang='grc' dir='ltr'><strong>Α</strong></span> <span class='ocrx_word' id='word_1_18' title='bbox 2049 500 2381 567; x_wconf 88' lang='lat' dir='ltr'><strong>desumitur,</strong></span> <span class='ocrx_word' id='word_1_19' title='bbox 2425 517 2547 556; x_wconf 90' lang='lat' dir='ltr'><strong>esse</strong></span> <span class='ocrx_word' id='word_1_20' title='bbox 2597 500 3001 572; x_wconf 85' lang='lat' dir='ltr'><strong>apocryphum;</strong></span> <span class='ocrx_word' id='word_1_21' title='bbox 3052 497 3397 570; x_wconf 86' lang='lat' dir='ltr'><strong>apocryphus</strong></span> <span class='ocrx_word' id='word_1_22' title='bbox 3435 508 3617 554; x_wconf 69' lang='lat' dir='ltr'><strong>autem</strong></span> 
     </span>
    </p>
   </div>
   <div class='ocr_carea' id='block_1_5' title="bbox 331 589 1936 662">
    <p class='ocr_par' dir='ltr' id='par_1_5' title="bbox 331 589 1936 662">
     <span class='ocr_line' id='line_1_5' title="bbox 331 589 1936 662; baseline 0.003 -19"><span class='ocrx_word' id='word_1_23' title='bbox 331 589 572 644; x_wconf 87' lang='lat' dir='ltr'><strong>Sartnm</strong></span> <span class='ocrx_word' id='word_1_24' title='bbox 629 593 800 662; x_wconf 81' lang='lat' dir='ltr'><strong>igitur</strong></span> <span class='ocrx_word' id='word_1_25' title='bbox 835 601 1037 646; x_wconf 85' lang='lat' dir='ltr'><strong>tectum</strong></span> <span class='ocrx_word' id='word_1_26' title='bbox 1089 601 1175 646; x_wconf 87' lang='lat' dir='ltr'><strong>est</strong></span> <span class='ocrx_word' id='word_1_27' title='bbox 1222 591 1354 645; x_wconf 91' lang='lat' dir='ltr'><strong>illud</strong></span> <span class='ocrx_word' id='word_1_28' title='bbox 1389 608 1455 646; x_wconf 87' lang='lat' dir='ltr'><strong>ex</strong></span> <span class='ocrx_word' id='word_1_29' title='bbox 1507 593 1730 648; x_wconf 88' lang='lat' dir='ltr'><strong>bomilia</strong></span> <span class='ocrx_word' id='word_1_30' title='bbox 1781 604 1936 650; x_wconf 82' lang='lat' dir='ltr'><strong>sexta</strong></span> 
     </span>
    </p>
   </div>
   <div class='ocr_carea' id='block_1_6' title="bbox 330 684 1121 756">
    <p class='ocr_par' dir='ltr' id='par_1_6' title="bbox 330 684 1121 756">
     <span class='ocr_line' id='line_1_6' title="bbox 330 684 1121 756; baseline 0.004 -21"><span class='ocrx_word' id='word_1_31' title='bbox 330 685 725 738; x_wconf 85' lang='lat' dir='ltr'><strong>testimonium</strong></span> <span class='ocrx_word' id='word_1_32' title='bbox 761 701 862 755; x_wconf 90' lang='lat' dir='ltr'><strong>pro</strong></span> <span class='ocrx_word' id='word_1_33' title='bbox 890 684 1121 756; x_wconf 86' lang='lat' dir='ltr'><strong>lgnatio.</strong></span> 
     </span>
    </p>
   </div>
   <div class='ocr_carea' id='block_1_7' title="bbox 405 775 1936 837">
    <p class='ocr_par' dir='ltr' id='par_1_7' title="bbox 405 775 1936 837">
     <span class='ocr_line' id='line_1_7' title="bbox 405 775 1936 837; baseline 0.005 -8"><span class='ocrx_word' id='word_1_34' title='bbox 405 775 961 832; x_wconf 81' lang='lat' dir='ltr'><strong>Counnentariorum</strong></span> <span class='ocrx_word' id='word_1_35' title='bbox 993 779 1047 831; x_wconf 91' lang='lat' dir='ltr'><strong>in</strong></span> <span class='ocrx_word' id='word_1_36' title='bbox 1082 777 1366 832; x_wconf 76' lang='lat' dir='ltr'><strong>Canticum</strong></span> <span class='ocrx_word' id='word_1_37' title='bbox 1417 781 1758 835; x_wconf 87' lang='lat' dir='ltr'><strong>canticorum</strong></span> <span class='ocrx_word' id='word_1_38' title='bbox 1796 780 1936 837; x_wconf 86' lang='lat' dir='ltr'><strong>fate-</strong></span> 
     </span>
    </p>
   </div>
   <div class='ocr_carea' id='block_1_8' title="bbox 327 867 1933 940">
    <p class='ocr_par' dir='ltr' id='par_1_8' title="bbox 327 867 1933 940">
     <span class='ocr_line' id='line_1_8' title="bbox 327 867 1933 940; baseline 0.007 -25"><span class='ocrx_word' id='word_1_39' title='bbox 327 881 463 918; x_wconf 85' lang='lat' dir='ltr'><strong>mur</strong></span> <span class='ocrx_word' id='word_1_40' title='bbox 524 868 891 937; x_wconf 76' lang='lat' dir='ltr'><strong>interpretem</strong></span> <span class='ocrx_word' id='word_1_41' title='bbox 955 868 1128 922; x_wconf 88' lang='lat' dir='ltr'><strong>fuisse</strong></span> <span class='ocrx_word' id='word_1_42' title='bbox 1176 867 1484 936; x_wconf 80' lang='lat' dir='ltr'><strong>Bullinum;</strong></span> <span class='ocrx_word' id='word_1_43' title='bbox 1541 886 1719 940; x_wconf 85' lang='lat' dir='ltr'><strong>neque</strong></span> <span class='ocrx_word' id='word_1_44' title='bbox 1753 881 1933 927; x_wconf 89' lang='lat' dir='ltr'><strong>tamen</strong></span> 
     </span>
    </p>
   </div>
   <div class='ocr_carea' id='block_1_9' title="bbox 327 961 1937 1036">
    <p class='ocr_par' dir='ltr' id='par_1_9' title="bbox 327 961 1937 1036">
     <span class='ocr_line' id='line_1_9' title="bbox 327 961 1937 1036; baseline 0.004 -24"><span class='ocrx_word' id='word_1_45' title='bbox 327 961 385 1012; x_wconf 90' lang='lat' dir='ltr'><strong>in</strong></span> <span class='ocrx_word' id='word_1_46' title='bbox 419 961 534 1015; x_wconf 87' lang='lat' dir='ltr'><strong>illis</strong></span> <span class='ocrx_word' id='word_1_47' title='bbox 557 962 919 1017; x_wconf 90' lang='lat' dir='ltr'><strong>concedimus</strong></span> <span class='ocrx_word' id='word_1_48' title='bbox 943 963 1071 1032; x_wconf 84' lang='lat' dir='ltr'><strong>quid</strong></span> <span class='ocrx_word' id='word_1_49' title='bbox 1104 963 1173 1016; x_wconf 97' lang='lat' dir='ltr'><strong>sit</strong></span> <span class='ocrx_word' id='word_1_50' title='bbox 1203 962 1544 1032; x_wconf 86' lang='lat' dir='ltr'><strong>Origenicum</strong></span> <span class='ocrx_word' id='word_1_51' title='bbox 1583 965 1808 1036; x_wconf 79' lang='lat' dir='ltr'><strong>intelligi</strong></span> <span class='ocrx_word' id='word_1_52' title='bbox 1833 981 1937 1019; x_wconf 89' lang='lat' dir='ltr'><strong>non</strong></span> 
     </span>
    </p>
   </div>
   <div class='ocr_carea' id='block_1_10' title="bbox 324 1041 1937 1128">
    <p class='ocr_par' dir='ltr' id='par_1_10' title="bbox 324 1041 1937 1128">
     <span class='ocr_line' id='line_1_10' title="bbox 324 1041 1937 1128; baseline 0.006 -25"><span class='ocrx_word' id='word_1_53' title='bbox 324 1067 510 1119; x_wconf 87' lang='lat' dir='ltr'><strong>posse.</strong></span> <span class='ocrx_word' id='word_1_54' title='bbox 546 1051 733 1122; x_wconf 87' lang='lat' dir='ltr'><strong>Ipsius</strong></span> <span class='ocrx_word' id='word_1_55' title='bbox 779 1055 927 1108; x_wconf 91' lang='lat' dir='ltr'><strong>enim</strong></span> <span class='ocrx_word' id='word_1_56' title='bbox 962 1052 1152 1108; x_wconf 66' lang='lat' dir='ltr'><strong>Dallrci</strong></span> <span class='ocrx_word' id='word_1_57' title='bbox 1182 1055 1372 1124; x_wconf 86' lang='lat' dir='ltr'><strong>regula</strong></span> <span class='ocrx_word' id='word_1_58' title='bbox 1421 1063 1504 1111; x_wconf 87' lang='lat' dir='ltr'><strong>cst</strong></span> <span class='ocrx_word' id='word_1_59' title='bbox 1535 1041 1727 1112; x_wconf 85' lang='lat' dir='ltr'><strong>ultimo</strong></span> <span class='ocrx_word' id='word_1_60' title='bbox 1755 1059 1937 1128; x_wconf 86' lang='lat' dir='ltr'><strong>capite</strong></span> 
     </span>
    </p>
   </div>
   <div class='ocr_carea' id='block_1_11' title="bbox 323 1144 1934 1219">
    <p class='ocr_par' dir='ltr' id='par_1_11' title="bbox 323 1144 1934 1219">
     <span class='ocr_line' id='line_1_11' title="bbox 323 1144 1934 1219; baseline 0.004 -21"><span class='ocrx_word' id='word_1_61' title='bbox 323 1144 638 1213; x_wconf 79' lang='lat' dir='ltr'><strong>explicata,</strong></span> <span class='ocrx_word' id='word_1_62' title='bbox 685 1145 785 1199; x_wconf 87' lang='lat' dir='ltr'><strong>illa</strong></span> <span class='ocrx_word' id='word_1_63' title='bbox 827 1147 884 1200; x_wconf 90' lang='lat' dir='ltr'><strong>in</strong></span> <span class='ocrx_word' id='word_1_64' title='bbox 917 1145 1216 1216; x_wconf 87' lang='lat' dir='ltr'><strong>Origenicis</strong></span> <span class='ocrx_word' id='word_1_65' title='bbox 1263 1165 1296 1200; x_wconf 89' lang='lat' dir='ltr'><strong>a</strong></span> <span class='ocrx_word' id='word_1_66' title='bbox 1324 1147 1529 1218; x_wconf 76' lang='lat' dir='ltr'><strong>Ru/ﬁno</strong></span> <span class='ocrx_word' id='word_1_67' title='bbox 1570 1149 1934 1219; x_wconf 76' lang='lat' dir='ltr'><strong>interpretatis</strong></span> 
     </span>
    </p>
   </div>
   <div class='ocr_carea' id='block_1_12' title="bbox 323 1238 1930 1312">
    <p class='ocr_par' dir='ltr' id='par_1_12' title="bbox 323 1238 1930 1312">
     <span class='ocr_line' id='line_1_12' title="bbox 323 1238 1930 1312; baseline 0.004 -23"><span class='ocrx_word' id='word_1_68' title='bbox 323 1247 584 1304; x_wconf 78' lang='lat' dir='ltr'><strong>suspecta</strong></span> <span class='ocrx_word' id='word_1_69' title='bbox 612 1253 728 1291; x_wconf 85' lang='lat' dir='ltr'><strong>esse</strong></span> <span class='ocrx_word' id='word_1_70' title='bbox 757 1238 962 1304; x_wconf 86' lang='lat' dir='ltr'><strong>debere,</strong></span> <span class='ocrx_word' id='word_1_71' title='bbox 997 1255 1117 1309; x_wconf 70' lang='lat' dir='ltr'><strong>qua:</strong></span> <span class='ocrx_word' id='word_1_72' title='bbox 1143 1257 1175 1293; x_wconf 92' lang='lat' dir='ltr'><strong>a</strong></span> <span class='ocrx_word' id='word_1_73' title='bbox 1196 1241 1336 1294; x_wconf 86' lang='lat' dir='ltr'><strong>notis</strong></span> <span class='ocrx_word' id='word_1_74' title='bbox 1370 1241 1449 1296; x_wconf 85' lang='lat' dir='ltr'><strong>vel</strong></span> <span class='ocrx_word' id='word_1_75' title='bbox 1477 1243 1708 1296; x_wconf 78' lang='lat' dir='ltr'><strong>auctoris</strong></span> <span class='ocrx_word' id='word_1_76' title='bbox 1743 1243 1930 1312; x_wconf 78' lang='lat' dir='ltr'><strong>ipsius,</strong></span> 
     </span>
    </p>
   </div>
   <div class='ocr_carea' id='block_1_13' title="bbox 320 1329 1936 1402">
    <p class='ocr_par' dir='ltr' id='par_1_13' title="bbox 320 1329 1936 1402">
     <span class='ocr_line' id='line_1_13' title="bbox 320 1329 1936 1402; baseline 0.004 -22"><span class='ocrx_word' id='word_1_77' title='bbox 320 1329 410 1380; x_wconf 75' lang='lat' dir='ltr'><strong>cel</strong></span> <span class='ocrx_word' id='word_1_78' title='bbox 436 1329 556 1396; x_wconf 81' lang='lat' dir='ltr'><strong>ejus</strong></span> <span class='ocrx_word' id='word_1_79' title='bbox 586 1345 693 1398; x_wconf 89' lang='lat' dir='ltr'><strong>quo</strong></span> <span class='ocrx_word' id='word_1_80' title='bbox 728 1331 857 1383; x_wconf 71' lang='lat' dir='ltr'><strong>vixit</strong></span> <span class='ocrx_word' id='word_1_81' title='bbox 880 1331 1068 1384; x_wconf 76' lang='lat' dir='ltr'><strong>smculi</strong></span> <span class='ocrx_word' id='word_1_82' title='bbox 1093 1330 1307 1400; x_wconf 86' lang='lat' dir='ltr'><strong>placitis</strong></span> <span class='ocrx_word' id='word_1_83' title='bbox 1337 1341 1495 1402; x_wconf 89' lang='lat' dir='ltr'><strong>atque</strong></span> <span class='ocrx_word' id='word_1_84' title='bbox 1517 1333 1750 1387; x_wconf 87' lang='lat' dir='ltr'><strong>moribus</strong></span> <span class='ocrx_word' id='word_1_85' title='bbox 1777 1333 1936 1387; x_wconf 80' lang='lat' dir='ltr'><strong>ablu-</strong></span> 
     </span>
    </p>
   </div>
   <div class='ocr_carea' id='block_1_14' title="bbox 322 1419 1934 1494">
    <p class='ocr_par' dir='ltr' id='par_1_14' title="bbox 322 1419 1934 1494">
     <span class='ocr_line' id='line_1_14' title="bbox 322 1419 1934 1494; baseline 0.005 -24"><span class='ocrx_word' id='word_1_86' title='bbox 322 1419 507 1483; x_wconf 76' lang='lat' dir='ltr'><strong>dunt,‘</strong></span> <span class='ocrx_word' id='word_1_87' title='bbox 541 1430 595 1473; x_wconf 88' lang='lat' dir='ltr'><strong>et</strong></span> <span class='ocrx_word' id='word_1_88' title='bbox 641 1421 690 1473; x_wconf 87' lang='lat' dir='ltr'><strong>si</strong></span> <span class='ocrx_word' id='word_1_89' title='bbox 723 1437 843 1490; x_wconf 77' lang='lat' dir='ltr'><strong>qua:</strong></span> <span class='ocrx_word' id='word_1_90' title='bbox 879 1423 948 1475; x_wconf 88' lang='lat' dir='ltr'><strong>iis</strong></span> <span class='ocrx_word' id='word_1_91' title='bbox 999 1440 1287 1494; x_wconf 82' lang='lat' dir='ltr'><strong>congruere</strong></span> <span class='ocrx_word' id='word_1_92' title='bbox 1337 1423 1556 1478; x_wconf 86' lang='lat' dir='ltr'><strong>aliunde</strong></span> <span class='ocrx_word' id='word_1_93' title='bbox 1600 1428 1837 1490; x_wconf 66' lang='lat' dir='ltr'><strong>constet},</strong></span> <span class='ocrx_word' id='word_1_94' title='bbox 1870 1442 1934 1478; x_wconf 89' lang='lat' dir='ltr'><strong>ea</strong></span> 
     </span>
    </p>
   </div>
   <div class='ocr_carea' id='block_1_15' title="bbox 322 1509 1933 1583">
    <p class='ocr_par' dir='ltr' id='par_1_15' title="bbox 322 1509 1933 1583">
     <span class='ocr_line' id='line_1_15' title="bbox 322 1509 1933 1583; baseline 0.004 -21"><span class='ocrx_word' id='word_1_95' title='bbox 322 1525 452 1562; x_wconf 76' lang='lat' dir='ltr'><strong>tero</strong></span> <span class='ocrx_word' id='word_1_96' title='bbox 487 1509 575 1577; x_wconf 78' lang='lat' dir='ltr'><strong>fas</strong></span> <span class='ocrx_word' id='word_1_97' title='bbox 606 1526 720 1563; x_wconf 88' lang='lat' dir='ltr'><strong>esse</strong></span> <span class='ocrx_word' id='word_1_98' title='bbox 753 1529 852 1580; x_wconf 88' lang='lat' dir='ltr'><strong>pro</strong></span> <span class='ocrx_word' id='word_1_99' title='bbox 880 1514 1118 1566; x_wconf 82' lang='lat' dir='ltr'><strong>auctoris</strong></span> <span class='ocrx_word' id='word_1_100' title='bbox 1160 1514 1401 1582; x_wconf 81' lang='lat' dir='ltr'><strong>genuinis</strong></span> <span class='ocrx_word' id='word_1_101' title='bbox 1434 1530 1736 1583; x_wconf 83' lang='lat' dir='ltr'><strong>agnoscere.</strong></span> <span class='ocrx_word' id='word_1_102' title='bbox 1768 1513 1836 1568; x_wconf 85' lang='lat' dir='ltr'><strong>Et</strong></span> <span class='ocrx_word' id='word_1_103' title='bbox 1864 1530 1933 1568; x_wconf 86' lang='lat' dir='ltr'><strong>ex</strong></span> 
     </span>
    </p>
   </div>
   <div class='ocr_carea' id='block_1_16' title="bbox 325 1603 1929 1676">
    <p class='ocr_par' dir='ltr' id='par_1_16' title="bbox 325 1603 1929 1676">
     <span class='ocr_line' id='line_1_16' title="bbox 325 1603 1929 1676; baseline 0.004 -21"><span class='ocrx_word' id='word_1_104' title='bbox 325 1603 442 1657; x_wconf 90' lang='lat' dir='ltr'><strong>hac</strong></span> <span class='ocrx_word' id='word_1_105' title='bbox 474 1603 597 1673; x_wconf 86' lang='lat' dir='ltr'><strong>ipsa</strong></span> <span class='ocrx_word' id='word_1_106' title='bbox 631 1606 818 1674; x_wconf 86' lang='lat' dir='ltr'><strong>regula</strong></span> <span class='ocrx_word' id='word_1_107' title='bbox 858 1621 924 1660; x_wconf 91' lang='lat' dir='ltr'><strong>ea</strong></span> <span class='ocrx_word' id='word_1_108' title='bbox 959 1622 1082 1675; x_wconf 62' lang='lat' dir='ltr'><strong>quae</strong></span> <span class='ocrx_word' id='word_1_109' title='bbox 1110 1607 1372 1675; x_wconf 81' lang='lat' dir='ltr'><strong>Origenes</strong></span> <span class='ocrx_word' id='word_1_110' title='bbox 1415 1606 1570 1661; x_wconf 77' lang='lat' dir='ltr'><strong>allert</strong></span> <span class='ocrx_word' id='word_1_111' title='bbox 1601 1622 1702 1676; x_wconf 90' lang='lat' dir='ltr'><strong>pro</strong></span> <span class='ocrx_word' id='word_1_112' title='bbox 1729 1623 1929 1672; x_wconf 87' lang='lat' dir='ltr'><strong>amore,</strong></span> 
     </span>
    </p>
   </div>
   <div class='ocr_carea' id='block_1_17' title="bbox 323 1695 1932 1768">
    <p class='ocr_par' dir='ltr' id='par_1_17' title="bbox 323 1695 1932 1768">
     <span class='ocr_line' id='line_1_17' title="bbox 323 1695 1932 1768; baseline 0.002 -20"><span class='ocrx_word' id='word_1_113' title='bbox 323 1695 384 1748; x_wconf 90' lang='lat' dir='ltr'><strong>in</strong></span> <span class='ocrx_word' id='word_1_114' title='bbox 439 1698 863 1752; x_wconf 90' lang='lat' dir='ltr'><strong>commentariis</strong></span> <span class='ocrx_word' id='word_1_115' title='bbox 919 1699 974 1752; x_wconf 92' lang='lat' dir='ltr'><strong>in</strong></span> <span class='ocrx_word' id='word_1_116' title='bbox 1021 1697 1246 1754; x_wconf 89' lang='lat' dir='ltr'><strong>Cantica</strong></span> <span class='ocrx_word' id='word_1_117' title='bbox 1300 1715 1401 1768; x_wconf 84' lang='lat' dir='ltr'><strong>pro</strong></span> <span class='ocrx_word' id='word_1_118' title='bbox 1453 1699 1626 1768; x_wconf 83' lang='lat' dir='ltr'><strong>ipsius</strong></span> <span class='ocrx_word' id='word_1_119' title='bbox 1679 1700 1932 1768; x_wconf 84' lang='lat' dir='ltr'><strong>genuinis</strong></span> 
     </span>
    </p>
   </div>
   <div class='ocr_carea' id='block_1_18' title="bbox 322 1791 1926 1862">
    <p class='ocr_par' dir='ltr' id='par_1_18' title="bbox 322 1791 1926 1862">
     <span class='ocr_line' id='line_1_18' title="bbox 322 1791 1926 1862; baseline 0.002 -20"><span class='ocrx_word' id='word_1_120' title='bbox 322 1791 722 1859; x_wconf 78' lang='lat' dir='ltr'><strong>agnoscimus.</strong></span> <span class='ocrx_word' id='word_1_121' title='bbox 756 1792 886 1861; x_wconf 87' lang='lat' dir='ltr'><strong>quia</strong></span> <span class='ocrx_word' id='word_1_122' title='bbox 917 1793 988 1846; x_wconf 90' lang='lat' dir='ltr'><strong>ab</strong></span> <span class='ocrx_word' id='word_1_123' title='bbox 1022 1793 1197 1861; x_wconf 88' lang='lat' dir='ltr'><strong>ipsius</strong></span> <span class='ocrx_word' id='word_1_124' title='bbox 1229 1792 1448 1862; x_wconf 83' lang='lat' dir='ltr'><strong>placitis</strong></span> <span class='ocrx_word' id='word_1_125' title='bbox 1477 1807 1589 1845; x_wconf 92' lang='lat' dir='ltr'><strong>non</strong></span> <span class='ocrx_word' id='word_1_126' title='bbox 1623 1793 1926 1846; x_wconf 88' lang='lat' dir='ltr'><strong>abludunt:</strong></span> 
     </span>
    </p>
   </div>
   <div class='ocr_carea' id='block_1_19' title="bbox 2041 589 3617 660">
    <p class='ocr_par' dir='ltr' id='par_1_19' title="bbox 2041 589 3617 660">
     <span class='ocr_line' id='line_1_19' title="bbox 2041 589 3617 660; baseline -0.001 -14"><span class='ocrx_word' id='word_1_127' title='bbox 2041 606 2165 646; x_wconf 89' lang='lat' dir='ltr'><strong>cum</strong></span> <span class='ocrx_word' id='word_1_128' title='bbox 2201 592 2291 658; x_wconf 88' lang='lat' dir='ltr'><strong>sit,</strong></span> <span class='ocrx_word' id='word_1_129' title='bbox 2333 607 2440 645; x_wconf 89' lang='lat' dir='ltr'><strong>non</strong></span> <span class='ocrx_word' id='word_1_130' title='bbox 2477 601 2562 647; x_wconf 86' lang='lat' dir='ltr'><strong>est</strong></span> <span class='ocrx_word' id='word_1_131' title='bbox 2607 593 2675 646; x_wconf 88' lang='lat' dir='ltr'><strong>ab</strong></span> <span class='ocrx_word' id='word_1_132' title='bbox 2705 590 2944 645; x_wconf 85' lang='lat' dir='ltr'><strong>Eusebio</strong></span> <span class='ocrx_word' id='word_1_133' title='bbox 2987 591 3355 660; x_wconf 90' lang='lat' dir='ltr'><strong>conscriptus,</strong></span> <span class='ocrx_word' id='word_1_134' title='bbox 3388 589 3505 658; x_wconf 87' lang='lat' dir='ltr'><strong>sed,</strong></span> <span class='ocrx_word' id='word_1_135' title='bbox 3538 593 3617 646; x_wconf 89' lang='lat' dir='ltr'><strong>uti</strong></span> 
     </span>
    </p>
   </div>
   <div class='ocr_carea' id='block_1_20' title="bbox 2038 683 3618 754">
    <p class='ocr_par' dir='ltr' id='par_1_20' title="bbox 2038 683 3618 754">
     <span class='ocr_line' id='line_1_20' title="bbox 2038 683 3618 754; baseline 0.001 -17"><span class='ocrx_word' id='word_1_136' title='bbox 2038 684 2321 754; x_wconf 81' lang='lat' dir='ltr'><strong>disputare</strong></span> <span class='ocrx_word' id='word_1_137' title='bbox 2366 684 2540 751; x_wconf 87' lang='lat' dir='ltr'><strong>solet,</strong></span> <span class='ocrx_word' id='word_1_138' title='bbox 2588 685 2834 753; x_wconf 87' lang='lat' dir='ltr'><strong>spurius,</strong></span> <span class='ocrx_word' id='word_1_139' title='bbox 2887 692 2940 736; x_wconf 91' lang='lat' dir='ltr'><strong>et</strong></span> <span class='ocrx_word' id='word_1_140' title='bbox 2983 683 3052 736; x_wconf 89' lang='lat' dir='ltr'><strong>ab</strong></span> <span class='ocrx_word' id='word_1_141' title='bbox 3087 683 3272 753; x_wconf 89' lang='lat' dir='ltr'><strong>aliquo</strong></span> <span class='ocrx_word' id='word_1_142' title='bbox 3318 684 3618 752; x_wconf 77' lang='lat' dir='ltr'><strong>impnstore</strong></span> 
     </span>
    </p>
   </div>
   <div class='ocr_carea' id='block_1_21' title="bbox 2039 774 3616 844">
    <p class='ocr_par' dir='ltr' id='par_1_21' title="bbox 2039 774 3616 844">
     <span class='ocr_line' id='line_1_21' title="bbox 2039 774 3616 844; baseline -0.002 -12"><span class='ocrx_word' id='word_1_143' title='bbox 2039 778 2325 832; x_wconf 83' lang='lat' dir='ltr'><strong>confictas.</strong></span> <span class='ocrx_word' id='word_1_144' title='bbox 2375 775 2468 831; x_wconf 89' lang='lat' dir='ltr'><strong>Sic</strong></span> <span class='ocrx_word' id='word_1_145' title='bbox 2496 779 2640 831; x_wconf 90' lang='lat' dir='ltr'><strong>enim</strong></span> <span class='ocrx_word' id='word_1_146' title='bbox 2686 776 2938 830; x_wconf 87' lang='lat' dir='ltr'><strong>Gelasius</strong></span> <span class='ocrx_word' id='word_1_147' title='bbox 2971 776 3263 844; x_wconf 78' lang='lat' dir='ltr'><strong>epiSCOpus</strong></span> <span class='ocrx_word' id='word_1_148' title='bbox 3298 774 3616 841; x_wconf 79' lang='lat' dir='ltr'><strong>Romanus,</strong></span> 
     </span>
    </p>
   </div>
   <div class='ocr_carea' id='block_1_22' title="bbox 2038 867 3618 936">
    <p class='ocr_par' dir='ltr' id='par_1_22' title="bbox 2038 867 3618 936">
     <span class='ocr_line' id='line_1_22' title="bbox 2038 867 3618 936; baseline -0.002 -13"><span class='ocrx_word' id='word_1_149' title='bbox 2038 869 2095 923; x_wconf 89' lang='lat' dir='ltr'><strong>in</strong></span> <span class='ocrx_word' id='word_1_150' title='bbox 2126 869 2380 934; x_wconf 88' lang='lat' dir='ltr'><strong>concilio,</strong></span> <span class='ocrx_word' id='word_1_151' title='bbox 2407 869 2636 934; x_wconf 87' lang='lat' dir='ltr'><strong>scilicet,</strong></span> <span class='ocrx_word' id='word_1_152' title='bbox 2674 867 2916 922; x_wconf 84' lang='lat' dir='ltr'><strong>Historia</strong></span> <span class='ocrx_word' id='word_1_153' title='bbox 2943 868 3158 921; x_wconf 80' lang='lat' dir='ltr'><strong>Eusebii</strong></span> <span class='ocrx_word' id='word_1_154' title='bbox 3190 867 3455 935; x_wconf 81' lang='lat' dir='ltr'><strong>Pamphili</strong></span> <span class='ocrx_word' id='word_1_155' title='bbox 3490 885 3618 936; x_wconf 88' lang='lat' dir='ltr'><strong>apo-</strong></span> 
     </span>
    </p>
   </div>
   <div class='ocr_carea' id='block_1_23' title="bbox 2037 959 3617 1031">
    <p class='ocr_par' dir='ltr' id='par_1_23' title="bbox 2037 959 3617 1031">
     <span class='ocr_line' id='line_1_23' title="bbox 2037 959 3617 1031; baseline -0.001 -18"><span class='ocrx_word' id='word_1_156' title='bbox 2037 961 2254 1031; x_wconf 83' lang='lat' dir='ltr'><strong>crypha.</strong></span> <span class='ocrx_word' id='word_1_157' title='bbox 2289 960 2396 1015; x_wconf 88' lang='lat' dir='ltr'><strong>Sed</strong></span> <span class='ocrx_word' id='word_1_158' title='bbox 2428 976 2594 1030; x_wconf 91' lang='lat' dir='ltr'><strong>quam</strong></span> <span class='ocrx_word' id='word_1_159' title='bbox 2630 961 2923 1015; x_wconf 90' lang='lat' dir='ltr'><strong>ridiculum</strong></span> <span class='ocrx_word' id='word_1_160' title='bbox 2959 961 3066 1015; x_wconf 88' lang='lat' dir='ltr'><strong>hoc</strong></span> <span class='ocrx_word' id='word_1_161' title='bbox 3099 971 3482 1031; x_wconf 84' lang='lat' dir='ltr'><strong>argumentum</strong></span> <span class='ocrx_word' id='word_1_162' title='bbox 3527 959 3617 1012; x_wconf 89' lang='lat' dir='ltr'><strong>hic</strong></span> 
     </span>
    </p>
   </div>
   <div class='ocr_carea' id='block_1_24' title="bbox 2036 1052 3614 1125">
    <p class='ocr_par' dir='ltr' id='par_1_24' title="bbox 2036 1052 3614 1125">
     <span class='ocr_line' id='line_1_24' title="bbox 2036 1052 3614 1125; baseline -0.001 -17"><span class='ocrx_word' id='word_1_163' title='bbox 2036 1052 2252 1120; x_wconf 87' lang='lat' dir='ltr'><strong>fuisset,</strong></span> <span class='ocrx_word' id='word_1_164' title='bbox 2283 1054 2417 1109; x_wconf 83' lang='lat' dir='ltr'><strong>vidit</strong></span> <span class='ocrx_word' id='word_1_165' title='bbox 2442 1055 2579 1125; x_wconf 89' lang='lat' dir='ltr'><strong>ipse,</strong></span> <span class='ocrx_word' id='word_1_166' title='bbox 2608 1064 2662 1110; x_wconf 83' lang='lat' dir='ltr'><strong>et</strong></span> <span class='ocrx_word' id='word_1_167' title='bbox 2693 1055 2978 1111; x_wconf 87' lang='lat' dir='ltr'><strong>abstinuit.</strong></span> <span class='ocrx_word' id='word_1_168' title='bbox 3007 1054 3304 1108; x_wconf 83' lang='lat' dir='ltr'><strong>Videamus</strong></span> <span class='ocrx_word' id='word_1_169' title='bbox 3332 1053 3516 1123; x_wconf 83' lang='lat' dir='ltr'><strong>igitur,</strong></span> <span class='ocrx_word' id='word_1_170' title='bbox 3543 1068 3614 1106; x_wconf 89' lang='lat' dir='ltr'><strong>an</strong></span> 
     </span>
    </p>
   </div>
   <div class='ocr_carea' id='block_1_25' title="bbox 2038 1145 3610 1219">
    <p class='ocr_par' dir='ltr' id='par_1_25' title="bbox 2038 1145 3610 1219">
     <span class='ocr_line' id='line_1_25' title="bbox 2038 1145 3610 1219; baseline -0.001 -17"><span class='ocrx_word' id='word_1_171' title='bbox 2038 1149 2144 1202; x_wconf 92' lang='lat' dir='ltr'><strong>hoc</strong></span> <span class='ocrx_word' id='word_1_172' title='bbox 2177 1150 2323 1216; x_wconf 89' lang='lat' dir='ltr'><strong>quod</strong></span> <span class='ocrx_word' id='word_1_173' title='bbox 2355 1159 2512 1219; x_wconf 86' lang='lat' dir='ltr'><strong>urget</strong></span> <span class='ocrx_word' id='word_1_174' title='bbox 2541 1149 2608 1203; x_wconf 91' lang='lat' dir='ltr'><strong>de</strong></span> <span class='ocrx_word' id='word_1_175' title='bbox 2638 1148 2860 1204; x_wconf 89' lang='lat' dir='ltr'><strong>Eusebii</strong></span> <span class='ocrx_word' id='word_1_176' title='bbox 2893 1147 3342 1213; x_wconf 86' lang='lat' dir='ltr'><strong>hallucinationc,</strong></span> <span class='ocrx_word' id='word_1_177' title='bbox 3367 1164 3433 1200; x_wconf 82' lang='lat' dir='ltr'><strong>eo</strong></span> <span class='ocrx_word' id='word_1_178' title='bbox 3463 1145 3610 1216; x_wconf 89' lang='lat' dir='ltr'><strong>quod</strong></span> 
     </span>
    </p>
   </div>
   <div class='ocr_carea' id='block_1_26' title="bbox 2035 1239 3614 1312">
    <p class='ocr_par' dir='ltr' id='par_1_26' title="bbox 2035 1239 3614 1312">
     <span class='ocr_line' id='line_1_26' title="bbox 2035 1239 3614 1312; baseline -0.001 -18"><span class='ocrx_word' id='word_1_179' title='bbox 2035 1241 2224 1295; x_wconf 92' lang='lat' dir='ltr'><strong>omisit</strong></span> <span class='ocrx_word' id='word_1_180' title='bbox 2272 1241 2341 1296; x_wconf 89' lang='lat' dir='ltr'><strong>de</strong></span> <span class='ocrx_word' id='word_1_181' title='bbox 2372 1241 2776 1312; x_wconf 85' lang='lat' dir='ltr'><strong>suppositione,</strong></span> <span class='ocrx_word' id='word_1_182' title='bbox 2821 1251 2915 1295; x_wconf 91' lang='lat' dir='ltr'><strong>aut</strong></span> <span class='ocrx_word' id='word_1_183' title='bbox 2960 1239 3174 1294; x_wconf 73' lang='lat' dir='ltr'><strong>felicius</strong></span> <span class='ocrx_word' id='word_1_184' title='bbox 3208 1249 3299 1293; x_wconf 87' lang='lat' dir='ltr'><strong>aut</strong></span> <span class='ocrx_word' id='word_1_185' title='bbox 3344 1239 3614 1294; x_wconf 89' lang='lat' dir='ltr'><strong>verisimi-</strong></span> 
     </span>
    </p>
   </div>
   <div class='ocr_carea' id='block_1_27' title="bbox 2037 1331 2264 1386">
    <p class='ocr_par' dir='ltr' id='par_1_27' title="bbox 2037 1331 2264 1386">
     <span class='ocr_line' id='line_1_27' title="bbox 2037 1331 2264 1386; baseline 0.009 -2"><span class='ocrx_word' id='word_1_186' title='bbox 2037 1331 2143 1386; x_wconf 88' lang='lat' dir='ltr'><strong>lius</strong></span> <span class='ocrx_word' id='word_1_187' title='bbox 2173 1331 2264 1386; x_wconf 89' lang='lat' dir='ltr'><strong>sit.</strong></span> 
     </span>
    </p>
   </div>
   <div class='ocr_carea' id='block_1_28' title="bbox 2107 1423 3612 1503">
    <p class='ocr_par' dir='ltr' id='par_1_28' title="bbox 2107 1423 3612 1503">
     <span class='ocr_line' id='line_1_28' title="bbox 2107 1423 3612 1503; baseline -0.001 -25"><span class='ocrx_word' id='word_1_188' title='bbox 2107 1424 2248 1490; x_wconf 83' lang='lat' dir='ltr'><strong>Quid</strong></span> <span class='ocrx_word' id='word_1_189' title='bbox 2292 1427 2344 1479; x_wconf 88' lang='lat' dir='ltr'><strong>in</strong></span> <span class='ocrx_word' id='word_1_190' title='bbox 2370 1425 2814 1503; x_wconf 79' lang='lat' dir='ltr'><strong>Itistoriograpliis</strong></span> <span class='ocrx_word' id='word_1_191' title='bbox 2839 1427 3067 1480; x_wconf 85' lang='lat' dir='ltr'><strong>inveniri</strong></span> <span class='ocrx_word' id='word_1_192' title='bbox 3103 1425 3332 1479; x_wconf 84' lang='lat' dir='ltr'><strong>Eusebio</strong></span> <span class='ocrx_word' id='word_1_193' title='bbox 3367 1423 3612 1477; x_wconf 86' lang='lat' dir='ltr'><strong>laudabi-</strong></span> 
     </span>
    </p>
   </div>
   <div class='ocr_carea' id='block_1_29' title="bbox 2034 1516 3607 1588">
    <p class='ocr_par' dir='ltr' id='par_1_29' title="bbox 2034 1516 3607 1588">
     <span class='ocr_line' id='line_1_29' title="bbox 2034 1516 3607 1588; baseline 0.001 -19"><span class='ocrx_word' id='word_1_194' title='bbox 2034 1516 2138 1570; x_wconf 84' lang='lat' dir='ltr'><strong>lius</strong></span> <span class='ocrx_word' id='word_1_195' title='bbox 2170 1519 2387 1586; x_wconf 87' lang='lat' dir='ltr'><strong>potest?</strong></span> <span class='ocrx_word' id='word_1_196' title='bbox 2432 1519 2613 1573; x_wconf 84' lang='lat' dir='ltr'><strong>aiebat</strong></span> <span class='ocrx_word' id='word_1_197' title='bbox 2664 1520 2795 1572; x_wconf 91' lang='lat' dir='ltr'><strong>olim</strong></span> <span class='ocrx_word' id='word_1_198' title='bbox 2831 1518 3084 1588; x_wconf 86' lang='lat' dir='ltr'><strong>Pelagius</strong></span> <span class='ocrx_word' id='word_1_199' title='bbox 3133 1518 3407 1573; x_wconf 90' lang='lat' dir='ltr'><strong>secundus</strong></span> <span class='ocrx_word' id='word_1_200' title='bbox 3451 1533 3607 1587; x_wconf 85' lang='lat' dir='ltr'><strong>papa.</strong></span> 
     </span>
    </p>
   </div>
   <div class='ocr_carea' id='block_1_30' title="bbox 2035 1608 3613 1681">
    <p class='ocr_par' dir='ltr' id='par_1_30' title="bbox 2035 1608 3613 1681">
     <span class='ocr_line' id='line_1_30' title="bbox 2035 1608 3613 1681; baseline 0 -20"><span class='ocrx_word' id='word_1_201' title='bbox 2035 1608 2128 1663; x_wconf 88' lang='lat' dir='ltr'><strong>llle</strong></span> <span class='ocrx_word' id='word_1_202' title='bbox 2144 1608 2361 1664; x_wconf 84' lang='lat' dir='ltr'><strong>Gelasio</strong></span> <span class='ocrx_word' id='word_1_203' title='bbox 2377 1610 2649 1680; x_wconf 82' lang='lat' dir='ltr'><strong>Cyziceno</strong></span> <span class='ocrx_word' id='word_1_204' title='bbox 2668 1610 3148 1681; x_wconf 71' lang='grc' dir='ltr'><strong>φιλαληθέστατος,</strong></span> <span class='ocrx_word' id='word_1_205' title='bbox 3174 1611 3411 1664; x_wconf 73' lang='lat' dir='ltr'><strong>veritatis</strong></span> <span class='ocrx_word' id='word_1_206' title='bbox 3427 1625 3582 1662; x_wconf 86' lang='lat' dir='ltr'><strong>antan</strong></span> <span class='ocrx_word' id='word_1_207' title='bbox 3595 1639 3613 1648; x_wconf 89' lang='lat'><strong>-</strong></span> 
     </span>
    </p>
   </div>
   <div class='ocr_carea' id='block_1_31' title="bbox 2035 1700 3608 1774">
    <p class='ocr_par' dir='ltr' id='par_1_31' title="bbox 2035 1700 3608 1774">
     <span class='ocr_line' id='line_1_31' title="bbox 2035 1700 3608 1774; baseline 0 -20"><span class='ocrx_word' id='word_1_208' title='bbox 2035 1703 2294 1767; x_wconf 86' lang='lat' dir='ltr'><strong>tissimus,</strong></span> <span class='ocrx_word' id='word_1_209' title='bbox 2325 1711 2379 1756; x_wconf 87' lang='lat' dir='ltr'><strong>et</strong></span> <span class='ocrx_word' id='word_1_210' title='bbox 2403 1701 2865 1767; x_wconf 78' lang='grc' dir='ltr'><strong>ἀξιοπιστότατος,</strong></span> <span class='ocrx_word' id='word_1_211' title='bbox 2901 1703 3005 1770; x_wconf 80' lang='lat' dir='ltr'><strong>ﬁde</strong></span> <span class='ocrx_word' id='word_1_212' title='bbox 3041 1703 3408 1774; x_wconf 85' lang='lat' dir='ltr'><strong>dignissimus,</strong></span> <span class='ocrx_word' id='word_1_213' title='bbox 3435 1700 3608 1755; x_wconf 80' lang='lat' dir='ltr'><strong>audit.</strong></span> 
     </span>
    </p>
   </div>
   <div class='ocr_carea' id='block_1_32' title="bbox 2034 1792 3610 1865">
    <p class='ocr_par' dir='ltr' id='par_1_32' title="bbox 2034 1792 3610 1865">
     <span class='ocr_line' id='line_1_32' title="bbox 2034 1792 3610 1865; baseline -0.003 -19"><span class='ocrx_word' id='word_1_214' title='bbox 2034 1792 2130 1848; x_wconf 89' lang='lat' dir='ltr'><strong>llle</strong></span> <span class='ocrx_word' id='word_1_215' title='bbox 2171 1809 2370 1865; x_wconf 85' lang='lat' dir='ltr'><strong>magno</strong></span> <span class='ocrx_word' id='word_1_216' title='bbox 2410 1793 2617 1849; x_wconf 88' lang='lat' dir='ltr'><strong>Basilio</strong></span> <span class='ocrx_word' id='word_1_217' title='bbox 2644 1795 2848 1850; x_wconf 89' lang='lat' dir='ltr'><strong>dicitur</strong></span> <span class='ocrx_word' id='word_1_218' title='bbox 2873 1794 3184 1860; x_wconf 78' lang='grc' dir='ltr'><strong>ἀξιόπιστος</strong></span> <span class='ocrx_word' id='word_1_219' title='bbox 3221 1792 3309 1845; x_wconf 75' lang='grc' dir='ltr'>διὰ</span> <span class='ocrx_word' id='word_1_220' title='bbox 3351 1792 3610 1846; x_wconf 80' lang='grc' dir='ltr'><strong>πολυπει-</strong></span> 
     </span>
    </p>
   </div>
   <div class='ocr_carea' id='block_1_33' title="bbox 321 1874 3613 1960">
    <p class='ocr_par' dir='ltr' id='par_1_33' title="bbox 321 1874 3613 1960">
     <span class='ocr_line' id='line_1_33' title="bbox 321 1874 3613 1960; baseline 0.002 -27"><span class='ocrx_word' id='word_1_221' title='bbox 321 1890 382 1933; x_wconf 86' lang='lat' dir='ltr'><strong>et</strong></span> <span class='ocrx_word' id='word_1_222' title='bbox 428 1881 818 1936; x_wconf 79' lang='lat' dir='ltr'><strong>testimonium</strong></span> <span class='ocrx_word' id='word_1_223' title='bbox 869 1882 1062 1953; x_wconf 84' lang='lat' dir='ltr'><strong>Ignatii</strong></span> <span class='ocrx_word' id='word_1_224' title='bbox 1107 1885 1314 1953; x_wconf 89' lang='lat' dir='ltr'><strong>pariter</strong></span> <span class='ocrx_word' id='word_1_225' title='bbox 1346 1883 1647 1952; x_wconf 77' lang='lat' dir='ltr'><strong>genuinum</strong></span> <span class='ocrx_word' id='word_1_226' title='bbox 1684 1899 1932 1953; x_wconf 88' lang='lat' dir='ltr'><strong>pronun-</strong></span> <span class='ocrx_word' id='word_1_227' title='bbox 1963 1874 2005 1930; x_wconf 74' lang='grc' dir='ltr'><strong>Β</strong></span> <span class='ocrx_word' id='word_1_228' title='bbox 2036 1889 2176 1960; x_wconf 82' lang='grc' dir='ltr'>ρίαν,</span> <span class='ocrx_word' id='word_1_229' title='bbox 2208 1889 2329 1943; x_wconf 89' lang='lat' dir='ltr'><strong>ideo</strong></span> <span class='ocrx_word' id='word_1_230' title='bbox 2365 1891 2604 1944; x_wconf 77' lang='lat' dir='ltr'><strong>maxime</strong></span> <span class='ocrx_word' id='word_1_231' title='bbox 2631 1889 2737 1958; x_wconf 77' lang='lat' dir='ltr'><strong>ﬁde</strong></span> <span class='ocrx_word' id='word_1_232' title='bbox 2767 1890 2981 1960; x_wconf 85' lang='lat' dir='ltr'><strong>dignus,</strong></span> <span class='ocrx_word' id='word_1_233' title='bbox 3010 1889 3138 1958; x_wconf 87' lang='lat' dir='ltr'><strong>quia</strong></span> <span class='ocrx_word' id='word_1_234' title='bbox 3168 1887 3426 1942; x_wconf 89' lang='lat' dir='ltr'><strong>diuturna</strong></span> <span class='ocrx_word' id='word_1_235' title='bbox 3459 1902 3613 1957; x_wconf 72' lang='lat' dir='ltr'><strong>expe-</strong></span> 
     </span>
    </p>
   </div>
   <div class='ocr_carea' id='block_1_34' title="bbox 323 1972 1927 2044">
    <p class='ocr_par' dir='ltr' id='par_1_34' title="bbox 323 1972 1927 2044">
     <span class='ocr_line' id='line_1_34' title="bbox 323 1972 1927 2044; baseline 0.003 -21"><span class='ocrx_word' id='word_1_236' title='bbox 323 1973 568 2035; x_wconf 86' lang='lat' dir='ltr'><strong>tiamus,</strong></span> <span class='ocrx_word' id='word_1_237' title='bbox 605 1972 736 2042; x_wconf 83' lang='lat' dir='ltr'><strong>quia</strong></span> <span class='ocrx_word' id='word_1_238' title='bbox 765 1989 832 2028; x_wconf 89' lang='lat' dir='ltr'><strong>ex</strong></span> <span class='ocrx_word' id='word_1_239' title='bbox 865 1974 1095 2028; x_wconf 83' lang='lat' dir='ltr'><strong>humilia</strong></span> <span class='ocrx_word' id='word_1_240' title='bbox 1149 1975 1204 2028; x_wconf 90' lang='lat' dir='ltr'><strong>in</strong></span> <span class='ocrx_word' id='word_1_241' title='bbox 1248 1973 1456 2029; x_wconf 89' lang='lat' dir='ltr'><strong>Lucam</strong></span> <span class='ocrx_word' id='word_1_242' title='bbox 1499 1989 1627 2028; x_wconf 89' lang='lat' dir='ltr'><strong>eum</strong></span> <span class='ocrx_word' id='word_1_243' title='bbox 1675 1973 1927 2044; x_wconf 82' lang='lat' dir='ltr'><strong>ejusdem</strong></span> 
     </span>
    </p>
   </div>
   <div class='ocr_carea' id='block_1_35' title="bbox 322 2065 1673 2133">
    <p class='ocr_par' dir='ltr' id='par_1_35' title="bbox 322 2065 1673 2133">
     <span class='ocr_line' id='line_1_35' title="bbox 322 2065 1673 2133; baseline 0.004 -18"><span class='ocrx_word' id='word_1_244' title='bbox 322 2065 600 2133; x_wconf 83' lang='lat' dir='ltr'><strong>martyris</strong></span> <span class='ocrx_word' id='word_1_245' title='bbox 633 2066 1012 2120; x_wconf 85' lang='lat' dir='ltr'><strong>testimonium</strong></span> <span class='ocrx_word' id='word_1_246' title='bbox 1044 2067 1363 2122; x_wconf 89' lang='lat' dir='ltr'><strong>adhibuisse</strong></span> <span class='ocrx_word' id='word_1_247' title='bbox 1395 2068 1673 2122; x_wconf 85' lang='lat' dir='ltr'><strong>novimus.</strong></span> 
     </span>
    </p>
   </div>
   <div class='ocr_carea' id='block_1_36' title="bbox 397 2153 1931 2227">
    <p class='ocr_par' dir='ltr' id='par_1_36' title="bbox 397 2153 1931 2227">
     <span class='ocr_line' id='line_1_36' title="bbox 397 2153 1931 2227; baseline 0.002 -20"><span class='ocrx_word' id='word_1_248' title='bbox 397 2153 473 2208; x_wconf 85' lang='lat' dir='ltr'><strong>Et</strong></span> <span class='ocrx_word' id='word_1_249' title='bbox 506 2155 611 2209; x_wconf 86' lang='lat' dir='ltr'><strong>fuit</strong></span> <span class='ocrx_word' id='word_1_250' title='bbox 643 2157 864 2225; x_wconf 87' lang='lat' dir='ltr'><strong>quidem</strong></span> <span class='ocrx_word' id='word_1_251' title='bbox 897 2158 1030 2211; x_wconf 91' lang='lat' dir='ltr'><strong>olim</strong></span> <span class='ocrx_word' id='word_1_252' title='bbox 1065 2174 1190 2213; x_wconf 91' lang='lat' dir='ltr'><strong>cum</strong></span> <span class='ocrx_word' id='word_1_253' title='bbox 1229 2157 1465 2212; x_wconf 68' lang='lat' dir='ltr'><strong>Dallreus</strong></span> <span class='ocrx_word' id='word_1_254' title='bbox 1496 2159 1610 2227; x_wconf 88' lang='lat' dir='ltr'><strong>ipse</strong></span> <span class='ocrx_word' id='word_1_255' title='bbox 1652 2160 1765 2213; x_wconf 65' lang='lat' dir='ltr'><strong>haec</strong></span> <span class='ocrx_word' id='word_1_256' title='bbox 1806 2154 1931 2212; x_wconf 83' lang='lat' dir='ltr'><strong>Oti-</strong></span> 
     </span>
    </p>
   </div>
   <div class='ocr_carea' id='block_1_37' title="bbox 317 2248 1929 2320">
    <p class='ocr_par' dir='ltr' id='par_1_37' title="bbox 317 2248 1929 2320">
     <span class='ocr_line' id='line_1_37' title="bbox 317 2248 1929 2320; baseline 0.001 -18"><span class='ocrx_word' id='word_1_257' title='bbox 317 2249 490 2315; x_wconf 73' lang='lat' dir='ltr'><strong>genis</strong></span> <span class='ocrx_word' id='word_1_258' title='bbox 525 2249 848 2304; x_wconf 87' lang='lat' dir='ltr'><strong>testimonia</strong></span> <span class='ocrx_word' id='word_1_259' title='bbox 899 2266 1002 2320; x_wconf 92' lang='lat' dir='ltr'><strong>pro</strong></span> <span class='ocrx_word' id='word_1_260' title='bbox 1034 2248 1242 2319; x_wconf 90' lang='lat' dir='ltr'><strong>lgnatio</strong></span> <span class='ocrx_word' id='word_1_261' title='bbox 1289 2250 1550 2320; x_wconf 84' lang='lat' dir='ltr'><strong>reciperet</strong></span> <span class='ocrx_word' id='word_1_262' title='bbox 1603 2258 1766 2320; x_wconf 89' lang='lat' dir='ltr'><strong>atque</strong></span> <span class='ocrx_word' id='word_1_263' title='bbox 1811 2265 1929 2304; x_wconf 90' lang='lat' dir='ltr'><strong>am-</strong></span> 
     </span>
    </p>
   </div>
   <div class='ocr_carea' id='block_1_38' title="bbox 323 2341 1926 2409">
    <p class='ocr_par' dir='ltr' id='par_1_38' title="bbox 323 2341 1926 2409">
     <span class='ocr_line' id='line_1_38' title="bbox 323 2341 1926 2409; baseline -0.001 -14"><span class='ocrx_word' id='word_1_264' title='bbox 323 2341 698 2409; x_wconf 83' lang='lat' dir='ltr'><strong>plecteretur,</strong></span> <span class='ocrx_word' id='word_1_265' title='bbox 744 2357 869 2396; x_wconf 91' lang='lat' dir='ltr'><strong>cum</strong></span> <span class='ocrx_word' id='word_1_266' title='bbox 921 2346 1040 2397; x_wconf 89' lang='lat' dir='ltr'><strong>suis</strong></span> <span class='ocrx_word' id='word_1_267' title='bbox 1083 2342 1386 2396; x_wconf 85' lang='lat' dir='ltr'><strong>Catonibus</strong></span> <span class='ocrx_word' id='word_1_268' title='bbox 1429 2351 1722 2397; x_wconf 88' lang='lat' dir='ltr'><strong>contentus</strong></span> <span class='ocrx_word' id='word_1_269' title='bbox 1748 2351 1926 2408; x_wconf 82' lang='lat' dir='ltr'><strong>esset,</strong></span> 
     </span>
    </p>
   </div>
   <div class='ocr_carea' id='block_1_39' title="bbox 327 2431 1925 2503">
    <p class='ocr_par' dir='ltr' id='par_1_39' title="bbox 327 2431 1925 2503">
     <span class='ocr_line' id='line_1_39' title="bbox 327 2431 1925 2503; baseline 0.003 -20"><span class='ocrx_word' id='word_1_270' title='bbox 327 2447 442 2485; x_wconf 88' lang='lat' dir='ltr'><strong>nec</strong></span> <span class='ocrx_word' id='word_1_271' title='bbox 471 2431 662 2488; x_wconf 85' lang='lat' dir='ltr'><strong>adhuc</strong></span> <span class='ocrx_word' id='word_1_272' title='bbox 691 2433 745 2486; x_wconf 93' lang='lat' dir='ltr'><strong>in</strong></span> <span class='ocrx_word' id='word_1_273' title='bbox 777 2433 908 2487; x_wconf 88' lang='lat' dir='ltr'><strong>illud</strong></span> <span class='ocrx_word' id='word_1_274' title='bbox 937 2433 1406 2503; x_wconf 86' lang='lat' dir='ltr'><strong>somnium,quod</strong></span> <span class='ocrx_word' id='word_1_275' title='bbox 1432 2449 1606 2503; x_wconf 89' lang='lat' dir='ltr'><strong>nuper</strong></span> <span class='ocrx_word' id='word_1_276' title='bbox 1633 2435 1925 2503; x_wconf 81' lang='lat' dir='ltr'><strong>evolgavit,</strong></span> 
     </span>
    </p>
   </div>
   <div class='ocr_carea' id='block_1_40' title="bbox 320 2524 1924 2595">
    <p class='ocr_par' dir='ltr' id='par_1_40' title="bbox 320 2524 1924 2595">
     <span class='ocr_line' id='line_1_40' title="bbox 320 2524 1924 2595; baseline 0.001 -18"><span class='ocrx_word' id='word_1_277' title='bbox 320 2524 646 2581; x_wconf 88' lang='lat' dir='ltr'><strong>incidisset.</strong></span> <span class='ocrx_word' id='word_1_278' title='bbox 673 2524 810 2580; x_wconf 88' lang='lat' dir='ltr'><strong>Nam</strong></span> <span class='ocrx_word' id='word_1_279' title='bbox 834 2527 909 2580; x_wconf 90' lang='lat' dir='ltr'><strong>De</strong></span> <span class='ocrx_word' id='word_1_280' title='bbox 923 2526 1152 2595; x_wconf 78' lang='lat' dir='ltr'><strong>jejuniis</strong></span> <span class='ocrx_word' id='word_1_281' title='bbox 1184 2536 1232 2579; x_wconf 90' lang='lat' dir='ltr'><strong>et</strong></span> <span class='ocrx_word' id='word_1_282' title='bbox 1260 2525 1700 2594; x_wconf 86' lang='lat' dir='ltr'><strong>Quadragesima,</strong></span> <span class='ocrx_word' id='word_1_283' title='bbox 1729 2525 1819 2579; x_wconf 92' lang='lat' dir='ltr'><strong>lib.</strong></span> <span class='ocrx_word' id='word_1_284' title='bbox 1841 2540 1924 2590; x_wconf 84' lang='lat' dir='ltr'><strong>tu,</strong></span> 
     </span>
    </p>
   </div>
   <div class='ocr_carea' id='block_1_41' title="bbox 316 2617 1927 2690">
    <p class='ocr_par' dir='ltr' id='par_1_41' title="bbox 316 2617 1927 2690">
     <span class='ocr_line' id='line_1_41' title="bbox 316 2617 1927 2690; baseline -0.001 -19"><span class='ocrx_word' id='word_1_285' title='bbox 316 2633 455 2689; x_wconf 86' lang='lat' dir='ltr'><strong>cap.</strong></span> <span class='ocrx_word' id='word_1_286' title='bbox 489 2621 526 2674; x_wconf 70' lang='grc'>4</span> <span class='ocrx_word' id='word_1_287' title='bbox 554 2637 568 2672; x_wconf 91' lang='lat'>:</span> <span class='ocrx_word' id='word_1_288' title='bbox 601 2617 690 2673; x_wconf 84' lang='lat' dir='ltr'><strong>Ea:</strong></span> <span class='ocrx_word' id='word_1_289' title='bbox 724 2618 929 2690; x_wconf 86' lang='lat' dir='ltr'><strong>Ignatii</strong></span> <span class='ocrx_word' id='word_1_290' title='bbox 951 2619 1214 2689; x_wconf 79' lang='lat' dir='ltr'><strong>epistolis,</strong></span> <span class='ocrx_word' id='word_1_291' title='bbox 1246 2619 1453 2689; x_wconf 65' lang='lat' dir='ltr'><strong>inquit,-</strong></span> <span class='ocrx_word' id='word_1_292' title='bbox 1475 2618 1734 2672; x_wconf 86' lang='lat' dir='ltr'><strong>nonnulla</strong></span> <span class='ocrx_word' id='word_1_293' title='bbox 1757 2618 1927 2672; x_wconf 87' lang='lat' dir='ltr'><strong>citant</strong></span> 
     </span>
    </p>
   </div>
   <div class='ocr_carea' id='block_1_42' title="bbox 316 2710 1922 2782">
    <p class='ocr_par' dir='ltr' id='par_1_42' title="bbox 316 2710 1922 2782">
     <span class='ocr_line' id='line_1_42' title="bbox 316 2710 1922 2782; baseline -0.001 -16"><span class='ocrx_word' id='word_1_294' title='bbox 316 2722 529 2767; x_wconf 68' lang='lat' dir='ltr'><strong>veteres</strong></span> <span class='ocrx_word' id='word_1_295' title='bbox 570 2713 720 2767; x_wconf 87' lang='lat' dir='ltr'><strong>tertii</strong></span> <span class='ocrx_word' id='word_1_296' title='bbox 749 2714 1037 2782; x_wconf 86' lang='lat' dir='ltr'><strong>quartique</strong></span> <span class='ocrx_word' id='word_1_297' title='bbox 1069 2712 1252 2766; x_wconf 65' lang='lat' dir='ltr'><strong>seaculi</strong></span> <span class='ocrx_word' id='word_1_298' title='bbox 1297 2714 1602 2782; x_wconf 82' lang='lat' dir='ltr'><strong>scriptores,</strong></span> <span class='ocrx_word' id='word_1_299' title='bbox 1636 2710 1886 2781; x_wconf 84' lang='lat' dir='ltr'><strong>Origenes</strong></span> <span class='ocrx_word' id='word_1_300' title='bbox 1907 2751 1922 2776; x_wconf 93' lang='lat'><strong>,</strong></span> 
     </span>
    </p>
   </div>
   <div class='ocr_carea' id='block_1_43' title="bbox 320 2802 1922 2873">
    <p class='ocr_par' dir='ltr' id='par_1_43' title="bbox 320 2802 1922 2873">
     <span class='ocr_line' id='line_1_43' title="bbox 320 2802 1922 2873; baseline -0.002 -16"><span class='ocrx_word' id='word_1_301' title='bbox 320 2803 640 2865; x_wconf 70' lang='lat' dir='ltr'><strong>Eusebius,</strong></span> <span class='ocrx_word' id='word_1_302' title='bbox 690 2805 1053 2868; x_wconf 83' lang='lat' dir='ltr'><strong>Athanasius,</strong></span> <span class='ocrx_word' id='word_1_303' title='bbox 1096 2803 1489 2873; x_wconf 81' lang='lat' dir='ltr'><strong>Hieronymus,</strong></span> <span class='ocrx_word' id='word_1_304' title='bbox 1531 2802 1922 2868; x_wconf 86' lang='lat' dir='ltr'><strong>Tlteodoretus,</strong></span> 
     </span>
    </p>
   </div>
   <div class='ocr_carea' id='block_1_44' title="bbox 317 2894 1929 2966">
    <p class='ocr_par' dir='ltr' id='par_1_44' title="bbox 317 2894 1929 2966">
     <span class='ocr_line' id='line_1_44' title="bbox 317 2894 1929 2966; baseline -0.002 -16"><span class='ocrx_word' id='word_1_305' title='bbox 317 2896 588 2951; x_wconf 80' lang='lat' dir='ltr'><strong>Gelasius</strong></span> <span class='ocrx_word' id='word_1_306' title='bbox 625 2896 919 2951; x_wconf 84' lang='lat' dir='ltr'><strong>Romanus.</strong></span> <span class='ocrx_word' id='word_1_307' title='bbox 952 2895 1009 2951; x_wconf 89' lang='lat' dir='ltr'><strong>Si</strong></span> <span class='ocrx_word' id='word_1_308' title='bbox 1039 2895 1300 2966; x_wconf 80' lang='lat' dir='ltr'><strong>Origenes</strong></span> <span class='ocrx_word' id='word_1_309' title='bbox 1323 2896 1468 2950; x_wconf 89' lang='lat' dir='ltr'><strong>tertii</strong></span> <span class='ocrx_word' id='word_1_310' title='bbox 1493 2895 1701 2959; x_wconf 65' lang='lat' dir='ltr'><strong>saeculi,</strong></span> <span class='ocrx_word' id='word_1_311' title='bbox 1727 2903 1782 2948; x_wconf 89' lang='lat' dir='ltr'><strong>et</strong></span> <span class='ocrx_word' id='word_1_312' title='bbox 1803 2894 1929 2964; x_wconf 87' lang='lat' dir='ltr'><strong>qui-</strong></span> 
     </span>
    </p>
   </div>
   <div class='ocr_carea' id='block_1_45' title="bbox 315 2985 1924 3055">
    <p class='ocr_par' dir='ltr' id='par_1_45' title="bbox 315 2985 1924 3055">
     <span class='ocr_line' id='line_1_45' title="bbox 315 2985 1924 3055; baseline -0.001 -14"><span class='ocrx_word' id='word_1_313' title='bbox 315 2988 453 3042; x_wconf 85' lang='lat' dir='ltr'><strong>dem</strong></span> <span class='ocrx_word' id='word_1_314' title='bbox 505 2989 760 3042; x_wconf 72' lang='lat' dir='ltr'><strong>nonlum</strong></span> <span class='ocrx_word' id='word_1_315' title='bbox 802 2987 976 3042; x_wconf 86' lang='lat' dir='ltr'><strong>adulti</strong></span> <span class='ocrx_word' id='word_1_316' title='bbox 1027 2989 1280 3055; x_wconf 87' lang='lat' dir='ltr'><strong>scriptor,</strong></span> <span class='ocrx_word' id='word_1_317' title='bbox 1325 2987 1586 3040; x_wconf 86' lang='lat' dir='ltr'><strong>nonnulla</strong></span> <span class='ocrx_word' id='word_1_318' title='bbox 1619 3001 1688 3040; x_wconf 88' lang='lat' dir='ltr'><strong>ex</strong></span> <span class='ocrx_word' id='word_1_319' title='bbox 1732 2985 1924 3055; x_wconf 86' lang='lat' dir='ltr'><strong>lgnatii</strong></span> 
     </span>
    </p>
   </div>
   <div class='ocr_carea' id='block_1_46' title="bbox 315 3077 1924 3148">
    <p class='ocr_par' dir='ltr' id='par_1_46' title="bbox 315 3077 1924 3148">
     <span class='ocr_line' id='line_1_46' title="bbox 315 3077 1924 3148; baseline 0.001 -18"><span class='ocrx_word' id='word_1_320' title='bbox 315 3080 584 3148; x_wconf 79' lang='lat' dir='ltr'><strong>epistolis</strong></span> <span class='ocrx_word' id='word_1_321' title='bbox 601 3081 809 3146; x_wconf 85' lang='lat' dir='ltr'><strong>citavit,</strong></span> <span class='ocrx_word' id='word_1_322' title='bbox 841 3079 1048 3134; x_wconf 89' lang='lat' dir='ltr'><strong>fatente</strong></span> <span class='ocrx_word' id='word_1_323' title='bbox 1077 3078 1298 3144; x_wconf 70' lang='lat' dir='ltr'><strong>Dallzeo,</strong></span> <span class='ocrx_word' id='word_1_324' title='bbox 1321 3094 1486 3148; x_wconf 89' lang='lat' dir='ltr'><strong>quam</strong></span> <span class='ocrx_word' id='word_1_325' title='bbox 1514 3078 1784 3146; x_wconf 90' lang='lat' dir='ltr'><strong>iniquum,</strong></span> <span class='ocrx_word' id='word_1_326' title='bbox 1813 3077 1924 3132; x_wconf 90' lang='lat' dir='ltr'><strong>imo</strong></span> 
     </span>
    </p>
   </div>
   <div class='ocr_carea' id='block_1_47' title="bbox 315 3169 1921 3240">
    <p class='ocr_par' dir='ltr' id='par_1_47' title="bbox 315 3169 1921 3240">
     <span class='ocr_line' id='line_1_47' title="bbox 315 3169 1921 3240; baseline -0.002 -17"><span class='ocrx_word' id='word_1_327' title='bbox 315 3186 496 3240; x_wconf 87' lang='lat' dir='ltr'><strong>quam</strong></span> <span class='ocrx_word' id='word_1_328' title='bbox 527 3170 829 3224; x_wconf 89' lang='lat' dir='ltr'><strong>ridiculum</strong></span> <span class='ocrx_word' id='word_1_329' title='bbox 859 3179 976 3234; x_wconf 91' lang='lat' dir='ltr'><strong>est,</strong></span> <span class='ocrx_word' id='word_1_330' title='bbox 1018 3170 1380 3239; x_wconf 85' lang='lat' dir='ltr'><strong>impostorem</strong></span> <span class='ocrx_word' id='word_1_331' title='bbox 1419 3182 1684 3238; x_wconf 58' lang='lat' dir='ltr'><strong>quarere,</strong></span> <span class='ocrx_word' id='word_1_332' title='bbox 1722 3169 1815 3233; x_wconf 88' lang='lat' dir='ltr'><strong>qui</strong></span> <span class='ocrx_word' id='word_1_333' title='bbox 1854 3169 1921 3222; x_wconf 86' lang='lat' dir='ltr'><strong>ad</strong></span> 
     </span>
    </p>
   </div>
   <div class='ocr_carea' id='block_1_48' title="bbox 317 3258 1926 3330">
    <p class='ocr_par' dir='ltr' id='par_1_48' title="bbox 317 3258 1926 3330">
     <span class='ocr_line' id='line_1_48' title="bbox 317 3258 1926 3330; baseline -0.001 -16"><span class='ocrx_word' id='word_1_334' title='bbox 317 3262 497 3316; x_wconf 84' lang='lat' dir='ltr'><strong>tinem</strong></span> <span class='ocrx_word' id='word_1_335' title='bbox 528 3261 678 3316; x_wconf 82' lang='lat' dir='ltr'><strong>tertii</strong></span> <span class='ocrx_word' id='word_1_336' title='bbox 713 3271 808 3315; x_wconf 89' lang='lat' dir='ltr'><strong>aut</strong></span> <span class='ocrx_word' id='word_1_337' title='bbox 834 3260 1056 3315; x_wconf 85' lang='lat' dir='ltr'><strong>initium</strong></span> <span class='ocrx_word' id='word_1_338' title='bbox 1083 3260 1267 3330; x_wconf 86' lang='lat' dir='ltr'><strong>quarti</strong></span> <span class='ocrx_word' id='word_1_339' title='bbox 1294 3274 1390 3314; x_wconf 89' lang='lat' dir='ltr'><strong>eas</strong></span> <span class='ocrx_word' id='word_1_340' title='bbox 1431 3258 1670 3329; x_wconf 82' lang='lat' dir='ltr'><strong>primum</strong></span> <span class='ocrx_word' id='word_1_341' title='bbox 1708 3259 1926 3316; x_wconf 86' lang='lat' dir='ltr'><strong>finxerit</strong></span> 
     </span>
    </p>
   </div>
   <div class='ocr_carea' id='block_1_49' title="bbox 318 3352 839 3423">
    <p class='ocr_par' dir='ltr' id='par_1_49' title="bbox 318 3352 839 3423">
     <span class='ocr_line' id='line_1_49' title="bbox 318 3352 839 3423; baseline 0.002 -17"><span class='ocrx_word' id='word_1_342' title='bbox 318 3363 424 3407; x_wconf 86' lang='lat' dir='ltr'><strong>aut</strong></span> <span class='ocrx_word' id='word_1_343' title='bbox 449 3352 839 3423; x_wconf 84' lang='lat' dir='ltr'><strong>publicaverit.</strong></span> 
     </span>
    </p>
   </div>
   <div class='ocr_carea' id='block_1_50' title="bbox 930 3462 1340 3520">
    <p class='ocr_par' dir='ltr' id='par_1_50' title="bbox 930 3462 1340 3520">
     <span class='ocr_line' id='line_1_50' title="bbox 930 3462 1340 3520; baseline -0.005 0"><span class='ocrx_word' id='word_1_344' title='bbox 930 3463 1161 3520; x_wconf 82' lang='lat' dir='ltr'><strong>CAPUT</strong></span> <span class='ocrx_word' id='word_1_345' title='bbox 1201 3462 1340 3518; x_wconf 81' lang='lat' dir='ltr'><strong>Vlll.</strong></span> 
     </span>
    </p>
   </div>
   <div class='ocr_carea' id='block_1_51' title="bbox 321 3555 1923 3626">
    <p class='ocr_par' dir='ltr' id='par_1_51' title="bbox 321 3555 1923 3626">
     <span class='ocr_line' id='line_1_51' title="bbox 321 3555 1923 3626; baseline -0.001 -15"><span class='ocrx_word' id='word_1_346' title='bbox 321 3558 555 3612; x_wconf 77' lang='lat' dir='ltr'><strong>Eusebii</strong></span> <span class='ocrx_word' id='word_1_347' title='bbox 606 3559 906 3612; x_wconf 86' lang='lat' dir='ltr'><strong>auctoritas</strong></span> <span class='ocrx_word' id='word_1_348' title='bbox 955 3558 1280 3626; x_wconf 80' lang='lat' dir='ltr'><strong>defenditur.</strong></span> <span class='ocrx_word' id='word_1_349' title='bbox 1325 3556 1614 3621; x_wconf 86' lang='lat' dir='ltr'><strong>Impostori</strong></span> <span class='ocrx_word' id='word_1_350' title='bbox 1645 3555 1923 3611; x_wconf 71' lang='lat' dir='ltr'><strong>Dallazano</strong></span> 
     </span>
    </p>
   </div>
   <div class='ocr_carea' id='block_1_52' title="bbox 398 3627 1924 3698">
    <p class='ocr_par' dir='ltr' id='par_1_52' title="bbox 398 3627 1924 3698">
     <span class='ocr_line' id='line_1_52' title="bbox 398 3627 1924 3698; baseline 0 -17"><span class='ocrx_word' id='word_1_351' title='bbox 398 3647 508 3682; x_wconf 80' lang='lat' dir='ltr'><strong>non</strong></span> <span class='ocrx_word' id='word_1_352' title='bbox 541 3631 922 3682; x_wconf 86' lang='lat' dir='ltr'><strong>obstetricatus</strong></span> <span class='ocrx_word' id='word_1_353' title='bbox 965 3639 1065 3682; x_wconf 81' lang='lat' dir='ltr'><strong>est.</strong></span> <span class='ocrx_word' id='word_1_354' title='bbox 1110 3629 1265 3681; x_wconf 77' lang='lat' dir='ltr'><strong>Recte</strong></span> <span class='ocrx_word' id='word_1_355' title='bbox 1310 3628 1596 3698; x_wconf 83' lang='lat' dir='ltr'><strong>Polycarpi</strong></span> <span class='ocrx_word' id='word_1_356' title='bbox 1626 3637 1677 3681; x_wconf 87' lang='lat' dir='ltr'><strong>et</strong></span> <span class='ocrx_word' id='word_1_357' title='bbox 1728 3627 1924 3682; x_wconf 72' lang='lat' dir='ltr'><strong>Ircnazi</strong></span> 
     </span>
    </p>
   </div>
   <div class='ocr_carea' id='block_1_53' title="bbox 399 3698 1920 3768">
    <p class='ocr_par' dir='ltr' id='par_1_53' title="bbox 399 3698 1920 3768">
     <span class='ocr_line' id='line_1_53' title="bbox 399 3698 1920 3768; baseline -0.002 -14"><span class='ocrx_word' id='word_1_358' title='bbox 399 3701 721 3754; x_wconf 77' lang='lat' dir='ltr'><strong>testimonia</strong></span> <span class='ocrx_word' id='word_1_359' title='bbox 775 3700 1085 3768; x_wconf 80' lang='lat' dir='ltr'><strong>applicacit.</strong></span> <span class='ocrx_word' id='word_1_360' title='bbox 1149 3698 1394 3768; x_wconf 86' lang='lat' dir='ltr'><strong>Origenis</strong></span> <span class='ocrx_word' id='word_1_361' title='bbox 1453 3699 1757 3751; x_wconf 86' lang='lat' dir='ltr'><strong>testimonia</strong></span> <span class='ocrx_word' id='word_1_362' title='bbox 1818 3716 1920 3751; x_wconf 89' lang='lat' dir='ltr'><strong>non</strong></span> 
     </span>
    </p>
   </div>
   <div class='ocr_carea' id='block_1_54' title="bbox 393 3768 1924 3840">
    <p class='ocr_par' dir='ltr' id='par_1_54' title="bbox 393 3768 1924 3840">
     <span class='ocr_line' id='line_1_54' title="bbox 393 3768 1924 3840; baseline -0.002 -17"><span class='ocrx_word' id='word_1_363' title='bbox 393 3772 687 3840; x_wconf 75' lang='lat' dir='ltr'><strong>ignorarit.</strong></span> <span class='ocrx_word' id='word_1_364' title='bbox 722 3769 1143 3840; x_wconf 80' lang='lat' dir='ltr'><strong>S-_Athanasius</strong></span> <span class='ocrx_word' id='word_1_365' title='bbox 1171 3769 1233 3821; x_wconf 89' lang='lat' dir='ltr'><strong>ab</strong></span> <span class='ocrx_word' id='word_1_366' title='bbox 1268 3768 1496 3821; x_wconf 78' lang='lat' dir='ltr'><strong>Eusebio</strong></span> <span class='ocrx_word' id='word_1_367' title='bbox 1532 3785 1638 3840; x_wconf 67' lang='lat' dir='ltr'><strong>non</strong></span> <span class='ocrx_word' id='word_1_368' title='bbox 1666 3779 1745 3822; x_wconf 87' lang='lat' dir='ltr'><strong>est</strong></span> <span class='ocrx_word' id='word_1_369' title='bbox 1773 3769 1924 3821; x_wconf 88' lang='lat' dir='ltr'><strong>delu—</strong></span> 
     </span>
    </p>
   </div>
   <div class='ocr_carea' id='block_1_55' title="bbox 395 3837 1923 3909">
    <p class='ocr_par' dir='ltr' id='par_1_55' title="bbox 395 3837 1923 3909">
     <span class='ocr_line' id='line_1_55' title="bbox 395 3837 1923 3909; baseline -0.001 -15"><span class='ocrx_word' id='word_1_370' title='bbox 395 3837 513 3895; x_wconf 50' lang='lat' dir='ltr'><strong>s&#39;us.</strong></span> <span class='ocrx_word' id='word_1_371' title='bbox 565 3839 753 3908; x_wconf 84' lang='lat' dir='ltr'><strong>Neque</strong></span> <span class='ocrx_word' id='word_1_372' title='bbox 785 3838 1058 3909; x_wconf 81' lang='lat' dir='ltr'><strong>Ignatiunt</strong></span> <span class='ocrx_word' id='word_1_373' title='bbox 1087 3857 1144 3892; x_wconf 93' lang='lat' dir='ltr'><strong>eo</strong></span> <span class='ocrx_word' id='word_1_374' title='bbox 1188 3839 1363 3903; x_wconf 87' lang='lat' dir='ltr'><strong>modo,</strong></span> <span class='ocrx_word' id='word_1_375' title='bbox 1389 3855 1492 3908; x_wconf 90' lang='lat' dir='ltr'><strong>quo</strong></span> <span class='ocrx_word' id='word_1_376' title='bbox 1533 3837 1835 3892; x_wconf 75' lang='lat' dir='ltr'><strong>Salmasius</strong></span> <span class='ocrx_word' id='word_1_377' title='bbox 1873 3847 1923 3892; x_wconf 90' lang='lat' dir='ltr'><strong>et</strong></span> 
     </span>
    </p>
   </div>
   <div class='ocr_carea' id='block_1_56' title="bbox 393 3909 1924 3978">
    <p class='ocr_par' dir='ltr' id='par_1_56' title="bbox 393 3909 1924 3978">
     <span class='ocr_line' id='line_1_56' title="bbox 393 3909 1924 3978; baseline -0.002 -12"><span class='ocrx_word' id='word_1_378' title='bbox 393 3912 737 3972; x_wconf 84' lang='lat' dir='ltr'><strong>Blondellus,</strong></span> <span class='ocrx_word' id='word_1_379' title='bbox 771 3911 976 3967; x_wconf 85' lang='lat' dir='ltr'><strong>citavit.</strong></span> <span class='ocrx_word' id='word_1_380' title='bbox 1015 3909 1384 3964; x_wconf 85' lang='lat' dir='ltr'><strong>Hamntondus</strong></span> <span class='ocrx_word' id='word_1_381' title='bbox 1419 3910 1624 3978; x_wconf 78' lang='lat' dir='ltr'><strong>frustra</strong></span> <span class='ocrx_word' id='word_1_382' title='bbox 1659 3919 1708 3962; x_wconf 86' lang='lat' dir='ltr'><strong>et</strong></span> <span class='ocrx_word' id='word_1_383' title='bbox 1739 3910 1924 3963; x_wconf 83' lang='lat' dir='ltr'><strong>inunc-</strong></span> 
     </span>
    </p>
   </div>
   <div class='ocr_carea' id='block_1_57' title="bbox 394 3980 881 4050">
    <p class='ocr_par' dir='ltr' id='par_1_57' title="bbox 394 3980 881 4050">
     <span class='ocr_line' id='line_1_57' title="bbox 394 3980 881 4050; baseline 0.002 -16"><span class='ocrx_word' id='word_1_384' title='bbox 394 3985 504 4034; x_wconf 86' lang='lat' dir='ltr'><strong>rito</strong></span> <span class='ocrx_word' id='word_1_385' title='bbox 534 3980 881 4050; x_wconf 85' lang='lat' dir='ltr'><strong>suggillatur.</strong></span> 
     </span>
    </p>
   </div>
   <div class='ocr_carea' id='block_1_58' title="bbox 400 4092 1922 4162">
    <p class='ocr_par' dir='ltr' id='par_1_58' title="bbox 400 4092 1922 4162">
     <span class='ocr_line' id='line_1_58' title="bbox 400 4092 1922 4162; baseline -0.002 -12"><span class='ocrx_word' id='word_1_386' title='bbox 400 4097 689 4151; x_wconf 85' lang='lat' dir='ltr'><strong>Hactenus</strong></span> <span class='ocrx_word' id='word_1_387' title='bbox 712 4112 744 4150; x_wconf 85' lang='lat' dir='ltr'><strong>a</strong></span> <span class='ocrx_word' id='word_1_388' title='bbox 775 4095 936 4149; x_wconf 88' lang='lat' dir='ltr'><strong>nobis</strong></span> <span class='ocrx_word' id='word_1_389' title='bbox 963 4095 1126 4149; x_wconf 86' lang='lat' dir='ltr'><strong>allata</strong></span> <span class='ocrx_word' id='word_1_390' title='bbox 1153 4094 1468 4149; x_wconf 89' lang='lat' dir='ltr'><strong>testimonia</strong></span> <span class='ocrx_word' id='word_1_391' title='bbox 1495 4093 1576 4148; x_wconf 86' lang='lat' dir='ltr'><strong>vel</strong></span> <span class='ocrx_word' id='word_1_392' title='bbox 1606 4092 1816 4162; x_wconf 84' lang='lat' dir='ltr'><strong>spuria,</strong></span> <span class='ocrx_word' id='word_1_393' title='bbox 1837 4094 1922 4148; x_wconf 85' lang='lat' dir='ltr'><strong>vel</strong></span> 
     </span>
    </p>
   </div>
   <div class='ocr_carea' id='block_1_59' title="bbox 321 4185 1921 4255">
    <p class='ocr_par' dir='ltr' id='par_1_59' title="bbox 321 4185 1921 4255">
     <span class='ocr_line' id='line_1_59' title="bbox 321 4185 1921 4255; baseline -0.004 -9"><span class='ocrx_word' id='word_1_394' title='bbox 321 4193 519 4246; x_wconf 89' lang='lat' dir='ltr'><strong>minus</strong></span> <span class='ocrx_word' id='word_1_395' title='bbox 548 4199 698 4244; x_wconf 86' lang='lat' dir='ltr'><strong>recte</strong></span> <span class='ocrx_word' id='word_1_396' title='bbox 730 4189 1030 4252; x_wconf 89' lang='lat' dir='ltr'><strong>intellecta,</strong></span> <span class='ocrx_word' id='word_1_397' title='bbox 1064 4196 1119 4240; x_wconf 90' lang='lat' dir='ltr'><strong>et</strong></span> <span class='ocrx_word' id='word_1_398' title='bbox 1137 4185 1204 4239; x_wconf 88' lang='lat' dir='ltr'><strong>ad</strong></span> <span class='ocrx_word' id='word_1_399' title='bbox 1229 4185 1490 4255; x_wconf 88' lang='lat' dir='ltr'><strong>epistolas</strong></span> <span class='ocrx_word' id='word_1_400' title='bbox 1511 4185 1921 4240; x_wconf 84' lang='lat' dir='ltr'><strong>conlirmandas</strong></span> 
     </span>
    </p>
   </div>
   <div class='ocr_carea' id='block_1_60' title="bbox 320 4279 1922 4351">
    <p class='ocr_par' dir='ltr' id='par_1_60' title="bbox 320 4279 1922 4351">
     <span class='ocr_line' id='line_1_60' title="bbox 320 4279 1922 4351; baseline -0.004 -12"><span class='ocrx_word' id='word_1_401' title='bbox 320 4289 550 4339; x_wconf 88' lang='lat' dir='ltr'><strong>detorta</strong></span> <span class='ocrx_word' id='word_1_402' title='bbox 601 4282 854 4351; x_wconf 88' lang='lat' dir='ltr'><strong>queritur</strong></span> <span class='ocrx_word' id='word_1_403' title='bbox 897 4281 983 4334; x_wconf 88' lang='lat' dir='ltr'><strong>vir</strong></span> <span class='ocrx_word' id='word_1_404' title='bbox 1015 4279 1372 4335; x_wconf 88' lang='lat' dir='ltr'><strong>doctissimus</strong></span> <span class='ocrx_word' id='word_1_405' title='bbox 1412 4298 1425 4333; x_wconf 94' lang='lat'>:</span> <span class='ocrx_word' id='word_1_406' title='bbox 1476 4279 1626 4350; x_wconf 91' lang='lat' dir='ltr'><strong>quod</strong></span> <span class='ocrx_word' id='word_1_407' title='bbox 1672 4281 1922 4348; x_wconf 88' lang='lat' dir='ltr'><strong>sequitur</strong></span> 
     </span>
    </p>
   </div>
   <div class='ocr_carea' id='block_1_61' title="bbox 323 4371 1922 4444">
    <p class='ocr_par' dir='ltr' id='par_1_61' title="bbox 323 4371 1922 4444">
     <span class='ocr_line' id='line_1_61' title="bbox 323 4371 1922 4444; baseline -0.003 -14"><span class='ocrx_word' id='word_1_408' title='bbox 323 4376 580 4440; x_wconf 87' lang='lat' dir='ltr'><strong>Eusebii,</strong></span> <span class='ocrx_word' id='word_1_409' title='bbox 617 4376 717 4429; x_wconf 87' lang='lat' dir='ltr'><strong>has</strong></span> <span class='ocrx_word' id='word_1_410' title='bbox 746 4375 1132 4444; x_wconf 87' lang='lat' dir='ltr'><strong>responsiones</strong></span> <span class='ocrx_word' id='word_1_411' title='bbox 1162 4389 1270 4428; x_wconf 90' lang='lat' dir='ltr'><strong>non</strong></span> <span class='ocrx_word' id='word_1_412' title='bbox 1314 4372 1538 4443; x_wconf 88' lang='lat' dir='ltr'><strong>patitur.</strong></span> <span class='ocrx_word' id='word_1_413' title='bbox 1577 4371 1716 4428; x_wconf 80' lang='lat' dir='ltr'><strong>Sunt</strong></span> <span class='ocrx_word' id='word_1_414' title='bbox 1747 4373 1817 4427; x_wconf 88' lang='lat' dir='ltr'><strong>ab</strong></span> <span class='ocrx_word' id='word_1_415' title='bbox 1854 4389 1922 4429; x_wconf 91' lang='lat' dir='ltr'><strong>eo</strong></span> 
     </span>
    </p>
   </div>
   <div class='ocr_carea' id='block_1_62' title="bbox 323 4466 1920 4536">
    <p class='ocr_par' dir='ltr' id='par_1_62' title="bbox 323 4466 1920 4536">
     <span class='ocr_line' id='line_1_62' title="bbox 323 4466 1920 4536; baseline -0.003 -12"><span class='ocrx_word' id='word_1_416' title='bbox 323 4471 474 4524; x_wconf 88' lang='lat' dir='ltr'><strong>dicta</strong></span> <span class='ocrx_word' id='word_1_417' title='bbox 516 4468 660 4522; x_wconf 90' lang='lat' dir='ltr'><strong>adeo</strong></span> <span class='ocrx_word' id='word_1_418' title='bbox 691 4467 838 4520; x_wconf 84' lang='lat' dir='ltr'><strong>clara</strong></span> <span class='ocrx_word' id='word_1_419' title='bbox 871 4476 1036 4536; x_wconf 89' lang='lat' dir='ltr'><strong>atque</strong></span> <span class='ocrx_word' id='word_1_420' title='bbox 1065 4467 1376 4536; x_wconf 88' lang='lat' dir='ltr'><strong>perspicua,</strong></span> <span class='ocrx_word' id='word_1_421' title='bbox 1403 4468 1542 4521; x_wconf 87' lang='lat' dir='ltr'><strong>adeo</strong></span> <span class='ocrx_word' id='word_1_422' title='bbox 1570 4466 1637 4519; x_wconf 92' lang='lat' dir='ltr'><strong>ab</strong></span> <span class='ocrx_word' id='word_1_423' title='bbox 1660 4466 1920 4520; x_wconf 88' lang='lat' dir='ltr'><strong>omnibus</strong></span> 
     </span>
    </p>
   </div>
   <div class='ocr_carea' id='block_1_63' title="bbox 2031 1979 3611 2050">
    <p class='ocr_par' dir='ltr' id='par_1_63' title="bbox 2031 1979 3611 2050">
     <span class='ocr_line' id='line_1_63' title="bbox 2031 1979 3611 2050; baseline 0 -18"><span class='ocrx_word' id='word_1_424' title='bbox 2031 1981 2224 2032; x_wconf 89' lang='lat' dir='ltr'><strong>rientia</strong></span> <span class='ocrx_word' id='word_1_425' title='bbox 2255 1980 2310 2034; x_wconf 91' lang='lat' dir='ltr'><strong>in</strong></span> <span class='ocrx_word' id='word_1_426' title='bbox 2337 1981 2570 2050; x_wconf 85' lang='lat' dir='ltr'><strong>negotiis</strong></span> <span class='ocrx_word' id='word_1_427' title='bbox 2599 1979 2858 2034; x_wconf 81' lang='lat' dir='ltr'><strong>Ecclesiae</strong></span> <span class='ocrx_word' id='word_1_428' title='bbox 2882 1979 3376 2049; x_wconf 84' lang='lat' dir='ltr'><strong>vetustissimisque</strong></span> <span class='ocrx_word' id='word_1_429' title='bbox 3412 1994 3611 2033; x_wconf 86' lang='lat' dir='ltr'><strong>monu-</strong></span> 
     </span>
    </p>
   </div>
   <div class='ocr_carea' id='block_1_64' title="bbox 2031 2069 2825 2126">
    <p class='ocr_par' dir='ltr' id='par_1_64' title="bbox 2031 2069 2825 2126">
     <span class='ocr_line' id='line_1_64' title="bbox 2031 2069 2825 2126; baseline 0 -4"><span class='ocrx_word' id='word_1_430' title='bbox 2031 2069 2230 2124; x_wconf 88' lang='lat' dir='ltr'><strong>mentis</strong></span> <span class='ocrx_word' id='word_1_431' title='bbox 2259 2071 2670 2126; x_wconf 87' lang='lat' dir='ltr'><strong>versatissimus</strong></span> <span class='ocrx_word' id='word_1_432' title='bbox 2702 2069 2825 2123; x_wconf 90' lang='lat' dir='ltr'><strong>fuit.</strong></span> 
     </span>
    </p>
   </div>
   <div class='ocr_carea' id='block_1_65' title="bbox 2103 2160 3610 2232">
    <p class='ocr_par' dir='ltr' id='par_1_65' title="bbox 2103 2160 3610 2232">
     <span class='ocr_line' id='line_1_65' title="bbox 2103 2160 3610 2232; baseline 0.002 -20"><span class='ocrx_word' id='word_1_433' title='bbox 2103 2160 2249 2216; x_wconf 84' lang='lat' dir='ltr'><strong>inter</strong></span> <span class='ocrx_word' id='word_1_434' title='bbox 2301 2162 2408 2216; x_wconf 90' lang='lat' dir='ltr'><strong>alia</strong></span> <span class='ocrx_word' id='word_1_435' title='bbox 2463 2178 2585 2232; x_wconf 64' lang='lat' dir='ltr'><strong>quae</strong></span> <span class='ocrx_word' id='word_1_436' title='bbox 2634 2163 2688 2216; x_wconf 91' lang='lat' dir='ltr'><strong>iu</strong></span> <span class='ocrx_word' id='word_1_437' title='bbox 2746 2162 2990 2216; x_wconf 87' lang='lat' dir='ltr'><strong>Historia</strong></span> <span class='ocrx_word' id='word_1_438' title='bbox 3043 2163 3406 2217; x_wconf 85' lang='lat' dir='ltr'><strong>ecclesiastica</strong></span> <span class='ocrx_word' id='word_1_439' title='bbox 3455 2177 3610 2217; x_wconf 87' lang='lat' dir='ltr'><strong>com--</strong></span> 
     </span>
    </p>
   </div>
   <div class='ocr_carea' id='block_1_66' title="bbox 2030 2253 3612 2323">
    <p class='ocr_par' dir='ltr' id='par_1_66' title="bbox 2030 2253 3612 2323">
     <span class='ocr_line' id='line_1_66' title="bbox 2030 2253 3612 2323; baseline 0.001 -18"><span class='ocrx_word' id='word_1_440' title='bbox 2030 2253 2222 2322; x_wconf 84' lang='lat' dir='ltr'><strong>plexus</strong></span> <span class='ocrx_word' id='word_1_441' title='bbox 2255 2261 2356 2318; x_wconf 87' lang='lat' dir='ltr'><strong>est,</strong></span> <span class='ocrx_word' id='word_1_442' title='bbox 2386 2255 2724 2322; x_wconf 86' lang='lat' dir='ltr'><strong>propositum</strong></span> <span class='ocrx_word' id='word_1_443' title='bbox 2753 2254 2804 2308; x_wconf 89' lang='lat' dir='ltr'><strong>ei</strong></span> <span class='ocrx_word' id='word_1_444' title='bbox 2839 2254 2961 2319; x_wconf 85' lang='lat' dir='ltr'><strong>fuit,</strong></span> <span class='ocrx_word' id='word_1_445' title='bbox 2998 2255 3091 2323; x_wconf 88' lang='lat' dir='ltr'><strong>qui</strong></span> <span class='ocrx_word' id='word_1_446' title='bbox 3122 2254 3242 2307; x_wconf 87' lang='lat' dir='ltr'><strong>libri</strong></span> <span class='ocrx_word' id='word_1_447' title='bbox 3275 2254 3343 2307; x_wconf 90' lang='lat' dir='ltr'><strong>ab</strong></span> <span class='ocrx_word' id='word_1_448' title='bbox 3367 2253 3612 2320; x_wconf 90' lang='lat' dir='ltr'><strong>antiquis</strong></span> 
     </span>
    </p>
   </div>
   <div class='ocr_carea' id='block_1_67' title="bbox 2029 2343 3612 2415">
    <p class='ocr_par' dir='ltr' id='par_1_67' title="bbox 2029 2343 3612 2415">
     <span class='ocr_line' id='line_1_67' title="bbox 2029 2343 3612 2415; baseline -0.002 -16"><span class='ocrx_word' id='word_1_449' title='bbox 2029 2344 2215 2413; x_wconf 84' lang='lat' dir='ltr'><strong>scripti</strong></span> <span class='ocrx_word' id='word_1_450' title='bbox 2243 2343 2460 2398; x_wconf 86' lang='lat' dir='ltr'><strong>fuerant</strong></span> <span class='ocrx_word' id='word_1_451' title='bbox 2485 2361 2765 2412; x_wconf 86' lang='lat' dir='ltr'><strong>enarrare,</strong></span> <span class='ocrx_word' id='word_1_452' title='bbox 2787 2346 2924 2409; x_wconf 86' lang='grc' dir='ltr'><strong>ὅσοι,</strong></span> <span class='ocrx_word' id='word_1_453' title='bbox 2951 2356 3009 2400; x_wconf 80' lang='grc' dir='ltr'><strong>ιιι</strong></span> <span class='ocrx_word' id='word_1_454' title='bbox 3033 2346 3149 2415; x_wconf 91' lang='lat' dir='ltr'><strong>ipse</strong></span> <span class='ocrx_word' id='word_1_455' title='bbox 3175 2346 3444 2414; x_wconf 89' lang='lat' dir='ltr'><strong>loquitur,</strong></span> <span class='ocrx_word' id='word_1_456' title='bbox 3469 2343 3612 2398; x_wconf 78' lang='grc' dir='ltr'><strong>κατὰ</strong></span> 
     </span>
    </p>
   </div>
   <div class='ocr_carea' id='block_1_68' title="bbox 2027 2435 3611 2510">
    <p class='ocr_par' dir='ltr' id='par_1_68' title="bbox 2027 2435 3611 2510">
     <span class='ocr_line' id='line_1_68' title="bbox 2027 2435 3611 2510; baseline 0 -22"><span class='ocrx_word' id='word_1_457' title='bbox 2027 2435 2219 2504; x_wconf 81' lang='grc' dir='ltr'>γενεὰν</span> <span class='ocrx_word' id='word_1_458' title='bbox 2260 2436 2497 2507; x_wconf 78' lang='grc' dir='ltr'><strong>ἑκάστην</strong></span> <span class='ocrx_word' id='word_1_459' title='bbox 2530 2436 2618 2490; x_wconf 75' lang='grc' dir='ltr'><strong>διὰ</strong></span> <span class='ocrx_word' id='word_1_460' title='bbox 2650 2437 3102 2510; x_wconf 85' lang='grc' dir='ltr'><strong>συγγραμμάτων</strong></span> <span class='ocrx_word' id='word_1_461' title='bbox 3143 2437 3236 2490; x_wconf 84' lang='grc' dir='ltr'>τὸν</span> <span class='ocrx_word' id='word_1_462' title='bbox 3270 2436 3412 2489; x_wconf 79' lang='grc' dir='ltr'>θεῖον</span> <span class='ocrx_word' id='word_1_463' title='bbox 3445 2435 3611 2506; x_wconf 64' lang='grc' dir='ltr'><strong>ὲπρὲ⁴</strong></span> 
     </span>
    </p>
   </div>
   <div class='ocr_carea' id='block_1_69' title="bbox 2031 2526 3610 2599">
    <p class='ocr_par' dir='ltr' id='par_1_69' title="bbox 2031 2526 3610 2599">
     <span class='ocr_line' id='line_1_69' title="bbox 2031 2526 3610 2599; baseline -0.001 -19"><span class='ocrx_word' id='word_1_464' title='bbox 2031 2526 2263 2580; x_wconf 80' lang='grc' dir='ltr'><strong>σὸευσαν</strong></span> <span class='ocrx_word' id='word_1_465' title='bbox 2308 2527 2485 2596; x_wconf 87' lang='grc' dir='ltr'><strong>λόγον,</strong></span> <span class='ocrx_word' id='word_1_466' title='bbox 2533 2539 2865 2599; x_wconf 84' lang='lat' dir='ltr'><strong>quotcunque</strong></span> <span class='ocrx_word' id='word_1_467' title='bbox 2916 2545 3119 2599; x_wconf 86' lang='lat' dir='ltr'><strong>quoque</strong></span> <span class='ocrx_word' id='word_1_468' title='bbox 3160 2527 3354 2582; x_wconf 75' lang='lat' dir='ltr'><strong>sazculo</strong></span> <span class='ocrx_word' id='word_1_469' title='bbox 3397 2528 3610 2596; x_wconf 88' lang='lat' dir='ltr'><strong>scriptis</strong></span> 
     </span>
    </p>
   </div>
   <div class='ocr_carea' id='block_1_70' title="bbox 2028 2618 3612 2690">
    <p class='ocr_par' dir='ltr' id='par_1_70' title="bbox 2028 2618 3612 2690">
     <span class='ocr_line' id='line_1_70' title="bbox 2028 2618 3612 2690; baseline 0 -18"><span class='ocrx_word' id='word_1_470' title='bbox 2028 2619 2139 2673; x_wconf 87' lang='lat' dir='ltr'><strong>suis</strong></span> <span class='ocrx_word' id='word_1_471' title='bbox 2192 2618 2508 2689; x_wconf 81' lang='lat' dir='ltr'><strong>theologiam</strong></span> <span class='ocrx_word' id='word_1_472' title='bbox 2551 2619 2914 2673; x_wconf 74' lang='lat' dir='ltr'><strong>excoluerant.</strong></span> <span class='ocrx_word' id='word_1_473' title='bbox 2962 2620 3270 2690; x_wconf 83' lang='lat' dir='ltr'><strong>Antequam</strong></span> <span class='ocrx_word' id='word_1_474' title='bbox 3323 2621 3430 2674; x_wconf 81' lang='lat' dir='ltr'><strong>hoc</strong></span> <span class='ocrx_word' id='word_1_475' title='bbox 3474 2636 3612 2687; x_wconf 88' lang='lat' dir='ltr'><strong>opus</strong></span> 
     </span>
    </p>
   </div>
   <div class='ocr_carea' id='block_1_71' title="bbox 2029 2709 3612 2780">
    <p class='ocr_par' dir='ltr' id='par_1_71' title="bbox 2029 2709 3612 2780">
     <span class='ocr_line' id='line_1_71' title="bbox 2029 2709 3612 2780; baseline 0.002 -19"><span class='ocrx_word' id='word_1_476' title='bbox 2029 2709 2414 2778; x_wconf 76' lang='lat' dir='ltr'><strong>aggrederetur</strong></span> <span class='ocrx_word' id='word_1_477' title='bbox 2457 2711 2674 2764; x_wconf 86' lang='lat' dir='ltr'><strong>eratad</strong></span> <span class='ocrx_word' id='word_1_478' title='bbox 2725 2712 2878 2765; x_wconf 91' lang='lat' dir='ltr'><strong>illum</strong></span> <span class='ocrx_word' id='word_1_479' title='bbox 2926 2711 3316 2780; x_wconf 86' lang='lat' dir='ltr'><strong>perliciendum</strong></span> <span class='ocrx_word' id='word_1_480' title='bbox 3373 2711 3612 2764; x_wconf 79' lang='lat' dir='ltr'><strong>maxime</strong></span> 
     </span>
    </p>
   </div>
   <div class='ocr_carea' id='block_1_72' title="bbox 2028 2801 3612 2872">
    <p class='ocr_par' dir='ltr' id='par_1_72' title="bbox 2028 2801 3612 2872">
     <span class='ocr_line' id='line_1_72' title="bbox 2028 2801 3612 2872; baseline -0.003 -16"><span class='ocrx_word' id='word_1_481' title='bbox 2028 2801 2259 2856; x_wconf 89' lang='lat' dir='ltr'><strong>idoneus</strong></span> <span class='ocrx_word' id='word_1_482' title='bbox 2290 2803 2809 2872; x_wconf 86' lang='lat' dir='ltr'><strong>paratissimusque.</strong></span> <span class='ocrx_word' id='word_1_483' title='bbox 2851 2803 3090 2858; x_wconf 83' lang='lat' dir='ltr'><strong>Plurima</strong></span> <span class='ocrx_word' id='word_1_484' title='bbox 3139 2803 3252 2872; x_wconf 87' lang='lat' dir='ltr'><strong>jam</strong></span> <span class='ocrx_word' id='word_1_485' title='bbox 3287 2811 3413 2858; x_wconf 82' lang='lat' dir='ltr'><strong>ante</strong></span> <span class='ocrx_word' id='word_1_486' title='bbox 3459 2802 3612 2856; x_wconf 39' lang='lat' dir='ltr'><strong>volun</strong></span> 
     </span>
    </p>
   </div>
   <div class='ocr_carea' id='block_1_73' title="bbox 2028 2893 3610 2964">
    <p class='ocr_par' dir='ltr' id='par_1_73' title="bbox 2028 2893 3610 2964">
     <span class='ocr_line' id='line_1_73' title="bbox 2028 2893 3610 2964; baseline 0 -18"><span class='ocrx_word' id='word_1_487' title='bbox 2028 2893 2180 2947; x_wconf 89' lang='lat' dir='ltr'><strong>mina</strong></span> <span class='ocrx_word' id='word_1_488' title='bbox 2213 2897 2635 2963; x_wconf 84' lang='lat' dir='ltr'><strong>perscripserat,</strong></span> <span class='ocrx_word' id='word_1_489' title='bbox 2683 2896 2883 2964; x_wconf 88' lang='lat' dir='ltr'><strong>quibus</strong></span> <span class='ocrx_word' id='word_1_490' title='bbox 2912 2896 3150 2950; x_wconf 86' lang='lat' dir='ltr'><strong>ostendit</strong></span> <span class='ocrx_word' id='word_1_491' title='bbox 3181 2896 3391 2949; x_wconf 85' lang='lat' dir='ltr'><strong>variam</strong></span> <span class='ocrx_word' id='word_1_492' title='bbox 3423 2895 3610 2950; x_wconf 88' lang='lat' dir='ltr'><strong>lectio-</strong></span> 
     </span>
    </p>
   </div>
   <div class='ocr_carea' id='block_1_74' title="bbox 2028 2987 3660 3058">
    <p class='ocr_par' dir='ltr' id='par_1_74' title="bbox 2028 2987 3660 3058">
     <span class='ocr_line' id='line_1_74' title="bbox 2028 2987 3660 3058; baseline 0.001 -18"><span class='ocrx_word' id='word_1_493' title='bbox 2028 3003 2178 3051; x_wconf 89' lang='lat' dir='ltr'><strong>nem,</strong></span> <span class='ocrx_word' id='word_1_494' title='bbox 2209 2997 2265 3041; x_wconf 89' lang='lat' dir='ltr'><strong>et</strong></span> <span class='ocrx_word' id='word_1_495' title='bbox 2293 2987 2347 3041; x_wconf 92' lang='lat' dir='ltr'><strong>iu</strong></span> <span class='ocrx_word' id='word_1_496' title='bbox 2391 2990 2544 3042; x_wconf 89' lang='lat' dir='ltr'><strong>omni</strong></span> <span class='ocrx_word' id='word_1_497' title='bbox 2576 2989 2764 3043; x_wconf 61' lang='lat' dir='ltr'><strong>Graeca</strong></span> <span class='ocrx_word' id='word_1_498' title='bbox 2803 2991 3110 3043; x_wconf 88' lang='lat' dir='ltr'><strong>litteratura</strong></span> <span class='ocrx_word' id='word_1_499' title='bbox 3142 2991 3439 3043; x_wconf 78' lang='lat' dir='ltr'><strong>maximam</strong></span> <span class='ocrx_word' id='word_1_500' title='bbox 3473 2990 3587 3058; x_wconf 90' lang='lat' dir='ltr'><strong>peri</strong></span> <span class='ocrx_word' id='word_1_501' title='bbox 3647 3033 3660 3049; x_wconf 85' lang='lat'><em>.</em></span> 
     </span>
    </p>
   </div>
   <div class='ocr_carea' id='block_1_75' title="bbox 2030 3079 3608 3152">
    <p class='ocr_par' dir='ltr' id='par_1_75' title="bbox 2030 3079 3608 3152">
     <span class='ocr_line' id='line_1_75' title="bbox 2030 3079 3608 3152; baseline 0.001 -18"><span class='ocrx_word' id='word_1_502' title='bbox 2030 3079 2182 3142; x_wconf 88' lang='lat' dir='ltr'><strong>tiam,</strong></span> <span class='ocrx_word' id='word_1_503' title='bbox 2225 3089 2286 3134; x_wconf 90' lang='lat' dir='ltr'><strong>ut</strong></span> <span class='ocrx_word' id='word_1_504' title='bbox 2313 3081 2406 3150; x_wconf 88' lang='lat' dir='ltr'><strong>qui</strong></span> <span class='ocrx_word' id='word_1_505' title='bbox 2435 3081 2548 3150; x_wconf 87' lang='lat' dir='ltr'><strong>jam</strong></span> <span class='ocrx_word' id='word_1_506' title='bbox 2584 3091 2747 3148; x_wconf 84' lang='lat' dir='ltr'><strong>esset,</strong></span> <span class='ocrx_word' id='word_1_507' title='bbox 2780 3091 2916 3136; x_wconf 89' lang='lat' dir='ltr'><strong>teste</strong></span> <span class='ocrx_word' id='word_1_508' title='bbox 2945 3082 3272 3147; x_wconf 85' lang='lat' dir='ltr'><strong>Sozomeno,</strong></span> <span class='ocrx_word' id='word_1_509' title='bbox 3299 3081 3608 3152; x_wconf 81' lang='grc' dir='ltr'><strong>πολυμαοέ-</strong></span> 
     </span>
    </p>
   </div>
   <div class='ocr_carea' id='block_1_76' title="bbox 2030 3174 3608 3245">
    <p class='ocr_par' dir='ltr' id='par_1_76' title="bbox 2030 3174 3608 3245">
     <span class='ocr_line' id='line_1_76' title="bbox 2030 3174 3608 3245; baseline 0.002 -18"><span class='ocrx_word' id='word_1_510' title='bbox 2030 3191 2224 3236; x_wconf 65' lang='lat' dir='ltr'><strong>nam;</strong></span> <span class='ocrx_word' id='word_1_511' title='bbox 2267 3174 2471 3245; x_wconf 86' lang='grc' dir='ltr'><strong>ἴστωρ,</strong></span> <span class='ocrx_word' id='word_1_512' title='bbox 2507 3182 2655 3227; x_wconf 88' lang='lat' dir='ltr'><strong>tanta</strong></span> <span class='ocrx_word' id='word_1_513' title='bbox 2710 3190 2892 3229; x_wconf 89' lang='lat' dir='ltr'><strong>rerum</strong></span> <span class='ocrx_word' id='word_1_514' title='bbox 2942 3176 3190 3228; x_wconf 90' lang='lat' dir='ltr'><strong>omnium</strong></span> <span class='ocrx_word' id='word_1_515' title='bbox 3244 3175 3472 3230; x_wconf 80' lang='lat' dir='ltr'><strong>scientia</strong></span> <span class='ocrx_word' id='word_1_516' title='bbox 3529 3177 3608 3230; x_wconf 93' lang='lat' dir='ltr'><strong>in-</strong></span> 
     </span>
    </p>
   </div>
   <div class='ocr_carea' id='block_1_77' title="bbox 2029 3264 3608 3335">
    <p class='ocr_par' dir='ltr' id='par_1_77' title="bbox 2029 3264 3608 3335">
     <span class='ocr_line' id='line_1_77' title="bbox 2029 3264 3608 3335; baseline 0 -16"><span class='ocrx_word' id='word_1_517' title='bbox 2029 3273 2275 3319; x_wconf 89' lang='lat' dir='ltr'><strong>structus</strong></span> <span class='ocrx_word' id='word_1_518' title='bbox 2319 3264 2389 3319; x_wconf 91' lang='lat' dir='ltr'><strong>ad</strong></span> <span class='ocrx_word' id='word_1_519' title='bbox 2425 3264 2710 3319; x_wconf 83' lang='lat' dir='ltr'><strong>historiam</strong></span> <span class='ocrx_word' id='word_1_520' title='bbox 2747 3265 3200 3319; x_wconf 82' lang='lat' dir='ltr'><strong>conscribendam</strong></span> <span class='ocrx_word' id='word_1_521' title='bbox 3237 3266 3482 3318; x_wconf 89' lang='lat' dir='ltr'><strong>animum</strong></span> <span class='ocrx_word' id='word_1_522' title='bbox 3513 3281 3608 3335; x_wconf 86' lang='lat' dir='ltr'><strong>ap-</strong></span> 
     </span>
    </p>
   </div>
   <div class='ocr_carea' id='block_1_78' title="bbox 2025 3355 3610 3426">
    <p class='ocr_par' dir='ltr' id='par_1_78' title="bbox 2025 3355 3610 3426">
     <span class='ocr_line' id='line_1_78' title="bbox 2025 3355 3610 3426; baseline 0.002 -17"><span class='ocrx_word' id='word_1_523' title='bbox 2025 3357 2184 3426; x_wconf 88' lang='lat' dir='ltr'><strong>pulit.</strong></span> <span class='ocrx_word' id='word_1_524' title='bbox 2240 3356 2343 3411; x_wconf 88' lang='lat' dir='ltr'><strong>Diu</strong></span> <span class='ocrx_word' id='word_1_525' title='bbox 2387 3357 2619 3412; x_wconf 83' lang='lat' dir='ltr'><strong>antehac</strong></span> <span class='ocrx_word' id='word_1_526' title='bbox 2667 3372 2790 3411; x_wconf 91' lang='lat' dir='ltr'><strong>cum</strong></span> <span class='ocrx_word' id='word_1_527' title='bbox 2843 3355 3131 3425; x_wconf 89' lang='lat' dir='ltr'><strong>Pamphilo</strong></span> <span class='ocrx_word' id='word_1_528' title='bbox 3175 3357 3610 3412; x_wconf 77' lang='lat' dir='ltr'><strong>familiarissime</strong></span> 
     </span>
    </p>
   </div>
   <div class='ocr_carea' id='block_1_79' title="bbox 2024 3449 3607 3518">
    <p class='ocr_par' dir='ltr' id='par_1_79' title="bbox 2024 3449 3607 3518">
     <span class='ocr_line' id='line_1_79' title="bbox 2024 3449 3607 3518; baseline -0.001 -14"><span class='ocrx_word' id='word_1_529' title='bbox 2024 3449 2258 3514; x_wconf 81' lang='lat' dir='ltr'><strong>vixerat,</strong></span> <span class='ocrx_word' id='word_1_530' title='bbox 2312 3449 2404 3518; x_wconf 89' lang='lat' dir='ltr'><strong>qui</strong></span> <span class='ocrx_word' id='word_1_531' title='bbox 2444 3450 2762 3518; x_wconf 72' lang='lat' dir='ltr'><strong>prreclaram</strong></span> <span class='ocrx_word' id='word_1_532' title='bbox 2811 3449 3315 3504; x_wconf 88' lang='lat' dir='ltr'><strong>ecclesiasticorum</strong></span> <span class='ocrx_word' id='word_1_533' title='bbox 3369 3451 3607 3518; x_wconf 90' lang='lat' dir='ltr'><strong>scripto—</strong></span> 
     </span>
    </p>
   </div>
   <div class='ocr_carea' id='block_1_80' title="bbox 2026 3539 3610 3608">
    <p class='ocr_par' dir='ltr' id='par_1_80' title="bbox 2026 3539 3610 3608">
     <span class='ocr_line' id='line_1_80' title="bbox 2026 3539 3610 3608; baseline -0.001 -13"><span class='ocrx_word' id='word_1_534' title='bbox 2026 3556 2148 3595; x_wconf 88' lang='lat' dir='ltr'><strong>rum</strong></span> <span class='ocrx_word' id='word_1_535' title='bbox 2186 3540 2577 3594; x_wconf 83' lang='lat' dir='ltr'><strong>bibliothecam</strong></span> <span class='ocrx_word' id='word_1_536' title='bbox 2610 3541 2948 3593; x_wconf 78' lang='lat' dir='ltr'><strong>instruxerat</strong></span> <span class='ocrx_word' id='word_1_537' title='bbox 2974 3558 2986 3593; x_wconf 93' lang='lat'>:</span> <span class='ocrx_word' id='word_1_538' title='bbox 3015 3539 3143 3593; x_wconf 91' lang='lat' dir='ltr'><strong>huic</strong></span> <span class='ocrx_word' id='word_1_539' title='bbox 3167 3539 3412 3608; x_wconf 87' lang='lat' dir='ltr'><strong>quotidie</strong></span> <span class='ocrx_word' id='word_1_540' title='bbox 3441 3539 3610 3593; x_wconf 37' lang='lat' dir='ltr'><strong>inter‘</strong></span> 
     </span>
    </p>
   </div>
   <div class='ocr_carea' id='block_1_81' title="bbox 2026 3630 3607 3699">
    <p class='ocr_par' dir='ltr' id='par_1_81' title="bbox 2026 3630 3607 3699">
     <span class='ocr_line' id='line_1_81' title="bbox 2026 3630 3607 3699; baseline -0.001 -13"><span class='ocrx_word' id='word_1_541' title='bbox 2026 3632 2152 3698; x_wconf 88' lang='lat' dir='ltr'><strong>fuit,</strong></span> <span class='ocrx_word' id='word_1_542' title='bbox 2185 3633 2327 3687; x_wconf 87' lang='lat' dir='ltr'><strong>hanc</strong></span> <span class='ocrx_word' id='word_1_543' title='bbox 2351 3632 2572 3686; x_wconf 87' lang='lat' dir='ltr'><strong>assidue</strong></span> <span class='ocrx_word' id='word_1_544' title='bbox 2592 3631 2854 3698; x_wconf 88' lang='lat' dir='ltr'><strong>versavit,</strong></span> <span class='ocrx_word' id='word_1_545' title='bbox 2879 3631 3046 3699; x_wconf 88' lang='lat' dir='ltr'><strong>hujus</strong></span> <span class='ocrx_word' id='word_1_546' title='bbox 3069 3630 3333 3684; x_wconf 90' lang='lat' dir='ltr'><strong>librorum</strong></span> <span class='ocrx_word' id='word_1_547' title='bbox 3359 3631 3607 3685; x_wconf 89' lang='lat' dir='ltr'><strong>omnium</strong></span> 
     </span>
    </p>
   </div>
   <div class='ocr_carea' id='block_1_82' title="bbox 2026 3721 3608 3779">
    <p class='ocr_par' dir='ltr' id='par_1_82' title="bbox 2026 3721 3608 3779">
     <span class='ocr_line' id='line_1_82' title="bbox 2026 3721 3608 3779; baseline -0.002 0"><span class='ocrx_word' id='word_1_548' title='bbox 2026 3725 2327 3779; x_wconf 89' lang='lat' dir='ltr'><strong>indiculum</strong></span> <span class='ocrx_word' id='word_1_549' title='bbox 2359 3723 2612 3778; x_wconf 83' lang='lat' dir='ltr'><strong>confecit.</strong></span> <span class='ocrx_word' id='word_1_550' title='bbox 2649 3721 2793 3777; x_wconf 89' lang='lat' dir='ltr'><strong>Usus</strong></span> <span class='ocrx_word' id='word_1_551' title='bbox 2828 3723 3091 3775; x_wconf 87' lang='lat' dir='ltr'><strong>estctiam</strong></span> <span class='ocrx_word' id='word_1_552' title='bbox 3126 3721 3452 3776; x_wconf 83' lang='lat' dir='ltr'><strong>bibliotheca</strong></span> <span class='ocrx_word' id='word_1_553' title='bbox 3479 3721 3608 3776; x_wconf 89' lang='lat' dir='ltr'><strong>llie-</strong></span> 
     </span>
    </p>
   </div>
   <div class='ocr_carea' id='block_1_83' title="bbox 2025 3813 3608 3887">
    <p class='ocr_par' dir='ltr' id='par_1_83' title="bbox 2025 3813 3608 3887">
     <span class='ocr_line' id='line_1_83' title="bbox 2025 3813 3608 3887; baseline -0.002 -16"><span class='ocrx_word' id='word_1_554' title='bbox 2025 3815 2440 3887; x_wconf 85' lang='lat' dir='ltr'><strong>rosolymitana,</strong></span> <span class='ocrx_word' id='word_1_555' title='bbox 2458 3831 2623 3884; x_wconf 90' lang='lat' dir='ltr'><strong>quam</strong></span> <span class='ocrx_word' id='word_1_556' title='bbox 2649 3815 2794 3868; x_wconf 89' lang='lat' dir='ltr'><strong>illius</strong></span> <span class='ocrx_word' id='word_1_557' title='bbox 2821 3813 2973 3867; x_wconf 87' lang='lat' dir='ltr'><strong>urbis</strong></span> <span class='ocrx_word' id='word_1_558' title='bbox 2996 3813 3288 3882; x_wconf 88' lang='lat' dir='ltr'><strong>episcopus</strong></span> <span class='ocrx_word' id='word_1_559' title='bbox 3304 3814 3608 3868; x_wconf 75' lang='lat' dir='ltr'><strong>Alexander</strong></span> 
     </span>
    </p>
   </div>
   <div class='ocr_carea' id='block_1_84' title="bbox 2024 3906 3605 3976">
    <p class='ocr_par' dir='ltr' id='par_1_84' title="bbox 2024 3906 3605 3976">
     <span class='ocr_line' id='line_1_84' title="bbox 2024 3906 3605 3976; baseline -0.003 -14"><span class='ocrx_word' id='word_1_560' title='bbox 2024 3908 2230 3962; x_wconf 80' lang='lat' dir='ltr'><strong>exstrui</strong></span> <span class='ocrx_word' id='word_1_561' title='bbox 2264 3914 2582 3971; x_wconf 89' lang='lat' dir='ltr'><strong>curaverat;</strong></span> <span class='ocrx_word' id='word_1_562' title='bbox 2613 3906 2666 3959; x_wconf 94' lang='lat' dir='ltr'><strong>in</strong></span> <span class='ocrx_word' id='word_1_563' title='bbox 2695 3923 2801 3976; x_wconf 88' lang='lat' dir='ltr'><strong>qua</strong></span> <span class='ocrx_word' id='word_1_564' title='bbox 2835 3916 3028 3976; x_wconf 67' lang='lat' dir='ltr'><strong>praeter</strong></span> <span class='ocrx_word' id='word_1_565' title='bbox 3048 3906 3458 3974; x_wconf 85' lang='lat' dir='ltr'><strong>reliqua.etiam</strong></span> <span class='ocrx_word' id='word_1_566' title='bbox 3486 3908 3605 3976; x_wconf 85' lang='lat' dir='ltr'><strong>epi-</strong></span> 
     </span>
    </p>
   </div>
   <div class='ocr_carea' id='block_1_85' title="bbox 2025 3998 3606 4070">
    <p class='ocr_par' dir='ltr' id='par_1_85' title="bbox 2025 3998 3606 4070">
     <span class='ocr_line' id='line_1_85' title="bbox 2025 3998 3606 4070; baseline -0.001 -16"><span class='ocrx_word' id='word_1_567' title='bbox 2025 4001 2202 4067; x_wconf 72' lang='lat' dir='ltr'><strong>stolae,</strong></span> <span class='ocrx_word' id='word_1_568' title='bbox 2236 4016 2376 4070; x_wconf 86' lang='lat' dir='ltr'><strong>quas</strong></span> <span class='ocrx_word' id='word_1_569' title='bbox 2408 3999 2508 4052; x_wconf 89' lang='lat' dir='ltr'><strong>viri</strong></span> <span class='ocrx_word' id='word_1_570' title='bbox 2536 3998 2895 4054; x_wconf 88' lang='lat' dir='ltr'><strong>ecclesiastici</strong></span> <span class='ocrx_word' id='word_1_571' title='bbox 2926 3998 2978 4051; x_wconf 92' lang='lat' dir='ltr'><strong>in</strong></span> <span class='ocrx_word' id='word_1_572' title='bbox 3011 3999 3312 4053; x_wconf 86' lang='lat' dir='ltr'><strong>tractandis</strong></span> <span class='ocrx_word' id='word_1_573' title='bbox 3349 3999 3606 4054; x_wconf 75' lang='lat' dir='ltr'><strong>Ecclesia:</strong></span> 
     </span>
    </p>
   </div>
   <div class='ocr_carea' id='block_1_86' title="bbox 2026 4093 3599 4165">
    <p class='ocr_par' dir='ltr' id='par_1_86' title="bbox 2026 4093 3599 4165">
     <span class='ocr_line' id='line_1_86' title="bbox 2026 4093 3599 4165; baseline 0.002 -17"><span class='ocrx_word' id='word_1_574' title='bbox 2026 4095 2264 4165; x_wconf 85' lang='lat' dir='ltr'><strong>negotiis</strong></span> <span class='ocrx_word' id='word_1_575' title='bbox 2301 4095 2368 4149; x_wconf 89' lang='lat' dir='ltr'><strong>ad</strong></span> <span class='ocrx_word' id='word_1_576' title='bbox 2421 4109 2480 4148; x_wconf 88' lang='lat' dir='ltr'><strong>se</strong></span> <span class='ocrx_word' id='word_1_577' title='bbox 2517 4093 2748 4148; x_wconf 88' lang='lat' dir='ltr'><strong>invicem</strong></span> <span class='ocrx_word' id='word_1_578' title='bbox 2781 4093 3068 4158; x_wconf 88' lang='lat' dir='ltr'><strong>dederant,</strong></span> <span class='ocrx_word' id='word_1_579' title='bbox 3111 4097 3599 4151; x_wconf 87' lang='lat' dir='ltr'><strong>conservabantur.</strong></span> 
     </span>
    </p>
   </div>
   <div class='ocr_carea' id='block_1_87' title="bbox 2023 4186 3604 4258">
    <p class='ocr_par' dir='ltr' id='par_1_87' title="bbox 2023 4186 3604 4258">
     <span class='ocr_line' id='line_1_87' title="bbox 2023 4186 3604 4258; baseline 0.002 -18"><span class='ocrx_word' id='word_1_580' title='bbox 2023 4187 2100 4242; x_wconf 89' lang='lat' dir='ltr'><strong>lta</strong></span> <span class='ocrx_word' id='word_1_581' title='bbox 2134 4188 2372 4257; x_wconf 89' lang='lat' dir='ltr'><strong>denique</strong></span> <span class='ocrx_word' id='word_1_582' title='bbox 2399 4187 2558 4241; x_wconf 91' lang='lat' dir='ltr'><strong>libris</strong></span> <span class='ocrx_word' id='word_1_583' title='bbox 2590 4187 2811 4255; x_wconf 77' lang='lat' dir='ltr'><strong>sei-iptis</strong></span> <span class='ocrx_word' id='word_1_584' title='bbox 2837 4186 3052 4242; x_wconf 90' lang='lat' dir='ltr'><strong>deditus</strong></span> <span class='ocrx_word' id='word_1_585' title='bbox 3084 4197 3221 4250; x_wconf 84' lang='lat' dir='ltr'><strong>erat,</strong></span> <span class='ocrx_word' id='word_1_586' title='bbox 3250 4187 3497 4258; x_wconf 87' lang='lat' dir='ltr'><strong>adeoque</strong></span> <span class='ocrx_word' id='word_1_587' title='bbox 3523 4190 3604 4244; x_wconf 86' lang='lat' dir='ltr'><strong>le-</strong></span> 
     </span>
    </p>
   </div>
   <div class='ocr_carea' id='block_1_88' title="bbox 2021 4278 3605 4347">
    <p class='ocr_par' dir='ltr' id='par_1_88' title="bbox 2021 4278 3605 4347">
     <span class='ocr_line' id='line_1_88' title="bbox 2021 4278 3605 4347; baseline 0 -12"><span class='ocrx_word' id='word_1_588' title='bbox 2021 4279 2197 4336; x_wconf 89' lang='lat' dir='ltr'><strong>liciter</strong></span> <span class='ocrx_word' id='word_1_589' title='bbox 2243 4281 2296 4333; x_wconf 88' lang='lat' dir='ltr'><strong>in</strong></span> <span class='ocrx_word' id='word_1_590' title='bbox 2350 4279 2419 4334; x_wconf 90' lang='lat' dir='ltr'><strong>iis</strong></span> <span class='ocrx_word' id='word_1_591' title='bbox 2451 4288 2720 4344; x_wconf 84' lang='lat' dir='ltr'><strong>versatus,</strong></span> <span class='ocrx_word' id='word_1_592' title='bbox 2775 4286 2834 4333; x_wconf 87' lang='lat' dir='ltr'><strong>ut</strong></span> <span class='ocrx_word' id='word_1_593' title='bbox 2864 4278 3160 4347; x_wconf 87' lang='lat' dir='ltr'><strong>imperator</strong></span> <span class='ocrx_word' id='word_1_594' title='bbox 3206 4278 3605 4336; x_wconf 88' lang='lat' dir='ltr'><strong>Constantinus</strong></span> 
     </span>
    </p>
   </div>
   <div class='ocr_carea' id='block_1_89' title="bbox 2022 4371 3602 4442">
    <p class='ocr_par' dir='ltr' id='par_1_89' title="bbox 2022 4371 3602 4442">
     <span class='ocr_line' id='line_1_89' title="bbox 2022 4371 3602 4442; baseline 0.001 -15"><span class='ocrx_word' id='word_1_595' title='bbox 2022 4371 2495 4442; x_wconf 86' lang='lat' dir='ltr'><strong>Constantinopoli</strong></span> <span class='ocrx_word' id='word_1_596' title='bbox 2531 4373 2836 4426; x_wconf 61' lang='lat' dir='ltr'><strong>Caesaream</strong></span> <span class='ocrx_word' id='word_1_597' title='bbox 2890 4371 3176 4438; x_wconf 84' lang='lat' dir='ltr'><strong>scriberet,</strong></span> <span class='ocrx_word' id='word_1_598' title='bbox 3214 4372 3374 4442; x_wconf 84' lang='lat' dir='ltr'><strong>eique</strong></span> <span class='ocrx_word' id='word_1_599' title='bbox 3425 4375 3602 4442; x_wconf 87' lang='lat' dir='ltr'><strong>potis-</strong></span> 
     </span>
    </p>
   </div>
   <div class='ocr_carea' id='block_1_90' title="bbox 2023 4464 3601 4536">
    <p class='ocr_par' dir='ltr' id='par_1_90' title="bbox 2023 4464 3601 4536">
     <span class='ocr_line' id='line_1_90' title="bbox 2023 4464 3601 4536; baseline 0.002 -18"><span class='ocrx_word' id='word_1_600' title='bbox 2023 4466 2225 4518; x_wconf 89' lang='lat' dir='ltr'><strong>simum</strong></span> <span class='ocrx_word' id='word_1_601' title='bbox 2260 4465 2313 4518; x_wconf 91' lang='lat' dir='ltr'><strong>in</strong></span> <span class='ocrx_word' id='word_1_602' title='bbox 2341 4464 2619 4519; x_wconf 86' lang='lat' dir='ltr'><strong>mandatis</strong></span> <span class='ocrx_word' id='word_1_603' title='bbox 2638 4465 2814 4526; x_wconf 88' lang='lat' dir='ltr'><strong>daret,</strong></span> <span class='ocrx_word' id='word_1_604' title='bbox 2850 4473 2907 4516; x_wconf 89' lang='lat' dir='ltr'><strong>ut</strong></span> <span class='ocrx_word' id='word_1_605' title='bbox 2931 4464 3328 4536; x_wconf 83' lang='lat' dir='ltr'><strong>quinquaginta</strong></span> <span class='ocrx_word' id='word_1_606' title='bbox 3360 4465 3418 4520; x_wconf 92' lang='lat' dir='ltr'><strong>S.</strong></span> <span class='ocrx_word' id='word_1_607' title='bbox 3448 4464 3601 4522; x_wconf 80' lang='lat' dir='ltr'><strong>Scri—</strong></span> 
     </span>
    </p>
   </div>
   <div class='ocr_carea' id='block_1_91' title="bbox 325 4553 3600 4630">
    <p class='ocr_par' dir='ltr' id='par_1_91' title="bbox 325 4553 3600 4630">
     <span class='ocr_line' id='line_1_91' title="bbox 325 4553 3600 4630; baseline -0.001 -16"><span class='ocrx_word' id='word_1_608' title='bbox 325 4569 588 4630; x_wconf 83' lang='lat' dir='ltr'><strong>rccepta;</strong></span> <span class='ocrx_word' id='word_1_609' title='bbox 630 4559 879 4628; x_wconf 66' lang='lat' dir='ltr'><strong>cpistola:</strong></span> <span class='ocrx_word' id='word_1_610' title='bbox 924 4574 1065 4626; x_wconf 87' lang='lat' dir='ltr'><strong>quas</strong></span> <span class='ocrx_word' id='word_1_611' title='bbox 1105 4573 1208 4612; x_wconf 90' lang='lat' dir='ltr'><strong>nos</strong></span> <span class='ocrx_word' id='word_1_612' title='bbox 1261 4561 1550 4622; x_wconf 87' lang='lat' dir='ltr'><strong>habemus,</strong></span> <span class='ocrx_word' id='word_1_613' title='bbox 1597 4568 1708 4612; x_wconf 89' lang='lat' dir='ltr'><strong>tam</strong></span> <span class='ocrx_word' id='word_1_614' title='bbox 1752 4557 1917 4611; x_wconf 86' lang='lat' dir='ltr'><strong>certis</strong></span> <span class='ocrx_word' id='word_1_615' title='bbox 1949 4565 1994 4619; x_wconf 81' lang='grc' dir='ltr'><strong>ι)</strong></span> <span class='ocrx_word' id='word_1_616' title='bbox 2023 4563 2197 4623; x_wconf 63' lang='lat' dir='ltr'><strong>plura:</strong></span> <span class='ocrx_word' id='word_1_617' title='bbox 2225 4553 2443 4608; x_wconf 89' lang='lat' dir='ltr'><strong>codices</strong></span> <span class='ocrx_word' id='word_1_618' title='bbox 2473 4553 2526 4606; x_wconf 90' lang='lat' dir='ltr'><strong>in</strong></span> <span class='ocrx_word' id='word_1_619' title='bbox 2564 4555 2898 4610; x_wconf 87' lang='lat' dir='ltr'><strong>membranis</strong></span> <span class='ocrx_word' id='word_1_620' title='bbox 2943 4556 3395 4610; x_wconf 85' lang='lat' dir='ltr'><strong>artiliciosissime</strong></span> <span class='ocrx_word' id='word_1_621' title='bbox 3433 4557 3600 4613; x_wconf 86' lang='lat' dir='ltr'><strong>scribi</strong></span> 
     </span>
    </p>
   </div>
   <div class='ocr_carea' id='block_1_92' title="bbox 326 4649 1921 4721">
    <p class='ocr_par' dir='ltr' id='par_1_92' title="bbox 326 4649 1921 4721">
     <span class='ocr_line' id='line_1_92' title="bbox 326 4649 1921 4721; baseline -0.002 -15"><span class='ocrx_word' id='word_1_622' title='bbox 326 4653 556 4708; x_wconf 87' lang='lat' dir='ltr'><strong>imliciis</strong></span> <span class='ocrx_word' id='word_1_623' title='bbox 590 4660 858 4721; x_wconf 88' lang='lat' dir='ltr'><strong>apparent</strong></span> <span class='ocrx_word' id='word_1_624' title='bbox 897 4651 1100 4705; x_wconf 73' lang='lat' dir='ltr'><strong>caulem</strong></span> <span class='ocrx_word' id='word_1_625' title='bbox 1133 4651 1363 4704; x_wconf 89' lang='lat' dir='ltr'><strong>omnino</strong></span> <span class='ocrx_word' id='word_1_626' title='bbox 1405 4667 1525 4706; x_wconf 87' lang='lat' dir='ltr'><strong>esse</strong></span> <span class='ocrx_word' id='word_1_627' title='bbox 1553 4666 1692 4720; x_wconf 89' lang='lat' dir='ltr'><strong>quas</strong></span> <span class='ocrx_word' id='word_1_628' title='bbox 1729 4649 1921 4704; x_wconf 87' lang='lat' dir='ltr'><strong>habuit</strong></span> 
     </span>
    </p>
   </div>
   <div class='ocr_carea' id='block_1_93' title="bbox 328 4742 1918 4814">
    <p class='ocr_par' dir='ltr' id='par_1_93' title="bbox 328 4742 1918 4814">
     <span class='ocr_line' id='line_1_93' title="bbox 328 4742 1918 4814; baseline -0.002 -17"><span class='ocrx_word' id='word_1_629' title='bbox 328 4744 627 4807; x_wconf 84' lang='lat' dir='ltr'><strong>Eusebius,</strong></span> <span class='ocrx_word' id='word_1_630' title='bbox 681 4753 743 4798; x_wconf 91' lang='lat' dir='ltr'><strong>ut</strong></span> <span class='ocrx_word' id='word_1_631' title='bbox 796 4743 918 4814; x_wconf 88' lang='lat' dir='ltr'><strong>ejus</strong></span> <span class='ocrx_word' id='word_1_632' title='bbox 966 4743 1342 4797; x_wconf 87' lang='lat' dir='ltr'><strong>testimonium</strong></span> <span class='ocrx_word' id='word_1_633' title='bbox 1385 4743 1565 4812; x_wconf 87' lang='lat' dir='ltr'><strong>(quod</strong></span> <span class='ocrx_word' id='word_1_634' title='bbox 1616 4743 1684 4795; x_wconf 89' lang='lat' dir='ltr'><strong>ad</strong></span> <span class='ocrx_word' id='word_1_635' title='bbox 1737 4742 1918 4811; x_wconf 88' lang='lat' dir='ltr'><strong>priora</strong></span> 
     </span>
    </p>
   </div>
   <div class='ocr_carea' id='block_1_94' title="bbox 326 4834 1921 4907">
    <p class='ocr_par' dir='ltr' id='par_1_94' title="bbox 326 4834 1921 4907">
     <span class='ocr_line' id='line_1_94' title="bbox 326 4834 1921 4907; baseline -0.001 -16"><span class='ocrx_word' id='word_1_636' title='bbox 326 4840 439 4892; x_wconf 89' lang='lat' dir='ltr'><strong>duo</strong></span> <span class='ocrx_word' id='word_1_637' title='bbox 469 4837 759 4907; x_wconf 75' lang='lat' dir='ltr'><strong>Polycarpi</strong></span> <span class='ocrx_word' id='word_1_638' title='bbox 791 4845 956 4905; x_wconf 87' lang='lat' dir='ltr'><strong>atque</strong></span> <span class='ocrx_word' id='word_1_639' title='bbox 986 4834 1174 4890; x_wconf 76' lang='lat' dir='ltr'><strong>lrenzei</strong></span> <span class='ocrx_word' id='word_1_640' title='bbox 1225 4836 1390 4890; x_wconf 86' lang='lat' dir='ltr'><strong>etiam</strong></span> <span class='ocrx_word' id='word_1_641' title='bbox 1434 4834 1784 4901; x_wconf 84' lang='lat' dir='ltr'><strong>extenditur)</strong></span> <span class='ocrx_word' id='word_1_642' title='bbox 1821 4851 1921 4889; x_wconf 88' lang='lat' dir='ltr'><strong>nec</strong></span> 
     </span>
    </p>
   </div>
   <div class='ocr_carea' id='block_1_95' title="bbox 328 4927 1916 5000">
    <p class='ocr_par' dir='ltr' id='par_1_95' title="bbox 328 4927 1916 5000">
     <span class='ocr_line' id='line_1_95' title="bbox 328 4927 1916 5000; baseline -0.002 -17"><span class='ocrx_word' id='word_1_643' title='bbox 328 4946 429 5000; x_wconf 88' lang='lat' dir='ltr'><strong>pro</strong></span> <span class='ocrx_word' id='word_1_644' title='bbox 461 4929 680 4998; x_wconf 88' lang='lat' dir='ltr'><strong>spurio,</strong></span> <span class='ocrx_word' id='word_1_645' title='bbox 727 4943 828 4982; x_wconf 91' lang='lat' dir='ltr'><strong>nec</strong></span> <span class='ocrx_word' id='word_1_646' title='bbox 879 4942 978 4996; x_wconf 87' lang='lat' dir='ltr'><strong>pro</strong></span> <span class='ocrx_word' id='word_1_647' title='bbox 1010 4928 1154 4982; x_wconf 86' lang='lat' dir='ltr'><strong>male</strong></span> <span class='ocrx_word' id='word_1_648' title='bbox 1184 4928 1457 4997; x_wconf 88' lang='lat' dir='ltr'><strong>applicato</strong></span> <span class='ocrx_word' id='word_1_649' title='bbox 1503 4927 1694 4982; x_wconf 88' lang='lat' dir='ltr'><strong>haberi</strong></span> <span class='ocrx_word' id='word_1_650' title='bbox 1724 4927 1916 4996; x_wconf 89' lang='lat' dir='ltr'><strong>possit.</strong></span> 
     </span>
    </p>
   </div>
   <div class='ocr_carea' id='block_1_96' title="bbox 327 5021 1920 5093">
    <p class='ocr_par' dir='ltr' id='par_1_96' title="bbox 327 5021 1920 5093">
     <span class='ocr_line' id='line_1_96' title="bbox 327 5021 1920 5093; baseline -0.004 -13"><span class='ocrx_word' id='word_1_651' title='bbox 327 5026 451 5091; x_wconf 83' lang='lat' dir='ltr'><strong>Quo</strong></span> <span class='ocrx_word' id='word_1_652' title='bbox 503 5024 672 5093; x_wconf 84' lang='lat' dir='ltr'><strong>igitur</strong></span> <span class='ocrx_word' id='word_1_653' title='bbox 722 5037 870 5077; x_wconf 90' lang='lat' dir='ltr'><strong>nunc</strong></span> <span class='ocrx_word' id='word_1_654' title='bbox 906 5036 966 5076; x_wconf 89' lang='lat' dir='ltr'><strong>se</strong></span> <span class='ocrx_word' id='word_1_655' title='bbox 1014 5022 1176 5076; x_wconf 88' lang='lat' dir='ltr'><strong>vertit</strong></span> <span class='ocrx_word' id='word_1_656' title='bbox 1209 5021 1481 5076; x_wconf 81' lang='lat' dir='ltr'><strong>Dallaeus?</strong></span> <span class='ocrx_word' id='word_1_657' title='bbox 1525 5023 1593 5075; x_wconf 83' lang='lat' dir='ltr'><strong>ad</strong></span> <span class='ocrx_word' id='word_1_658' title='bbox 1644 5021 1722 5084; x_wconf 87' lang='lat' dir='ltr'><strong>id,</strong></span> <span class='ocrx_word' id='word_1_659' title='bbox 1771 5021 1920 5090; x_wconf 88' lang='lat' dir='ltr'><strong>quod</strong></span> 
     </span>
    </p>
   </div>
   <div class='ocr_carea' id='block_1_97' title="bbox 328 5114 1921 5186">
    <p class='ocr_par' dir='ltr' id='par_1_97' title="bbox 328 5114 1921 5186">
     <span class='ocr_line' id='line_1_97' title="bbox 328 5114 1921 5186; baseline -0.002 -15"><span class='ocrx_word' id='word_1_660' title='bbox 328 5133 503 5172; x_wconf 86' lang='lat' dir='ltr'><strong>unum</strong></span> <span class='ocrx_word' id='word_1_661' title='bbox 546 5116 812 5185; x_wconf 81' lang='lat' dir='ltr'><strong>restabat,</strong></span> <span class='ocrx_word' id='word_1_662' title='bbox 847 5114 1098 5186; x_wconf 80' lang='lat' dir='ltr'><strong>confugit</strong></span> <span class='ocrx_word' id='word_1_663' title='bbox 1135 5135 1151 5168; x_wconf 76' lang='grc' dir='ltr'>ς</span> <span class='ocrx_word' id='word_1_664' title='bbox 1193 5115 1428 5180; x_wconf 90' lang='lat' dir='ltr'><strong>scilicet,</strong></span> <span class='ocrx_word' id='word_1_665' title='bbox 1476 5115 1772 5170; x_wconf 82' lang='lat' dir='ltr'><strong>Eusebium</strong></span> <span class='ocrx_word' id='word_1_666' title='bbox 1825 5115 1921 5168; x_wconf 86' lang='lat' dir='ltr'><strong>de-</strong></span> 
     </span>
    </p>
   </div>
   <div class='ocr_carea' id='block_1_98' title="bbox 326 5207 1918 5280">
    <p class='ocr_par' dir='ltr' id='par_1_98' title="bbox 326 5207 1918 5280">
     <span class='ocr_line' id='line_1_98' title="bbox 326 5207 1918 5280; baseline -0.003 -16"><span class='ocrx_word' id='word_1_667' title='bbox 326 5223 550 5280; x_wconf 88' lang='lat' dir='ltr'><strong>ceptum</strong></span> <span class='ocrx_word' id='word_1_668' title='bbox 601 5208 809 5274; x_wconf 86' lang='lat' dir='ltr'><strong>fuisse;</strong></span> <span class='ocrx_word' id='word_1_669' title='bbox 853 5208 1002 5262; x_wconf 90' lang='lat' dir='ltr'><strong>bono</strong></span> <span class='ocrx_word' id='word_1_670' title='bbox 1050 5208 1173 5262; x_wconf 88' lang='lat' dir='ltr'><strong>viro</strong></span> <span class='ocrx_word' id='word_1_671' title='bbox 1221 5208 1290 5261; x_wconf 91' lang='lat' dir='ltr'><strong>ab</strong></span> <span class='ocrx_word' id='word_1_672' title='bbox 1336 5207 1638 5277; x_wconf 87' lang='lat' dir='ltr'><strong>impostore</strong></span> <span class='ocrx_word' id='word_1_673' title='bbox 1693 5209 1918 5262; x_wconf 92' lang='lat' dir='ltr'><strong>illusum</strong></span> 
     </span>
    </p>
   </div>
   <div class='ocr_carea' id='block_1_99' title="bbox 327 5300 1917 5370">
    <p class='ocr_par' dir='ltr' id='par_1_99' title="bbox 327 5300 1917 5370">
     <span class='ocr_line' id='line_1_99' title="bbox 327 5300 1917 5370; baseline -0.002 -15"><span class='ocrx_word' id='word_1_674' title='bbox 327 5316 484 5367; x_wconf 76' lang='lat' dir='ltr'><strong>esse;</strong></span> <span class='ocrx_word' id='word_1_675' title='bbox 549 5315 769 5355; x_wconf 86' lang='lat' dir='ltr'><strong>errasse</strong></span> <span class='ocrx_word' id='word_1_676' title='bbox 812 5300 1092 5354; x_wconf 88' lang='lat' dir='ltr'><strong>hominem</strong></span> <span class='ocrx_word' id='word_1_677' title='bbox 1145 5307 1340 5354; x_wconf 65' lang='lat' dir='ltr'><strong>caetera</strong></span> <span class='ocrx_word' id='word_1_678' title='bbox 1402 5300 1917 5370; x_wconf 80' lang='lat' dir='ltr'><strong>diligentissimum,</strong></span> 
     </span>
    </p>
   </div>
   <div class='ocr_carea' id='block_1_100' title="bbox 327 5392 1917 5463">
    <p class='ocr_par' dir='ltr' id='par_1_100' title="bbox 327 5392 1917 5463">
     <span class='ocr_line' id='line_1_100' title="bbox 327 5392 1917 5463; baseline 0 -19"><span class='ocrx_word' id='word_1_679' title='bbox 327 5392 475 5463; x_wconf 87' lang='lat' dir='ltr'><strong>quod</strong></span> <span class='ocrx_word' id='word_1_680' title='bbox 510 5393 815 5446; x_wconf 87' lang='lat' dir='ltr'><strong>hmnanum</strong></span> <span class='ocrx_word' id='word_1_681' title='bbox 850 5401 954 5457; x_wconf 83' lang='lat' dir='ltr'><strong>est,</strong></span> <span class='ocrx_word' id='word_1_682' title='bbox 982 5400 1038 5447; x_wconf 91' lang='lat' dir='ltr'><strong>et</strong></span> <span class='ocrx_word' id='word_1_683' title='bbox 1073 5393 1128 5445; x_wconf 90' lang='lat' dir='ltr'><strong>in</strong></span> <span class='ocrx_word' id='word_1_684' title='bbox 1161 5392 1415 5448; x_wconf 85' lang='lat' dir='ltr'><strong>eumdem</strong></span> <span class='ocrx_word' id='word_1_685' title='bbox 1449 5408 1690 5446; x_wconf 87' lang='lat' dir='ltr'><strong>errorem</strong></span> <span class='ocrx_word' id='word_1_686' title='bbox 1725 5405 1917 5446; x_wconf 79' lang='lat' dir='ltr'><strong>aucto-</strong></span> 
     </span>
    </p>
   </div>
   <div class='ocr_carea' id='block_1_101' title="bbox 331 5481 1919 5553">
    <p class='ocr_par' dir='ltr' id='par_1_101' title="bbox 331 5481 1919 5553">
     <span class='ocr_line' id='line_1_101' title="bbox 331 5481 1919 5553; baseline -0.001 -15"><span class='ocrx_word' id='word_1_687' title='bbox 331 5487 491 5539; x_wconf 88' lang='lat' dir='ltr'><strong>ritate</strong></span> <span class='ocrx_word' id='word_1_688' title='bbox 516 5498 822 5553; x_wconf 88' lang='lat' dir='ltr'><strong>sua,quam</strong></span> <span class='ocrx_word' id='word_1_689' title='bbox 855 5483 1045 5537; x_wconf 87' lang='lat' dir='ltr'><strong>habuit</strong></span> <span class='ocrx_word' id='word_1_690' title='bbox 1077 5483 1132 5536; x_wconf 92' lang='lat' dir='ltr'><strong>in</strong></span> <span class='ocrx_word' id='word_1_691' title='bbox 1162 5483 1358 5538; x_wconf 87' lang='lat' dir='ltr'><strong>litteris</strong></span> <span class='ocrx_word' id='word_1_692' title='bbox 1391 5483 1714 5547; x_wconf 75' lang='lat' dir='ltr'><strong>maximam,</strong></span> <span class='ocrx_word' id='word_1_693' title='bbox 1741 5481 1919 5551; x_wconf 90' lang='lat' dir='ltr'><strong>primo</strong></span> 
     </span>
    </p>
   </div>
   <div class='ocr_carea' id='block_1_102' title="bbox 330 5571 1628 5636">
    <p class='ocr_par' dir='ltr' id='par_1_102' title="bbox 330 5571 1628 5636">
     <span class='ocr_line' id='line_1_102' title="bbox 330 5571 1628 5636; baseline 0.002 -12"><span class='ocrx_word' id='word_1_694' title='bbox 330 5572 713 5636; x_wconf 82' lang='lat' dir='ltr'><strong>Athanasium,</strong></span> <span class='ocrx_word' id='word_1_695' title='bbox 741 5572 870 5626; x_wconf 90' lang='lat' dir='ltr'><strong>dein</strong></span> <span class='ocrx_word' id='word_1_696' title='bbox 901 5579 1074 5626; x_wconf 87' lang='lat' dir='ltr'><strong>totum</strong></span> <span class='ocrx_word' id='word_1_697' title='bbox 1108 5572 1293 5626; x_wconf 88' lang='lat' dir='ltr'><strong>orbem</strong></span> <span class='ocrx_word' id='word_1_698' title='bbox 1327 5571 1628 5627; x_wconf 83' lang='lat' dir='ltr'><strong>induxisse.</strong></span> 
     </span>
    </p>
   </div>
   <div class='ocr_carea' id='block_1_103' title="bbox 397 5661 1916 5730">
    <p class='ocr_par' dir='ltr' id='par_1_103' title="bbox 397 5661 1916 5730">
     <span class='ocr_line' id='line_1_103' title="bbox 397 5661 1916 5730; baseline 0.003 -14"><span class='ocrx_word' id='word_1_699' title='bbox 397 5663 568 5716; x_wconf 77' lang='lat' dir='ltr'><strong>Miror</strong></span> <span class='ocrx_word' id='word_1_700' title='bbox 588 5662 843 5730; x_wconf 89' lang='lat' dir='ltr'><strong>equidem</strong></span> <span class='ocrx_word' id='word_1_701' title='bbox 869 5663 918 5716; x_wconf 90' lang='lat' dir='ltr'><strong>ei</strong></span> <span class='ocrx_word' id='word_1_702' title='bbox 947 5661 1000 5715; x_wconf 92' lang='lat' dir='ltr'><strong>in</strong></span> <span class='ocrx_word' id='word_1_703' title='bbox 1041 5672 1276 5717; x_wconf 87' lang='lat' dir='ltr'><strong>mentem</strong></span> <span class='ocrx_word' id='word_1_704' title='bbox 1317 5680 1424 5716; x_wconf 90' lang='lat' dir='ltr'><strong>non</strong></span> <span class='ocrx_word' id='word_1_705' title='bbox 1456 5664 1674 5718; x_wconf 87' lang='lat' dir='ltr'><strong>venisse</strong></span> <span class='ocrx_word' id='word_1_706' title='bbox 1695 5705 1709 5727; x_wconf 91' lang='lat'><strong>,</strong></span> <span class='ocrx_word' id='word_1_707' title='bbox 1751 5664 1916 5720; x_wconf 88' lang='lat' dir='ltr'><strong>etiam</strong></span> 
     </span>
    </p>
   </div>
   <div class='ocr_carea' id='block_1_104' title="bbox 332 5756 1915 5827">
    <p class='ocr_par' dir='ltr' id='par_1_104' title="bbox 332 5756 1915 5827">
     <span class='ocr_line' id='line_1_104' title="bbox 332 5756 1915 5827; baseline -0.001 -15"><span class='ocrx_word' id='word_1_708' title='bbox 332 5761 383 5812; x_wconf 88' lang='lat' dir='ltr'><strong>in</strong></span> <span class='ocrx_word' id='word_1_709' title='bbox 412 5758 518 5813; x_wconf 83' lang='lat' dir='ltr'><strong>hoc</strong></span> <span class='ocrx_word' id='word_1_710' title='bbox 549 5756 768 5825; x_wconf 81' lang='lat' dir='ltr'><strong>negotio</strong></span> <span class='ocrx_word' id='word_1_711' title='bbox 791 5772 859 5810; x_wconf 89' lang='lat' dir='ltr'><strong>eo</strong></span> <span class='ocrx_word' id='word_1_712' title='bbox 889 5767 1216 5826; x_wconf 86' lang='lat' dir='ltr'><strong>argumento</strong></span> <span class='ocrx_word' id='word_1_713' title='bbox 1243 5758 1345 5825; x_wconf 89' lang='lat' dir='ltr'><strong>uti,</strong></span> <span class='ocrx_word' id='word_1_714' title='bbox 1373 5758 1464 5812; x_wconf 90' lang='lat' dir='ltr'><strong>cui</strong></span> <span class='ocrx_word' id='word_1_715' title='bbox 1499 5773 1642 5827; x_wconf 70' lang='lat' dir='ltr'><strong>saepe</strong></span> <span class='ocrx_word' id='word_1_716' title='bbox 1670 5758 1800 5812; x_wconf 86' lang='lat' dir='ltr'><strong>alibi</strong></span> <span class='ocrx_word' id='word_1_717' title='bbox 1829 5759 1915 5812; x_wconf 88' lang='lat' dir='ltr'><strong>in-</strong></span> 
     </span>
    </p>
   </div>
   <div class='ocr_carea' id='block_1_105' title="bbox 334 5847 1913 5919">
    <p class='ocr_par' dir='ltr' id='par_1_105' title="bbox 334 5847 1913 5919">
     <span class='ocr_line' id='line_1_105' title="bbox 334 5847 1913 5919; baseline 0 -12"><span class='ocrx_word' id='word_1_718' title='bbox 334 5852 498 5907; x_wconf 68' lang='lat' dir='ltr'><strong>haeret</strong></span> <span class='ocrx_word' id='word_1_719' title='bbox 547 5862 559 5898; x_wconf 88' lang='lat'><strong>:</strong></span> <span class='ocrx_word' id='word_1_720' title='bbox 598 5863 793 5919; x_wconf 89' lang='lat' dir='ltr'><strong>nempe</strong></span> <span class='ocrx_word' id='word_1_721' title='bbox 826 5849 1032 5904; x_wconf 85' lang='lat' dir='ltr'><strong>librum</strong></span> <span class='ocrx_word' id='word_1_722' title='bbox 1077 5847 1323 5916; x_wconf 84' lang='lat' dir='ltr'><strong>Eusebii,</strong></span> <span class='ocrx_word' id='word_1_723' title='bbox 1363 5850 1506 5906; x_wconf 89' lang='lat' dir='ltr'><strong>unde</strong></span> <span class='ocrx_word' id='word_1_724' title='bbox 1538 5851 1913 5908; x_wconf 89' lang='lat' dir='ltr'><strong>testimonium</strong></span> 
     </span>
    </p>
   </div>
   <div class='ocr_carea' id='block_1_106' title="bbox 2023 4642 3358 4716">
    <p class='ocr_par' dir='ltr' id='par_1_106' title="bbox 2023 4642 3358 4716">
     <span class='ocr_line' id='line_1_106' title="bbox 2023 4642 3358 4716; baseline 0.002 -17"><span class='ocrx_word' id='word_1_725' title='bbox 2023 4651 2262 4710; x_wconf 90' lang='lat' dir='ltr'><strong>curaret,</strong></span> <span class='ocrx_word' id='word_1_726' title='bbox 2294 4651 2348 4699; x_wconf 91' lang='lat' dir='ltr'><strong>et</strong></span> <span class='ocrx_word' id='word_1_727' title='bbox 2375 4643 2442 4698; x_wconf 84' lang='lat' dir='ltr'><strong>ad</strong></span> <span class='ocrx_word' id='word_1_728' title='bbox 2477 4642 2673 4698; x_wconf 85' lang='lat' dir='ltr'><strong>Urbem</strong></span> <span class='ocrx_word' id='word_1_729' title='bbox 2711 4646 2914 4716; x_wconf 89' lang='lat' dir='ltr'><strong>regiam</strong></span> <span class='ocrx_word' id='word_1_730' title='bbox 2944 4647 3069 4700; x_wconf 90' lang='lat' dir='ltr'><strong>inde</strong></span> <span class='ocrx_word' id='word_1_731' title='bbox 3097 4647 3358 4702; x_wconf 88' lang='lat' dir='ltr'><strong>mitteret.</strong></span> 
     </span>
    </p>
   </div>
   <div class='ocr_carea' id='block_1_107' title="bbox 2092 4733 3598 4794">
    <p class='ocr_par' dir='ltr' id='par_1_107' title="bbox 2092 4733 3598 4794">
     <span class='ocr_line' id='line_1_107' title="bbox 2092 4733 3598 4794; baseline 0.005 -7"><span class='ocrx_word' id='word_1_732' title='bbox 2092 4733 2212 4788; x_wconf 84' lang='lat' dir='ltr'><strong>Jam</strong></span> <span class='ocrx_word' id='word_1_733' title='bbox 2240 4749 2371 4788; x_wconf 82' lang='lat' dir='ltr'><strong>vero</strong></span> <span class='ocrx_word' id='word_1_734' title='bbox 2417 4749 2487 4788; x_wconf 88' lang='lat' dir='ltr'><strong>an</strong></span> <span class='ocrx_word' id='word_1_735' title='bbox 2525 4735 2824 4790; x_wconf 79' lang='lat' dir='ltr'><strong>verisimile</strong></span> <span class='ocrx_word' id='word_1_736' title='bbox 2855 4745 2939 4791; x_wconf 89' lang='lat' dir='ltr'><strong>est</strong></span> <span class='ocrx_word' id='word_1_737' title='bbox 2973 4746 3293 4792; x_wconf 89' lang='lat' dir='ltr'><strong>veteranum</strong></span> <span class='ocrx_word' id='word_1_738' title='bbox 3331 4737 3598 4794; x_wconf 90' lang='lat' dir='ltr'><strong>librorum</strong></span> 
     </span>
    </p>
   </div>
   <div class='ocr_carea' id='block_1_108' title="bbox 2021 4827 3599 4898">
    <p class='ocr_par' dir='ltr' id='par_1_108' title="bbox 2021 4827 3599 4898">
     <span class='ocr_line' id='line_1_108' title="bbox 2021 4827 3599 4898; baseline 0.004 -17"><span class='ocrx_word' id='word_1_739' title='bbox 2021 4827 2356 4892; x_wconf 86' lang='lat' dir='ltr'><strong>helluonem,</strong></span> <span class='ocrx_word' id='word_1_740' title='bbox 2387 4827 2527 4880; x_wconf 90' lang='lat' dir='ltr'><strong>inter</strong></span> <span class='ocrx_word' id='word_1_741' title='bbox 2561 4827 2908 4881; x_wconf 86' lang='lat' dir='ltr'><strong>membranas</strong></span> <span class='ocrx_word' id='word_1_742' title='bbox 2934 4829 3258 4898; x_wconf 87' lang='lat' dir='ltr'><strong>chartasque</strong></span> <span class='ocrx_word' id='word_1_743' title='bbox 3287 4839 3498 4886; x_wconf 88' lang='lat' dir='ltr'><strong>veteres</strong></span> <span class='ocrx_word' id='word_1_744' title='bbox 3519 4833 3599 4886; x_wconf 87' lang='lat' dir='ltr'><strong>vi-</strong></span> 
     </span>
    </p>
   </div>
   <div class='ocr_carea' id='block_1_109' title="bbox 2022 4919 3601 4991">
    <p class='ocr_par' dir='ltr' id='par_1_109' title="bbox 2022 4919 3601 4991">
     <span class='ocr_line' id='line_1_109' title="bbox 2022 4919 3601 4991; baseline 0.003 -19"><span class='ocrx_word' id='word_1_745' title='bbox 2022 4930 2132 4973; x_wconf 89' lang='lat' dir='ltr'><strong>tam</strong></span> <span class='ocrx_word' id='word_1_746' title='bbox 2182 4926 2469 4983; x_wconf 89' lang='lat' dir='ltr'><strong>terentem,</strong></span> <span class='ocrx_word' id='word_1_747' title='bbox 2509 4927 2588 4972; x_wconf 88' lang='lat' dir='ltr'><strong>tot</strong></span> <span class='ocrx_word' id='word_1_748' title='bbox 2638 4919 2988 4988; x_wconf 86' lang='lat' dir='ltr'><strong>antiquorum</strong></span> <span class='ocrx_word' id='word_1_749' title='bbox 3035 4921 3314 4975; x_wconf 83' lang='lat' dir='ltr'><strong>volumina</strong></span> <span class='ocrx_word' id='word_1_750' title='bbox 3354 4923 3601 4991; x_wconf 88' lang='lat' dir='ltr'><strong>quotidie</strong></span> 
     </span>
    </p>
   </div>
   <div class='ocr_carea' id='block_1_110' title="bbox 2022 5010 3597 5078">
    <p class='ocr_par' dir='ltr' id='par_1_110' title="bbox 2022 5010 3597 5078">
     <span class='ocr_line' id='line_1_110' title="bbox 2022 5010 3597 5078; baseline 0.003 -12"><span class='ocrx_word' id='word_1_751' title='bbox 2022 5020 2116 5066; x_wconf 89' lang='lat' dir='ltr'><strong>aut</strong></span> <span class='ocrx_word' id='word_1_752' title='bbox 2145 5011 2568 5077; x_wconf 87' lang='lat' dir='ltr'><strong>describentem,</strong></span> <span class='ocrx_word' id='word_1_753' title='bbox 2601 5019 2696 5065; x_wconf 90' lang='lat' dir='ltr'><strong>aut</strong></span> <span class='ocrx_word' id='word_1_754' title='bbox 2736 5010 3112 5078; x_wconf 85' lang='lat' dir='ltr'><strong>deflorantem,</strong></span> <span class='ocrx_word' id='word_1_755' title='bbox 3144 5021 3254 5067; x_wconf 88' lang='lat' dir='ltr'><strong>tam</strong></span> <span class='ocrx_word' id='word_1_756' title='bbox 3287 5012 3447 5068; x_wconf 89' lang='lat' dir='ltr'><strong>facile</strong></span> <span class='ocrx_word' id='word_1_757' title='bbox 3491 5016 3597 5070; x_wconf 86' lang='lat' dir='ltr'><strong>im-</strong></span> 
     </span>
    </p>
   </div>
   <div class='ocr_carea' id='block_1_111' title="bbox 2020 5106 3598 5178">
    <p class='ocr_par' dir='ltr' id='par_1_111' title="bbox 2020 5106 3598 5178">
     <span class='ocr_line' id='line_1_111' title="bbox 2020 5106 3598 5178; baseline 0.005 -20"><span class='ocrx_word' id='word_1_758' title='bbox 2020 5107 2258 5176; x_wconf 84' lang='lat' dir='ltr'><strong>postoris</strong></span> <span class='ocrx_word' id='word_1_759' title='bbox 2304 5108 2410 5161; x_wconf 91' lang='lat' dir='ltr'><strong>arti</strong></span> <span class='ocrx_word' id='word_1_760' title='bbox 2443 5107 2755 5178; x_wconf 82' lang='lat' dir='ltr'><strong>expositum</strong></span> <span class='ocrx_word' id='word_1_761' title='bbox 2808 5106 2998 5174; x_wconf 86' lang='lat' dir='ltr'><strong>fuisse,</strong></span> <span class='ocrx_word' id='word_1_762' title='bbox 3044 5118 3099 5163; x_wconf 91' lang='lat' dir='ltr'><strong>et</strong></span> <span class='ocrx_word' id='word_1_763' title='bbox 3127 5109 3434 5165; x_wconf 89' lang='lat' dir='ltr'><strong>adulterino</strong></span> <span class='ocrx_word' id='word_1_764' title='bbox 3467 5111 3598 5166; x_wconf 85' lang='lat' dir='ltr'><strong>fetui</strong></span> 
     </span>
    </p>
   </div>
   <div class='ocr_carea' id='block_1_112' title="bbox 2021 5201 3600 5274">
    <p class='ocr_par' dir='ltr' id='par_1_112' title="bbox 2021 5201 3600 5274">
     <span class='ocr_line' id='line_1_112' title="bbox 2021 5201 3600 5274; baseline 0.004 -19"><span class='ocrx_word' id='word_1_765' title='bbox 2021 5201 2438 5256; x_wconf 86' lang='lat' dir='ltr'><strong>obstetricatum</strong></span> <span class='ocrx_word' id='word_1_766' title='bbox 2470 5201 2623 5256; x_wconf 88' lang='lat' dir='ltr'><strong>esse?</strong></span> <span class='ocrx_word' id='word_1_767' title='bbox 2668 5201 2750 5254; x_wconf 81' lang='lat' dir='ltr'><strong>An</strong></span> <span class='ocrx_word' id='word_1_768' title='bbox 2784 5211 2998 5256; x_wconf 90' lang='lat' dir='ltr'><strong>tantum</strong></span> <span class='ocrx_word' id='word_1_769' title='bbox 3033 5202 3210 5256; x_wconf 89' lang='lat' dir='ltr'><strong>virum</strong></span> <span class='ocrx_word' id='word_1_770' title='bbox 3246 5212 3436 5271; x_wconf 88' lang='lat' dir='ltr'><strong>putare</strong></span> <span class='ocrx_word' id='word_1_771' title='bbox 3473 5221 3600 5274; x_wconf 88' lang='lat' dir='ltr'><strong>pos-</strong></span> 
     </span>
    </p>
   </div>
   <div class='ocr_carea' id='block_1_113' title="bbox 2021 5293 3600 5364">
    <p class='ocr_par' dir='ltr' id='par_1_113' title="bbox 2021 5293 3600 5364">
     <span class='ocr_line' id='line_1_113' title="bbox 2021 5293 3600 5364; baseline 0.001 -16"><span class='ocrx_word' id='word_1_772' title='bbox 2021 5310 2216 5348; x_wconf 87' lang='lat' dir='ltr'><strong>sumus</strong></span> <span class='ocrx_word' id='word_1_773' title='bbox 2253 5294 2480 5364; x_wconf 75' lang='grc' dir='ltr'><strong>ἓρμαιον</strong></span> <span class='ocrx_word' id='word_1_774' title='bbox 2511 5293 2620 5347; x_wconf 82' lang='grc' dir='ltr'>τῶν</span> <span class='ocrx_word' id='word_1_775' title='bbox 2647 5293 2716 5348; x_wconf 82' lang='grc' dir='ltr'><strong>τὰ</strong></span> <span class='ocrx_word' id='word_1_776' title='bbox 2743 5295 2965 5348; x_wconf 77' lang='grc' dir='ltr'><strong>τοιαῦτα.</strong></span> <span class='ocrx_word' id='word_1_777' title='bbox 3005 5294 3443 5364; x_wconf 74' lang='grc' dir='ltr'><strong>ἐπιψευδομένων</strong></span> <span class='ocrx_word' id='word_1_778' title='bbox 3486 5298 3600 5360; x_wconf 83' lang='grc' dir='ltr'><strong>τοῖς</strong></span> 
     </span>
    </p>
   </div>
   <div class='ocr_carea' id='block_1_114' title="bbox 2022 5386 3597 5459">
    <p class='ocr_par' dir='ltr' id='par_1_114' title="bbox 2022 5386 3597 5459">
     <span class='ocr_line' id='line_1_114' title="bbox 2022 5386 3597 5459; baseline 0.002 -20"><span class='ocrx_word' id='word_1_779' title='bbox 2022 5387 2266 5458; x_wconf 79' lang='grc' dir='ltr'><strong>βιϐλίοις,</strong></span> <span class='ocrx_word' id='word_1_780' title='bbox 2301 5388 2395 5440; x_wconf 72' lang='grc' dir='ltr'><strong>καὶ</strong></span> <span class='ocrx_word' id='word_1_781' title='bbox 2423 5386 2696 5459; x_wconf 77' lang='grc' dir='ltr'><strong>Θησαυρὸν</strong></span> <span class='ocrx_word' id='word_1_782' title='bbox 2721 5388 2936 5458; x_wconf 65' lang='grc' dir='ltr'><strong>ἓτβιμον</strong></span> <span class='ocrx_word' id='word_1_783' title='bbox 2967 5390 3082 5451; x_wconf 81' lang='grc' dir='ltr'><strong>τοῖς</strong></span> <span class='ocrx_word' id='word_1_784' title='bbox 3105 5388 3369 5459; x_wconf 80' lang='grc' dir='ltr'><strong>καπήλοις</strong></span> <span class='ocrx_word' id='word_1_785' title='bbox 3393 5387 3597 5453; x_wconf 81' lang='grc' dir='ltr'><strong>αὐτῶν,</strong></span> 
     </span>
    </p>
   </div>
   <div class='ocr_carea' id='block_1_115' title="bbox 2024 5478 3598 5549">
    <p class='ocr_par' dir='ltr' id='par_1_115' title="bbox 2024 5478 3598 5549">
     <span class='ocr_line' id='line_1_115' title="bbox 2024 5478 3598 5549; baseline 0.002 -15"><span class='ocrx_word' id='word_1_786' title='bbox 2024 5481 2235 5534; x_wconf 87' lang='lat' dir='ltr'><strong>lucrum</strong></span> <span class='ocrx_word' id='word_1_787' title='bbox 2278 5495 2460 5534; x_wconf 87' lang='lat' dir='ltr'><strong>eorum</strong></span> <span class='ocrx_word' id='word_1_788' title='bbox 2496 5481 2586 5549; x_wconf 88' lang='lat' dir='ltr'><strong>qui</strong></span> <span class='ocrx_word' id='word_1_789' title='bbox 2630 5478 2796 5548; x_wconf 86' lang='lat' dir='ltr'><strong>falsos</strong></span> <span class='ocrx_word' id='word_1_790' title='bbox 2828 5479 3012 5534; x_wconf 89' lang='lat' dir='ltr'><strong>titulos</strong></span> <span class='ocrx_word' id='word_1_791' title='bbox 3049 5479 3200 5534; x_wconf 81' lang='lat' dir='ltr'><strong>libris</strong></span> <span class='ocrx_word' id='word_1_792' title='bbox 3221 5480 3509 5549; x_wconf 82' lang='lat' dir='ltr'><strong>imponere,</strong></span> <span class='ocrx_word' id='word_1_793' title='bbox 3544 5491 3598 5537; x_wconf 80' lang='lat' dir='ltr'><strong>ct</strong></span> 
     </span>
    </p>
   </div>
   <div class='ocr_carea' id='block_1_116' title="bbox 2022 5571 3596 5642">
    <p class='ocr_par' dir='ltr' id='par_1_116' title="bbox 2022 5571 3596 5642">
     <span class='ocr_line' id='line_1_116' title="bbox 2022 5571 3596 5642; baseline 0.003 -18"><span class='ocrx_word' id='word_1_794' title='bbox 2022 5573 2326 5626; x_wconf 77' lang='lat' dir='ltr'><strong>thesaurum</strong></span> <span class='ocrx_word' id='word_1_795' title='bbox 2363 5571 2475 5625; x_wconf 87' lang='lat' dir='ltr'><strong>illis</strong></span> <span class='ocrx_word' id='word_1_796' title='bbox 2527 5580 2886 5640; x_wconf 47' lang='lat' dir='ltr'><strong>praeparatum</strong></span> <span class='ocrx_word' id='word_1_797' title='bbox 2933 5573 3024 5642; x_wconf 89' lang='lat' dir='ltr'><strong>qui</strong></span> <span class='ocrx_word' id='word_1_798' title='bbox 3059 5571 3268 5625; x_wconf 88' lang='lat' dir='ltr'><strong>eosdem</strong></span> <span class='ocrx_word' id='word_1_799' title='bbox 3297 5574 3596 5628; x_wconf 83' lang='lat' dir='ltr'><strong>venundare</strong></span> 
     </span>
    </p>
   </div>
   <div class='ocr_carea' id='block_1_117' title="bbox 2019 5662 3597 5733">
    <p class='ocr_par' dir='ltr' id='par_1_117' title="bbox 2019 5662 3597 5733">
     <span class='ocr_line' id='line_1_117' title="bbox 2019 5662 3597 5733; baseline 0.001 -15"><span class='ocrx_word' id='word_1_800' title='bbox 2019 5663 2268 5727; x_wconf 88' lang='lat' dir='ltr'><strong>solerent,</strong></span> <span class='ocrx_word' id='word_1_801' title='bbox 2302 5671 2363 5717; x_wconf 91' lang='lat' dir='ltr'><strong>ut</strong></span> <span class='ocrx_word' id='word_1_802' title='bbox 2401 5663 2469 5718; x_wconf 85' lang='lat' dir='ltr'><strong>de</strong></span> <span class='ocrx_word' id='word_1_803' title='bbox 2501 5662 2722 5718; x_wconf 87' lang='lat' dir='ltr'><strong>indocto</strong></span> <span class='ocrx_word' id='word_1_804' title='bbox 2752 5678 2854 5718; x_wconf 91' lang='lat' dir='ltr'><strong>suo</strong></span> <span class='ocrx_word' id='word_1_805' title='bbox 2890 5663 3133 5733; x_wconf 90' lang='lat' dir='ltr'><strong>loquitur</strong></span> <span class='ocrx_word' id='word_1_806' title='bbox 3162 5663 3476 5721; x_wconf 79' lang='lat' dir='ltr'><strong>Lucianus?</strong></span> <span class='ocrx_word' id='word_1_807' title='bbox 3503 5665 3597 5720; x_wconf 84' lang='lat' dir='ltr'><strong>Ni-</strong></span> 
     </span>
    </p>
   </div>
   <div class='ocr_carea' id='block_1_118' title="bbox 2022 5756 3594 5828">
    <p class='ocr_par' dir='ltr' id='par_1_118' title="bbox 2022 5756 3594 5828">
     <span class='ocr_line' id='line_1_118' title="bbox 2022 5756 3594 5828; baseline -0.001 -17"><span class='ocrx_word' id='word_1_808' title='bbox 2022 5758 2168 5812; x_wconf 89' lang='lat' dir='ltr'><strong>hilne</strong></span> <span class='ocrx_word' id='word_1_809' title='bbox 2191 5758 2244 5811; x_wconf 88' lang='lat' dir='ltr'><strong>iu</strong></span> <span class='ocrx_word' id='word_1_810' title='bbox 2277 5757 2633 5824; x_wconf 87' lang='lat' dir='ltr'><strong>membranis,</strong></span> <span class='ocrx_word' id='word_1_811' title='bbox 2669 5756 2802 5811; x_wconf 89' lang='lat' dir='ltr'><strong>nihil</strong></span> <span class='ocrx_word' id='word_1_812' title='bbox 2834 5757 2886 5810; x_wconf 90' lang='lat' dir='ltr'><strong>in</strong></span> <span class='ocrx_word' id='word_1_813' title='bbox 2920 5757 3234 5828; x_wconf 81' lang='lat' dir='ltr'><strong>scriptione,</strong></span> <span class='ocrx_word' id='word_1_814' title='bbox 3263 5759 3408 5827; x_wconf 87' lang='lat' dir='ltr'><strong>quod</strong></span> <span class='ocrx_word' id='word_1_815' title='bbox 3435 5759 3594 5812; x_wconf 84' lang='lat' dir='ltr'><strong>novi-</strong></span> 
     </span>
    </p>
   </div>
   <div class='ocr_carea' id='block_1_119' title="bbox 2021 5849 3598 5922">
    <p class='ocr_par' dir='ltr' id='par_1_119' title="bbox 2021 5849 3598 5922">
     <span class='ocr_line' id='line_1_119' title="bbox 2021 5849 3598 5922; baseline 0.003 -16"><span class='ocrx_word' id='word_1_816' title='bbox 2021 5860 2181 5906; x_wconf 81' lang='lat' dir='ltr'><strong>tatem</strong></span> <span class='ocrx_word' id='word_1_817' title='bbox 2215 5849 2398 5920; x_wconf 82' lang='lat' dir='ltr'><strong>operis</strong></span> <span class='ocrx_word' id='word_1_818' title='bbox 2434 5849 2726 5921; x_wconf 83' lang='lat' dir='ltr'><strong>detegeret,</strong></span> <span class='ocrx_word' id='word_1_819' title='bbox 2765 5852 3000 5922; x_wconf 85' lang='lat' dir='ltr'><strong>reperire</strong></span> <span class='ocrx_word' id='word_1_820' title='bbox 3031 5851 3208 5922; x_wconf 87' lang='lat' dir='ltr'><strong>potuit</strong></span> <span class='ocrx_word' id='word_1_821' title='bbox 3240 5851 3319 5908; x_wconf 88' lang='lat' dir='ltr'><strong>vir</strong></span> <span class='ocrx_word' id='word_1_822' title='bbox 3345 5851 3400 5905; x_wconf 90' lang='lat' dir='ltr'><strong>in</strong></span> <span class='ocrx_word' id='word_1_823' title='bbox 3427 5851 3598 5910; x_wconf 69' lang='lat' dir='ltr'><strong>rebus.</strong></span> 
     </span>
    </p>
   </div>
  </div>
