4078 6386
1555 344 1613 399 S.
1658 339 2007 400 lGNATIbS.
2049 365 2117 378 —-
2165 331 2710 392 PROLEGOMENA.

3742 317 3848 370 138

550 473 871 545 huiusmodi
891 471 1388 528 exercitatissimus
1413 466 1952 538 sagacissimusque?
1974 463 2140 530 Quid-
2170 469 2218 524 Α
2249 461 2407 516 verit.
2442 456 2590 512 Libri
2619 453 2714 525 qui
2748 466 2896 508 nunc
2926 453 2984 506 in
3013 449 3242 505 dubium
3268 453 3558 509 vocantur,
3591 449 3688 496 aut
3712 440 3847 495 olim

551 569 604 620 ni
642 567 880 636 aliquam
908 565 1284 634 antiquitatem
1331 561 1691 631 epistularum
1725 574 1793 613 ex
1830 558 1950 626 ipso
1999 555 2146 609 libro

547 660 1003 730 deprehenderit,
1047 659 1132 712 vel
1165 673 1231 712 eo
1276 657 1444 712 modo
1474 671 1585 725 quo
1616 650 2014 723 imperitissimi
2059 664 2151 704 su-

548 753 682 815 lent,
714 750 792 821 τῷ
811 749 1218 822 διαϐεϐρῶσθαι
1250 749 1345 802 καὶ
1365 745 1722 815 διακεκόφθαι
1754 743 1897 796 αὐτὰ
1917 760 2150 812 τεκμαι-

551 843 800 914 ρόμενος,
838 843 934 894 xui.
975 841 1315 912 συμϐούλους
1341 840 1470 902 τοὺς
1505 837 1634 901 σέας
1668 836 1797 908 περὶ
1821 835 1922 905 τὴν
1963 833 2150 898 ἐξέτα-

550 953 634 988 σιν
681 934 1130 1006 παραλαμϐάνων
1153 973 1168 997 ,
1202 933 1464 987 indicium
1502 946 1712 984 sumens
1752 928 1889 999 quod
1927 944 2150 982 comesa:

545 1043 595 1086 et
627 1032 872 1086 contrita:
900 1036 1146 1095 essent,et
1179 1029 1346 1082 tineas
1377 1027 1445 1079 ad
1477 1041 1593 1079 eam
1620 1041 1732 1078 rem
1763 1022 2148 1092 explorandam

547 1129 602 1180 in
632 1127 918 1180 consilium
952 1123 1232 1176 adhibens.
1277 1119 1539 1174 Ducentis
1568 1126 1693 1188 post
1736 1116 2004 1185 lgnatium
2050 1130 2151 1168 an-

550 1219 638 1273 nis
670 1219 934 1288 epistolas
967 1215 1263 1286 prodiisse,
1317 1213 1428 1266 imo
1457 1227 1584 1265 cum
1627 1211 1742 1280 jam
1768 1210 1836 1264 de
1874 1209 2148 1262 Constan-

553 1312 655 1365 tini
699 1311 784 1363 vel
823 1309 996 1378 patris
1026 1306 1148 1376 ejus
1179 1304 1613 1359 Christianismo
1646 1301 1790 1356 fama
1837 1315 2028 1370 sparsa
2059 1315 2148 1353 es-

550 1418 654 1475 set,
695 1407 930 1474 scriptas
959 1404 1198 1474 primum
1235 1399 1406 1456 fuisse
1438 1399 1557 1453 vult
1591 1397 1846 1452 Dallreus.
1887 1393 2018 1446 Erat
2047 1407 2148 1444 au-

551 1512 657 1555 tem
711 1508 841 1553 tunc
893 1496 1155 1565 temporis
1201 1495 1384 1564 plures
1438 1507 1604 1562 quam
1646 1489 1717 1544 40
1759 1501 1932 1540 annos
1982 1493 2145 1538 natus

553 1592 845 1647 Eusebius.
877 1587 1070 1642 Nonne
1097 1586 1375 1641 credimus
1398 1599 1547 1648 eum,
1570 1596 1698 1636 cum
1732 1579 1872 1633 forte
1899 1577 1952 1630 in
1979 1576 2141 1628 talem

548 1684 904 1755 epistularum
953 1681 1198 1737 codicem
1233 1677 1520 1739 incideret,
1575 1674 1644 1728 ad
1676 1672 1918 1742 primum
1947 1683 2139 1722 earum

551 1779 836 1844 intuitum,
869 1775 1248 1838 cohorruisse,
1279 1786 1419 1842 quas
1451 1784 1552 1824 nec
1575 1767 1632 1822 ia
1666 1764 1934 1833 Pamphili
1964 1761 2143 1815 Caesa-

2256 549 2435 605 vocati
2467 553 2619 612 sunt,
2654 543 3035 598 testimonium
3059 542 3180 611 ejus
3210 554 3320 593 non
3345 537 3567 592 habent.
3607 532 3850 588 Ostende

2257 645 2391 699 mihi
2417 643 2634 712 lapsum
2666 635 2890 693 Eusebii
2917 638 2974 690 in
3003 635 3189 705 aliquo
3221 631 3328 686 alio
3357 644 3541 700 opere,
3568 635 3626 681 ut
3652 627 3719 681 de
3744 625 3852 679 hoc

2255 735 2475 792 credam
2497 738 2511 788 !

2313 825 2663 895 Diligentiam
2682 831 2864 878 autem
2884 830 2938 874 et
2958 817 3299 872 attentionem
3318 812 3535 868 Eusebii
3557 811 3850 882 requirunt

2253 920 2552 978 adversarii
2586 918 2640 971 in
2675 913 2994 971 testimonio
3017 909 3201 966 lremei
3232 906 3545 972 all'erendu;
3572 920 3676 976 ego
3711 917 3849 958 vero

2253 1029 2375 1069 eam
2407 1009 2734 1066 laudandam
2764 1016 2917 1076 puto,
2949 1003 3093 1074 quod
3131 1015 3352 1056 auream
3399 997 3746 1064 sententiam,
3786 995 3848 1049 in

2252 1105 2445 1176 lgnatii
2473 1103 2708 1174 epistola
2733 1109 3062 1164 exstantem,
3088 1095 3230 1166 apud
3257 1093 3520 1148 frenatum
3547 1093 3843 1154 invenerit,

2250 1195 2665 1258 observaverit,
2701 1191 3000 1256 notaverit,
3047 1186 3425 1257 applicaverit.
3479 1184 3583 1239 Sed
3625 1202 3764 1239 varia
3792 1192 3846 1237 et

2251 1290 2404 1343 inani
2436 1289 2608 1358 specie
2652 1285 2868 1340 delusus
2900 1281 3151 1352 epistolas
3203 1279 3470 1334 Irenteum
3513 1294 3718 1348 quoque
3763 1277 3846 1329 υί-

2249 1381 2410 1446 disse,
2443 1390 2492 1434 et
2522 1379 2734 1449 quidem
2765 1376 2926 1430 etiam
2953 1373 3114 1444 (quod
3146 1389 3274 1427 sane
3326 1371 3558 1424 crassius
3588 1379 3664 1424 est
3692 1381 3742 1424 et
3769 1371 3847 1422 in-

2247 1472 2649 1538 excusabilius)
2681 1483 2999 1522 memorasse
3048 1467 3374 1536 imaginatus
3405 1474 3502 1518 est.
3535 1461 3689 1518 Unde
3737 1479 3843 1516 au-

2248 1579 2355 1623 tem
2386 1569 2490 1622 hoc
2541 1570 2765 1635 apparet
2795 1571 2997 1615 caetera
3023 1559 3505 1628 diligentissimum
3535 1557 3842 1611 oculatissi-

2246 1675 2510 1729 mumque
2541 1658 2614 1713 ita
2649 1657 2827 1712 fuisse
2859 1651 3155 1710 delusum?
3191 1649 3337 1702 Vidit
3368 1648 3639 1703 Eusebius
3668 1647 3843 1701 multa

2243 1753 2435 1809 [renati
2467 1752 2692 1820 scripta,
2717 1767 2841 1820 qua:
2859 1749 2972 1818 jam
3000 1747 3299 1817 perierunt,
3328 1759 3450 1813 qua:
3471 1755 3524 1796 et
3549 1743 3664 1811 ipse
3687 1757 3844 1795 com-

551 1887 679 1937 rete,
711 1887 809 1926 nec
839 1868 1134 1924 Alexandri
1163 1823 1564 1934 Hierbsolymis
1596 1858 1931 1913 bibliotheca
1969 1853 2139 1908 vidis-

2246 1853 2516 1900 memorat
2535 1844 2629 1896 lib.
2659 1858 2714 1904 v,
2751 1857 2872 1910 cap.
2899 1839 2993 1905 ‘26,
3021 1847 3076 1892 et
3108 1837 3202 1890 καὶ
3226 1835 3294 1888 τὰ
3326 1835 3426 1905 μὲν
3449 1835 3527 1896 εἰς
3560 1832 3843 1904 ἡμετέραν

549 1976 654 2032 sct,
683 1975 736 2020 et
764 1965 831 2020 de
855 1963 1058 2033 quibus
1088 1975 1156 2014 ne
1186 1957 1352 2012 fando
1379 1954 1600 2025 quidem
1634 1960 1762 2006 ante
1790 1951 1897 2004 hoc
1926 1957 2140 2016 tempus

549 2060 720 2115 fuisse
758 2073 852 2111 eas
883 2058 936 2110 in
971 2055 1204 2109 aliorum
1242 2049 1499 2105 manibus
1538 2041 1878 2102 audivisset?
1919 2039 2140 2110 Optime

547 2163 692 2209 certe
739 2152 826 2206 ille
873 2151 987 2219 jam
1041 2142 1526 2218 quadragenarius
1583 2138 1756 2203 novit,
1801 2150 1968 2205 quam
2015 2132 2140 2186 libri

547 2247 735 2316 scripti
769 2253 985 2299 aetatem
1031 2239 1267 2302 ferrent;
1304 2243 1444 2306 quot
1471 2232 1654 2286 modis
1696 2229 1912 2284 novitas
1940 2225 2138 2296 prode-

547 2349 722 2403 retur,
756 2353 866 2390 non
899 2332 1193 2406 ignoravit.
1245 2328 1406 2382 Nullo
1438 2327 1606 2395 igitur
1647 2321 1812 2376 modo
1840 2317 2140 2373 verisimile

541 2443 649 2499 est,
680 2430 917 2486 Eusebio
948 2423 1194 2496 vigilanti
1227 2433 1339 2476 tam
1377 2419 1542 2472 facile
1579 2415 1746 2471 simul
1773 2423 1827 2468 et
1859 2421 1970 2466 tam
1997 2410 2140 2465 finde

549 2523 871 2592 impositum
925 2517 1121 2571 fuisse.
1152 2513 1310 2580 Quod
1346 2513 1392 2565 si
1427 2509 1605 2580 prima
1653 2505 1794 2560 facie
1837 2504 2139 2574 impostura

547 2616 598 2670 ei
625 2632 732 2670 non
764 2611 1124 2674 suboluisset,
1173 2617 1357 2662 tamen
1405 2619 1530 2660 cum
1561 2611 1673 2658 tam
1707 2601 1998 2672 diligenter
2022 2597 2142 2667 epi-

547 2713 719 2764 stolas
751 2705 1040 2769 evolverit,
1072 2717 1199 2757 cum
1245 2699 1459 2769 singula
1491 2697 1878 2768 episcoporum
1913 2691 2139 2747 nomina

549 2797 945 2862 numeraverit,
998 2810 1124 2850 cum
1179 2791 1450 2847 notaverit
1503 2789 1689 2844 omnia
1753 2785 1969 2841 itineris
2020 2799 2138 2838 mo-

551 2901 756 2956 menta,
793 2905 916 2945 eum
953 2887 1306 2942 traditionem
1361 2882 1681 2953 apostolica:
1731 2878 1998 2935 doctrina:
2041 2875 2139 2930 ob-

484 2983 488 2989 ’
549 2984 879 3049 servaverit,
906 2998 1031 3036 cum
1079 2983 1316 3035 haereses
1348 2977 1618 3032 refutatas
1653 2972 2136 3036 animadverterit,

547 3092 672 3132 cum
706 3083 784 3128 tot
811 3089 875 3128 ex
902 3072 1009 3126 illis
1032 3072 1329 3126 sententias
1353 3067 1727 3138 exscripserit,
1760 3080 1884 3121 cum
1912 3065 1965 3118 in
1987 3063 2139 3116 nullo

2245 1936 2473 1990 ἐλθόντα
2498 1934 2706 2004 γνῶσιν
2735 1932 2830 1985 τοῦ
2880 1929 3171 2002 Εἰρηναίου
3223 1926 3483 1988 τοσαῦτα,
3526 1937 3684 1994 atque
3731 1925 3847 1978 luec‘

2243 2039 2367 2081 sunt
2415 2041 2532 2096 qua
2579 2040 2644 2078 ex
2696 2022 2889 2076 Irentei
2935 2020 3150 2088 scriptis
3188 2018 3255 2070 ad
3303 2025 3542 2069 nostram
3591 2015 3839 2067 notitiam

2244 2127 2611 2190 peruenerunt,
2650 2115 2851 2186 inquit.
2889 2111 2965 2166 Ex
3004 2113 3089 2166 his
3116 2109 3319 2163 vidisse
3345 2124 3468 2161 eum
3500 2105 3690 2177 Ignatii
3719 2106 3811 2175 cpi
3837 2131 3840 2136 -

2245 2213 2417 2268 stolas
2454 2209 2658 2266 certior
2674 2206 2792 2261 fieri
2823 2203 3034 2275 potuit;
3071 2203 3182 2255 imo
3199 2216 3264 2253 ex
3284 2199 3372 2253 illa
3402 2198 3519 2268 ipsa
3542 2197 3840 2259 sententia,

2243 2319 2412 2375 quam
2457 2301 2709 2365 adduxit,
2739 2297 2944 2353 vidisse
2974 2294 3148 2359 novit,
3171 2292 3301 2362 quia
3330 2305 3449 2346 eam
3479 2304 3547 2344 ex
3570 2287 3691 2359 ejus
3718 2286 3842 2356 epi-

2244 2400 2386 2454 stola
2432 2395 2862 2464 transcripserat
2890 2389 3150 2444 lrenaaus.
3179 2383 3316 2439 Nam
3357 2383 3504 2454 quod
3531 2382 3675 2452 apud
3709 2398 3840 2436 eum

2243 2490 2448 2543 dixisse
2479 2496 2693 2541 tantum
2725 2492 3048 2553 martyrem,
3077 2495 3187 2534 non
3220 2486 3406 2531 autem
3453 2476 3731 2544 scripsisse
3770 2474 3843 2527 le-

2243 2595 2461 2651 gamus,
2485 2578 2648 2649 plane
2677 2574 2836 2630 nihili
2863 2581 2947 2628 est
2979 2591 2991 2626 :
3032 2586 3134 2626 nos
3156 2569 3302 2625 enim
3333 2575 3461 2621 ante
3493 2565 3842 2621 Ostendimus

2244 2688 2526 2744 nunquam
2559 2671 2716 2725 aliter
2757 2668 3024 2722 Irenznum
3057 2665 3125 2719 de
3175 2661 3463 2718 sententiis
3506 2659 3725 2728 scriptis
3761 2658 3842 2712 lo-

2242 2776 2431 2823 cutum
2459 2779 2602 2820 esse.
2644 2765 2712 2819 At
2743 2761 2935 2817 habuit
2964 2774 3028 2814 ex
3072 2757 3218 2811 Actis
3252 2753 3527 2825 Ignatiani
3558 2752 3840 2820 martyris.

2242 2861 2319 2916 lta
2351 2869 2500 2916 certe
2520 2858 2795 2913 Parkerus
2821 2875 2834 2910 :
2865 2854 3162 2924 Collegerat
3193 2849 3311 2920 quis
3337 2848 3476 2918 forte
3503 2846 3651 2900 dicta
3675 2843 3843 2916 lgna-

2243 2955 2305 3008 tii
2345 2962 2467 3006 ante
2497 2962 2702 3020 tempus
2746 2948 2984 3013 Eusebii,
3018 2961 3181 3015 eaque
3222 2943 3278 2996 in
3311 2941 3546 3011 formam
3583 2938 3842 3010 epistola-

2243 3066 2362 3102 rum
2385 3048 2601 3118 redegit.
2631 3045 2736 3101 Sed
2765 3043 3158 3114 antiquissima
3185 3041 3320 3096 Acta
3353 3055 3475 3110 qum
3507 3047 3638 3093 tunc
3666 3041 3841 3093 exsti-

549 3181 795 3236 unquam
849 3172 1074 3219 auctore
1123 3161 1494 3218 examinando
1549 3175 1738 3229 parem
1806 3156 2140 3226 diligentiam

2249 3149 2457 3206 terunt,
2485 3155 2586 3194 nec
2608 3153 2727 3194 eam
2756 3153 2940 3206 neque
2968 3134 3206 3191 similem
3233 3132 3474 3201 aliquam
3508 3128 3842 3185 sententiam

549 3256 896 3323 adhibuerit;
940 3271 1009 3310 an
1051 3253 1165 3309 fieri
1203 3268 1367 3323 posse
1409 3261 1689 3322 putamus,
1717 3257 1796 3315 ut,
1834 3249 1881 3303 si
1911 3256 1993 3303 tot
2027 3247 2140 3302 sint

548 3353 602 3405 in
639 3350 706 3406 iis
742 3350 944 3419 scripta
979 3364 1103 3417 quae
1137 3346 1298 3399 fidem
1333 3355 1642 3413 temporum
1688 3339 1979 3396 manifeste
2008 3356 2140 3394 con-

549 3444 776 3509 vellunt,
808 3458 931 3512 qua:
959 3457 989 3495 a
1020 3454 1276 3494 sermone
1307 3435 1610 3506 apostolico
1643 3443 1696 3490 et
1729 3434 1975 3488 virorum
2007 3448 2140 3502 apo-

547 3537 868 3593 stolicorum
903 3534 1062 3603 plane
1108 3530 1466 3594 dissentiunt,
1497 3543 1620 3597 qua:
1653 3543 1684 3581 a
1714 3527 2005 3591 modestia,
2041 3526 2139 3580 do-

547 3632 746 3695 ctrina,
781 3627 1097 3690 veracitate,
1130 3623 1420 3695 prudentia
1454 3625 1712 3692 martyris
1741 3621 1901 3691 longe
1931 3619 2138 3674 abhor-

549 3731 689 3788 rent,
723 3737 846 3791 quze
891 3736 987 3790 per
1029 3735 1086 3774 se
1129 3717 1390 3782 absurda,
1427 3715 1703 3781 affectata,
1748 3715 1932 3784 inepta
1961 3724 2014 3769 et
2037 3730 2139 3784 pu-

547 3815 662 3870 tida
693 3814 824 3881 sint,
854 3813 970 3867 haec
999 3811 1185 3865 omnia
1218 3807 1489 3864 Eusebius
1519 3811 1706 3865 statim
1735 3816 2136 3877 concoqueret,

549 3922 650 3978 pro
700 3923 826 3961 vere
867 3903 1167 3977 lgnatianis
1207 3903 1494 3972 arriperet,
1535 3911 1591 3958 et
1619 3900 1910 3957 mternitati
1943 3914 2140 3955 conse-

548 4000 764 4054 oraret?

1155 4066 1350 4123 Credat
1372 4064 1597 4120 Juda’us
1628 4064 1836 4134 Apella.

1079 4139 1342 4211 (Housm,
1377 4137 1494 4193 Sat.
1535 4154 1574 4204 ι,
1609 4151 1664 4204 ν,
1699 4135 1847 4204 105.)
1930 4187 1935 4201 ,

623 4255 728 4310 Sed
751 4256 835 4310 vir
862 4255 1222 4311 doctissimus
1245 4256 1501 4310 observat
1523 4252 1636 4306 alia
1666 4250 1809 4320 apud
1837 4247 2137 4304 Eusebium

549 4349 850 4420 splmlmata
877 4366 1013 4416 esse,
1045 4351 1140 4404 hoc
1179 4363 1511 4418 nequaquam
1531 4343 1750 4410 leviora,
1777 4357 2016 4412 quorum
2059 4353 2140 4396 ta-

550 4457 675 4496 men
716 4442 1034 4497 meminisse
1087 4441 1261 4507 nolit;
1306 4450 1368 4494 ut
1397 4439 1546 4501 hinc,
1582 4435 1812 4500 scilicet,
1845 4434 2138 4489 credamus

2248 3234 2509 3305 martyris
2540 3232 2821 3287 exhibent.
2858 3228 3172 3284 Posteriora
3210 3224 3394 3280 omnia
3441 3223 3530 3278 diu
3558 3228 3684 3292 post
3729 3220 3842 3275 lre-

2243 3343 2447 3392 meum,
2474 3326 2568 3381 diu
2600 3333 2727 3395 post
2756 3321 3055 3377 Eusebium
3089 3317 3403 3387 conscripta
3449 3323 3578 3369 sunt
3605 3333 3619 3368 :
3655 3323 3712 3368 et
3742 3328 3842 3367 eo-

2243 3438 2366 3478 rum
2399 3419 2822 3491 interpolatores
2854 3415 3156 3470 sententias
3182 3429 3318 3483 quas
3366 3411 3590 3477 habent,
3629 3425 3695 3463 ex
3721 3408 3845 3478 epi-

2241 3517 2402 3572 stolis
2433 3513 2922 3582 transcripserunt,
2951 3517 3010 3563 ut
3035 3522 3137 3562 nos
3165 3515 3294 3560 ante
3315 3504 3678 3560 ostendimus.
3711 3501 3843 3556 llaec

2243 3609 2414 3679 igitur
2437 3605 2639 3675 saepius
2663 3604 2860 3657 iterata
2885 3599 3021 3654 nihil
3053 3597 3372 3668 proficiunt.
3585 3653 3592 3662 _

2315 3697 2571 3754 Secundo
2597 3694 2859 3761 obiicitur
2885 3691 3080 3747 similis
3109 3691 3228 3761 ejus
3259 3690 3314 3743 in
3346 3687 3652 3759 Polycarpo
3681 3686 3838 3742 osci-

2244 3793 2452 3857 lautia,
2492 3789 2776 3859 quodnon
2818 3784 3108 3840 attenderit
3157 3784 3263 3836 duo
3307 3782 3428 3848 illa,
3469 3795 3587 3850 qua:
3621 3794 3685 3832 ex
3722 3779 3840 3848 ejus

2240 3883 2468 3953 epistola
2496 3881 2739 3936 recitavit
2765 3918 2782 3942 ,
2818 3878 2936 3932 loca
2962 3886 3140 3946 aperte
3187 3877 3323 3928 inter
3345 3891 3398 3927 se
3425 3888 3682 3943 pugnare.
3703 3870 3840 3924 Pro-

2243 3976 2386 4032 fecto
2415 3976 2462 4030 si
2499 3975 2617 4028 haec
2644 3987 2772 4026 vera
2803 3979 3010 4035 essent,
3046 3968 3091 4022 si
3136 3967 3408 4022 Eusebius
3433 3965 3699 4020 recitaret
3723 3963 3838 4017 duo

2242 4070 2362 4126 loca
2392 4076 2581 4137 aperte
2623 4067 2766 4120 inter
2797 4078 2858 4118 se
2896 4061 3217 4132 pUgnantia,
3249 4074 3485 4128 eamque
3517 4073 3837 4126 repugnan-

2242 4164 2400 4228 tiam,
2431 4175 2557 4232 qua:
2613 4169 2721 4214 tam
2773 4167 2963 4227 aperta
2992 4164 3162 4217 esset,
3207 4151 3434 4206 minime
3481 4148 3841 4205 animadver-

2243 4263 2402 4321 teret,
2423 4253 2706 4323 quomodo
2727 4250 2986 4306 excusari
3008 4255 3197 4318 posset
3220 4262 3329 4300 non
3359 4243 3537 4298 video.
3565 4241 3634 4296 Et
3653 4252 3838 4296 tamen

2242 4348 2401 4402 venia
2427 4346 2738 4417 digniorem
2774 4345 2916 4398 hanc
2943 4343 2998 4397 in
3032 4341 3334 4412 Polycarpo
3359 4337 3713 4392 oscitantiam
3745 4335 3838 4389 illa

2242 4455 2364 4510 qua:
2389 4439 2442 4493 in
2470 4437 2674 4493 lrenzeo
2702 4437 2824 4502 fuit,
2855 4436 3054 4489 fatetur
3081 4433 3333 4486 Dallzeus.
3367 4429 3570 4497 Quare,
3602 4427 3838 4482 amabo?

547 4535 753 4588 bonum
790 4533 942 4587 illum
979 4533 1158 4586 virum
1194 4540 1304 4584 tam
1339 4528 1497 4583 facile
1538 4540 1605 4580 ac
1635 4534 1745 4578 tam
1777 4523 2009 4592 turpiter
2035 4521 2134 4577 de-
2161 4541 2213 4601 D
2242 4547 2436 4602 nempe
2464 4533 2593 4605 qpia
2624 4530 2773 4584 "()va
2812 4543 2875 4583 ea
2916 4541 3040 4596 qua;
3083 4523 3291 4594 obiecit
3326 4538 3448 4577 esse
3492 4520 3833 4576 falsissjma;

546 4625 654 4696 cipi
684 4642 749 4680 ac
782 4625 888 4680 labi
918 4625 1180 4692 potuisse.
1218 4621 1421 4676 Verum
1451 4619 1717 4688 prudens,
1753 4616 1952 4686 opinor
1978 4655 1993 4678 ,
2019 4616 2138 4670 haec

546 4717 849 4789 splialmata
880 4716 1099 4772 silentio
1128 4711 1457 4782 suppressit,
1483 4711 1627 4780 quod
1658 4708 1727 4763 ad
1760 4723 1875 4762 rem
1907 4708 2138 4762 omnino

547 4827 654 4866 non
687 4810 951 4865 facerent.
983 4807 1040 4862 Si
1067 4814 1347 4861 auctorem
1380 4805 1554 4858 ullum
1581 4810 1824 4858 veterem
1850 4802 2139 4856 nominare

547 4914 748 4973 posset,
782 4918 946 4974 quem
991 4899 1267 4956 Eusebius
1299 4896 1543 4969 agnovit,
1590 4907 1644 4950 et
1688 4895 1849 4964 cujus
1894 4894 2138 4949 auctori—

549 5006 712 5050 tatem
764 4991 1096 5049 testimoniis
1145 4990 1384 5044 aliorum
1432 4989 1820 5044 confirmatum
1867 4986 1988 5052 ivit,
2040 4986 2136 5056 qui

550 5098 739 5160 postea
772 5088 930 5143 fictor
959 5087 1209 5141 detectus
1238 5090 1342 5150 est,
1371 5090 1468 5136 aut
1510 5081 1596 5136 vel
1628 5081 1682 5135 in
1710 5080 1943 5136 dubium
1971 5094 2136 5135 voca-

549 5197 636 5239 tus
665 5202 678 5238 :
712 5182 920 5253 aliquid
944 5179 1166 5250 quidem
1196 5177 1423 5242 diceret,
1457 5173 1605 5246 quod
1639 5189 1764 5228 eum
1798 5190 1830 5226 a
1860 5174 2135 5226 temerita-

548 5281 613 5333 tis
637 5286 686 5331 et
714 5273 1098 5330 inrerecundia:
1119 5270 1361 5332 crimine,
1388 5278 1451 5324 nt
1491 5269 1609 5338 ipsc
1634 5268 1903 5336 loquitur,
1937 5267 2136 5320 libera-

549 5382 646 5427 ret.
692 5369 807 5438 Ego
841 5382 974 5422 vero
1016 5363 1314 5420 Eusebium
1359 5371 1510 5417 tanta
1553 5361 1836 5432 diligentia
1873 5369 2136 5428 tantoque

543 5463 758 5535 judicio
810 5461 866 5515 in
919 5459 1304 5514 examinandis
1363 5457 1807 5514 Christianorum
1863 5454 2137 5524 prinneva)

547 5550 898 5623 antiquitatis
945 5549 1185 5620 scriptis,
1217 5549 1271 5603 in
1295 5549 1498 5619 quibus
1528 5548 1875 5603 traditionem
1910 5553 2134 5614 aposto-

550 5646 710 5698 licam
759 5641 1030 5697 contineri
1085 5641 1385 5695 arbitratus
1435 5648 1541 5705 est,
1581 5653 1742 5693 usum
1783 5635 1956 5691 fuisse
1997 5649 2130 5689 con-

551 5737 736 5801 tendo,
782 5744 842 5789 ut
878 5748 1038 5788 neruo
1068 5749 1314 5802 unquam
1357 5731 1422 5786 de
1463 5731 1585 5799 ejus
1615 5728 1720 5784 ﬁde
1752 5736 1847 5781 ant
1890 5728 1957 5782 de
1992 5724 2130 5780 scri-

479 5874 487 5892 ..
551 5831 678 5901 t-tis,
710 5845 830 5904 qua:
868 5828 956 5884 ille
980 5844 1077 5901 pro
1105 5826 1428 5884 indubitatis
1459 5824 1672 5893 habuit,
1699 5831 1888 5895 postea
1919 5821 2134 5878 dubita-

2245 4640 2423 4696 neque
2475 4623 2798 4686 Eusebium,
2833 4621 2930 4676 sed
2984 4634 3086 4675 nos
3134 4617 3372 4672 oscitare
3421 4616 3657 4686 putavit,
3706 4631 3836 4670 cum

2243 4719 2344 4771 ista
2389 4714 2676 4770 scriberet.
2729 4709 2998 4780 Quisquis
3033 4709 3127 4764 illa
3169 4709 3323 4773 loca,
3357 4723 3478 4776 qua:
3506 4722 3572 4760 ex
3599 4705 3835 4775 epistola

2240 4806 2527 4878 Polycarpi
2578 4803 2829 4858 recitavit
2876 4800 3184 4864 Eusebius,
3237 4798 3560 4868 pet-legerit,
3619 4797 3831 4852 nullam

2243 4901 2384 4953 inter
2415 4915 2478 4954 ea
2521 4913 2781 4966 pugnam,
2827 4896 3036 4949 nullam
3086 4893 3170 4948 vel
3224 4891 3686 4946 contradictionis
3711 4907 3836 4944 um-

2240 4993 2390 5048 braut
2440 5006 2565 5046 esse
2619 4989 2992 5044 confitebitur.
3043 4987 3151 5041 Sed
3189 4986 3258 5038 ad
3289 4985 3485 5039 calcent
3513 4984 3618 5037 loci
3650 4993 3835 5052 poste-

2240 5084 2420 5148 rioris,
2451 5081 2650 5150 inquit,
2679 5077 2888 5148 aliquid
2921 5078 3029 5132 tale
3051 5075 3343 5147 reperitur.
3375 5073 3578 5130 Verum
3619 5090 3684 5128 ea
3709 5090 3836 5144 qua:

2240 5186 2370 5230 sunt
2403 5177 2471 5228 ad
2502 5174 2698 5228 calcem
2724 5188 2834 5227 non
2869 5171 3120 5225 recitavit
3148 5168 3456 5223 Eusebius:
3491 5166 3630 5220 falso
3662 5167 3835 5236 igitur

2240 5269 2528 5332 asset-itur,
2560 5267 2678 5320 loca
2726 5280 2849 5335 qum
2879 5262 3134 5318 recitavit
3176 5262 3318 5314 inter
3352 5276 3412 5314 se
3444 5276 3691 5330 pugnare
3733 5277 3746 5312 :
3781 5269 3838 5315 et

2239 5363 2287 5416 si
2318 5362 2427 5416 ulla
2474 5375 2654 5430 pugna
2703 5367 2870 5421 esset,
2904 5363 3176 5427 pugnaret
3209 5355 3364 5408 locus
3387 5369 3551 5422 quem
3578 5351 3836 5406 recitavit

2238 5469 2365 5510 cum
2393 5468 2459 5506 eo
2490 5466 2653 5520 quem
2685 5465 2793 5505 non
2825 5448 3100 5513 recitavit,
3133 5456 3188 5501 et
3224 5444 3386 5515 cujus
3413 5445 3566 5498 solus
3597 5442 3834 5497 Photius

2240 5542 2512 5608 meminit,
2546 5541 2798 5611 pluribus
2828 5554 2994 5610 quam
3025 5536 3341 5609 quingentis
3371 5545 3496 5603 post
3527 5533 3829 5588 Eusebium

2239 5635 2434 5689 annis:
2470 5649 2644 5703 neque
2690 5641 2873 5686 tamen
2923 5631 3032 5684 ulla
3087 5631 3232 5683 inter
3259 5627 3568 5682 Eusebiana
3596 5635 3651 5679 et
3683 5625 3839 5677 Plio-

2242 5728 2387 5781 tiana
2418 5741 2599 5794 pugna
2637 5733 2741 5788 est,
2768 5733 2827 5778 ut
2878 5739 2980 5778 nos
3034 5721 3154 5776 fuse
3180 5721 3558 5790 probavimus.
3585 5717 3747 5772 Certe
3780 5733 3828 5770 st

2245 5820 2333 5876 hic
2366 5818 2684 5876 oscitaverit
2725 5815 3018 5883 Eusebius,
3059 5814 3313 5872 oscitavit
3342 5821 3395 5871 et
3427 5820 3539 5868 tota
3579 5809 3826 5868 Ecclesia
