  <div class='ocr_page' id='page_1' title='image "/cluster/home/n/w/nwhite01/storage/ocr_20150623/5/coo.31924054872845/102.png"; bbox 0 0 4078 6430; ppageno 0'>
   <div class='ocr_carea' id='block_1_1' title="bbox 359 395 479 451">
    <p class='ocr_par' dir='ltr' id='par_1_1' title="bbox 359 395 479 451">
     <span class='ocr_line' id='line_1_1' title="bbox 359 395 479 451; baseline 0.017 -2"><span class='ocrx_word' id='word_1_1' title='bbox 359 395 479 451; x_wconf 74' lang='grc'><strong>189</strong></span> 
     </span>
    </p>
   </div>
   <div class='ocr_carea' id='block_1_2' title="bbox 1128 389 2842 453">
    <p class='ocr_par' dir='ltr' id='par_1_2' title="bbox 1128 389 2842 453">
     <span class='ocr_line' id='line_1_2' title="bbox 1128 389 2842 453; baseline 0.004 -6"><span class='ocrx_word' id='word_1_2' title='bbox 1128 392 1178 448; x_wconf 75' lang='grc' dir='ltr'><strong>Ι.</strong></span> <span class='ocrx_word' id='word_1_3' title='bbox 1229 390 1596 447; x_wconf 81' lang='lat' dir='ltr'><strong>PEARSONll</strong></span> <span class='ocrx_word' id='word_1_4' title='bbox 1652 389 1976 446; x_wconf 65' lang='lat' dir='ltr'><strong>VlNDlClIE</strong></span> <span class='ocrx_word' id='word_1_5' title='bbox 2006 390 2433 449; x_wconf 65' lang='lat' dir='ltr'><strong>lGNATlANIE.</strong></span> <span class='ocrx_word' id='word_1_6' title='bbox 2473 426 2542 435; x_wconf 91' lang='lat'><strong>—-</strong></span> <span class='ocrx_word' id='word_1_7' title='bbox 2579 395 2759 452; x_wconf 79' lang='lat' dir='ltr'><strong>PARS</strong></span> <span class='ocrx_word' id='word_1_8' title='bbox 2801 397 2842 453; x_wconf 90' lang='grc' dir='ltr'><strong>Ι.</strong></span> 
     </span>
    </p>
   </div>
   <div class='ocr_carea' id='block_1_3' title="bbox 3543 407 3656 461">
    <p class='ocr_par' dir='ltr' id='par_1_3' title="bbox 3543 407 3656 461">
     <span class='ocr_line' id='line_1_3' title="bbox 3543 407 3656 461; baseline 0.027 -3"><span class='ocrx_word' id='word_1_9' title='bbox 3543 407 3656 461; x_wconf 65' lang='grc'><strong>’190</strong></span> 
     </span>
    </p>
   </div>
   <div class='ocr_carea' id='block_1_4' title="bbox 353 510 3652 587">
    <p class='ocr_par' dir='ltr' id='par_1_4' title="bbox 353 510 3652 587">
     <span class='ocr_line' id='line_1_4' title="bbox 353 510 3652 587; baseline 0.003 -21"><span class='ocrx_word' id='word_1_10' title='bbox 353 515 638 578; x_wconf 79' lang='lat' dir='ltr'><strong>Asiatica,</strong></span> <span class='ocrx_word' id='word_1_11' title='bbox 669 529 793 583; x_wconf 64' lang='lat' dir='ltr'><strong>qua:</strong></span> <span class='ocrx_word' id='word_1_12' title='bbox 824 520 991 568; x_wconf 91' lang='lat' dir='ltr'><strong>totam</strong></span> <span class='ocrx_word' id='word_1_13' title='bbox 1024 511 1314 582; x_wconf 76' lang='lat' dir='ltr'><strong>epistolam</strong></span> <span class='ocrx_word' id='word_1_14' title='bbox 1362 528 1528 581; x_wconf 87' lang='lat' dir='ltr'><strong>quam</strong></span> <span class='ocrx_word' id='word_1_15' title='bbox 1569 511 1758 567; x_wconf 89' lang='lat' dir='ltr'><strong>citavit</strong></span> <span class='ocrx_word' id='word_1_16' title='bbox 1795 510 1965 566; x_wconf 87' lang='lat' dir='ltr'><strong>Euse-</strong></span> <span class='ocrx_word' id='word_1_17' title='bbox 1993 516 2041 572; x_wconf 80' lang='grc' dir='ltr'><strong>Α</strong></span> <span class='ocrx_word' id='word_1_18' title='bbox 2141 510 2308 567; x_wconf 84' lang='lat' dir='ltr'><strong>Levia</strong></span> <span class='ocrx_word' id='word_1_19' title='bbox 2335 512 2452 567; x_wconf 73' lang='lat' dir='ltr'><strong>haec</strong></span> <span class='ocrx_word' id='word_1_20' title='bbox 2480 524 2610 568; x_wconf 90' lang='lat' dir='ltr'><strong>sunt</strong></span> <span class='ocrx_word' id='word_1_21' title='bbox 2635 532 2745 584; x_wconf 67' lang='lat' dir='ltr'><strong>prae</strong></span> <span class='ocrx_word' id='word_1_22' title='bbox 2781 517 2850 570; x_wconf 92' lang='lat' dir='ltr'><strong>iis</strong></span> <span class='ocrx_word' id='word_1_23' title='bbox 2879 532 3002 585; x_wconf 78' lang='lat' dir='ltr'><strong>qua:</strong></span> <span class='ocrx_word' id='word_1_24' title='bbox 3024 527 3350 587; x_wconf 90' lang='lat' dir='ltr'><strong>sequuntur.</strong></span> <span class='ocrx_word' id='word_1_25' title='bbox 3386 520 3481 574; x_wconf 89' lang='lat' dir='ltr'><strong>llic</strong></span> <span class='ocrx_word' id='word_1_26' title='bbox 3507 524 3652 576; x_wconf 85' lang='lat' dir='ltr'><strong>enim</strong></span> 
     </span>
    </p>
   </div>
   <div class='ocr_carea' id='block_1_5' title="bbox 363 604 1503 675">
    <p class='ocr_par' dir='ltr' id='par_1_5' title="bbox 363 604 1503 675">
     <span class='ocr_line' id='line_1_5' title="bbox 363 604 1503 675; baseline -0.002 -15"><span class='ocrx_word' id='word_1_27' title='bbox 363 607 526 670; x_wconf 81' lang='lat' dir='ltr'><strong>hius,</strong></span> <span class='ocrx_word' id='word_1_28' title='bbox 558 621 656 675; x_wconf 91' lang='lat' dir='ltr'><strong>per</strong></span> <span class='ocrx_word' id='word_1_29' title='bbox 683 615 760 660; x_wconf 91' lang='lat' dir='ltr'><strong>tot</strong></span> <span class='ocrx_word' id='word_1_30' title='bbox 787 605 986 661; x_wconf 69' lang='lat' dir='ltr'><strong>saecula</strong></span> <span class='ocrx_word' id='word_1_31' title='bbox 1020 604 1238 675; x_wconf 84' lang='lat' dir='ltr'><strong>publice</strong></span> <span class='ocrx_word' id='word_1_32' title='bbox 1269 604 1503 674; x_wconf 79' lang='lat' dir='ltr'><strong>legebat.</strong></span> 
     </span>
    </p>
   </div>
   <div class='ocr_carea' id='block_1_6' title="bbox 433 695 1964 770">
    <p class='ocr_par' dir='ltr' id='par_1_6' title="bbox 433 695 1964 770">
     <span class='ocr_line' id='line_1_6' title="bbox 433 695 1964 770; baseline -0.001 -18"><span class='ocrx_word' id='word_1_33' title='bbox 433 699 665 768; x_wconf 81' lang='lat' dir='ltr'><strong>Optime</strong></span> <span class='ocrx_word' id='word_1_34' title='bbox 696 701 864 770; x_wconf 92' lang='lat' dir='ltr'><strong>igitur</strong></span> <span class='ocrx_word' id='word_1_35' title='bbox 891 701 1046 754; x_wconf 90' lang='lat' dir='ltr'><strong>novit</strong></span> <span class='ocrx_word' id='word_1_36' title='bbox 1073 697 1366 760; x_wconf 88' lang='lat' dir='ltr'><strong>Eusebius,</strong></span> <span class='ocrx_word' id='word_1_37' title='bbox 1394 697 1514 750; x_wconf 89' lang='lat' dir='ltr'><strong>loca</strong></span> <span class='ocrx_word' id='word_1_38' title='bbox 1541 698 1655 750; x_wconf 81' lang='lat' dir='ltr'><strong>h:ec</strong></span> <span class='ocrx_word' id='word_1_39' title='bbox 1678 695 1964 767; x_wconf 82' lang='lat' dir='ltr'><strong>Polycarpi</strong></span> 
     </span>
    </p>
   </div>
   <div class='ocr_carea' id='block_1_7' title="bbox 353 787 1962 860">
    <p class='ocr_par' dir='ltr' id='par_1_7' title="bbox 353 787 1962 860">
     <span class='ocr_line' id='line_1_7' title="bbox 353 787 1962 860; baseline -0.001 -14"><span class='ocrx_word' id='word_1_40' title='bbox 353 803 414 846; x_wconf 83' lang='lat' dir='ltr'><strong>et</strong></span> <span class='ocrx_word' id='word_1_41' title='bbox 451 791 648 845; x_wconf 72' lang='lat' dir='ltr'><strong>Irentei</strong></span> <span class='ocrx_word' id='word_1_42' title='bbox 699 791 1074 846; x_wconf 88' lang='lat' dir='ltr'><strong>indubitatum</strong></span> <span class='ocrx_word' id='word_1_43' title='bbox 1109 789 1403 860; x_wconf 88' lang='lat' dir='ltr'><strong>lgnatianis</strong></span> <span class='ocrx_word' id='word_1_44' title='bbox 1443 787 1690 857; x_wconf 83' lang='lat' dir='ltr'><strong>epistolis</strong></span> <span class='ocrx_word' id='word_1_45' title='bbox 1721 789 1962 844; x_wconf 56' lang='lat' dir='ltr'><strong>testimov</strong></span> 
     </span>
    </p>
   </div>
   <div class='ocr_carea' id='block_1_8' title="bbox 355 881 1966 954">
    <p class='ocr_par' dir='ltr' id='par_1_8' title="bbox 355 881 1966 954">
     <span class='ocr_line' id='line_1_8' title="bbox 355 881 1966 954; baseline -0.003 -15"><span class='ocrx_word' id='word_1_46' title='bbox 355 885 520 939; x_wconf 90' lang='lat' dir='ltr'><strong>nium</strong></span> <span class='ocrx_word' id='word_1_47' title='bbox 567 886 860 954; x_wconf 74' lang='lat' dir='ltr'><strong>przebcre:</strong></span> <span class='ocrx_word' id='word_1_48' title='bbox 905 899 1083 954; x_wconf 90' lang='lat' dir='ltr'><strong>neque</strong></span> <span class='ocrx_word' id='word_1_49' title='bbox 1127 883 1233 937; x_wconf 89' lang='lat' dir='ltr'><strong>alia</strong></span> <span class='ocrx_word' id='word_1_50' title='bbox 1282 882 1540 936; x_wconf 84' lang='lat' dir='ltr'><strong>adhibere</strong></span> <span class='ocrx_word' id='word_1_51' title='bbox 1587 882 1783 946; x_wconf 88' lang='lat' dir='ltr'><strong>voluit,</strong></span> <span class='ocrx_word' id='word_1_52' title='bbox 1839 881 1966 935; x_wconf 90' lang='lat' dir='ltr'><strong>licet</strong></span> 
     </span>
    </p>
   </div>
   <div class='ocr_carea' id='block_1_9' title="bbox 357 972 1963 1045">
    <p class='ocr_par' dir='ltr' id='par_1_9' title="bbox 357 972 1963 1045">
     <span class='ocr_line' id='line_1_9' title="bbox 357 972 1963 1045; baseline -0.002 -15"><span class='ocrx_word' id='word_1_53' title='bbox 357 977 486 1031; x_wconf 77' lang='lat' dir='ltr'><strong>sine</strong></span> <span class='ocrx_word' id='word_1_54' title='bbox 513 979 672 1030; x_wconf 90' lang='lat' dir='ltr'><strong>omni</strong></span> <span class='ocrx_word' id='word_1_55' title='bbox 717 976 888 1031; x_wconf 91' lang='lat' dir='ltr'><strong>dubio</strong></span> <span class='ocrx_word' id='word_1_56' title='bbox 914 975 1072 1045; x_wconf 90' lang='lat' dir='ltr'><strong>plura</strong></span> <span class='ocrx_word' id='word_1_57' title='bbox 1104 974 1396 1044; x_wconf 89' lang='lat' dir='ltr'><strong>potuisset.</strong></span> <span class='ocrx_word' id='word_1_58' title='bbox 1430 972 1564 1027; x_wconf 87' lang='lat' dir='ltr'><strong>Post</strong></span> <span class='ocrx_word' id='word_1_59' title='bbox 1593 974 1738 1027; x_wconf 89' lang='lat' dir='ltr'><strong>enim</strong></span> <span class='ocrx_word' id='word_1_60' title='bbox 1779 973 1963 1027; x_wconf 87' lang='lat' dir='ltr'><strong>animo</strong></span> 
     </span>
    </p>
   </div>
   <div class='ocr_carea' id='block_1_10' title="bbox 353 1063 1963 1132">
    <p class='ocr_par' dir='ltr' id='par_1_10' title="bbox 353 1063 1963 1132">
     <span class='ocr_line' id='line_1_10' title="bbox 353 1063 1963 1132; baseline 0 -14"><span class='ocrx_word' id='word_1_61' title='bbox 353 1071 694 1132; x_wconf 77' lang='lat' dir='ltr'><strong>conceptam</strong></span> <span class='ocrx_word' id='word_1_62' title='bbox 728 1064 872 1118; x_wconf 87' lang='lat' dir='ltr'><strong>hanc</strong></span> <span class='ocrx_word' id='word_1_63' title='bbox 899 1063 1216 1131; x_wconf 88' lang='lat' dir='ltr'><strong>opinionem</strong></span> <span class='ocrx_word' id='word_1_64' title='bbox 1242 1104 1256 1127; x_wconf 93' lang='lat'><strong>,</strong></span> <span class='ocrx_word' id='word_1_65' title='bbox 1289 1078 1556 1132; x_wconf 81' lang='lat' dir='ltr'><strong>quorsum</strong></span> <span class='ocrx_word' id='word_1_66' title='bbox 1604 1063 1744 1118; x_wconf 89' lang='lat' dir='ltr'><strong>alios</strong></span> <span class='ocrx_word' id='word_1_67' title='bbox 1776 1073 1963 1132; x_wconf 88' lang='lat' dir='ltr'><strong>poste-</strong></span> 
     </span>
    </p>
   </div>
   <div class='ocr_carea' id='block_1_11' title="bbox 353 1153 1964 1222">
    <p class='ocr_par' dir='ltr' id='par_1_11' title="bbox 353 1153 1964 1222">
     <span class='ocr_line' id='line_1_11' title="bbox 353 1153 1964 1222; baseline 0.001 -15"><span class='ocrx_word' id='word_1_68' title='bbox 353 1153 540 1207; x_wconf 86' lang='lat' dir='ltr'><strong>riores</strong></span> <span class='ocrx_word' id='word_1_69' title='bbox 579 1153 935 1207; x_wconf 78' lang='lat' dir='ltr'><strong>nominaret?</strong></span> <span class='ocrx_word' id='word_1_70' title='bbox 964 1169 1065 1208; x_wconf 90' lang='lat' dir='ltr'><strong>cur</strong></span> <span class='ocrx_word' id='word_1_71' title='bbox 1094 1161 1286 1222; x_wconf 66' lang='lat' dir='ltr'><strong>praeter</strong></span> <span class='ocrx_word' id='word_1_72' title='bbox 1316 1153 1542 1208; x_wconf 87' lang='lat' dir='ltr'><strong>solitmu</strong></span> <span class='ocrx_word' id='word_1_73' title='bbox 1575 1169 1784 1208; x_wconf 89' lang='lat' dir='ltr'><strong>morem</strong></span> <span class='ocrx_word' id='word_1_74' title='bbox 1818 1155 1874 1208; x_wconf 91' lang='lat' dir='ltr'><strong>in</strong></span> <span class='ocrx_word' id='word_1_75' title='bbox 1904 1170 1964 1210; x_wconf 87' lang='lat' dir='ltr'><strong>re</strong></span> 
     </span>
    </p>
   </div>
   <div class='ocr_carea' id='block_1_12' title="bbox 353 1247 1964 1315">
    <p class='ocr_par' dir='ltr' id='par_1_12' title="bbox 353 1247 1964 1315">
     <span class='ocr_line' id='line_1_12' title="bbox 353 1247 1964 1315; baseline 0 -16"><span class='ocrx_word' id='word_1_76' title='bbox 353 1247 597 1299; x_wconf 89' lang='lat' dir='ltr'><strong>minime</strong></span> <span class='ocrx_word' id='word_1_77' title='bbox 618 1255 976 1300; x_wconf 88' lang='lat' dir='ltr'><strong>controversa</strong></span> <span class='ocrx_word' id='word_1_78' title='bbox 1006 1253 1174 1301; x_wconf 85' lang='lat' dir='ltr'><strong>testes</strong></span> <span class='ocrx_word' id='word_1_79' title='bbox 1196 1254 1521 1315; x_wconf 85' lang='lat' dir='ltr'><strong>congereret</strong></span> <span class='ocrx_word' id='word_1_80' title='bbox 1547 1254 1709 1315; x_wconf 90' lang='lat' dir='ltr'><strong>atque</strong></span> <span class='ocrx_word' id='word_1_81' title='bbox 1731 1247 1964 1301; x_wconf 88' lang='lat' dir='ltr'><strong>conden-</strong></span> 
     </span>
    </p>
   </div>
   <div class='ocr_carea' id='block_1_13' title="bbox 354 1337 1964 1408">
    <p class='ocr_par' dir='ltr' id='par_1_13' title="bbox 354 1337 1964 1408">
     <span class='ocr_line' id='line_1_13' title="bbox 354 1337 1964 1408; baseline 0.001 -16"><span class='ocrx_word' id='word_1_82' title='bbox 354 1338 553 1392; x_wconf 83' lang='lat' dir='ltr'><strong>saret?</strong></span> <span class='ocrx_word' id='word_1_83' title='bbox 603 1337 889 1392; x_wconf 88' lang='lat' dir='ltr'><strong>lnlirmum</strong></span> <span class='ocrx_word' id='word_1_84' title='bbox 941 1339 1110 1408; x_wconf 80' lang='lat' dir='ltr'><strong>igitur</strong></span> <span class='ocrx_word' id='word_1_85' title='bbox 1160 1346 1548 1407; x_wconf 82' lang='lat' dir='ltr'><strong>argumentum</strong></span> <span class='ocrx_word' id='word_1_86' title='bbox 1579 1338 1836 1408; x_wconf 89' lang='lat' dir='ltr'><strong>estquod</strong></span> <span class='ocrx_word' id='word_1_87' title='bbox 1876 1339 1964 1394; x_wconf 89' lang='lat' dir='ltr'><strong>hic</strong></span> 
     </span>
    </p>
   </div>
   <div class='ocr_carea' id='block_1_14' title="bbox 353 1429 1964 1503">
    <p class='ocr_par' dir='ltr' id='par_1_14' title="bbox 353 1429 1964 1503">
     <span class='ocr_line' id='line_1_14' title="bbox 353 1429 1964 1503; baseline 0.001 -18"><span class='ocrx_word' id='word_1_88' title='bbox 353 1434 635 1486; x_wconf 84' lang='lat' dir='ltr'><strong>adversus</strong></span> <span class='ocrx_word' id='word_1_89' title='bbox 688 1431 945 1503; x_wconf 85' lang='lat' dir='ltr'><strong>Origenis</strong></span> <span class='ocrx_word' id='word_1_90' title='bbox 992 1432 1307 1486; x_wconf 82' lang='lat' dir='ltr'><strong>testimonia</strong></span> <span class='ocrx_word' id='word_1_91' title='bbox 1359 1432 1528 1486; x_wconf 87' lang='lat' dir='ltr'><strong>nectit</strong></span> <span class='ocrx_word' id='word_1_92' title='bbox 1579 1429 1833 1487; x_wconf 79' lang='lat' dir='ltr'><strong>Dallaeus.</strong></span> <span class='ocrx_word' id='word_1_93' title='bbox 1887 1431 1964 1487; x_wconf 86' lang='lat' dir='ltr'><strong>De</strong></span> 
     </span>
    </p>
   </div>
   <div class='ocr_carea' id='block_1_15' title="bbox 355 1523 1962 1596">
    <p class='ocr_par' dir='ltr' id='par_1_15' title="bbox 355 1523 1962 1596">
     <span class='ocr_line' id='line_1_15' title="bbox 355 1523 1962 1596; baseline 0 -16"><span class='ocrx_word' id='word_1_94' title='bbox 355 1524 597 1596; x_wconf 72' lang='lat' dir='ltr'><strong>Origene</strong></span> <span class='ocrx_word' id='word_1_95' title='bbox 644 1526 853 1579; x_wconf 83' lang='lat' dir='ltr'><strong>nullum</strong></span> <span class='ocrx_word' id='word_1_96' title='bbox 895 1524 1109 1578; x_wconf 83' lang='lat' dir='ltr'><strong>verbum</strong></span> <span class='ocrx_word' id='word_1_97' title='bbox 1161 1524 1310 1594; x_wconf 83' lang='lat' dir='ltr'><strong>fecit.</strong></span> <span class='ocrx_word' id='word_1_98' title='bbox 1369 1523 1645 1590; x_wconf 87' lang='lat' dir='ltr'><strong>Quorsum</strong></span> <span class='ocrx_word' id='word_1_99' title='bbox 1699 1525 1846 1579; x_wconf 90' lang='lat' dir='ltr'><strong>enim</strong></span> <span class='ocrx_word' id='word_1_100' title='bbox 1895 1525 1962 1580; x_wconf 90' lang='lat' dir='ltr'><strong>de</strong></span> 
     </span>
    </p>
   </div>
   <div class='ocr_carea' id='block_1_16' title="bbox 350 1616 1962 1688">
    <p class='ocr_par' dir='ltr' id='par_1_16' title="bbox 350 1616 1962 1688">
     <span class='ocr_line' id='line_1_16' title="bbox 350 1616 1962 1688; baseline -0.001 -16"><span class='ocrx_word' id='word_1_101' title='bbox 350 1617 604 1688; x_wconf 84' lang='lat' dir='ltr'><strong>Origene</strong></span> <span class='ocrx_word' id='word_1_102' title='bbox 659 1619 826 1672; x_wconf 86' lang='lat' dir='ltr'><strong>verba</strong></span> <span class='ocrx_word' id='word_1_103' title='bbox 882 1617 1120 1681; x_wconf 83' lang='lat' dir='ltr'><strong>faceret,</strong></span> <span class='ocrx_word' id='word_1_104' title='bbox 1178 1630 1302 1670; x_wconf 91' lang='lat' dir='ltr'><strong>cum</strong></span> <span class='ocrx_word' id='word_1_105' title='bbox 1362 1616 1786 1684; x_wconf 85' lang='lat' dir='ltr'><strong>antiquissimos</strong></span> <span class='ocrx_word' id='word_1_106' title='bbox 1840 1616 1962 1671; x_wconf 91' lang='lat' dir='ltr'><strong>illos</strong></span> 
     </span>
    </p>
   </div>
   <div class='ocr_carea' id='block_1_17' title="bbox 348 1707 1961 1783">
    <p class='ocr_par' dir='ltr' id='par_1_17' title="bbox 348 1707 1961 1783">
     <span class='ocr_line' id='line_1_17' title="bbox 348 1707 1961 1783; baseline 0 -20"><span class='ocrx_word' id='word_1_107' title='bbox 348 1709 734 1783; x_wconf 76' lang='lat' dir='ltr'><strong>Potycarpum</strong></span> <span class='ocrx_word' id='word_1_108' title='bbox 783 1720 838 1764; x_wconf 91' lang='lat' dir='ltr'><strong>et</strong></span> <span class='ocrx_word' id='word_1_109' title='bbox 872 1709 1141 1764; x_wconf 63' lang='lat' dir='ltr'><strong>Irenaeum</strong></span> <span class='ocrx_word' id='word_1_110' title='bbox 1189 1708 1566 1764; x_wconf 85' lang='lat' dir='ltr'><strong>nominasset?</strong></span> <span class='ocrx_word' id='word_1_111' title='bbox 1617 1707 1720 1762; x_wconf 87' lang='lat' dir='ltr'><strong>Sed</strong></span> <span class='ocrx_word' id='word_1_112' title='bbox 1760 1709 1961 1779; x_wconf 80' lang='lat' dir='ltr'><strong>siquid</strong></span> 
     </span>
    </p>
   </div>
   <div class='ocr_carea' id='block_1_18' title="bbox 349 1800 1960 1872">
    <p class='ocr_par' dir='ltr' id='par_1_18' title="bbox 349 1800 1960 1872">
     <span class='ocr_line' id='line_1_18' title="bbox 349 1800 1960 1872; baseline -0.001 -16"><span class='ocrx_word' id='word_1_113' title='bbox 349 1803 450 1856; x_wconf 80' lang='lat' dir='ltr'><strong>ille</strong></span> <span class='ocrx_word' id='word_1_114' title='bbox 496 1804 570 1856; x_wconf 83' lang='lat' dir='ltr'><strong>ad</strong></span> <span class='ocrx_word' id='word_1_115' title='bbox 629 1803 728 1855; x_wconf 84' lang='lat' dir='ltr'><strong>hoc</strong></span> <span class='ocrx_word' id='word_1_116' title='bbox 777 1801 918 1872; x_wconf 73' lang='lat' dir='ltr'><strong>quod</strong></span> <span class='ocrx_word' id='word_1_117' title='bbox 975 1802 1084 1872; x_wconf 85' lang='lat' dir='ltr'><strong>agit</strong></span> <span class='ocrx_word' id='word_1_118' title='bbox 1131 1801 1264 1855; x_wconf 84' lang='lat' dir='ltr'><strong>utile</strong></span> <span class='ocrx_word' id='word_1_119' title='bbox 1310 1801 1558 1866; x_wconf 76' lang='lat' dir='ltr'><strong>dixisset,</strong></span> <span class='ocrx_word' id='word_1_120' title='bbox 1592 1800 1678 1853; x_wconf 85' lang='lat' dir='ltr'><strong>hic</strong></span> <span class='ocrx_word' id='word_1_121' title='bbox 1716 1817 1820 1853; x_wconf 82' lang='lat' dir='ltr'><strong>non</strong></span> <span class='ocrx_word' id='word_1_122' title='bbox 1848 1810 1960 1854; x_wconf 87' lang='lat' dir='ltr'><strong>erat</strong></span> 
     </span>
    </p>
   </div>
   <div class='ocr_carea' id='block_1_19' title="bbox 2068 604 3632 670">
    <p class='ocr_par' dir='ltr' id='par_1_19' title="bbox 2068 604 3632 670">
     <span class='ocr_line' id='line_1_19' title="bbox 2068 604 3632 670; baseline 0.007 -11"><span class='ocrx_word' id='word_1_123' title='bbox 2068 619 2226 659; x_wconf 86' lang='lat' dir='ltr'><strong>error</strong></span> <span class='ocrx_word' id='word_1_124' title='bbox 2256 605 2421 659; x_wconf 91' lang='lat' dir='ltr'><strong>unius</strong></span> <span class='ocrx_word' id='word_1_125' title='bbox 2450 604 2672 661; x_wconf 85' lang='lat' dir='ltr'><strong>Eusebii</strong></span> <span class='ocrx_word' id='word_1_126' title='bbox 2721 616 2886 662; x_wconf 89' lang='lat' dir='ltr'><strong>totam</strong></span> <span class='ocrx_word' id='word_1_127' title='bbox 2917 609 3218 665; x_wconf 83' lang='lat' dir='ltr'><strong>Ecclesium</strong></span> <span class='ocrx_word' id='word_1_128' title='bbox 3251 611 3456 668; x_wconf 80' lang='lat' dir='ltr'><strong>Christi</strong></span> <span class='ocrx_word' id='word_1_129' title='bbox 3489 631 3632 670; x_wconf 89' lang='lat' dir='ltr'><strong>occu-</strong></span> 
     </span>
    </p>
   </div>
   <div class='ocr_carea' id='block_1_20' title="bbox 2068 696 3652 776">
    <p class='ocr_par' dir='ltr' id='par_1_20' title="bbox 2068 696 3652 776">
     <span class='ocr_line' id='line_1_20' title="bbox 2068 696 3652 776; baseline 0.006 -26"><span class='ocrx_word' id='word_1_130' title='bbox 2068 696 2238 765; x_wconf 86' lang='lat' dir='ltr'><strong>pavit,</strong></span> <span class='ocrx_word' id='word_1_131' title='bbox 2275 696 2497 752; x_wconf 80' lang='lat' dir='ltr'><strong>infecit!</strong></span> <span class='ocrx_word' id='word_1_132' title='bbox 2553 696 2738 753; x_wconf 90' lang='lat' dir='ltr'><strong>Primo</strong></span> <span class='ocrx_word' id='word_1_133' title='bbox 2788 701 3128 758; x_wconf 86' lang='lat' dir='ltr'><strong>Athanasius</strong></span> <span class='ocrx_word' id='word_1_134' title='bbox 3164 719 3288 758; x_wconf 89' lang='lat' dir='ltr'><strong>eum</strong></span> <span class='ocrx_word' id='word_1_135' title='bbox 3324 706 3525 773; x_wconf 86' lang='lat' dir='ltr'><strong>hausit,</strong></span> <span class='ocrx_word' id='word_1_136' title='bbox 3560 709 3652 776; x_wconf 86' lang='lat' dir='ltr'><strong>qui</strong></span> 
     </span>
    </p>
   </div>
   <div class='ocr_carea' id='block_1_21' title="bbox 2066 791 3654 860">
    <p class='ocr_par' dir='ltr' id='par_1_21' title="bbox 2066 791 3654 860">
     <span class='ocr_line' id='line_1_21' title="bbox 2066 791 3654 860; baseline 0.005 -17"><span class='ocrx_word' id='word_1_137' title='bbox 2066 791 2331 860; x_wconf 84' lang='lat' dir='ltr'><strong>egregium</strong></span> <span class='ocrx_word' id='word_1_138' title='bbox 2354 794 2636 860; x_wconf 87' lang='lat' dir='ltr'><strong>quemdam</strong></span> <span class='ocrx_word' id='word_1_139' title='bbox 2665 793 2860 858; x_wconf 86' lang='lat' dir='ltr'><strong>locum,</strong></span> <span class='ocrx_word' id='word_1_140' title='bbox 2892 806 2944 848; x_wconf 90' lang='lat' dir='ltr'><strong>et</strong></span> <span class='ocrx_word' id='word_1_141' title='bbox 2969 812 3079 850; x_wconf 67' lang='lat' dir='ltr'><strong>suae</strong></span> <span class='ocrx_word' id='word_1_142' title='bbox 3102 814 3280 851; x_wconf 78' lang='lat' dir='ltr'><strong>causa:</strong></span> <span class='ocrx_word' id='word_1_143' title='bbox 3302 799 3654 853; x_wconf 77' lang='lat' dir='ltr'><strong>utilissimum</strong></span> 
     </span>
    </p>
   </div>
   <div class='ocr_carea' id='block_1_22' title="bbox 2067 881 3647 957">
    <p class='ocr_par' dir='ltr' id='par_1_22' title="bbox 2067 881 3647 957">
     <span class='ocr_line' id='line_1_22' title="bbox 2067 881 3647 957; baseline 0.007 -24"><span class='ocrx_word' id='word_1_144' title='bbox 2067 881 2120 934; x_wconf 85' lang='lat' dir='ltr'><strong>in</strong></span> <span class='ocrx_word' id='word_1_145' title='bbox 2151 882 2386 951; x_wconf 81' lang='lat' dir='ltr'><strong>epistolis</strong></span> <span class='ocrx_word' id='word_1_146' title='bbox 2426 897 2612 938; x_wconf 87' lang='lat' dir='ltr'><strong>nactus</strong></span> <span class='ocrx_word' id='word_1_147' title='bbox 2660 883 2862 956; x_wconf 85' lang='lat' dir='ltr'><strong>Ignatii</strong></span> <span class='ocrx_word' id='word_1_148' title='bbox 2888 928 2902 951; x_wconf 92' lang='lat'><strong>,</strong></span> <span class='ocrx_word' id='word_1_149' title='bbox 2954 904 3074 940; x_wconf 90' lang='lat' dir='ltr'><strong>eum</strong></span> <span class='ocrx_word' id='word_1_150' title='bbox 3122 891 3332 944; x_wconf 81' lang='lat' dir='ltr'><strong>nomine</strong></span> <span class='ocrx_word' id='word_1_151' title='bbox 3375 891 3647 957; x_wconf 78' lang='lat' dir='ltr'><strong>laudavit,</strong></span> 
     </span>
    </p>
   </div>
   <div class='ocr_carea' id='block_1_23' title="bbox 2067 975 3651 1052">
    <p class='ocr_par' dir='ltr' id='par_1_23' title="bbox 2067 975 3651 1052">
     <span class='ocr_line' id='line_1_23' title="bbox 2067 975 3651 1052; baseline 0.008 -24"><span class='ocrx_word' id='word_1_152' title='bbox 2067 975 2163 1029; x_wconf 88' lang='lat' dir='ltr'><strong>sed</strong></span> <span class='ocrx_word' id='word_1_153' title='bbox 2209 975 2300 1030; x_wconf 90' lang='lat' dir='ltr'><strong>ille</strong></span> <span class='ocrx_word' id='word_1_154' title='bbox 2349 977 2593 1044; x_wconf 87' lang='lat' dir='ltr'><strong>deceptus</strong></span> <span class='ocrx_word' id='word_1_155' title='bbox 2635 989 2712 1034; x_wconf 87' lang='lat' dir='ltr'><strong>est</strong></span> <span class='ocrx_word' id='word_1_156' title='bbox 2728 997 2748 1043; x_wconf 88' lang='lat'><strong>;</strong></span> <span class='ocrx_word' id='word_1_157' title='bbox 2780 980 2917 1033; x_wconf 78' lang='lat' dir='ltr'><strong>nihil</strong></span> <span class='ocrx_word' id='word_1_158' title='bbox 2949 983 3169 1050; x_wconf 87' lang='lat' dir='ltr'><strong>quidem</strong></span> <span class='ocrx_word' id='word_1_159' title='bbox 3222 986 3455 1052; x_wconf 82' lang='lat' dir='ltr'><strong>peccavit</strong></span> <span class='ocrx_word' id='word_1_160' title='bbox 3501 985 3651 1048; x_wconf 84' lang='lat' dir='ltr'><strong>(hoc</strong></span> 
     </span>
    </p>
   </div>
   <div class='ocr_carea' id='block_1_24' title="bbox 2067 1067 3648 1142">
    <p class='ocr_par' dir='ltr' id='par_1_24' title="bbox 2067 1067 3648 1142">
     <span class='ocr_line' id='line_1_24' title="bbox 2067 1067 3648 1142; baseline 0.005 -22"><span class='ocrx_word' id='word_1_161' title='bbox 2067 1067 2300 1137; x_wconf 83' lang='lat' dir='ltr'><strong>largitur</strong></span> <span class='ocrx_word' id='word_1_162' title='bbox 2329 1069 2414 1123; x_wconf 89' lang='lat' dir='ltr'><strong>vir</strong></span> <span class='ocrx_word' id='word_1_163' title='bbox 2439 1070 2858 1142; x_wconf 88' lang='lat' dir='ltr'><strong>doctissimus),</strong></span> <span class='ocrx_word' id='word_1_164' title='bbox 2892 1074 2986 1127; x_wconf 88' lang='lat' dir='ltr'><strong>sed</strong></span> <span class='ocrx_word' id='word_1_165' title='bbox 3017 1073 3083 1126; x_wconf 81' lang='lat' dir='ltr'><strong>ab</strong></span> <span class='ocrx_word' id='word_1_166' title='bbox 3114 1073 3345 1129; x_wconf 79' lang='lat' dir='ltr'><strong>Eusebio</strong></span> <span class='ocrx_word' id='word_1_167' title='bbox 3385 1084 3648 1130; x_wconf 84' lang='lat' dir='ltr'><strong>ostentata</strong></span> 
     </span>
    </p>
   </div>
   <div class='ocr_carea' id='block_1_25' title="bbox 2066 1163 3648 1232">
    <p class='ocr_par' dir='ltr' id='par_1_25' title="bbox 2066 1163 3648 1232">
     <span class='ocr_line' id='line_1_25' title="bbox 2066 1163 3648 1232; baseline 0.006 -16"><span class='ocrx_word' id='word_1_168' title='bbox 2066 1164 2386 1217; x_wconf 81' lang='lat' dir='ltr'><strong>auctoritate</strong></span> <span class='ocrx_word' id='word_1_169' title='bbox 2413 1163 2630 1218; x_wconf 84' lang='lat' dir='ltr'><strong>delusus</strong></span> <span class='ocrx_word' id='word_1_170' title='bbox 2659 1174 2758 1220; x_wconf 85' lang='lat' dir='ltr'><strong>est.</strong></span> <span class='ocrx_word' id='word_1_171' title='bbox 2784 1164 2922 1220; x_wconf 92' lang='lat' dir='ltr'><strong>Tum</strong></span> <span class='ocrx_word' id='word_1_172' title='bbox 2950 1181 3079 1222; x_wconf 89' lang='lat' dir='ltr'><strong>vero</strong></span> <span class='ocrx_word' id='word_1_173' title='bbox 3105 1167 3227 1222; x_wconf 79' lang='lat' dir='ltr'><strong>hinc</strong></span> <span class='ocrx_word' id='word_1_174' title='bbox 3254 1170 3319 1222; x_wconf 87' lang='lat' dir='ltr'><strong>ab</strong></span> <span class='ocrx_word' id='word_1_175' title='bbox 3333 1171 3648 1232; x_wconf 78' lang='lat' dir='ltr'><strong>Athanasio,</strong></span> 
     </span>
    </p>
   </div>
   <div class='ocr_carea' id='block_1_26' title="bbox 2065 1256 3632 1333">
    <p class='ocr_par' dir='ltr' id='par_1_26' title="bbox 2065 1256 3632 1333">
     <span class='ocr_line' id='line_1_26' title="bbox 2065 1256 3632 1333; baseline 0.007 -25"><span class='ocrx_word' id='word_1_176' title='bbox 2065 1256 2218 1310; x_wconf 88' lang='lat' dir='ltr'><strong>illinc</strong></span> <span class='ocrx_word' id='word_1_177' title='bbox 2240 1259 2306 1312; x_wconf 87' lang='lat' dir='ltr'><strong>ab</strong></span> <span class='ocrx_word' id='word_1_178' title='bbox 2333 1258 2562 1312; x_wconf 87' lang='lat' dir='ltr'><strong>Eusebio</strong></span> <span class='ocrx_word' id='word_1_179' title='bbox 2613 1259 2820 1314; x_wconf 82' lang='lat' dir='ltr'><strong>factum</strong></span> <span class='ocrx_word' id='word_1_180' title='bbox 2857 1271 2942 1316; x_wconf 89' lang='lat' dir='ltr'><strong>est</strong></span> <span class='ocrx_word' id='word_1_181' title='bbox 2973 1269 3030 1316; x_wconf 91' lang='lat' dir='ltr'><strong>ut</strong></span> <span class='ocrx_word' id='word_1_182' title='bbox 3061 1265 3222 1331; x_wconf 83' lang='lat' dir='ltr'><strong>pauci</strong></span> <span class='ocrx_word' id='word_1_183' title='bbox 3261 1265 3502 1333; x_wconf 83' lang='lat' dir='ltr'><strong>deinceps</strong></span> <span class='ocrx_word' id='word_1_184' title='bbox 3529 1268 3632 1333; x_wconf 77' lang='lat' dir='ltr'><strong>[ue-</strong></span> 
     </span>
    </p>
   </div>
   <div class='ocr_carea' id='block_1_27' title="bbox 2065 1351 3637 1421">
    <p class='ocr_par' dir='ltr' id='par_1_27' title="bbox 2065 1351 3637 1421">
     <span class='ocr_line' id='line_1_27' title="bbox 2065 1351 3637 1421; baseline 0.005 -17"><span class='ocrx_word' id='word_1_185' title='bbox 2065 1351 2172 1404; x_wconf 86' lang='lat' dir='ltr'><strong>rint</strong></span> <span class='ocrx_word' id='word_1_186' title='bbox 2202 1353 2293 1421; x_wconf 85' lang='lat' dir='ltr'><strong>qui</strong></span> <span class='ocrx_word' id='word_1_187' title='bbox 2327 1369 2389 1405; x_wconf 88' lang='lat' dir='ltr'><strong>ea</strong></span> <span class='ocrx_word' id='word_1_188' title='bbox 2421 1352 2563 1421; x_wconf 81' lang='lat' dir='ltr'><strong>falsa</strong></span> <span class='ocrx_word' id='word_1_189' title='bbox 2591 1369 2702 1407; x_wconf 85' lang='lat' dir='ltr'><strong>esse</strong></span> <span class='ocrx_word' id='word_1_190' title='bbox 2742 1355 3134 1409; x_wconf 77' lang='lat' dir='ltr'><strong>existimarent.</strong></span> <span class='ocrx_word' id='word_1_191' title='bbox 3183 1355 3318 1411; x_wconf 88' lang='lat' dir='ltr'><strong>Tota</strong></span> <span class='ocrx_word' id='word_1_192' title='bbox 3371 1359 3485 1414; x_wconf 74' lang='lat' dir='ltr'><strong>haec</strong></span> <span class='ocrx_word' id='word_1_193' title='bbox 3520 1375 3637 1412; x_wconf 86' lang='lat' dir='ltr'><strong>con-</strong></span> 
     </span>
    </p>
   </div>
   <div class='ocr_carea' id='block_1_28' title="bbox 2059 1443 3646 1518">
    <p class='ocr_par' dir='ltr' id='par_1_28' title="bbox 2059 1443 3646 1518">
     <span class='ocr_line' id='line_1_28' title="bbox 2059 1443 3646 1518; baseline 0.003 -21"><span class='ocrx_word' id='word_1_194' title='bbox 2059 1443 2423 1513; x_wconf 89' lang='lat' dir='ltr'><strong>jecturarum,</strong></span> <span class='ocrx_word' id='word_1_195' title='bbox 2439 1445 2933 1518; x_wconf 87' lang='lat' dir='ltr'><strong>suspicionumque</strong></span> <span class='ocrx_word' id='word_1_196' title='bbox 2957 1447 3244 1516; x_wconf 80' lang='lat' dir='ltr'><strong>congeries</strong></span> <span class='ocrx_word' id='word_1_197' title='bbox 3263 1448 3410 1500; x_wconf 89' lang='lat' dir='ltr'><strong>nullo</strong></span> <span class='ocrx_word' id='word_1_198' title='bbox 3433 1449 3646 1515; x_wconf 85' lang='lat' dir='ltr'><strong>negetio</strong></span> 
     </span>
    </p>
   </div>
   <div class='ocr_carea' id='block_1_29' title="bbox 2063 1533 3652 1601">
    <p class='ocr_par' dir='ltr' id='par_1_29' title="bbox 2063 1533 3652 1601">
     <span class='ocr_line' id='line_1_29' title="bbox 2063 1533 3652 1601; baseline 0.003 -12"><span class='ocrx_word' id='word_1_199' title='bbox 2063 1533 2320 1589; x_wconf 86' lang='lat' dir='ltr'><strong>ditllatur.</strong></span> <span class='ocrx_word' id='word_1_200' title='bbox 2361 1534 2481 1601; x_wconf 83' lang='lat' dir='ltr'><strong>Qua</strong></span> <span class='ocrx_word' id='word_1_201' title='bbox 2506 1537 2653 1591; x_wconf 86' lang='lat' dir='ltr'><strong>enim</strong></span> <span class='ocrx_word' id='word_1_202' title='bbox 2699 1537 2897 1592; x_wconf 88' lang='lat' dir='ltr'><strong>liducia</strong></span> <span class='ocrx_word' id='word_1_203' title='bbox 2942 1539 3283 1594; x_wconf 81' lang='lat' dir='ltr'><strong>Athanasius</strong></span> <span class='ocrx_word' id='word_1_204' title='bbox 3313 1541 3381 1592; x_wconf 92' lang='lat' dir='ltr'><strong>ah</strong></span> <span class='ocrx_word' id='word_1_205' title='bbox 3414 1538 3652 1594; x_wconf 88' lang='lat' dir='ltr'><strong>Eusebio</strong></span> 
     </span>
    </p>
   </div>
   <div class='ocr_carea' id='block_1_30' title="bbox 2064 1622 3648 1702">
    <p class='ocr_par' dir='ltr' id='par_1_30' title="bbox 2064 1622 3648 1702">
     <span class='ocr_line' id='line_1_30' title="bbox 2064 1622 3648 1702; baseline 0.002 -21"><span class='ocrx_word' id='word_1_206' title='bbox 2064 1622 2291 1683; x_wconf 87' lang='lat' dir='ltr'><strong>delusus</strong></span> <span class='ocrx_word' id='word_1_207' title='bbox 2336 1628 2509 1684; x_wconf 84' lang='lat' dir='ltr'><strong>fuisse</strong></span> <span class='ocrx_word' id='word_1_208' title='bbox 2541 1629 2768 1696; x_wconf 91' lang='lat' dir='ltr'><strong>dicitur,</strong></span> <span class='ocrx_word' id='word_1_209' title='bbox 2795 1631 2887 1698; x_wconf 91' lang='lat' dir='ltr'><strong>qui</strong></span> <span class='ocrx_word' id='word_1_210' title='bbox 2918 1630 3281 1702; x_wconf 84' lang='lat' dir='ltr'><strong>Polycarputn</strong></span> <span class='ocrx_word' id='word_1_211' title='bbox 3307 1641 3362 1683; x_wconf 88' lang='lat' dir='ltr'><strong>et</strong></span> <span class='ocrx_word' id='word_1_212' title='bbox 3389 1630 3648 1685; x_wconf 77' lang='lat' dir='ltr'><strong>Irenaeum</strong></span> 
     </span>
    </p>
   </div>
   <div class='ocr_carea' id='block_1_31' title="bbox 2064 1720 3648 1792">
    <p class='ocr_par' dir='ltr' id='par_1_31' title="bbox 2064 1720 3648 1792">
     <span class='ocr_line' id='line_1_31' title="bbox 2064 1720 3648 1792; baseline 0.002 -20"><span class='ocrx_word' id='word_1_213' title='bbox 2064 1733 2171 1772; x_wconf 90' lang='lat' dir='ltr'><strong>non</strong></span> <span class='ocrx_word' id='word_1_214' title='bbox 2206 1720 2392 1775; x_wconf 86' lang='lat' dir='ltr'><strong>minus</strong></span> <span class='ocrx_word' id='word_1_215' title='bbox 2420 1735 2585 1789; x_wconf 88' lang='lat' dir='ltr'><strong>quam</strong></span> <span class='ocrx_word' id='word_1_216' title='bbox 2611 1720 2882 1777; x_wconf 83' lang='lat' dir='ltr'><strong>Eusebius</strong></span> <span class='ocrx_word' id='word_1_217' title='bbox 2915 1723 3155 1792; x_wconf 81' lang='lat' dir='ltr'><strong>legerat?</strong></span> <span class='ocrx_word' id='word_1_218' title='bbox 3189 1722 3301 1777; x_wconf 83' lang='lat' dir='ltr'><strong>Cur</strong></span> <span class='ocrx_word' id='word_1_219' title='bbox 3342 1722 3648 1776; x_wconf 86' lang='lat' dir='ltr'><strong>Athanasio</strong></span> 
     </span>
    </p>
   </div>
   <div class='ocr_carea' id='block_1_32' title="bbox 2068 1810 3642 1884">
    <p class='ocr_par' dir='ltr' id='par_1_32' title="bbox 2068 1810 3642 1884">
     <span class='ocr_line' id='line_1_32' title="bbox 2068 1810 3642 1884; baseline 0.001 -20"><span class='ocrx_word' id='word_1_220' title='bbox 2068 1825 2178 1864; x_wconf 87' lang='lat' dir='ltr'><strong>non</strong></span> <span class='ocrx_word' id='word_1_221' title='bbox 2203 1811 2388 1867; x_wconf 90' lang='lat' dir='ltr'><strong>minus</strong></span> <span class='ocrx_word' id='word_1_222' title='bbox 2409 1827 2574 1881; x_wconf 86' lang='lat' dir='ltr'><strong>quam</strong></span> <span class='ocrx_word' id='word_1_223' title='bbox 2607 1810 2868 1878; x_wconf 86' lang='lat' dir='ltr'><strong>Eusebio,</strong></span> <span class='ocrx_word' id='word_1_224' title='bbox 2899 1814 3184 1883; x_wconf 85' lang='lat' dir='ltr'><strong>imponere</strong></span> <span class='ocrx_word' id='word_1_225' title='bbox 3215 1823 3513 1884; x_wconf 87' lang='lat' dir='ltr'><strong>potuerunt</strong></span> <span class='ocrx_word' id='word_1_226' title='bbox 3544 1813 3642 1867; x_wconf 89' lang='lat' dir='ltr'><strong>Po-</strong></span> 
     </span>
    </p>
   </div>
   <div class='ocr_carea' id='block_1_33' title="bbox 352 1869 1957 1974">
    <p class='ocr_par' dir='ltr' id='par_1_33' title="bbox 352 1890 1957 1964">
     <span class='ocr_line' id='line_1_33' title="bbox 352 1890 1957 1964; baseline -0.002 -17"><span class='ocrx_word' id='word_1_227' title='bbox 352 1896 701 1960; x_wconf 85' lang='lat' dir='ltr'><strong>omissurus,</strong></span> <span class='ocrx_word' id='word_1_228' title='bbox 744 1910 848 1964; x_wconf 87' lang='lat' dir='ltr'><strong>quo</strong></span> <span class='ocrx_word' id='word_1_229' title='bbox 898 1909 1046 1947; x_wconf 88' lang='lat' dir='ltr'><strong>nemo</strong></span> <span class='ocrx_word' id='word_1_230' title='bbox 1100 1909 1332 1962; x_wconf 84' lang='lat' dir='ltr'><strong>unquam</strong></span> <span class='ocrx_word' id='word_1_231' title='bbox 1376 1891 1672 1945; x_wconf 76' lang='lat' dir='ltr'><strong>studiosius</strong></span> <span class='ocrx_word' id='word_1_232' title='bbox 1715 1890 1957 1962; x_wconf 85' lang='lat' dir='ltr'><strong>Origenis</strong></span> 
     </span>
    </p>
   </div>
   <div class='ocr_carea' id='block_1_34' title="bbox 2061 1869 3649 1974">
    <p class='ocr_par' dir='ltr' id='par_1_34' title="bbox 2067 1903 3649 1974">
     <span class='ocr_line' id='line_1_34' title="bbox 2067 1903 3649 1974; baseline 0.001 -18"><span class='ocrx_word' id='word_1_233' title='bbox 2067 1903 2319 1974; x_wconf 86' lang='lat' dir='ltr'><strong>lycarpus</strong></span> <span class='ocrx_word' id='word_1_234' title='bbox 2363 1914 2418 1958; x_wconf 87' lang='lat' dir='ltr'><strong>et</strong></span> <span class='ocrx_word' id='word_1_235' title='bbox 2470 1903 2732 1972; x_wconf 73' lang='lat' dir='ltr'><strong>lrenseus,</strong></span> <span class='ocrx_word' id='word_1_236' title='bbox 2785 1907 2832 1961; x_wconf 92' lang='lat' dir='ltr'><strong>si</strong></span> <span class='ocrx_word' id='word_1_237' title='bbox 2886 1907 3019 1961; x_wconf 88' lang='lat' dir='ltr'><strong>illud</strong></span> <span class='ocrx_word' id='word_1_238' title='bbox 3068 1923 3260 1962; x_wconf 82' lang='lat' dir='ltr'><strong>revera</strong></span> <span class='ocrx_word' id='word_1_239' title='bbox 3309 1909 3488 1963; x_wconf 88' lang='lat' dir='ltr'><strong>testati</strong></span> <span class='ocrx_word' id='word_1_240' title='bbox 3542 1923 3649 1961; x_wconf 89' lang='lat' dir='ltr'><strong>non</strong></span> 
     </span>
    </p>
   </div>
   <div class='ocr_carea' id='block_1_35' title="bbox 352 1985 1956 2058">
    <p class='ocr_par' dir='ltr' id='par_1_35' title="bbox 352 1985 1956 2058">
     <span class='ocr_line' id='line_1_35' title="bbox 352 1985 1956 2058; baseline 0 -19"><span class='ocrx_word' id='word_1_241' title='bbox 352 1988 529 2042; x_wconf 82' lang='lat' dir='ltr'><strong>libros</strong></span> <span class='ocrx_word' id='word_1_242' title='bbox 555 1988 708 2056; x_wconf 83' lang='lat' dir='ltr'><strong>legit.</strong></span> <span class='ocrx_word' id='word_1_243' title='bbox 738 1987 895 2058; x_wconf 81' lang='lat' dir='ltr'><strong>Legit</strong></span> <span class='ocrx_word' id='word_1_244' title='bbox 920 1986 1142 2056; x_wconf 89' lang='lat' dir='ltr'><strong>quidem</strong></span> <span class='ocrx_word' id='word_1_245' title='bbox 1166 1995 1221 2039; x_wconf 92' lang='lat' dir='ltr'><strong>et</strong></span> <span class='ocrx_word' id='word_1_246' title='bbox 1243 2000 1509 2054; x_wconf 84' lang='lat' dir='ltr'><strong>perquam</strong></span> <span class='ocrx_word' id='word_1_247' title='bbox 1542 1985 1788 2039; x_wconf 88' lang='lat' dir='ltr'><strong>studiose</strong></span> <span class='ocrx_word' id='word_1_248' title='bbox 1815 2001 1831 2050; x_wconf 91' lang='lat'><strong>;</strong></span> <span class='ocrx_word' id='word_1_249' title='bbox 1861 2001 1956 2039; x_wconf 80' lang='lat' dir='ltr'><strong>sex</strong></span> 
     </span>
    </p>
   </div>
   <div class='ocr_carea' id='block_1_36' title="bbox 350 2078 1960 2151">
    <p class='ocr_par' dir='ltr' id='par_1_36' title="bbox 350 2078 1960 2151">
     <span class='ocr_line' id='line_1_36' title="bbox 350 2078 1960 2151; baseline -0.002 -16"><span class='ocrx_word' id='word_1_250' title='bbox 350 2082 526 2136; x_wconf 85' lang='lat' dir='ltr'><strong>etiam</strong></span> <span class='ocrx_word' id='word_1_251' title='bbox 585 2083 761 2136; x_wconf 90' lang='lat' dir='ltr'><strong>libros</strong></span> <span class='ocrx_word' id='word_1_252' title='bbox 819 2081 1187 2151; x_wconf 87' lang='lat' dir='ltr'><strong>apologeticos</strong></span> <span class='ocrx_word' id='word_1_253' title='bbox 1241 2078 1431 2137; x_wconf 87' lang='lat' dir='ltr'><strong>edidit.</strong></span> <span class='ocrx_word' id='word_1_254' title='bbox 1487 2093 1740 2148; x_wconf 84' lang='lat' dir='ltr'><strong>magnam</strong></span> <span class='ocrx_word' id='word_1_255' title='bbox 1791 2079 1960 2132; x_wconf 87' lang='lat' dir='ltr'><strong>etiam</strong></span> 
     </span>
    </p>
   </div>
   <div class='ocr_carea' id='block_1_37' title="bbox 354 2169 1963 2244">
    <p class='ocr_par' dir='ltr' id='par_1_37' title="bbox 354 2169 1963 2244">
     <span class='ocr_line' id='line_1_37' title="bbox 354 2169 1963 2244; baseline 0.001 -20"><span class='ocrx_word' id='word_1_256' title='bbox 354 2184 578 2244; x_wconf 76' lang='lat' dir='ltr'><strong>partem</strong></span> <span class='ocrx_word' id='word_1_257' title='bbox 636 2173 764 2228; x_wconf 90' lang='lat' dir='ltr'><strong>libri</strong></span> <span class='ocrx_word' id='word_1_258' title='bbox 820 2173 961 2228; x_wconf 79' lang='lat' dir='ltr'><strong>sexti</strong></span> <span class='ocrx_word' id='word_1_259' title='bbox 1019 2171 1281 2225; x_wconf 73' lang='lat' dir='ltr'><strong>Historia:</strong></span> <span class='ocrx_word' id='word_1_260' title='bbox 1321 2170 1695 2224; x_wconf 68' lang='lat' dir='ltr'><strong>ecclesiastica:</strong></span> <span class='ocrx_word' id='word_1_261' title='bbox 1728 2169 1784 2223; x_wconf 90' lang='lat' dir='ltr'><strong>in</strong></span> <span class='ocrx_word' id='word_1_262' title='bbox 1813 2170 1963 2225; x_wconf 82' lang='lat' dir='ltr'><strong>illius</strong></span> 
     </span>
    </p>
   </div>
   <div class='ocr_carea' id='block_1_38' title="bbox 349 2261 1962 2332">
    <p class='ocr_par' dir='ltr' id='par_1_38' title="bbox 349 2261 1962 2332">
     <span class='ocr_line' id='line_1_38' title="bbox 349 2261 1962 2332; baseline -0.001 -14"><span class='ocrx_word' id='word_1_263' title='bbox 349 2265 530 2318; x_wconf 83' lang='lat' dir='ltr'><strong>rebus</strong></span> <span class='ocrx_word' id='word_1_264' title='bbox 571 2264 904 2319; x_wconf 89' lang='lat' dir='ltr'><strong>enarrandis</strong></span> <span class='ocrx_word' id='word_1_265' title='bbox 941 2263 1325 2332; x_wconf 79' lang='lat' dir='ltr'><strong>consumpsit:</strong></span> <span class='ocrx_word' id='word_1_266' title='bbox 1359 2261 1480 2327; x_wconf 89' lang='lat' dir='ltr'><strong>ejus</strong></span> <span class='ocrx_word' id='word_1_267' title='bbox 1522 2261 1692 2316; x_wconf 90' lang='lat' dir='ltr'><strong>libros</strong></span> <span class='ocrx_word' id='word_1_268' title='bbox 1719 2277 1864 2331; x_wconf 64' lang='lat' dir='ltr'><strong>saepe</strong></span> <span class='ocrx_word' id='word_1_269' title='bbox 1893 2261 1962 2316; x_wconf 89' lang='lat' dir='ltr'><strong>ad</strong></span> 
     </span>
    </p>
   </div>
   <div class='ocr_carea' id='block_1_39' title="bbox 354 2353 1964 2426">
    <p class='ocr_par' dir='ltr' id='par_1_39' title="bbox 354 2353 1964 2426">
     <span class='ocr_line' id='line_1_39' title="bbox 354 2353 1964 2426; baseline -0.001 -16"><span class='ocrx_word' id='word_1_270' title='bbox 354 2356 656 2412; x_wconf 83' lang='lat' dir='ltr'><strong>historiam</strong></span> <span class='ocrx_word' id='word_1_271' title='bbox 711 2356 888 2426; x_wconf 90' lang='lat' dir='ltr'><strong>ipsius</strong></span> <span class='ocrx_word' id='word_1_272' title='bbox 935 2356 1322 2410; x_wconf 82' lang='lat' dir='ltr'><strong>illustrandum</strong></span> <span class='ocrx_word' id='word_1_273' title='bbox 1364 2353 1617 2419; x_wconf 85' lang='lat' dir='ltr'><strong>advocat,</strong></span> <span class='ocrx_word' id='word_1_274' title='bbox 1650 2362 1706 2408; x_wconf 91' lang='lat' dir='ltr'><strong>et</strong></span> <span class='ocrx_word' id='word_1_275' title='bbox 1731 2354 1866 2424; x_wconf 91' lang='lat' dir='ltr'><strong>quid</strong></span> <span class='ocrx_word' id='word_1_276' title='bbox 1895 2354 1964 2409; x_wconf 88' lang='lat' dir='ltr'><strong>de</strong></span> 
     </span>
    </p>
   </div>
   <div class='ocr_carea' id='block_1_40' title="bbox 352 2445 1960 2519">
    <p class='ocr_par' dir='ltr' id='par_1_40' title="bbox 352 2445 1960 2519">
     <span class='ocr_line' id='line_1_40' title="bbox 352 2445 1960 2519; baseline 0 -17"><span class='ocrx_word' id='word_1_277' title='bbox 352 2450 518 2504; x_wconf 77' lang='lat' dir='ltr'><strong>libris</strong></span> <span class='ocrx_word' id='word_1_278' title='bbox 579 2448 639 2504; x_wconf 89' lang='lat' dir='ltr'><strong>S.</strong></span> <span class='ocrx_word' id='word_1_279' title='bbox 674 2448 972 2519; x_wconf 74' lang='lat' dir='ltr'><strong>Scripturae</strong></span> <span class='ocrx_word' id='word_1_280' title='bbox 1032 2447 1285 2508; x_wconf 89' lang='lat' dir='ltr'><strong>senserit,</strong></span> <span class='ocrx_word' id='word_1_281' title='bbox 1344 2460 1512 2514; x_wconf 90' lang='lat' dir='ltr'><strong>quam</strong></span> <span class='ocrx_word' id='word_1_282' title='bbox 1563 2445 1632 2500; x_wconf 89' lang='lat' dir='ltr'><strong>de</strong></span> <span class='ocrx_word' id='word_1_283' title='bbox 1669 2446 1960 2516; x_wconf 72' lang='lat' dir='ltr'><strong>.apostolis</strong></span> 
     </span>
    </p>
   </div>
   <div class='ocr_carea' id='block_1_41' title="bbox 351 2542 1963 2609">
    <p class='ocr_par' dir='ltr' id='par_1_41' title="bbox 351 2542 1963 2609">
     <span class='ocr_line' id='line_1_41' title="bbox 351 2542 1963 2609; baseline -0.002 -14"><span class='ocrx_word' id='word_1_284' title='bbox 351 2542 719 2596; x_wconf 86' lang='lat' dir='ltr'><strong>traditionem</strong></span> <span class='ocrx_word' id='word_1_285' title='bbox 772 2550 1063 2609; x_wconf 84' lang='lat' dir='ltr'><strong>acceperat</strong></span> <span class='ocrx_word' id='word_1_286' title='bbox 1109 2551 1377 2595; x_wconf 90' lang='lat' dir='ltr'><strong>enarrat.</strong></span> <span class='ocrx_word' id='word_1_287' title='bbox 1417 2555 1546 2596; x_wconf 92' lang='lat' dir='ltr'><strong>eum</strong></span> <span class='ocrx_word' id='word_1_288' title='bbox 1599 2549 1782 2595; x_wconf 91' lang='lat' dir='ltr'><strong>tamen</strong></span> <span class='ocrx_word' id='word_1_289' title='bbox 1819 2555 1963 2593; x_wconf 92' lang='lat' dir='ltr'><strong>nun--</strong></span> 
     </span>
    </p>
   </div>
   <div class='ocr_carea' id='block_1_42' title="bbox 351 2629 1960 2705">
    <p class='ocr_par' dir='ltr' id='par_1_42' title="bbox 351 2629 1960 2705">
     <span class='ocr_line' id='line_1_42' title="bbox 351 2629 1960 2705; baseline -0.003 -18"><span class='ocrx_word' id='word_1_290' title='bbox 351 2650 529 2705; x_wconf 86' lang='lat' dir='ltr'><strong>quam</strong></span> <span class='ocrx_word' id='word_1_291' title='bbox 587 2641 784 2687; x_wconf 86' lang='lat' dir='ltr'><strong>testem</strong></span> <span class='ocrx_word' id='word_1_292' title='bbox 815 2632 1070 2686; x_wconf 83' lang='lat' dir='ltr'><strong>adhibuit</strong></span> <span class='ocrx_word' id='word_1_293' title='bbox 1101 2633 1169 2687; x_wconf 89' lang='lat' dir='ltr'><strong>ad</strong></span> <span class='ocrx_word' id='word_1_294' title='bbox 1201 2633 1372 2687; x_wconf 90' lang='lat' dir='ltr'><strong>ullum</strong></span> <span class='ocrx_word' id='word_1_295' title='bbox 1413 2632 1842 2701; x_wconf 87' lang='lat' dir='ltr'><strong>apostolicorum</strong></span> <span class='ocrx_word' id='word_1_296' title='bbox 1876 2629 1960 2683; x_wconf 85' lang='lat' dir='ltr'><strong>vi-</strong></span> 
     </span>
    </p>
   </div>
   <div class='ocr_carea' id='block_1_43' title="bbox 353 2723 1960 2795">
    <p class='ocr_par' dir='ltr' id='par_1_43' title="bbox 353 2723 1960 2795">
     <span class='ocr_line' id='line_1_43' title="bbox 353 2723 1960 2795; baseline -0.003 -16"><span class='ocrx_word' id='word_1_297' title='bbox 353 2742 557 2781; x_wconf 76' lang='lat' dir='ltr'><strong>rerum</strong></span> <span class='ocrx_word' id='word_1_298' title='bbox 613 2725 881 2795; x_wconf 79' lang='lat' dir='ltr'><strong>scriptum</strong></span> <span class='ocrx_word' id='word_1_299' title='bbox 930 2725 1392 2779; x_wconf 83' lang='lat' dir='ltr'><strong>conﬁrmandum.</strong></span> <span class='ocrx_word' id='word_1_300' title='bbox 1426 2723 1608 2791; x_wconf 84' lang='lat' dir='ltr'><strong>Quare</strong></span> <span class='ocrx_word' id='word_1_301' title='bbox 1637 2733 1820 2778; x_wconf 89' lang='lat' dir='ltr'><strong>autem</strong></span> <span class='ocrx_word' id='word_1_302' title='bbox 1852 2736 1960 2775; x_wconf 87' lang='lat' dir='ltr'><strong>non</strong></span> 
     </span>
    </p>
   </div>
   <div class='ocr_carea' id='block_1_44' title="bbox 353 2813 1962 2888">
    <p class='ocr_par' dir='ltr' id='par_1_44' title="bbox 353 2813 1962 2888">
     <span class='ocr_line' id='line_1_44' title="bbox 353 2813 1962 2888; baseline -0.002 -18"><span class='ocrx_word' id='word_1_303' title='bbox 353 2817 414 2871; x_wconf 91' lang='lat' dir='ltr'><strong>in</strong></span> <span class='ocrx_word' id='word_1_304' title='bbox 476 2816 694 2888; x_wconf 87' lang='lat' dir='ltr'><strong>lgnatio</strong></span> <span class='ocrx_word' id='word_1_305' title='bbox 745 2831 871 2870; x_wconf 89' lang='lat' dir='ltr'><strong>eum</strong></span> <span class='ocrx_word' id='word_1_306' title='bbox 926 2815 1228 2882; x_wconf 90' lang='lat' dir='ltr'><strong>omitteret,</strong></span> <span class='ocrx_word' id='word_1_307' title='bbox 1259 2832 1422 2886; x_wconf 89' lang='lat' dir='ltr'><strong>quem</strong></span> <span class='ocrx_word' id='word_1_308' title='bbox 1463 2817 1518 2869; x_wconf 92' lang='lat' dir='ltr'><strong>in</strong></span> <span class='ocrx_word' id='word_1_309' title='bbox 1552 2815 1812 2870; x_wconf 90' lang='lat' dir='ltr'><strong>omnibus</strong></span> <span class='ocrx_word' id='word_1_310' title='bbox 1838 2813 1962 2867; x_wconf 90' lang='lat' dir='ltr'><strong>aliis</strong></span> 
     </span>
    </p>
   </div>
   <div class='ocr_carea' id='block_1_45' title="bbox 357 2904 1960 2977">
    <p class='ocr_par' dir='ltr' id='par_1_45' title="bbox 357 2904 1960 2977">
     <span class='ocr_line' id='line_1_45' title="bbox 357 2904 1960 2977; baseline -0.004 -14"><span class='ocrx_word' id='word_1_311' title='bbox 357 2909 582 2963; x_wconf 86' lang='lat' dir='ltr'><strong>omisit.</strong></span> <span class='ocrx_word' id='word_1_312' title='bbox 619 2907 793 2977; x_wconf 81' lang='lat' dir='ltr'><strong>Leges</strong></span> <span class='ocrx_word' id='word_1_313' title='bbox 837 2923 978 2976; x_wconf 89' lang='lat' dir='ltr'><strong>quas</strong></span> <span class='ocrx_word' id='word_1_314' title='bbox 1029 2907 1144 2976; x_wconf 92' lang='lat' dir='ltr'><strong>ipse</strong></span> <span class='ocrx_word' id='word_1_315' title='bbox 1187 2908 1254 2961; x_wconf 89' lang='lat' dir='ltr'><strong>ad</strong></span> <span class='ocrx_word' id='word_1_316' title='bbox 1309 2907 1703 2963; x_wconf 82' lang='lat' dir='ltr'><strong>discernendos</strong></span> <span class='ocrx_word' id='word_1_317' title='bbox 1753 2904 1960 2974; x_wconf 86' lang='lat' dir='ltr'><strong>dijudi-</strong></span> 
     </span>
    </p>
   </div>
   <div class='ocr_carea' id='block_1_46' title="bbox 353 2998 1960 3069">
    <p class='ocr_par' dir='ltr' id='par_1_46' title="bbox 353 2998 1960 3069">
     <span class='ocr_line' id='line_1_46' title="bbox 353 2998 1960 3069; baseline -0.002 -14"><span class='ocrx_word' id='word_1_318' title='bbox 353 3000 689 3069; x_wconf 87' lang='lat' dir='ltr'><strong>caudosque</strong></span> <span class='ocrx_word' id='word_1_319' title='bbox 725 3008 971 3054; x_wconf 86' lang='lat' dir='ltr'><strong>veterum</strong></span> <span class='ocrx_word' id='word_1_320' title='bbox 1025 3001 1199 3055; x_wconf 87' lang='lat' dir='ltr'><strong>libros</strong></span> <span class='ocrx_word' id='word_1_321' title='bbox 1243 3001 1460 3067; x_wconf 82' lang='lat' dir='ltr'><strong>lixerat,</strong></span> <span class='ocrx_word' id='word_1_322' title='bbox 1497 3000 1587 3054; x_wconf 91' lang='lat' dir='ltr'><strong>hic</strong></span> <span class='ocrx_word' id='word_1_323' title='bbox 1616 3000 1778 3069; x_wconf 89' lang='lat' dir='ltr'><strong>plane</strong></span> <span class='ocrx_word' id='word_1_324' title='bbox 1804 2998 1960 3068; x_wconf 84' lang='lat' dir='ltr'><strong>peni-</strong></span> 
     </span>
    </p>
   </div>
   <div class='ocr_carea' id='block_1_47' title="bbox 354 3092 1958 3164">
    <p class='ocr_par' dir='ltr' id='par_1_47' title="bbox 354 3092 1958 3164">
     <span class='ocr_line' id='line_1_47' title="bbox 354 3092 1958 3164; baseline -0.001 -18"><span class='ocrx_word' id='word_1_325' title='bbox 354 3101 569 3162; x_wconf 89' lang='lat' dir='ltr'><strong>tusque</strong></span> <span class='ocrx_word' id='word_1_326' title='bbox 598 3093 943 3157; x_wconf 83' lang='lat' dir='ltr'><strong>observavit;</strong></span> <span class='ocrx_word' id='word_1_327' title='bbox 979 3092 1264 3164; x_wconf 76' lang='grc' dir='ltr'>ἀρχαίους,</span> <span class='ocrx_word' id='word_1_328' title='bbox 1302 3093 1533 3158; x_wconf 84' lang='lat' dir='ltr'><strong>scilicet,</strong></span> <span class='ocrx_word' id='word_1_329' title='bbox 1562 3092 1958 3163; x_wconf 79' lang='grc' dir='ltr'><strong>κεχρημένους,</strong></span> 
     </span>
    </p>
   </div>
   <div class='ocr_carea' id='block_1_48' title="bbox 354 3183 1960 3255">
    <p class='ocr_par' dir='ltr' id='par_1_48' title="bbox 354 3183 1960 3255">
     <span class='ocr_line' id='line_1_48' title="bbox 354 3183 1960 3255; baseline 0 -17"><span class='ocrx_word' id='word_1_330' title='bbox 354 3184 733 3255; x_wconf 74' lang='lat' dir='ltr'><strong>Polyrarpum</strong></span> <span class='ocrx_word' id='word_1_331' title='bbox 784 3193 839 3238; x_wconf 89' lang='lat' dir='ltr'><strong>et</strong></span> <span class='ocrx_word' id='word_1_332' title='bbox 871 3183 1136 3238; x_wconf 58' lang='lat' dir='ltr'><strong>Irenaium</strong></span> <span class='ocrx_word' id='word_1_333' title='bbox 1195 3187 1518 3239; x_wconf 86' lang='lat' dir='ltr'><strong>nominavit.</strong></span> <span class='ocrx_word' id='word_1_334' title='bbox 1574 3186 1735 3239; x_wconf 83' lang='lat' dir='ltr'><strong>Sarta</strong></span> <span class='ocrx_word' id='word_1_335' title='bbox 1776 3185 1960 3253; x_wconf 85' lang='lat' dir='ltr'><strong>itaque</strong></span> 
     </span>
    </p>
   </div>
   <div class='ocr_carea' id='block_1_49' title="bbox 355 3275 1961 3346">
    <p class='ocr_par' dir='ltr' id='par_1_49' title="bbox 355 3275 1961 3346">
     <span class='ocr_line' id='line_1_49' title="bbox 355 3275 1961 3346; baseline -0.001 -13"><span class='ocrx_word' id='word_1_336' title='bbox 355 3289 504 3333; x_wconf 68' lang='lat' dir='ltr'><strong>tecta</strong></span> <span class='ocrx_word' id='word_1_337' title='bbox 555 3287 641 3333; x_wconf 85' lang='lat' dir='ltr'><strong>est</strong></span> <span class='ocrx_word' id='word_1_338' title='bbox 692 3275 912 3330; x_wconf 83' lang='lat' dir='ltr'><strong>Eusebii</strong></span> <span class='ocrx_word' id='word_1_339' title='bbox 946 3275 1251 3345; x_wconf 80' lang='lat' dir='ltr'><strong>diligentia,</strong></span> <span class='ocrx_word' id='word_1_340' title='bbox 1280 3277 1430 3331; x_wconf 88' lang='lat' dir='ltr'><strong>salva</strong></span> <span class='ocrx_word' id='word_1_341' title='bbox 1464 3275 1754 3346; x_wconf 85' lang='lat' dir='ltr'><strong>prudentia</strong></span> <span class='ocrx_word' id='word_1_342' title='bbox 1794 3285 1961 3346; x_wconf 88' lang='lat' dir='ltr'><strong>atque</strong></span> 
     </span>
    </p>
   </div>
   <div class='ocr_carea' id='block_1_50' title="bbox 353 3367 1961 3440">
    <p class='ocr_par' dir='ltr' id='par_1_50' title="bbox 353 3367 1961 3440">
     <span class='ocr_line' id='line_1_50' title="bbox 353 3367 1961 3440; baseline 0.001 -18"><span class='ocrx_word' id='word_1_343' title='bbox 353 3369 675 3440; x_wconf 82' lang='lat' dir='ltr'><strong>judicium:</strong></span> <span class='ocrx_word' id='word_1_344' title='bbox 713 3367 900 3421; x_wconf 91' lang='lat' dir='ltr'><strong>nullus</strong></span> <span class='ocrx_word' id='word_1_345' title='bbox 949 3368 1041 3421; x_wconf 88' lang='lat' dir='ltr'><strong>hic</strong></span> <span class='ocrx_word' id='word_1_346' title='bbox 1085 3383 1263 3435; x_wconf 87' lang='lat' dir='ltr'><strong>error,</strong></span> <span class='ocrx_word' id='word_1_347' title='bbox 1293 3369 1444 3423; x_wconf 91' lang='lat' dir='ltr'><strong>nulla</strong></span> <span class='ocrx_word' id='word_1_348' title='bbox 1487 3369 1767 3437; x_wconf 87' lang='lat' dir='ltr'><strong>oscitatio,</strong></span> <span class='ocrx_word' id='word_1_349' title='bbox 1811 3371 1961 3424; x_wconf 91' lang='lat' dir='ltr'><strong>nulla</strong></span> 
     </span>
    </p>
   </div>
   <div class='ocr_carea' id='block_1_51' title="bbox 359 3459 1960 3530">
    <p class='ocr_par' dir='ltr' id='par_1_51' title="bbox 359 3459 1960 3530">
     <span class='ocr_line' id='line_1_51' title="bbox 359 3459 1960 3530; baseline 0.001 -15"><span class='ocrx_word' id='word_1_350' title='bbox 359 3463 755 3525; x_wconf 86' lang='lat' dir='ltr'><strong>hallucinatio,</strong></span> <span class='ocrx_word' id='word_1_351' title='bbox 806 3475 949 3530; x_wconf 86' lang='lat' dir='ltr'><strong>quas</strong></span> <span class='ocrx_word' id='word_1_352' title='bbox 1003 3459 1237 3514; x_wconf 70' lang='lat' dir='ltr'><strong>Dallzeus</strong></span> <span class='ocrx_word' id='word_1_353' title='bbox 1285 3462 1405 3515; x_wconf 92' lang='lat' dir='ltr'><strong>sine</strong></span> <span class='ocrx_word' id='word_1_354' title='bbox 1445 3462 1557 3515; x_wconf 90' lang='lat' dir='ltr'><strong>ullo</strong></span> <span class='ocrx_word' id='word_1_355' title='bbox 1600 3460 1960 3518; x_wconf 77' lang='lat' dir='ltr'><strong>fundamento</strong></span> 
     </span>
    </p>
   </div>
   <div class='ocr_carea' id='block_1_52' title="bbox 355 3551 1957 3608">
    <p class='ocr_par' dir='ltr' id='par_1_52' title="bbox 355 3551 1957 3608">
     <span class='ocr_line' id='line_1_52' title="bbox 355 3551 1957 3608; baseline 0 -2"><span class='ocrx_word' id='word_1_356' title='bbox 355 3561 474 3607; x_wconf 88' lang='lat' dir='ltr'><strong>tam</strong></span> <span class='ocrx_word' id='word_1_357' title='bbox 507 3553 812 3606; x_wconf 89' lang='lat' dir='ltr'><strong>liberaliter</strong></span> <span class='ocrx_word' id='word_1_358' title='bbox 859 3551 1122 3605; x_wconf 71' lang='lat' dir='ltr'><strong>Historia!</strong></span> <span class='ocrx_word' id='word_1_359' title='bbox 1166 3551 1545 3606; x_wconf 76' lang='lat' dir='ltr'><strong>ecclesiastica:</strong></span> <span class='ocrx_word' id='word_1_360' title='bbox 1568 3553 1718 3608; x_wconf 81' lang='lat' dir='ltr'><strong>Patri</strong></span> <span class='ocrx_word' id='word_1_361' title='bbox 1747 3555 1957 3608; x_wconf 87' lang='lat' dir='ltr'><strong>tribuit.</strong></span> 
     </span>
    </p>
   </div>
   <div class='ocr_carea' id='block_1_53' title="bbox 354 3645 1962 3717">
    <p class='ocr_par' dir='ltr' id='par_1_53' title="bbox 354 3645 1962 3717">
     <span class='ocr_line' id='line_1_53' title="bbox 354 3645 1962 3717; baseline 0.002 -19"><span class='ocrx_word' id='word_1_362' title='bbox 354 3645 522 3700; x_wconf 78' lang='lat' dir='ltr'><strong>Nullo</strong></span> <span class='ocrx_word' id='word_1_363' title='bbox 547 3645 787 3714; x_wconf 82' lang='lat' dir='ltr'><strong>denique</strong></span> <span class='ocrx_word' id='word_1_364' title='bbox 814 3645 980 3697; x_wconf 91' lang='lat' dir='ltr'><strong>modo</strong></span> <span class='ocrx_word' id='word_1_365' title='bbox 1031 3645 1362 3701; x_wconf 86' lang='lat' dir='ltr'><strong>testimoniis</strong></span> <span class='ocrx_word' id='word_1_366' title='bbox 1394 3662 1461 3700; x_wconf 78' lang='lat' dir='ltr'><strong>ex</strong></span> <span class='ocrx_word' id='word_1_367' title='bbox 1491 3645 1727 3717; x_wconf 88' lang='lat' dir='ltr'><strong>Origene</strong></span> <span class='ocrx_word' id='word_1_368' title='bbox 1755 3649 1962 3717; x_wconf 82' lang='lat' dir='ltr'><strong>produ-</strong></span> 
     </span>
    </p>
   </div>
   <div class='ocr_carea' id='block_1_54' title="bbox 353 3736 1956 3807">
    <p class='ocr_par' dir='ltr' id='par_1_54' title="bbox 353 3736 1956 3807">
     <span class='ocr_line' id='line_1_54' title="bbox 353 3736 1956 3807; baseline 0.002 -16"><span class='ocrx_word' id='word_1_369' title='bbox 353 3739 465 3792; x_wconf 82' lang='lat' dir='ltr'><strong>(-tis</strong></span> <span class='ocrx_word' id='word_1_370' title='bbox 515 3738 841 3807; x_wconf 71' lang='lat' dir='ltr'><strong>pnejudicat</strong></span> <span class='ocrx_word' id='word_1_371' title='bbox 891 3736 1112 3792; x_wconf 85' lang='lat' dir='ltr'><strong>Eusebii</strong></span> <span class='ocrx_word' id='word_1_372' title='bbox 1157 3737 1456 3792; x_wconf 88' lang='lat' dir='ltr'><strong>silentium.</strong></span> <span class='ocrx_word' id='word_1_373' title='bbox 1513 3740 1752 3795; x_wconf 85' lang='lat' dir='ltr'><strong>Aliunde</strong></span> <span class='ocrx_word' id='word_1_374' title='bbox 1805 3742 1956 3796; x_wconf 92' lang='lat' dir='ltr'><strong>enim</strong></span> 
     </span>
    </p>
   </div>
   <div class='ocr_carea' id='block_1_55' title="bbox 357 3830 1961 3902">
    <p class='ocr_par' dir='ltr' id='par_1_55' title="bbox 357 3830 1961 3902">
     <span class='ocr_line' id='line_1_55' title="bbox 357 3830 1961 3902; baseline 0.003 -18"><span class='ocrx_word' id='word_1_375' title='bbox 357 3832 502 3884; x_wconf 90' lang='lat' dir='ltr'><strong>satis</strong></span> <span class='ocrx_word' id='word_1_376' title='bbox 531 3839 690 3886; x_wconf 88' lang='lat' dir='ltr'><strong>certo</strong></span> <span class='ocrx_word' id='word_1_377' title='bbox 749 3830 1010 3884; x_wconf 88' lang='lat' dir='ltr'><strong>novimus</strong></span> <span class='ocrx_word' id='word_1_378' title='bbox 1039 3841 1334 3898; x_wconf 86' lang='lat' dir='ltr'><strong>utrumque</strong></span> <span class='ocrx_word' id='word_1_379' title='bbox 1379 3832 1485 3886; x_wconf 89' lang='lat' dir='ltr'><strong>hoc</strong></span> <span class='ocrx_word' id='word_1_380' title='bbox 1519 3847 1657 3902; x_wconf 89' lang='lat' dir='ltr'><strong>opus</strong></span> <span class='ocrx_word' id='word_1_381' title='bbox 1684 3849 1807 3889; x_wconf 89' lang='lat' dir='ltr'><strong>esse</strong></span> <span class='ocrx_word' id='word_1_382' title='bbox 1833 3850 1961 3889; x_wconf 87' lang='lat' dir='ltr'><strong>vere</strong></span> 
     </span>
    </p>
   </div>
   <div class='ocr_carea' id='block_1_56' title="bbox 356 3920 1958 3990">
    <p class='ocr_par' dir='ltr' id='par_1_56' title="bbox 356 3920 1958 3990">
     <span class='ocr_line' id='line_1_56' title="bbox 356 3920 1958 3990; baseline 0.002 -16"><span class='ocrx_word' id='word_1_383' title='bbox 356 3920 745 3990; x_wconf 83' lang='lat' dir='ltr'><strong>Origenicum.</strong></span> <span class='ocrx_word' id='word_1_384' title='bbox 766 3920 1208 3975; x_wconf 87' lang='lat' dir='ltr'><strong>Commentarios</strong></span> <span class='ocrx_word' id='word_1_385' title='bbox 1234 3923 1286 3974; x_wconf 91' lang='lat' dir='ltr'><strong>in</strong></span> <span class='ocrx_word' id='word_1_386' title='bbox 1308 3921 1594 3977; x_wconf 85' lang='lat' dir='ltr'><strong>Canticum</strong></span> <span class='ocrx_word' id='word_1_387' title='bbox 1615 3925 1958 3979; x_wconf 88' lang='lat' dir='ltr'><strong>canticorum</strong></span> 
     </span>
    </p>
   </div>
   <div class='ocr_carea' id='block_1_57' title="bbox 352 4009 1962 4083">
    <p class='ocr_par' dir='ltr' id='par_1_57' title="bbox 352 4009 1962 4083">
     <span class='ocr_line' id='line_1_57' title="bbox 352 4009 1962 4083; baseline 0.003 -19"><span class='ocrx_word' id='word_1_388' title='bbox 352 4011 658 4079; x_wconf 82' lang='lat' dir='ltr'><strong>scripsisse</strong></span> <span class='ocrx_word' id='word_1_389' title='bbox 686 4018 918 4063; x_wconf 86' lang='lat' dir='ltr'><strong>testatur</strong></span> <span class='ocrx_word' id='word_1_390' title='bbox 952 4009 1009 4063; x_wconf 90' lang='lat' dir='ltr'><strong>S.</strong></span> <span class='ocrx_word' id='word_1_391' title='bbox 1045 4010 1343 4082; x_wconf 85' lang='lat' dir='ltr'><strong>Gregorius</strong></span> <span class='ocrx_word' id='word_1_392' title='bbox 1385 4010 1667 4083; x_wconf 80' lang='lat' dir='ltr'><strong>Nyssenus</strong></span> <span class='ocrx_word' id='word_1_393' title='bbox 1701 4015 1754 4068; x_wconf 92' lang='lat' dir='ltr'><strong>in</strong></span> <span class='ocrx_word' id='word_1_394' title='bbox 1791 4032 1962 4083; x_wconf 73' lang='lat' dir='ltr'><strong>prom-</strong></span> 
     </span>
    </p>
   </div>
   <div class='ocr_carea' id='block_1_58' title="bbox 353 4100 1960 4177">
    <p class='ocr_par' dir='ltr' id='par_1_58' title="bbox 353 4100 1960 4177">
     <span class='ocr_line' id='line_1_58' title="bbox 353 4100 1960 4177; baseline 0.004 -24"><span class='ocrx_word' id='word_1_395' title='bbox 353 4101 468 4154; x_wconf 66' lang='grc' dir='ltr'><strong>ρκἱο</strong></span> <span class='ocrx_word' id='word_1_396' title='bbox 498 4116 517 4153; x_wconf 92' lang='lat'><strong><em>:</em></strong></span> <span class='ocrx_word' id='word_1_397' title='bbox 555 4101 620 4154; x_wconf 75' lang='lat' dir='ltr'><strong>Et</strong></span> <span class='ocrx_word' id='word_1_398' title='bbox 652 4100 732 4161; x_wconf 78' lang='grc' dir='ltr'><strong>δὲ,</strong></span> <span class='ocrx_word' id='word_1_399' title='bbox 769 4100 862 4153; x_wconf 81' lang='grc' dir='ltr'><strong>τοῦ</strong></span> <span class='ocrx_word' id='word_1_400' title='bbox 909 4102 1220 4172; x_wconf 81' lang='grc' dir='ltr'><strong>Ὠριγένους</strong></span> <span class='ocrx_word' id='word_1_401' title='bbox 1269 4103 1572 4172; x_wconf 71' lang='grc' dir='ltr'><strong>φιλοπόνως</strong></span> <span class='ocrx_word' id='word_1_402' title='bbox 1605 4105 1734 4176; x_wconf 77' lang='grc' dir='ltr'>περὶ</span> <span class='ocrx_word' id='word_1_403' title='bbox 1784 4106 1844 4159; x_wconf 79' lang='grc' dir='ltr'><strong>τὸ</strong></span> <span class='ocrx_word' id='word_1_404' title='bbox 1880 4106 1960 4177; x_wconf 84' lang='grc' dir='ltr'><strong>βι-</strong></span> 
     </span>
    </p>
   </div>
   <div class='ocr_carea' id='block_1_59' title="bbox 353 4190 1961 4268">
    <p class='ocr_par' dir='ltr' id='par_1_59' title="bbox 353 4190 1961 4268">
     <span class='ocr_line' id='line_1_59' title="bbox 353 4190 1961 4268; baseline 0.002 -24"><span class='ocrx_word' id='word_1_405' title='bbox 353 4193 509 4245; x_wconf 73' lang='grc' dir='ltr'>ϐλίον</span> <span class='ocrx_word' id='word_1_406' title='bbox 545 4190 707 4245; x_wconf 76' lang='grc' dir='ltr'>τοῦτο</span> <span class='ocrx_word' id='word_1_407' title='bbox 743 4193 1165 4257; x_wconf 78' lang='grc' dir='ltr'><strong>σπουδάσαντος,</strong></span> <span class='ocrx_word' id='word_1_408' title='bbox 1204 4195 1299 4246; x_wconf 76' lang='grc' dir='ltr'>καὶ</span> <span class='ocrx_word' id='word_1_409' title='bbox 1343 4196 1506 4264; x_wconf 81' lang='grc' dir='ltr'>ἡμεῖς</span> <span class='ocrx_word' id='word_1_410' title='bbox 1540 4198 1726 4266; x_wconf 74' lang='grc' dir='ltr'>γραφῇ</span> <span class='ocrx_word' id='word_1_411' title='bbox 1779 4213 1961 4268; x_wconf 80' lang='grc' dir='ltr'><strong>παρα-</strong></span> 
     </span>
    </p>
   </div>
   <div class='ocr_carea' id='block_1_60' title="bbox 353 4284 1961 4358">
    <p class='ocr_par' dir='ltr' id='par_1_60' title="bbox 353 4284 1961 4358">
     <span class='ocr_line' id='line_1_60' title="bbox 353 4284 1961 4358; baseline 0.002 -19"><span class='ocrx_word' id='word_1_412' title='bbox 353 4284 548 4339; x_wconf 78' lang='grc' dir='ltr'><strong>δοῦναι</strong></span> <span class='ocrx_word' id='word_1_413' title='bbox 582 4285 674 4338; x_wconf 77' lang='grc' dir='ltr'><strong>τὸν</strong></span> <span class='ocrx_word' id='word_1_414' title='bbox 724 4286 887 4337; x_wconf 80' lang='grc' dir='ltr'>πόνον</span> <span class='ocrx_word' id='word_1_415' title='bbox 918 4288 950 4354; x_wconf 82' lang='grc' dir='ltr'>ἡ</span> <span class='ocrx_word' id='word_1_416' title='bbox 962 4285 1079 4356; x_wconf 80' lang='grc' dir='ltr'><strong>μῶν</strong></span> <span class='ocrx_word' id='word_1_417' title='bbox 1113 4287 1574 4358; x_wconf 75' lang='grc' dir='ltr'>προεθυμήοημεν</span> <span class='ocrx_word' id='word_1_418' title='bbox 1596 4328 1610 4352; x_wconf 90' lang='grc'><em>,</em></span> <span class='ocrx_word' id='word_1_419' title='bbox 1659 4289 1961 4356; x_wconf 78' lang='grc' dir='ltr'><strong>ἐγκαλείτω</strong></span> 
     </span>
    </p>
   </div>
   <div class='ocr_carea' id='block_1_61' title="bbox 359 4376 1958 4448">
    <p class='ocr_par' dir='ltr' id='par_1_61' title="bbox 359 4376 1958 4448">
     <span class='ocr_line' id='line_1_61' title="bbox 359 4376 1958 4448; baseline 0.003 -19"><span class='ocrx_word' id='word_1_420' title='bbox 359 4377 580 4448; x_wconf 74' lang='grc' dir='ltr'><strong>μηδείς.</strong></span> <span class='ocrx_word' id='word_1_421' title='bbox 619 4377 775 4442; x_wconf 79' lang='lat' dir='ltr'><strong>Quod</strong></span> <span class='ocrx_word' id='word_1_422' title='bbox 803 4380 848 4430; x_wconf 90' lang='lat' dir='ltr'><strong>si</strong></span> <span class='ocrx_word' id='word_1_423' title='bbox 879 4395 998 4430; x_wconf 88' lang='lat' dir='ltr'><strong>cum</strong></span> <span class='ocrx_word' id='word_1_424' title='bbox 1041 4376 1294 4448; x_wconf 83' lang='lat' dir='ltr'><strong>Origenes</strong></span> <span class='ocrx_word' id='word_1_425' title='bbox 1342 4378 1631 4446; x_wconf 84' lang='lat' dir='ltr'><strong>plurimum</strong></span> <span class='ocrx_word' id='word_1_426' title='bbox 1669 4378 1868 4432; x_wconf 84' lang='lat' dir='ltr'><strong>laboris</strong></span> <span class='ocrx_word' id='word_1_427' title='bbox 1907 4389 1958 4433; x_wconf 89' lang='lat' dir='ltr'><strong>et</strong></span> 
     </span>
    </p>
   </div>
   <div class='ocr_carea' id='block_1_62' title="bbox 357 4470 1958 4543">
    <p class='ocr_par' dir='ltr' id='par_1_62' title="bbox 357 4470 1958 4543">
     <span class='ocr_line' id='line_1_62' title="bbox 357 4470 1958 4543; baseline 0.002 -20"><span class='ocrx_word' id='word_1_428' title='bbox 357 4471 534 4524; x_wconf 82' lang='lat' dir='ltr'><strong>studii</strong></span> <span class='ocrx_word' id='word_1_429' title='bbox 595 4472 652 4522; x_wconf 87' lang='lat' dir='ltr'><strong>in</strong></span> <span class='ocrx_word' id='word_1_430' title='bbox 693 4471 830 4523; x_wconf 86' lang='lat' dir='ltr'><strong>hunc</strong></span> <span class='ocrx_word' id='word_1_431' title='bbox 857 4470 1094 4523; x_wconf 87' lang='lat' dir='ltr'><strong>libellum</strong></span> <span class='ocrx_word' id='word_1_432' title='bbox 1118 4470 1423 4534; x_wconf 87' lang='lat' dir='ltr'><strong>contulerit,</strong></span> <span class='ocrx_word' id='word_1_433' title='bbox 1455 4487 1549 4524; x_wconf 88' lang='lat' dir='ltr'><strong>nos</strong></span> <span class='ocrx_word' id='word_1_434' title='bbox 1580 4488 1783 4541; x_wconf 83' lang='lat' dir='ltr'><strong>quoque</strong></span> <span class='ocrx_word' id='word_1_435' title='bbox 1818 4473 1958 4543; x_wconf 79' lang='lat' dir='ltr'><strong>quod</strong></span> 
     </span>
    </p>
   </div>
   <div class='ocr_carea' id='block_1_63' title="bbox 2063 1991 3648 2056">
    <p class='ocr_par' dir='ltr' id='par_1_63' title="bbox 2063 1991 3648 2056">
     <span class='ocr_line' id='line_1_63' title="bbox 2063 1991 3648 2056; baseline 0.003 -11"><span class='ocrx_word' id='word_1_436' title='bbox 2063 1991 2175 2046; x_wconf 89' lang='lat' dir='ltr'><strong>sint</strong></span> <span class='ocrx_word' id='word_1_437' title='bbox 2209 1993 2356 2056; x_wconf 89' lang='lat' dir='ltr'><strong>quod</strong></span> <span class='ocrx_word' id='word_1_438' title='bbox 2408 1994 2584 2049; x_wconf 89' lang='lat' dir='ltr'><strong>nostri</strong></span> <span class='ocrx_word' id='word_1_439' title='bbox 2627 2010 2724 2050; x_wconf 92' lang='lat' dir='ltr'><strong>eos</strong></span> <span class='ocrx_word' id='word_1_440' title='bbox 2774 2005 3002 2052; x_wconf 88' lang='lat' dir='ltr'><strong>testatos</strong></span> <span class='ocrx_word' id='word_1_441' title='bbox 3029 2012 3153 2052; x_wconf 88' lang='lat' dir='ltr'><strong>esse</strong></span> <span class='ocrx_word' id='word_1_442' title='bbox 3183 1997 3416 2052; x_wconf 89' lang='lat' dir='ltr'><strong>dicunt?</strong></span> <span class='ocrx_word' id='word_1_443' title='bbox 3444 1997 3525 2050; x_wconf 88' lang='lat' dir='ltr'><strong>An</strong></span> <span class='ocrx_word' id='word_1_444' title='bbox 3559 1997 3648 2051; x_wconf 84' lang='lat' dir='ltr'><strong>ille</strong></span> 
     </span>
    </p>
   </div>
   <div class='ocr_carea' id='block_1_64' title="bbox 2064 2082 3648 2158">
    <p class='ocr_par' dir='ltr' id='par_1_64' title="bbox 2064 2082 3648 2158">
     <span class='ocr_line' id='line_1_64' title="bbox 2064 2082 3648 2158; baseline 0.003 -22"><span class='ocrx_word' id='word_1_445' title='bbox 2064 2082 2304 2140; x_wconf 89' lang='lat' dir='ltr'><strong>Eusebio</strong></span> <span class='ocrx_word' id='word_1_446' title='bbox 2332 2085 2645 2150; x_wconf 77' lang='lat' dir='ltr'><strong>diligentior</strong></span> <span class='ocrx_word' id='word_1_447' title='bbox 2676 2095 2772 2140; x_wconf 92' lang='lat' dir='ltr'><strong>aut</strong></span> <span class='ocrx_word' id='word_1_448' title='bbox 2802 2088 2856 2142; x_wconf 92' lang='lat' dir='ltr'><strong>in</strong></span> <span class='ocrx_word' id='word_1_449' title='bbox 2892 2089 3056 2144; x_wconf 87' lang='lat' dir='ltr'><strong>rebus</strong></span> <span class='ocrx_word' id='word_1_450' title='bbox 3083 2089 3404 2158; x_wconf 89' lang='lat' dir='ltr'><strong>hujusmodi</strong></span> <span class='ocrx_word' id='word_1_451' title='bbox 3435 2089 3648 2157; x_wconf 87' lang='lat' dir='ltr'><strong>perspi—</strong></span> 
     </span>
    </p>
   </div>
   <div class='ocr_carea' id='block_1_65' title="bbox 2061 2173 3646 2248">
    <p class='ocr_par' dir='ltr' id='par_1_65' title="bbox 2061 2173 3646 2248">
     <span class='ocr_line' id='line_1_65' title="bbox 2061 2173 3646 2248; baseline 0.001 -19"><span class='ocrx_word' id='word_1_452' title='bbox 2061 2174 2248 2230; x_wconf 89' lang='lat' dir='ltr'><strong>eacior</strong></span> <span class='ocrx_word' id='word_1_453' title='bbox 2297 2173 2432 2229; x_wconf 81' lang='lat' dir='ltr'><strong>fuit?</strong></span> <span class='ocrx_word' id='word_1_454' title='bbox 2481 2173 2597 2230; x_wconf 91' lang='lat' dir='ltr'><strong>lmo</strong></span> <span class='ocrx_word' id='word_1_455' title='bbox 2645 2178 2922 2245; x_wconf 91' lang='lat' dir='ltr'><strong>quomodo</strong></span> <span class='ocrx_word' id='word_1_456' title='bbox 2954 2177 3226 2232; x_wconf 85' lang='lat' dir='ltr'><strong>Eusebius</strong></span> <span class='ocrx_word' id='word_1_457' title='bbox 3269 2176 3551 2248; x_wconf 88' lang='lat' dir='ltr'><strong>Ignatiana</strong></span> <span class='ocrx_word' id='word_1_458' title='bbox 3583 2193 3646 2232; x_wconf 80' lang='lat' dir='ltr'><strong>ex</strong></span> 
     </span>
    </p>
   </div>
   <div class='ocr_carea' id='block_1_66' title="bbox 2068 2265 3647 2337">
    <p class='ocr_par' dir='ltr' id='par_1_66' title="bbox 2068 2265 3647 2337">
     <span class='ocr_line' id='line_1_66' title="bbox 2068 2265 3647 2337; baseline 0.001 -18"><span class='ocrx_word' id='word_1_459' title='bbox 2068 2265 2310 2321; x_wconf 86' lang='lat' dir='ltr'><strong>tenebris</strong></span> <span class='ocrx_word' id='word_1_460' title='bbox 2347 2267 2402 2319; x_wconf 92' lang='lat' dir='ltr'><strong>in</strong></span> <span class='ocrx_word' id='word_1_461' title='bbox 2432 2266 2612 2321; x_wconf 90' lang='lat' dir='ltr'><strong>lucem</strong></span> <span class='ocrx_word' id='word_1_462' title='bbox 2646 2266 2949 2321; x_wconf 82' lang='lat' dir='ltr'><strong>Athanasio</strong></span> <span class='ocrx_word' id='word_1_463' title='bbox 2976 2267 3288 2333; x_wconf 82' lang='lat' dir='ltr'><strong>induxerat,</strong></span> <span class='ocrx_word' id='word_1_464' title='bbox 3322 2268 3414 2337; x_wconf 90' lang='lat' dir='ltr'><strong>qui</strong></span> <span class='ocrx_word' id='word_1_465' title='bbox 3454 2267 3647 2321; x_wconf 87' lang='lat' dir='ltr'><strong>eadem</strong></span> 
     </span>
    </p>
   </div>
   <div class='ocr_carea' id='block_1_67' title="bbox 2064 2356 3650 2428">
    <p class='ocr_par' dir='ltr' id='par_1_67' title="bbox 2064 2356 3650 2428">
     <span class='ocr_line' id='line_1_67' title="bbox 2064 2356 3650 2428; baseline -0.001 -16"><span class='ocrx_word' id='word_1_466' title='bbox 2064 2357 2119 2412; x_wconf 89' lang='lat' dir='ltr'><strong>in</strong></span> <span class='ocrx_word' id='word_1_467' title='bbox 2162 2356 2397 2428; x_wconf 82' lang='lat' dir='ltr'><strong>Origene</strong></span> <span class='ocrx_word' id='word_1_468' title='bbox 2447 2367 2576 2412; x_wconf 90' lang='lat' dir='ltr'><strong>ante</strong></span> <span class='ocrx_word' id='word_1_469' title='bbox 2631 2359 2871 2426; x_wconf 80' lang='lat' dir='ltr'><strong>legerat?</strong></span> <span class='ocrx_word' id='word_1_470' title='bbox 2923 2358 3204 2413; x_wconf 86' lang='lat' dir='ltr'><strong>Asseritur</strong></span> <span class='ocrx_word' id='word_1_471' title='bbox 3253 2358 3321 2412; x_wconf 89' lang='lat' dir='ltr'><strong>ab</strong></span> <span class='ocrx_word' id='word_1_472' title='bbox 3365 2358 3650 2412; x_wconf 88' lang='lat' dir='ltr'><strong>Albertino</strong></span> 
     </span>
    </p>
   </div>
   <div class='ocr_carea' id='block_1_68' title="bbox 2064 2448 3641 2523">
    <p class='ocr_par' dir='ltr' id='par_1_68' title="bbox 2064 2448 3641 2523">
     <span class='ocr_line' id='line_1_68' title="bbox 2064 2448 3641 2523; baseline 0.001 -20"><span class='ocrx_word' id='word_1_473' title='bbox 2064 2459 2230 2519; x_wconf 87' lang='lat' dir='ltr'><strong>atque</strong></span> <span class='ocrx_word' id='word_1_474' title='bbox 2273 2449 2438 2504; x_wconf 88' lang='lat' dir='ltr'><strong>etiam</strong></span> <span class='ocrx_word' id='word_1_475' title='bbox 2491 2449 2724 2516; x_wconf 76' lang='lat' dir='ltr'><strong>Dallzeo,</strong></span> <span class='ocrx_word' id='word_1_476' title='bbox 2768 2448 3327 2523; x_wconf 81' lang='lat' dir='ltr'><strong>pseudo-Dionysium</strong></span> <span class='ocrx_word' id='word_1_477' title='bbox 3359 2449 3641 2520; x_wconf 83' lang='lat' dir='ltr'><strong>lgnatiana</strong></span> 
     </span>
    </p>
   </div>
   <div class='ocr_carea' id='block_1_69' title="bbox 2066 2540 3648 2612">
    <p class='ocr_par' dir='ltr' id='par_1_69' title="bbox 2066 2540 3648 2612">
     <span class='ocr_line' id='line_1_69' title="bbox 2066 2540 3648 2612; baseline -0.003 -14"><span class='ocrx_word' id='word_1_478' title='bbox 2066 2557 2166 2598; x_wconf 85' lang='lat' dir='ltr'><strong>sua</strong></span> <span class='ocrx_word' id='word_1_479' title='bbox 2217 2541 2286 2596; x_wconf 88' lang='lat' dir='ltr'><strong>ab</strong></span> <span class='ocrx_word' id='word_1_480' title='bbox 2331 2540 2566 2611; x_wconf 86' lang='lat' dir='ltr'><strong>Origene</strong></span> <span class='ocrx_word' id='word_1_481' title='bbox 2611 2542 2896 2608; x_wconf 85' lang='lat' dir='ltr'><strong>hausisse;</strong></span> <span class='ocrx_word' id='word_1_482' title='bbox 2927 2557 3028 2596; x_wconf 92' lang='lat' dir='ltr'><strong>cur</strong></span> <span class='ocrx_word' id='word_1_483' title='bbox 3061 2558 3170 2595; x_wconf 89' lang='lat' dir='ltr'><strong>non</strong></span> <span class='ocrx_word' id='word_1_484' title='bbox 3199 2542 3270 2596; x_wconf 88' lang='lat' dir='ltr'><strong>ab</strong></span> <span class='ocrx_word' id='word_1_485' title='bbox 3304 2543 3497 2596; x_wconf 86' lang='lat' dir='ltr'><strong>eodem</strong></span> <span class='ocrx_word' id='word_1_486' title='bbox 3528 2545 3648 2612; x_wconf 65' lang='lat' dir='ltr'><strong>epi~</strong></span> 
     </span>
    </p>
   </div>
   <div class='ocr_carea' id='block_1_70' title="bbox 2064 2630 3650 2702">
    <p class='ocr_par' dir='ltr' id='par_1_70' title="bbox 2064 2630 3650 2702">
     <span class='ocr_line' id='line_1_70' title="bbox 2064 2630 3650 2702; baseline 0 -14"><span class='ocrx_word' id='word_1_487' title='bbox 2064 2633 2236 2688; x_wconf 86' lang='lat' dir='ltr'><strong>stolas</strong></span> <span class='ocrx_word' id='word_1_488' title='bbox 2295 2631 2394 2685; x_wconf 90' lang='lat' dir='ltr'><strong>has</strong></span> <span class='ocrx_word' id='word_1_489' title='bbox 2451 2632 2522 2686; x_wconf 89' lang='lat' dir='ltr'><strong>ab</strong></span> <span class='ocrx_word' id='word_1_490' title='bbox 2567 2630 2778 2702; x_wconf 87' lang='lat' dir='ltr'><strong>lgnatio</strong></span> <span class='ocrx_word' id='word_1_491' title='bbox 2845 2634 3079 2701; x_wconf 88' lang='lat' dir='ltr'><strong>scriptas</strong></span> <span class='ocrx_word' id='word_1_492' title='bbox 3145 2632 3320 2688; x_wconf 84' lang='lat' dir='ltr'><strong>fuisse</strong></span> <span class='ocrx_word' id='word_1_493' title='bbox 3382 2633 3650 2689; x_wconf 87' lang='lat' dir='ltr'><strong>didicerat</strong></span> 
     </span>
    </p>
   </div>
   <div class='ocr_carea' id='block_1_71' title="bbox 2064 2721 3648 2795">
    <p class='ocr_par' dir='ltr' id='par_1_71' title="bbox 2064 2721 3648 2795">
     <span class='ocr_line' id='line_1_71' title="bbox 2064 2721 3648 2795; baseline 0.002 -20"><span class='ocrx_word' id='word_1_494' title='bbox 2064 2721 2438 2776; x_wconf 84' lang='lat' dir='ltr'><strong>Athanasius?</strong></span> <span class='ocrx_word' id='word_1_495' title='bbox 2467 2737 2568 2775; x_wconf 91' lang='lat' dir='ltr'><strong>cur</strong></span> <span class='ocrx_word' id='word_1_496' title='bbox 2594 2737 2705 2775; x_wconf 91' lang='lat' dir='ltr'><strong>non</strong></span> <span class='ocrx_word' id='word_1_497' title='bbox 2733 2723 2804 2776; x_wconf 89' lang='lat' dir='ltr'><strong>ab</strong></span> <span class='ocrx_word' id='word_1_498' title='bbox 2836 2722 2929 2777; x_wconf 91' lang='lat' dir='ltr'><strong>illo</strong></span> <span class='ocrx_word' id='word_1_499' title='bbox 2958 2733 3136 2778; x_wconf 86' lang='lat' dir='ltr'><strong>vetere</strong></span> <span class='ocrx_word' id='word_1_500' title='bbox 3164 2725 3456 2794; x_wconf 90' lang='lat' dir='ltr'><strong>scriptore,</strong></span> <span class='ocrx_word' id='word_1_501' title='bbox 3483 2740 3512 2778; x_wconf 91' lang='lat' dir='ltr'><strong>a</strong></span> <span class='ocrx_word' id='word_1_502' title='bbox 3537 2741 3648 2795; x_wconf 89' lang='lat' dir='ltr'><strong>quo</strong></span> 
     </span>
    </p>
   </div>
   <div class='ocr_carea' id='block_1_72' title="bbox 2065 2811 3611 2883">
    <p class='ocr_par' dir='ltr' id='par_1_72' title="bbox 2065 2811 3611 2883">
     <span class='ocr_line' id='line_1_72' title="bbox 2065 2811 3611 2883; baseline -0.001 -16"><span class='ocrx_word' id='word_1_503' title='bbox 2065 2827 2166 2867; x_wconf 88' lang='lat' dir='ltr'><strong>sua</strong></span> <span class='ocrx_word' id='word_1_504' title='bbox 2204 2811 2485 2882; x_wconf 85' lang='lat' dir='ltr'><strong>lgnatiana</strong></span> <span class='ocrx_word' id='word_1_505' title='bbox 2535 2820 2847 2879; x_wconf 87' lang='lat' dir='ltr'><strong>sumpserat</strong></span> <span class='ocrx_word' id='word_1_506' title='bbox 2886 2811 3138 2878; x_wconf 88' lang='lat' dir='ltr'><strong>Basilius,</strong></span> <span class='ocrx_word' id='word_1_507' title='bbox 3180 2813 3482 2867; x_wconf 87' lang='lat' dir='ltr'><strong>Athanasio</strong></span> <span class='ocrx_word' id='word_1_508' title='bbox 3513 2829 3611 2883; x_wconf 85' lang='lat' dir='ltr'><strong>syn</strong></span> 
     </span>
    </p>
   </div>
   <div class='ocr_carea' id='block_1_73' title="bbox 2064 2903 3648 2975">
    <p class='ocr_par' dir='ltr' id='par_1_73' title="bbox 2064 2903 3648 2975">
     <span class='ocr_line' id='line_1_73' title="bbox 2064 2903 3648 2975; baseline -0.001 -15"><span class='ocrx_word' id='word_1_509' title='bbox 2064 2906 2344 2960; x_wconf 85' lang='lat' dir='ltr'><strong>chromis?</strong></span> <span class='ocrx_word' id='word_1_510' title='bbox 2372 2903 2499 2960; x_wconf 66' lang='lat' dir='ltr'><strong>Haec</strong></span> <span class='ocrx_word' id='word_1_511' title='bbox 2522 2905 2706 2959; x_wconf 90' lang='lat' dir='ltr'><strong>omnia</strong></span> <span class='ocrx_word' id='word_1_512' title='bbox 2735 2905 2935 2975; x_wconf 85' lang='lat' dir='ltr'><strong>legisse</strong></span> <span class='ocrx_word' id='word_1_513' title='bbox 2957 2905 3324 2960; x_wconf 87' lang='lat' dir='ltr'><strong>Athanasium</strong></span> <span class='ocrx_word' id='word_1_514' title='bbox 3351 2923 3515 2960; x_wconf 90' lang='lat' dir='ltr'><strong>nemo</strong></span> <span class='ocrx_word' id='word_1_515' title='bbox 3546 2907 3648 2961; x_wconf 90' lang='lat' dir='ltr'><strong>du-</strong></span> 
     </span>
    </p>
   </div>
   <div class='ocr_carea' id='block_1_74' title="bbox 2063 2996 3651 3053">
    <p class='ocr_par' dir='ltr' id='par_1_74' title="bbox 2063 2996 3651 3053">
     <span class='ocr_line' id='line_1_74' title="bbox 2063 2996 3651 3053; baseline 0.001 -2"><span class='ocrx_word' id='word_1_516' title='bbox 2063 2997 2238 3051; x_wconf 86' lang='lat' dir='ltr'><strong>bitat:</strong></span> <span class='ocrx_word' id='word_1_517' title='bbox 2287 2996 2513 3052; x_wconf 85' lang='lat' dir='ltr'><strong>Eusebii</strong></span> <span class='ocrx_word' id='word_1_518' title='bbox 2555 3005 2738 3051; x_wconf 88' lang='lat' dir='ltr'><strong>autem</strong></span> <span class='ocrx_word' id='word_1_519' title='bbox 2773 2997 3070 3052; x_wconf 82' lang='lat' dir='ltr'><strong>Historiam</strong></span> <span class='ocrx_word' id='word_1_520' title='bbox 3100 2998 3519 3052; x_wconf 85' lang='lat' dir='ltr'><strong>ecclesiasticam</strong></span> <span class='ocrx_word' id='word_1_521' title='bbox 3555 3009 3651 3053; x_wconf 90' lang='lat' dir='ltr'><strong>aut</strong></span> 
     </span>
    </p>
   </div>
   <div class='ocr_carea' id='block_1_75' title="bbox 2064 3088 3651 3160">
    <p class='ocr_par' dir='ltr' id='par_1_75' title="bbox 2064 3088 3651 3160">
     <span class='ocr_line' id='line_1_75' title="bbox 2064 3088 3651 3160; baseline 0.001 -17"><span class='ocrx_word' id='word_1_522' title='bbox 2064 3088 2353 3160; x_wconf 86' lang='lat' dir='ltr'><strong>diligenter</strong></span> <span class='ocrx_word' id='word_1_523' title='bbox 2381 3088 2674 3156; x_wconf 90' lang='lat' dir='ltr'><strong>evolvisse,</strong></span> <span class='ocrx_word' id='word_1_524' title='bbox 2711 3098 2805 3142; x_wconf 89' lang='lat' dir='ltr'><strong>aut</strong></span> <span class='ocrx_word' id='word_1_525' title='bbox 2839 3091 3088 3153; x_wconf 90' lang='lat' dir='ltr'><strong>omnino,</strong></span> <span class='ocrx_word' id='word_1_526' title='bbox 3121 3105 3244 3143; x_wconf 89' lang='lat' dir='ltr'><strong>cum</strong></span> <span class='ocrx_word' id='word_1_527' title='bbox 3291 3090 3396 3144; x_wconf 89' lang='lat' dir='ltr'><strong>ista</strong></span> <span class='ocrx_word' id='word_1_528' title='bbox 3444 3090 3651 3145; x_wconf 87' lang='lat' dir='ltr'><strong>scribe-</strong></span> 
     </span>
    </p>
   </div>
   <div class='ocr_carea' id='block_1_76' title="bbox 2065 3181 3652 3252">
    <p class='ocr_par' dir='ltr' id='par_1_76' title="bbox 2065 3181 3652 3252">
     <span class='ocr_line' id='line_1_76' title="bbox 2065 3181 3652 3252; baseline 0.001 -18"><span class='ocrx_word' id='word_1_529' title='bbox 2065 3190 2170 3247; x_wconf 86' lang='lat' dir='ltr'><strong>ret,</strong></span> <span class='ocrx_word' id='word_1_530' title='bbox 2202 3182 2407 3236; x_wconf 85' lang='lat' dir='ltr'><strong>vidisse</strong></span> <span class='ocrx_word' id='word_1_531' title='bbox 2437 3197 2546 3236; x_wconf 90' lang='lat' dir='ltr'><strong>non</strong></span> <span class='ocrx_word' id='word_1_532' title='bbox 2577 3191 2815 3237; x_wconf 87' lang='lat' dir='ltr'><strong>constat.</strong></span> <span class='ocrx_word' id='word_1_533' title='bbox 2856 3181 3128 3252; x_wconf 88' lang='lat' dir='ltr'><strong>Scriptam</strong></span> <span class='ocrx_word' id='word_1_534' title='bbox 3163 3198 3283 3238; x_wconf 82' lang='lat' dir='ltr'><strong>eam</strong></span> <span class='ocrx_word' id='word_1_535' title='bbox 3329 3181 3500 3237; x_wconf 76' lang='lat' dir='ltr'><strong>fuisse</strong></span> <span class='ocrx_word' id='word_1_536' title='bbox 3543 3200 3652 3252; x_wconf 86' lang='lat' dir='ltr'><strong>po-</strong></span> 
     </span>
    </p>
   </div>
   <div class='ocr_carea' id='block_1_77' title="bbox 2066 3275 3652 3345">
    <p class='ocr_par' dir='ltr' id='par_1_77' title="bbox 2066 3275 3652 3345">
     <span class='ocr_line' id='line_1_77' title="bbox 2066 3275 3652 3345; baseline -0.001 -15"><span class='ocrx_word' id='word_1_537' title='bbox 2066 3275 2287 3331; x_wconf 89' lang='lat' dir='ltr'><strong>stremis</strong></span> <span class='ocrx_word' id='word_1_538' title='bbox 2312 3275 2533 3330; x_wconf 90' lang='lat' dir='ltr'><strong>Eusebii</strong></span> <span class='ocrx_word' id='word_1_539' title='bbox 2566 3276 2910 3345; x_wconf 88' lang='lat' dir='ltr'><strong>temporibus</strong></span> <span class='ocrx_word' id='word_1_540' title='bbox 2931 3317 2946 3342; x_wconf 93' lang='lat'><strong>,</strong></span> <span class='ocrx_word' id='word_1_541' title='bbox 2981 3275 3125 3329; x_wconf 90' lang='lat' dir='ltr'><strong>circa</strong></span> <span class='ocrx_word' id='word_1_542' title='bbox 3168 3291 3373 3328; x_wconf 89' lang='lat' dir='ltr'><strong>annum</strong></span> <span class='ocrx_word' id='word_1_543' title='bbox 3401 3276 3506 3329; x_wconf 75' lang='lat'><strong>530</strong></span> <span class='ocrx_word' id='word_1_544' title='bbox 3535 3276 3652 3329; x_wconf 88' lang='lat' dir='ltr'><strong>vult</strong></span> 
     </span>
    </p>
   </div>
   <div class='ocr_carea' id='block_1_78' title="bbox 2064 3365 3649 3421">
    <p class='ocr_par' dir='ltr' id='par_1_78' title="bbox 2064 3365 3649 3421">
     <span class='ocr_line' id='line_1_78' title="bbox 2064 3365 3649 3421; baseline 0.001 -1"><span class='ocrx_word' id='word_1_545' title='bbox 2064 3366 2322 3421; x_wconf 74' lang='lat' dir='ltr'><strong>Dallaeus.</strong></span> <span class='ocrx_word' id='word_1_546' title='bbox 2369 3365 2509 3420; x_wconf 90' lang='lat' dir='ltr'><strong>Ante</strong></span> <span class='ocrx_word' id='word_1_547' title='bbox 2557 3382 2684 3420; x_wconf 88' lang='lat' dir='ltr'><strong>eum</strong></span> <span class='ocrx_word' id='word_1_548' title='bbox 2730 3381 2935 3420; x_wconf 89' lang='lat' dir='ltr'><strong>annum</strong></span> <span class='ocrx_word' id='word_1_549' title='bbox 2987 3382 3018 3421; x_wconf 92' lang='lat' dir='ltr'><strong>a</strong></span> <span class='ocrx_word' id='word_1_550' title='bbox 3067 3366 3370 3420; x_wconf 80' lang='lat' dir='ltr'><strong>Meletianis</strong></span> <span class='ocrx_word' id='word_1_551' title='bbox 3396 3377 3448 3420; x_wconf 91' lang='lat' dir='ltr'><strong>et</strong></span> <span class='ocrx_word' id='word_1_552' title='bbox 3475 3366 3649 3421; x_wconf 87' lang='lat' dir='ltr'><strong>Euse-</strong></span> 
     </span>
    </p>
   </div>
   <div class='ocr_carea' id='block_1_79' title="bbox 2062 3459 3649 3530">
    <p class='ocr_par' dir='ltr' id='par_1_79' title="bbox 2062 3459 3649 3530">
     <span class='ocr_line' id='line_1_79' title="bbox 2062 3459 3649 3530; baseline -0.002 -14"><span class='ocrx_word' id='word_1_553' title='bbox 2062 3461 2243 3516; x_wconf 88' lang='lat' dir='ltr'><strong>bianis</strong></span> <span class='ocrx_word' id='word_1_554' title='bbox 2272 3461 2415 3530; x_wconf 81' lang='lat' dir='ltr'><strong>apud</strong></span> <span class='ocrx_word' id='word_1_555' title='bbox 2439 3461 2864 3515; x_wconf 82' lang='lat' dir='ltr'><strong>Constantinum</strong></span> <span class='ocrx_word' id='word_1_556' title='bbox 2895 3468 3214 3525; x_wconf 78' lang='lat' dir='ltr'><strong>vexatus,et</strong></span> <span class='ocrx_word' id='word_1_557' title='bbox 3232 3460 3299 3513; x_wconf 90' lang='lat' dir='ltr'><strong>ab</strong></span> <span class='ocrx_word' id='word_1_558' title='bbox 3319 3459 3649 3513; x_wconf 75' lang='lat' dir='ltr'><strong>Alexandria</strong></span> 
     </span>
    </p>
   </div>
   <div class='ocr_carea' id='block_1_80' title="bbox 2062 3551 3650 3622">
    <p class='ocr_par' dir='ltr' id='par_1_80' title="bbox 2062 3551 3650 3622">
     <span class='ocr_line' id='line_1_80' title="bbox 2062 3551 3650 3622; baseline -0.003 -14"><span class='ocrx_word' id='word_1_559' title='bbox 2062 3553 2852 3622; x_wconf 88' lang='lat' dir='ltr'><strong>Constantinopolinevocatus</strong></span> <span class='ocrx_word' id='word_1_560' title='bbox 2881 3561 2983 3606; x_wconf 88' lang='lat' dir='ltr'><strong>est.</strong></span> <span class='ocrx_word' id='word_1_561' title='bbox 3003 3551 3133 3606; x_wconf 89' lang='lat' dir='ltr'><strong>Post</strong></span> <span class='ocrx_word' id='word_1_562' title='bbox 3153 3567 3277 3605; x_wconf 90' lang='lat' dir='ltr'><strong>eum</strong></span> <span class='ocrx_word' id='word_1_563' title='bbox 3307 3567 3510 3604; x_wconf 89' lang='lat' dir='ltr'><strong>annum</strong></span> <span class='ocrx_word' id='word_1_564' title='bbox 3539 3559 3650 3605; x_wconf 90' lang='lat' dir='ltr'><strong>sta-</strong></span> 
     </span>
    </p>
   </div>
   <div class='ocr_carea' id='block_1_81' title="bbox 2065 3641 3646 3698">
    <p class='ocr_par' dir='ltr' id='par_1_81' title="bbox 2065 3641 3646 3698">
     <span class='ocr_line' id='line_1_81' title="bbox 2065 3641 3646 3698; baseline -0.003 0"><span class='ocrx_word' id='word_1_565' title='bbox 2065 3645 2162 3698; x_wconf 91' lang='lat' dir='ltr'><strong>tim</strong></span> <span class='ocrx_word' id='word_1_566' title='bbox 2209 3643 2278 3698; x_wconf 90' lang='lat' dir='ltr'><strong>de</strong></span> <span class='ocrx_word' id='word_1_567' title='bbox 2323 3644 2494 3697; x_wconf 87' lang='lat' dir='ltr'><strong>calice</strong></span> <span class='ocrx_word' id='word_1_568' title='bbox 2539 3643 2712 3696; x_wconf 82' lang='lat' dir='ltr'><strong>fracto</strong></span> <span class='ocrx_word' id='word_1_569' title='bbox 2743 3651 2797 3695; x_wconf 91' lang='lat' dir='ltr'><strong>et</strong></span> <span class='ocrx_word' id='word_1_570' title='bbox 2820 3641 3052 3696; x_wconf 86' lang='lat' dir='ltr'><strong>Arsenio</strong></span> <span class='ocrx_word' id='word_1_571' title='bbox 3088 3641 3274 3696; x_wconf 87' lang='lat' dir='ltr'><strong>occiso</strong></span> <span class='ocrx_word' id='word_1_572' title='bbox 3315 3649 3646 3694; x_wconf 86' lang='lat' dir='ltr'><strong>accusatur:</strong></span> 
     </span>
    </p>
   </div>
   <div class='ocr_carea' id='block_1_82' title="bbox 2064 3730 3650 3806">
    <p class='ocr_par' dir='ltr' id='par_1_82' title="bbox 2064 3730 3650 3806">
     <span class='ocr_line' id='line_1_82' title="bbox 2064 3730 3650 3806; baseline -0.003 -16"><span class='ocrx_word' id='word_1_573' title='bbox 2064 3735 2341 3806; x_wconf 76' lang='lat' dir='ltr'><strong>proximo,</strong></span> <span class='ocrx_word' id='word_1_574' title='bbox 2376 3733 2666 3800; x_wconf 91' lang='lat' dir='ltr'><strong>Dalmatio,</strong></span> <span class='ocrx_word' id='word_1_575' title='bbox 2705 3733 2798 3803; x_wconf 92' lang='lat' dir='ltr'><strong>qui</strong></span> <span class='ocrx_word' id='word_1_576' title='bbox 2847 3733 2896 3786; x_wconf 92' lang='lat' dir='ltr'><strong>ei</strong></span> <span class='ocrx_word' id='word_1_577' title='bbox 2928 3732 3235 3786; x_wconf 72' lang='lat' dir='ltr'><strong>Antiochia:</strong></span> <span class='ocrx_word' id='word_1_578' title='bbox 3273 3730 3440 3800; x_wconf 80' lang='lat' dir='ltr'><strong>judex</strong></span> <span class='ocrx_word' id='word_1_579' title='bbox 3487 3731 3650 3785; x_wconf 88' lang='lat' dir='ltr'><strong>datus</strong></span> 
     </span>
    </p>
   </div>
   <div class='ocr_carea' id='block_1_83' title="bbox 2062 3823 3650 3896">
    <p class='ocr_par' dir='ltr' id='par_1_83' title="bbox 2062 3823 3650 3896">
     <span class='ocr_line' id='line_1_83' title="bbox 2062 3823 3650 3896; baseline -0.004 -13"><span class='ocrx_word' id='word_1_580' title='bbox 2062 3839 2165 3892; x_wconf 89' lang='lat' dir='ltr'><strong>est,</strong></span> <span class='ocrx_word' id='word_1_581' title='bbox 2195 3842 2421 3883; x_wconf 89' lang='lat' dir='ltr'><strong>causam</strong></span> <span class='ocrx_word' id='word_1_582' title='bbox 2471 3842 2630 3882; x_wconf 88' lang='lat' dir='ltr'><strong>suam</strong></span> <span class='ocrx_word' id='word_1_583' title='bbox 2681 3826 2914 3896; x_wconf 90' lang='lat' dir='ltr'><strong>probare</strong></span> <span class='ocrx_word' id='word_1_584' title='bbox 2945 3835 3190 3891; x_wconf 90' lang='lat' dir='ltr'><strong>coactus,</strong></span> <span class='ocrx_word' id='word_1_585' title='bbox 3223 3825 3276 3878; x_wconf 93' lang='lat' dir='ltr'><strong>in</strong></span> <span class='ocrx_word' id='word_1_586' title='bbox 3307 3823 3650 3893; x_wconf 83' lang='lat' dir='ltr'><strong>exquirendo</strong></span> 
     </span>
    </p>
   </div>
   <div class='ocr_carea' id='block_1_84' title="bbox 2062 3914 3648 3988">
    <p class='ocr_par' dir='ltr' id='par_1_84' title="bbox 2062 3914 3648 3988">
     <span class='ocr_line' id='line_1_84' title="bbox 2062 3914 3648 3988; baseline -0.003 -14"><span class='ocrx_word' id='word_1_587' title='bbox 2062 3920 2300 3974; x_wconf 88' lang='lat' dir='ltr'><strong>Arsenio</strong></span> <span class='ocrx_word' id='word_1_588' title='bbox 2337 3929 2641 3988; x_wconf 90' lang='lat' dir='ltr'><strong>occupatus</strong></span> <span class='ocrx_word' id='word_1_589' title='bbox 2690 3926 2793 3974; x_wconf 85' lang='lat' dir='ltr'><strong>est.</strong></span> <span class='ocrx_word' id='word_1_590' title='bbox 2851 3916 2992 3972; x_wconf 90' lang='lat' dir='ltr'><strong>Tum</strong></span> <span class='ocrx_word' id='word_1_591' title='bbox 3037 3933 3170 3970; x_wconf 91' lang='lat' dir='ltr'><strong>vero</strong></span> <span class='ocrx_word' id='word_1_592' title='bbox 3204 3915 3500 3971; x_wconf 89' lang='lat' dir='ltr'><strong>concilium</strong></span> <span class='ocrx_word' id='word_1_593' title='bbox 3528 3914 3648 3969; x_wconf 57' lang='lat' dir='ltr'><strong>Cie-</strong></span> 
     </span>
    </p>
   </div>
   <div class='ocr_carea' id='block_1_85' title="bbox 2062 4007 3645 4080">
    <p class='ocr_par' dir='ltr' id='par_1_85' title="bbox 2062 4007 3645 4080">
     <span class='ocr_line' id='line_1_85' title="bbox 2062 4007 3645 4080; baseline -0.003 -14"><span class='ocrx_word' id='word_1_594' title='bbox 2062 4027 2235 4067; x_wconf 74' lang='lat' dir='ltr'><strong>sarea:</strong></span> <span class='ocrx_word' id='word_1_595' title='bbox 2288 4011 2598 4076; x_wconf 90' lang='lat' dir='ltr'><strong>indictum,</strong></span> <span class='ocrx_word' id='word_1_596' title='bbox 2654 4025 2763 4079; x_wconf 91' lang='lat' dir='ltr'><strong>quo</strong></span> <span class='ocrx_word' id='word_1_597' title='bbox 2827 4009 3110 4080; x_wconf 87' lang='lat' dir='ltr'><strong>pervenire</strong></span> <span class='ocrx_word' id='word_1_598' title='bbox 3163 4007 3288 4064; x_wconf 85' lang='lat' dir='ltr'><strong>ideo</strong></span> <span class='ocrx_word' id='word_1_599' title='bbox 3347 4009 3645 4075; x_wconf 86' lang='lat' dir='ltr'><strong>recusavit,</strong></span> 
     </span>
    </p>
   </div>
   <div class='ocr_carea' id='block_1_86' title="bbox 2062 4100 3648 4174">
    <p class='ocr_par' dir='ltr' id='par_1_86' title="bbox 2062 4100 3648 4174">
     <span class='ocr_line' id='line_1_86' title="bbox 2062 4100 3648 4174; baseline -0.003 -16"><span class='ocrx_word' id='word_1_600' title='bbox 2062 4103 2192 4174; x_wconf 88' lang='lat' dir='ltr'><strong>quia</strong></span> <span class='ocrx_word' id='word_1_601' title='bbox 2239 4105 2384 4158; x_wconf 90' lang='lat' dir='ltr'><strong>idem</strong></span> <span class='ocrx_word' id='word_1_602' title='bbox 2429 4103 2725 4170; x_wconf 88' lang='lat' dir='ltr'><strong>Eusebius,</strong></span> <span class='ocrx_word' id='word_1_603' title='bbox 2757 4103 2850 4173; x_wconf 91' lang='lat' dir='ltr'><strong>qui</strong></span> <span class='ocrx_word' id='word_1_604' title='bbox 2903 4118 3011 4156; x_wconf 89' lang='lat' dir='ltr'><strong>non</strong></span> <span class='ocrx_word' id='word_1_605' title='bbox 3043 4102 3137 4156; x_wconf 91' lang='lat' dir='ltr'><strong>diu</strong></span> <span class='ocrx_word' id='word_1_606' title='bbox 3168 4110 3295 4157; x_wconf 88' lang='lat' dir='ltr'><strong>ante</strong></span> <span class='ocrx_word' id='word_1_607' title='bbox 3345 4100 3648 4154; x_wconf 81' lang='lat' dir='ltr'><strong>Historiam.</strong></span> 
     </span>
    </p>
   </div>
   <div class='ocr_carea' id='block_1_87' title="bbox 2061 4193 3645 4266">
    <p class='ocr_par' dir='ltr' id='par_1_87' title="bbox 2061 4193 3645 4266">
     <span class='ocr_line' id='line_1_87' title="bbox 2061 4193 3645 4266; baseline -0.001 -16"><span class='ocrx_word' id='word_1_608' title='bbox 2061 4195 2330 4264; x_wconf 88' lang='lat' dir='ltr'><strong>ediderat,</strong></span> <span class='ocrx_word' id='word_1_609' title='bbox 2377 4196 2498 4266; x_wconf 77' lang='lat' dir='ltr'><strong>ejus</strong></span> <span class='ocrx_word' id='word_1_610' title='bbox 2547 4196 2652 4251; x_wconf 92' lang='lat' dir='ltr'><strong>loci</strong></span> <span class='ocrx_word' id='word_1_611' title='bbox 2703 4198 2997 4266; x_wconf 90' lang='lat' dir='ltr'><strong>episcopus</strong></span> <span class='ocrx_word' id='word_1_612' title='bbox 3041 4206 3218 4251; x_wconf 83' lang='lat' dir='ltr'><strong>esset:</strong></span> <span class='ocrx_word' id='word_1_613' title='bbox 3263 4209 3392 4249; x_wconf 78' lang='lat' dir='ltr'><strong>mox</strong></span> <span class='ocrx_word' id='word_1_614' title='bbox 3420 4193 3546 4265; x_wconf 77' lang='lat' dir='ltr'><strong>Tyri</strong></span> <span class='ocrx_word' id='word_1_615' title='bbox 3589 4195 3645 4248; x_wconf 92' lang='lat' dir='ltr'><strong>in</strong></span> 
     </span>
    </p>
   </div>
   <div class='ocr_carea' id='block_1_88' title="bbox 2061 4285 3642 4358">
    <p class='ocr_par' dir='ltr' id='par_1_88' title="bbox 2061 4285 3642 4358">
     <span class='ocr_line' id='line_1_88' title="bbox 2061 4285 3642 4358; baseline -0.003 -16"><span class='ocrx_word' id='word_1_616' title='bbox 2061 4287 2296 4342; x_wconf 90' lang='lat' dir='ltr'><strong>concilio</strong></span> <span class='ocrx_word' id='word_1_617' title='bbox 2317 4287 2511 4343; x_wconf 81' lang='lat' dir='ltr'><strong>adesse</strong></span> <span class='ocrx_word' id='word_1_618' title='bbox 2531 4297 2778 4354; x_wconf 83' lang='lat' dir='ltr'><strong>coactus,</strong></span> <span class='ocrx_word' id='word_1_619' title='bbox 2802 4288 2905 4342; x_wconf 87' lang='lat' dir='ltr'><strong>sub</strong></span> <span class='ocrx_word' id='word_1_620' title='bbox 2930 4287 3115 4358; x_wconf 91' lang='lat' dir='ltr'><strong>judice</strong></span> <span class='ocrx_word' id='word_1_621' title='bbox 3144 4286 3286 4341; x_wconf 90' lang='lat' dir='ltr'><strong>inter</strong></span> <span class='ocrx_word' id='word_1_622' title='bbox 3317 4286 3456 4340; x_wconf 92' lang='lat' dir='ltr'><strong>alios</strong></span> <span class='ocrx_word' id='word_1_623' title='bbox 3479 4285 3642 4340; x_wconf 85' lang='lat' dir='ltr'><strong>etiam</strong></span> 
     </span>
    </p>
   </div>
   <div class='ocr_carea' id='block_1_89' title="bbox 2061 4378 3646 4450">
    <p class='ocr_par' dir='ltr' id='par_1_89' title="bbox 2061 4378 3646 4450">
     <span class='ocr_line' id='line_1_89' title="bbox 2061 4378 3646 4450; baseline 0.001 -17"><span class='ocrx_word' id='word_1_624' title='bbox 2061 4378 2300 4435; x_wconf 88' lang='lat' dir='ltr'><strong>Eusebio</strong></span> <span class='ocrx_word' id='word_1_625' title='bbox 2331 4388 2543 4448; x_wconf 90' lang='lat' dir='ltr'><strong>nostro,</strong></span> <span class='ocrx_word' id='word_1_626' title='bbox 2579 4381 2894 4450; x_wconf 89' lang='lat' dir='ltr'><strong>ibidemque</strong></span> <span class='ocrx_word' id='word_1_627' title='bbox 2927 4382 3350 4447; x_wconf 83' lang='lat' dir='ltr'><strong>condemnatus,</strong></span> <span class='ocrx_word' id='word_1_628' title='bbox 3381 4380 3506 4434; x_wconf 91' lang='lat' dir='ltr'><strong>inde</strong></span> <span class='ocrx_word' id='word_1_629' title='bbox 3532 4380 3646 4434; x_wconf 91' lang='lat' dir='ltr'><strong>cla-</strong></span> 
     </span>
    </p>
   </div>
   <div class='ocr_carea' id='block_1_90' title="bbox 2060 4470 3643 4542">
    <p class='ocr_par' dir='ltr' id='par_1_90' title="bbox 2060 4470 3643 4542">
     <span class='ocr_line' id='line_1_90' title="bbox 2060 4470 3643 4542; baseline -0.001 -16"><span class='ocrx_word' id='word_1_630' title='bbox 2060 4485 2219 4539; x_wconf 88' lang='lat' dir='ltr'><strong>psus,</strong></span> <span class='ocrx_word' id='word_1_631' title='bbox 2249 4470 3071 4542; x_wconf 79' lang='lat' dir='ltr'><strong>confugitConstantinopolim,</strong></span> <span class='ocrx_word' id='word_1_632' title='bbox 3092 4472 3183 4525; x_wconf 91' lang='lat' dir='ltr'><strong>ubi</strong></span> <span class='ocrx_word' id='word_1_633' title='bbox 3204 4472 3388 4526; x_wconf 83' lang='lat' dir='ltr'><strong>statim</strong></span> <span class='ocrx_word' id='word_1_634' title='bbox 3423 4481 3643 4525; x_wconf 84' lang='lat' dir='ltr'><strong>senten-</strong></span> 
     </span>
    </p>
   </div>
   <div class='ocr_carea' id='block_1_91' title="bbox 357 4561 3644 4633">
    <p class='ocr_par' dir='ltr' id='par_1_91' title="bbox 357 4561 3644 4633">
     <span class='ocr_line' id='line_1_91' title="bbox 357 4561 3644 4633; baseline 0.001 -19"><span class='ocrx_word' id='word_1_635' title='bbox 357 4581 389 4614; x_wconf 88' lang='lat' dir='ltr'><strong>a</strong></span> <span class='ocrx_word' id='word_1_636' title='bbox 414 4563 571 4615; x_wconf 84' lang='lat' dir='ltr'><strong>nobis</strong></span> <span class='ocrx_word' id='word_1_637' title='bbox 603 4571 681 4614; x_wconf 85' lang='lat' dir='ltr'><strong>est</strong></span> <span class='ocrx_word' id='word_1_638' title='bbox 711 4562 1045 4615; x_wconf 84' lang='lat' dir='ltr'><strong>elaboratum</strong></span> <span class='ocrx_word' id='word_1_639' title='bbox 1068 4561 1263 4616; x_wconf 85' lang='lat' dir='ltr'><strong>litteris</strong></span> <span class='ocrx_word' id='word_1_640' title='bbox 1287 4563 1544 4616; x_wconf 87' lang='lat' dir='ltr'><strong>mandare</strong></span> <span class='ocrx_word' id='word_1_641' title='bbox 1577 4564 1814 4617; x_wconf 86' lang='lat' dir='ltr'><strong>lubenter</strong></span> <span class='ocrx_word' id='word_1_642' title='bbox 1839 4574 1954 4618; x_wconf 85' lang='lat' dir='ltr'><strong>sta-</strong></span> <span class='ocrx_word' id='word_1_643' title='bbox 1985 4565 2030 4621; x_wconf 89' lang='lat' dir='ltr'><strong>D</strong></span> <span class='ocrx_word' id='word_1_644' title='bbox 2059 4562 2191 4616; x_wconf 89' lang='lat' dir='ltr'><strong>tiam</strong></span> <span class='ocrx_word' id='word_1_645' title='bbox 2222 4562 2568 4633; x_wconf 86' lang='lat' dir='ltr'><strong>relegationis</strong></span> <span class='ocrx_word' id='word_1_646' title='bbox 2606 4564 2837 4633; x_wconf 89' lang='lat' dir='ltr'><strong>accepit,</strong></span> <span class='ocrx_word' id='word_1_647' title='bbox 2868 4571 2922 4616; x_wconf 94' lang='lat' dir='ltr'><strong>et</strong></span> <span class='ocrx_word' id='word_1_648' title='bbox 2952 4562 3007 4616; x_wconf 92' lang='lat' dir='ltr'><strong>in</strong></span> <span class='ocrx_word' id='word_1_649' title='bbox 3030 4562 3234 4617; x_wconf 88' lang='lat' dir='ltr'><strong>Gallias</strong></span> <span class='ocrx_word' id='word_1_650' title='bbox 3255 4562 3409 4616; x_wconf 80' lang='lat' dir='ltr'><strong>exsul</strong></span> <span class='ocrx_word' id='word_1_651' title='bbox 3440 4562 3644 4616; x_wconf 89' lang='lat' dir='ltr'><strong>missus</strong></span> 
     </span>
    </p>
   </div>
   <div class='ocr_carea' id='block_1_92' title="bbox 358 4652 1953 4724">
    <p class='ocr_par' dir='ltr' id='par_1_92' title="bbox 358 4652 1953 4724">
     <span class='ocr_line' id='line_1_92' title="bbox 358 4652 1953 4724; baseline 0.004 -18"><span class='ocrx_word' id='word_1_652' title='bbox 358 4656 644 4720; x_wconf 83' lang='lat' dir='ltr'><strong>tuerimus,</strong></span> <span class='ocrx_word' id='word_1_653' title='bbox 685 4670 834 4707; x_wconf 87' lang='lat' dir='ltr'><strong>nemo</strong></span> <span class='ocrx_word' id='word_1_654' title='bbox 873 4670 966 4706; x_wconf 87' lang='lat' dir='ltr'><strong>nos</strong></span> <span class='ocrx_word' id='word_1_655' title='bbox 1001 4663 1230 4707; x_wconf 81' lang='lat' dir='ltr'><strong>accuset.</strong></span> <span class='ocrx_word' id='word_1_656' title='bbox 1279 4652 1393 4708; x_wconf 83' lang='lat' dir='ltr'><strong>Hoc</strong></span> <span class='ocrx_word' id='word_1_657' title='bbox 1423 4671 1562 4723; x_wconf 90' lang='lat' dir='ltr'><strong>opus</strong></span> <span class='ocrx_word' id='word_1_658' title='bbox 1592 4655 1743 4724; x_wconf 89' lang='lat' dir='ltr'><strong>quod</strong></span> <span class='ocrx_word' id='word_1_659' title='bbox 1779 4657 1953 4712; x_wconf 86' lang='lat' dir='ltr'><strong>habe-</strong></span> 
     </span>
    </p>
   </div>
   <div class='ocr_carea' id='block_1_93' title="bbox 359 4756 1952 4816">
    <p class='ocr_par' dir='ltr' id='par_1_93' title="bbox 359 4756 1952 4816">
     <span class='ocr_line' id='line_1_93' title="bbox 359 4756 1952 4816; baseline 0.001 -14"><span class='ocrx_word' id='word_1_660' title='bbox 359 4764 508 4812; x_wconf 87' lang='lat' dir='ltr'><strong>mus,</strong></span> <span class='ocrx_word' id='word_1_661' title='bbox 545 4763 738 4802; x_wconf 79' lang='lat' dir='ltr'><strong>COI‘UIII</strong></span> <span class='ocrx_word' id='word_1_662' title='bbox 788 4756 996 4816; x_wconf 89' lang='lat' dir='ltr'><strong>partem</strong></span> <span class='ocrx_word' id='word_1_663' title='bbox 1029 4763 1152 4802; x_wconf 88' lang='lat' dir='ltr'><strong>esse</strong></span> <span class='ocrx_word' id='word_1_664' title='bbox 1185 4759 1338 4802; x_wconf 79' lang='lat' dir='ltr'><strong>extra</strong></span> <span class='ocrx_word' id='word_1_665' title='bbox 1379 4765 1598 4802; x_wconf 88' lang='lat' dir='ltr'><strong>omnem</strong></span> <span class='ocrx_word' id='word_1_666' title='bbox 1630 4757 1952 4804; x_wconf 72' lang='lat' dir='ltr'><strong>COHU&#39;O&#39;CI“</strong></span> 
     </span>
    </p>
   </div>
   <div class='ocr_carea' id='block_1_94' title="bbox 359 4833 1953 4906">
    <p class='ocr_par' dir='ltr' id='par_1_94' title="bbox 359 4833 1953 4906">
     <span class='ocr_line' id='line_1_94' title="bbox 359 4833 1953 4906; baseline 0.001 -14"><span class='ocrx_word' id='word_1_667' title='bbox 359 4840 501 4892; x_wconf 89' lang='lat' dir='ltr'><strong>siam</strong></span> <span class='ocrx_word' id='word_1_668' title='bbox 539 4845 772 4906; x_wconf 88' lang='lat' dir='ltr'><strong>ponunt,</strong></span> <span class='ocrx_word' id='word_1_669' title='bbox 798 4844 852 4888; x_wconf 89' lang='lat' dir='ltr'><strong>et</strong></span> <span class='ocrx_word' id='word_1_670' title='bbox 896 4833 1127 4906; x_wconf 80' lang='lat' dir='ltr'><strong>Nysseni</strong></span> <span class='ocrx_word' id='word_1_671' title='bbox 1183 4837 1456 4906; x_wconf 74' lang='lat' dir='ltr'><strong>expositio</strong></span> <span class='ocrx_word' id='word_1_672' title='bbox 1479 4852 1747 4903; x_wconf 88' lang='lat' dir='ltr'><strong>consona,</strong></span> <span class='ocrx_word' id='word_1_673' title='bbox 1779 4847 1834 4892; x_wconf 92' lang='lat' dir='ltr'><strong>et</strong></span> <span class='ocrx_word' id='word_1_674' title='bbox 1865 4854 1953 4893; x_wconf 85' lang='lat' dir='ltr'><strong>res</strong></span> 
     </span>
    </p>
   </div>
   <div class='ocr_carea' id='block_1_95' title="bbox 359 4925 1954 4999">
    <p class='ocr_par' dir='ltr' id='par_1_95' title="bbox 359 4925 1954 4999">
     <span class='ocr_line' id='line_1_95' title="bbox 359 4925 1954 4999; baseline -0.001 -17"><span class='ocrx_word' id='word_1_675' title='bbox 359 4930 502 4999; x_wconf 83' lang='lat' dir='ltr'><strong>ipsa,</strong></span> <span class='ocrx_word' id='word_1_676' title='bbox 541 4939 598 4984; x_wconf 90' lang='lat' dir='ltr'><strong>et</strong></span> <span class='ocrx_word' id='word_1_677' title='bbox 646 4927 1015 4997; x_wconf 81' lang='lat' dir='ltr'><strong>fragmentum</strong></span> <span class='ocrx_word' id='word_1_678' title='bbox 1058 4925 1244 4981; x_wconf 76' lang='lat' dir='ltr'><strong>Grtece</strong></span> <span class='ocrx_word' id='word_1_679' title='bbox 1274 4928 1328 4980; x_wconf 92' lang='lat' dir='ltr'><strong>in</strong></span> <span class='ocrx_word' id='word_1_680' title='bbox 1377 4927 1683 4980; x_wconf 74' lang='lat' dir='ltr'><strong>Pttilecalia</strong></span> <span class='ocrx_word' id='word_1_681' title='bbox 1727 4943 1954 4982; x_wconf 79' lang='lat' dir='ltr'><strong>conser-</strong></span> 
     </span>
    </p>
   </div>
   <div class='ocr_carea' id='block_1_96' title="bbox 359 5017 1952 5088">
    <p class='ocr_par' dir='ltr' id='par_1_96' title="bbox 359 5017 1952 5088">
     <span class='ocr_line' id='line_1_96' title="bbox 359 5017 1952 5088; baseline 0.001 -17"><span class='ocrx_word' id='word_1_682' title='bbox 359 5030 574 5082; x_wconf 80' lang='lat' dir='ltr'><strong>vatum,</strong></span> <span class='ocrx_word' id='word_1_683' title='bbox 626 5029 680 5073; x_wconf 87' lang='lat' dir='ltr'><strong>et</strong></span> <span class='ocrx_word' id='word_1_684' title='bbox 726 5018 1046 5072; x_wconf 88' lang='lat' dir='ltr'><strong>Cassiodori</strong></span> <span class='ocrx_word' id='word_1_685' title='bbox 1081 5017 1150 5071; x_wconf 90' lang='lat' dir='ltr'><strong>de</strong></span> <span class='ocrx_word' id='word_1_686' title='bbox 1200 5017 1415 5072; x_wconf 65' lang='lat' dir='ltr'><strong>nulline</strong></span> <span class='ocrx_word' id='word_1_687' title='bbox 1454 5020 1757 5088; x_wconf 86' lang='lat' dir='ltr'><strong>interprete</strong></span> <span class='ocrx_word' id='word_1_688' title='bbox 1793 5019 1952 5074; x_wconf 80' lang='lat' dir='ltr'><strong>testi-</strong></span> 
     </span>
    </p>
   </div>
   <div class='ocr_carea' id='block_1_97' title="bbox 361 5111 1946 5182">
    <p class='ocr_par' dir='ltr' id='par_1_97' title="bbox 361 5111 1946 5182">
     <span class='ocr_line' id='line_1_97' title="bbox 361 5111 1946 5182; baseline 0.002 -17"><span class='ocrx_word' id='word_1_689' title='bbox 361 5113 632 5166; x_wconf 88' lang='lat' dir='ltr'><strong>monium.</strong></span> <span class='ocrx_word' id='word_1_690' title='bbox 670 5111 883 5166; x_wconf 85' lang='lat' dir='ltr'><strong>Pariter</strong></span> <span class='ocrx_word' id='word_1_691' title='bbox 933 5111 1190 5166; x_wconf 90' lang='lat' dir='ltr'><strong>homilias</strong></span> <span class='ocrx_word' id='word_1_692' title='bbox 1231 5112 1283 5164; x_wconf 92' lang='lat' dir='ltr'><strong>in</strong></span> <span class='ocrx_word' id='word_1_693' title='bbox 1321 5112 1380 5167; x_wconf 86' lang='lat' dir='ltr'><strong>S.</strong></span> <span class='ocrx_word' id='word_1_694' title='bbox 1415 5111 1622 5167; x_wconf 87' lang='lat' dir='ltr'><strong>Lucam</strong></span> <span class='ocrx_word' id='word_1_695' title='bbox 1654 5113 1946 5182; x_wconf 88' lang='lat' dir='ltr'><strong>scripsisse</strong></span> 
     </span>
    </p>
   </div>
   <div class='ocr_carea' id='block_1_98' title="bbox 358 5202 1952 5272">
    <p class='ocr_par' dir='ltr' id='par_1_98' title="bbox 358 5202 1952 5272">
     <span class='ocr_line' id='line_1_98' title="bbox 358 5202 1952 5272; baseline 0.001 -16"><span class='ocrx_word' id='word_1_696' title='bbox 358 5202 653 5272; x_wconf 84' lang='lat' dir='ltr'><strong>Origencm</strong></span> <span class='ocrx_word' id='word_1_697' title='bbox 710 5213 920 5256; x_wconf 84' lang='lat' dir='ltr'><strong>certum</strong></span> <span class='ocrx_word' id='word_1_698' title='bbox 977 5211 1095 5263; x_wconf 82' lang='lat' dir='ltr'><strong>est,</strong></span> <span class='ocrx_word' id='word_1_699' title='bbox 1149 5203 1295 5271; x_wconf 88' lang='lat' dir='ltr'><strong>quod</strong></span> <span class='ocrx_word' id='word_1_700' title='bbox 1350 5211 1404 5258; x_wconf 85' lang='lat' dir='ltr'><strong>et</strong></span> <span class='ocrx_word' id='word_1_701' title='bbox 1451 5219 1545 5258; x_wconf 86' lang='lat' dir='ltr'><strong>eas</strong></span> <span class='ocrx_word' id='word_1_702' title='bbox 1597 5204 1714 5272; x_wconf 87' lang='lat' dir='ltr'><strong>ipse</strong></span> <span class='ocrx_word' id='word_1_703' title='bbox 1766 5204 1952 5258; x_wconf 87' lang='lat' dir='ltr'><strong>laudet</strong></span> 
     </span>
    </p>
   </div>
   <div class='ocr_carea' id='block_1_99' title="bbox 360 5293 1950 5355">
    <p class='ocr_par' dir='ltr' id='par_1_99' title="bbox 360 5293 1950 5355">
     <span class='ocr_line' id='line_1_99' title="bbox 360 5293 1950 5355; baseline -0.002 -5"><span class='ocrx_word' id='word_1_704' title='bbox 360 5298 528 5350; x_wconf 82' lang='lat' dir='ltr'><strong>tomis</strong></span> <span class='ocrx_word' id='word_1_705' title='bbox 558 5299 609 5350; x_wconf 85' lang='lat' dir='ltr'><strong>in</strong></span> <span class='ocrx_word' id='word_1_706' title='bbox 649 5297 967 5354; x_wconf 73' lang='lat' dir='ltr'><strong>Matthwum</strong></span> <span class='ocrx_word' id='word_1_707' title='bbox 1008 5306 1058 5350; x_wconf 85' lang='lat' dir='ltr'><strong>et</strong></span> <span class='ocrx_word' id='word_1_708' title='bbox 1091 5293 1381 5355; x_wconf 83' lang='lat' dir='ltr'><strong>Joannem.</strong></span> <span class='ocrx_word' id='word_1_709' title='bbox 1417 5305 1470 5350; x_wconf 87' lang='lat' dir='ltr'><strong>et</strong></span> <span class='ocrx_word' id='word_1_710' title='bbox 1503 5304 1732 5351; x_wconf 86' lang='lat' dir='ltr'><strong>testetur</strong></span> <span class='ocrx_word' id='word_1_711' title='bbox 1758 5294 1950 5349; x_wconf 83' lang='lat' dir='ltr'><strong>Hiero-</strong></span> 
     </span>
    </p>
   </div>
   <div class='ocr_carea' id='block_1_100' title="bbox 360 5388 1951 5461">
    <p class='ocr_par' dir='ltr' id='par_1_100' title="bbox 360 5388 1951 5461">
     <span class='ocr_line' id='line_1_100' title="bbox 360 5388 1951 5461; baseline -0.002 -16"><span class='ocrx_word' id='word_1_712' title='bbox 360 5406 558 5461; x_wconf 75' lang='lat' dir='ltr'><strong>nymus</strong></span> <span class='ocrx_word' id='word_1_713' title='bbox 587 5390 656 5443; x_wconf 88' lang='lat' dir='ltr'><strong>ad</strong></span> <span class='ocrx_word' id='word_1_714' title='bbox 682 5389 911 5442; x_wconf 86' lang='lat' dir='ltr'><strong>Paulum</strong></span> <span class='ocrx_word' id='word_1_715' title='bbox 938 5399 991 5443; x_wconf 90' lang='lat' dir='ltr'><strong>et</strong></span> <span class='ocrx_word' id='word_1_716' title='bbox 1019 5388 1400 5444; x_wconf 86' lang='lat' dir='ltr'><strong>Eustochium.</strong></span> <span class='ocrx_word' id='word_1_717' title='bbox 1437 5389 1790 5454; x_wconf 84' lang='lat' dir='ltr'><strong>Quamobrem</strong></span> <span class='ocrx_word' id='word_1_718' title='bbox 1822 5390 1951 5458; x_wconf 88' lang='lat' dir='ltr'><strong>peti-</strong></span> 
     </span>
    </p>
   </div>
   <div class='ocr_carea' id='block_1_101' title="bbox 357 5482 1948 5552">
    <p class='ocr_par' dir='ltr' id='par_1_101' title="bbox 357 5482 1948 5552">
     <span class='ocr_line' id='line_1_101' title="bbox 357 5482 1948 5552; baseline -0.001 -14"><span class='ocrx_word' id='word_1_719' title='bbox 357 5486 476 5550; x_wconf 78' lang='lat' dir='ltr'><strong>stis,</strong></span> <span class='ocrx_word' id='word_1_720' title='bbox 504 5500 585 5548; x_wconf 87' lang='lat' dir='ltr'><strong>ut,</strong></span> <span class='ocrx_word' id='word_1_721' title='bbox 620 5485 935 5545; x_wconf 78' lang='lat' dir='ltr'><strong>contemptis</strong></span> <span class='ocrx_word' id='word_1_722' title='bbox 972 5483 1280 5536; x_wconf 84' lang='lat' dir='ltr'><strong>istiusmodi</strong></span> <span class='ocrx_word' id='word_1_723' title='bbox 1310 5484 1485 5552; x_wconf 84' lang='lat' dir='ltr'><strong>nugis,</strong></span> <span class='ocrx_word' id='word_1_724' title='bbox 1511 5482 1702 5536; x_wconf 88' lang='lat' dir='ltr'><strong>saltem</strong></span> <span class='ocrx_word' id='word_1_725' title='bbox 1724 5484 1948 5552; x_wconf 84' lang='lat' dir='ltr'><strong>triginta</strong></span> 
     </span>
    </p>
   </div>
   <div class='ocr_carea' id='block_1_102' title="bbox 358 5572 1948 5641">
    <p class='ocr_par' dir='ltr' id='par_1_102' title="bbox 358 5572 1948 5641">
     <span class='ocr_line' id='line_1_102' title="bbox 358 5572 1948 5641; baseline -0.001 -12"><span class='ocrx_word' id='word_1_726' title='bbox 358 5587 404 5629; x_wconf 90' lang='lat' dir='ltr'><strong>et</strong></span> <span class='ocrx_word' id='word_1_727' title='bbox 431 5591 613 5629; x_wconf 76' lang='lat' dir='ltr'><strong>nouem</strong></span> <span class='ocrx_word' id='word_1_728' title='bbox 638 5575 953 5628; x_wconf 80' lang='lat' dir='ltr'><strong>Adamantii</strong></span> <span class='ocrx_word' id='word_1_729' title='bbox 981 5574 1152 5627; x_wconf 82' lang='lat' dir='ltr'><strong>nostri</strong></span> <span class='ocrx_word' id='word_1_730' title='bbox 1185 5575 1238 5626; x_wconf 87' lang='lat' dir='ltr'><strong>in</strong></span> <span class='ocrx_word' id='word_1_731' title='bbox 1269 5572 1470 5628; x_wconf 87' lang='lat' dir='ltr'><strong>Lucam</strong></span> <span class='ocrx_word' id='word_1_732' title='bbox 1499 5574 1772 5641; x_wconf 82' lang='lat' dir='ltr'><strong>homilias,</strong></span> <span class='ocrx_word' id='word_1_733' title='bbox 1809 5575 1948 5627; x_wconf 87' lang='lat' dir='ltr'><strong>sicut</strong></span> 
     </span>
    </p>
   </div>
   <div class='ocr_carea' id='block_1_103' title="bbox 358 5664 1948 5735">
    <p class='ocr_par' dir='ltr' id='par_1_103' title="bbox 358 5664 1948 5735">
     <span class='ocr_line' id='line_1_103' title="bbox 358 5664 1948 5735; baseline 0.001 -17"><span class='ocrx_word' id='word_1_734' title='bbox 358 5668 408 5718; x_wconf 90' lang='lat' dir='ltr'><strong>in</strong></span> <span class='ocrx_word' id='word_1_735' title='bbox 433 5665 618 5719; x_wconf 67' lang='grc' dir='ltr'><strong>στανεο</strong></span> <span class='ocrx_word' id='word_1_736' title='bbox 636 5666 919 5728; x_wconf 76' lang='lat' dir='ltr'><strong>habentur,</strong></span> <span class='ocrx_word' id='word_1_737' title='bbox 937 5666 1272 5732; x_wconf 85' lang='lat' dir='ltr'><strong>interpreter.</strong></span> <span class='ocrx_word' id='word_1_738' title='bbox 1298 5664 1414 5735; x_wconf 85' lang='lat' dir='ltr'><strong>Ipse</strong></span> <span class='ocrx_word' id='word_1_739' title='bbox 1446 5678 1630 5720; x_wconf 87' lang='lat' dir='ltr'><strong>autem</strong></span> <span class='ocrx_word' id='word_1_740' title='bbox 1652 5666 1757 5720; x_wconf 88' lang='lat' dir='ltr'><strong>hoc</strong></span> <span class='ocrx_word' id='word_1_741' title='bbox 1788 5683 1848 5722; x_wconf 90' lang='lat' dir='ltr'><strong>se</strong></span> <span class='ocrx_word' id='word_1_742' title='bbox 1866 5665 1948 5720; x_wconf 81' lang='lat' dir='ltr'><strong>fe-</strong></span> 
     </span>
    </p>
   </div>
   <div class='ocr_carea' id='block_1_104' title="bbox 358 5754 1941 5825">
    <p class='ocr_par' dir='ltr' id='par_1_104' title="bbox 358 5754 1941 5825">
     <span class='ocr_line' id='line_1_104' title="bbox 358 5754 1941 5825; baseline 0.001 -15"><span class='ocrx_word' id='word_1_743' title='bbox 358 5757 494 5813; x_wconf 79' lang='lat' dir='ltr'><strong>cisse</strong></span> <span class='ocrx_word' id='word_1_744' title='bbox 509 5758 742 5823; x_wconf 79' lang='lat' dir='ltr'><strong>asserit;</strong></span> <span class='ocrx_word' id='word_1_745' title='bbox 791 5758 1066 5812; x_wconf 85' lang='lat' dir='ltr'><strong>habemus</strong></span> <span class='ocrx_word' id='word_1_746' title='bbox 1100 5754 1350 5825; x_wconf 85' lang='lat' dir='ltr'><strong>Origenis</strong></span> <span class='ocrx_word' id='word_1_747' title='bbox 1379 5757 1634 5812; x_wconf 86' lang='lat' dir='ltr'><strong>homilias</strong></span> <span class='ocrx_word' id='word_1_748' title='bbox 1669 5773 1737 5813; x_wconf 76' lang='lat' dir='ltr'><strong>ex</strong></span> <span class='ocrx_word' id='word_1_749' title='bbox 1771 5759 1941 5812; x_wconf 89' lang='lat' dir='ltr'><strong>inter-</strong></span> 
     </span>
    </p>
   </div>
   <div class='ocr_carea' id='block_1_105' title="bbox 359 5848 1937 5922">
    <p class='ocr_par' dir='ltr' id='par_1_105' title="bbox 359 5848 1937 5922">
     <span class='ocr_line' id='line_1_105' title="bbox 359 5848 1937 5922; baseline 0 -17"><span class='ocrx_word' id='word_1_750' title='bbox 359 5850 656 5922; x_wconf 86' lang='lat' dir='ltr'><strong>pretatione</strong></span> <span class='ocrx_word' id='word_1_751' title='bbox 690 5849 1037 5920; x_wconf 74' lang='lat' dir='ltr'><strong>Hieronymi,</strong></span> <span class='ocrx_word' id='word_1_752' title='bbox 1063 5849 1206 5905; x_wconf 81' lang='lat' dir='ltr'><strong>sicut</strong></span> <span class='ocrx_word' id='word_1_753' title='bbox 1245 5848 1298 5903; x_wconf 90' lang='lat' dir='ltr'><strong>in</strong></span> <span class='ocrx_word' id='word_1_754' title='bbox 1336 5848 1528 5907; x_wconf 62' lang='lat' dir='ltr'><strong>Cresco</strong></span> <span class='ocrx_word' id='word_1_755' title='bbox 1573 5850 1937 5907; x_wconf 85' lang='lat' dir='ltr'><strong>habebantur.</strong></span> 
     </span>
    </p>
   </div>
   <div class='ocr_carea' id='block_1_106' title="bbox 2057 4651 3642 4724">
    <p class='ocr_par' dir='ltr' id='par_1_106' title="bbox 2057 4651 3642 4724">
     <span class='ocr_line' id='line_1_106' title="bbox 2057 4651 3642 4724; baseline -0.001 -16"><span class='ocrx_word' id='word_1_756' title='bbox 2057 4660 2160 4708; x_wconf 86' lang='lat' dir='ltr'><strong>est.</strong></span> <span class='ocrx_word' id='word_1_757' title='bbox 2214 4651 2524 4709; x_wconf 80' lang='lat' dir='ltr'><strong>Restitutus</strong></span> <span class='ocrx_word' id='word_1_758' title='bbox 2577 4655 2799 4724; x_wconf 88' lang='lat' dir='ltr'><strong>quidem</strong></span> <span class='ocrx_word' id='word_1_759' title='bbox 2847 4654 3235 4709; x_wconf 85' lang='lat' dir='ltr'><strong>Alexandriam</strong></span> <span class='ocrx_word' id='word_1_760' title='bbox 3291 4653 3488 4724; x_wconf 82' lang='lat' dir='ltr'><strong>pergit,</strong></span> <span class='ocrx_word' id='word_1_761' title='bbox 3547 4652 3642 4707; x_wconf 87' lang='lat' dir='ltr'><strong>ubi</strong></span> 
     </span>
    </p>
   </div>
   <div class='ocr_carea' id='block_1_107' title="bbox 2058 4744 3641 4811">
    <p class='ocr_par' dir='ltr' id='par_1_107' title="bbox 2058 4744 3641 4811">
     <span class='ocr_line' id='line_1_107' title="bbox 2058 4744 3641 4811; baseline 0.001 -14"><span class='ocrx_word' id='word_1_762' title='bbox 2058 4752 2239 4800; x_wconf 90' lang='lat' dir='ltr'><strong>tamen</strong></span> <span class='ocrx_word' id='word_1_763' title='bbox 2266 4745 2357 4798; x_wconf 93' lang='lat' dir='ltr'><strong>diu</strong></span> <span class='ocrx_word' id='word_1_764' title='bbox 2382 4761 2612 4801; x_wconf 91' lang='lat' dir='ltr'><strong>securus</strong></span> <span class='ocrx_word' id='word_1_765' title='bbox 2643 4746 2907 4811; x_wconf 82' lang='lat' dir='ltr'><strong>nonfuit;</strong></span> <span class='ocrx_word' id='word_1_766' title='bbox 2935 4746 3030 4799; x_wconf 87' lang='lat' dir='ltr'><strong>sed</strong></span> <span class='ocrx_word' id='word_1_767' title='bbox 3069 4746 3457 4800; x_wconf 68' lang='lat' dir='ltr'><strong>hazreticorum</strong></span> <span class='ocrx_word' id='word_1_768' title='bbox 3489 4744 3641 4799; x_wconf 90' lang='lat' dir='ltr'><strong>domi</strong></span> 
     </span>
    </p>
   </div>
   <div class='ocr_carea' id='block_1_108' title="bbox 2054 4837 3636 4908">
    <p class='ocr_par' dir='ltr' id='par_1_108' title="bbox 2054 4837 3636 4908">
     <span class='ocr_line' id='line_1_108' title="bbox 2054 4837 3636 4908; baseline -0.001 -17"><span class='ocrx_word' id='word_1_769' title='bbox 2054 4846 2192 4892; x_wconf 76' lang='lat' dir='ltr'><strong>testu</strong></span> <span class='ocrx_word' id='word_1_770' title='bbox 2222 4839 2458 4908; x_wconf 88' lang='lat' dir='ltr'><strong>agitatus</strong></span> <span class='ocrx_word' id='word_1_771' title='bbox 2487 4840 2800 4908; x_wconf 88' lang='lat' dir='ltr'><strong>pontiticem</strong></span> <span class='ocrx_word' id='word_1_772' title='bbox 2831 4837 3141 4892; x_wconf 81' lang='lat' dir='ltr'><strong>Romanum</strong></span> <span class='ocrx_word' id='word_1_773' title='bbox 3169 4837 3427 4906; x_wconf 85' lang='lat' dir='ltr'><strong>appellat,</strong></span> <span class='ocrx_word' id='word_1_774' title='bbox 3455 4846 3508 4890; x_wconf 92' lang='lat' dir='ltr'><strong>et</strong></span> <span class='ocrx_word' id='word_1_775' title='bbox 3540 4852 3636 4890; x_wconf 86' lang='lat' dir='ltr'><strong>no-</strong></span> 
     </span>
    </p>
   </div>
   <div class='ocr_carea' id='block_1_109' title="bbox 2055 4929 3636 4998">
    <p class='ocr_par' dir='ltr' id='par_1_109' title="bbox 2055 4929 3636 4998">
     <span class='ocr_line' id='line_1_109' title="bbox 2055 4929 3636 4998; baseline 0.001 -18"><span class='ocrx_word' id='word_1_776' title='bbox 2055 4929 2136 4982; x_wconf 91' lang='lat' dir='ltr'><strong>vis</strong></span> <span class='ocrx_word' id='word_1_777' title='bbox 2185 4930 2665 4985; x_wconf 87' lang='lat' dir='ltr'><strong>criminationibus</strong></span> <span class='ocrx_word' id='word_1_778' title='bbox 2701 4941 2935 4984; x_wconf 83' lang='lat' dir='ltr'><strong>onustus</strong></span> <span class='ocrx_word' id='word_1_779' title='bbox 2966 4929 3194 4982; x_wconf 78' lang='lat' dir='ltr'><strong>Romam</strong></span> <span class='ocrx_word' id='word_1_780' title='bbox 3244 4929 3636 4998; x_wconf 81' lang='lat' dir='ltr'><strong>proﬁciscitur.</strong></span> 
     </span>
    </p>
   </div>
   <div class='ocr_carea' id='block_1_110' title="bbox 2054 5018 3640 5093">
    <p class='ocr_par' dir='ltr' id='par_1_110' title="bbox 2054 5018 3640 5093">
     <span class='ocr_line' id='line_1_110' title="bbox 2054 5018 3640 5093; baseline -0.001 -19"><span class='ocrx_word' id='word_1_781' title='bbox 2054 5019 2177 5076; x_wconf 70' lang='lat' dir='ltr'><strong>Mov</strong></span> <span class='ocrx_word' id='word_1_782' title='bbox 2230 5021 2285 5074; x_wconf 91' lang='lat' dir='ltr'><strong>in</strong></span> <span class='ocrx_word' id='word_1_783' title='bbox 2342 5021 2555 5093; x_wconf 83' lang='lat' dir='ltr'><strong>synodo</strong></span> <span class='ocrx_word' id='word_1_784' title='bbox 2606 5021 2947 5075; x_wconf 87' lang='lat' dir='ltr'><strong>Antiochcna</strong></span> <span class='ocrx_word' id='word_1_785' title='bbox 2998 5020 3284 5088; x_wconf 89' lang='lat' dir='ltr'><strong>depositus</strong></span> <span class='ocrx_word' id='word_1_786' title='bbox 3331 5029 3434 5083; x_wconf 91' lang='lat' dir='ltr'><strong>est,</strong></span> <span class='ocrx_word' id='word_1_787' title='bbox 3481 5018 3640 5088; x_wconf 87' lang='lat' dir='ltr'><strong>eique</strong></span> 
     </span>
    </p>
   </div>
   <div class='ocr_carea' id='block_1_111' title="bbox 2054 5110 3639 5184">
    <p class='ocr_par' dir='ltr' id='par_1_111' title="bbox 2054 5110 3639 5184">
     <span class='ocr_line' id='line_1_111' title="bbox 2054 5110 3639 5184; baseline -0.005 -14"><span class='ocrx_word' id='word_1_788' title='bbox 2054 5114 2316 5170; x_wconf 80' lang='lat' dir='ltr'><strong>sull‘ectus</strong></span> <span class='ocrx_word' id='word_1_789' title='bbox 2346 5113 2669 5184; x_wconf 87' lang='lat' dir='ltr'><strong>Gregorius.</strong></span> <span class='ocrx_word' id='word_1_790' title='bbox 2717 5113 2775 5166; x_wconf 91' lang='lat' dir='ltr'><strong>In</strong></span> <span class='ocrx_word' id='word_1_791' title='bbox 2833 5111 3129 5166; x_wconf 85' lang='lat' dir='ltr'><strong>Occidente</strong></span> <span class='ocrx_word' id='word_1_792' title='bbox 3166 5110 3332 5180; x_wconf 89' lang='lat' dir='ltr'><strong>igitur</strong></span> <span class='ocrx_word' id='word_1_793' title='bbox 3363 5125 3459 5179; x_wconf 91' lang='lat' dir='ltr'><strong>per</strong></span> <span class='ocrx_word' id='word_1_794' title='bbox 3488 5126 3639 5163; x_wconf 75' lang='lat' dir='ltr'><strong>CUlIl~</strong></span> 
     </span>
    </p>
   </div>
   <div class='ocr_carea' id='block_1_112' title="bbox 2053 5199 3639 5274">
    <p class='ocr_par' dir='ltr' id='par_1_112' title="bbox 2053 5199 3639 5274">
     <span class='ocr_line' id='line_1_112' title="bbox 2053 5199 3639 5274; baseline -0.002 -17"><span class='ocrx_word' id='word_1_795' title='bbox 2053 5205 2238 5274; x_wconf 86' lang='lat' dir='ltr'><strong>plures</strong></span> <span class='ocrx_word' id='word_1_796' title='bbox 2266 5222 2442 5261; x_wconf 88' lang='lat' dir='ltr'><strong>annos</strong></span> <span class='ocrx_word' id='word_1_797' title='bbox 2473 5206 2751 5269; x_wconf 87' lang='lat' dir='ltr'><strong>subsistit,</strong></span> <span class='ocrx_word' id='word_1_798' title='bbox 2786 5205 2878 5258; x_wconf 89' lang='lat' dir='ltr'><strong>ubi</strong></span> <span class='ocrx_word' id='word_1_799' title='bbox 2908 5201 3345 5257; x_wconf 88' lang='lat' dir='ltr'><strong>Eusehianorum</strong></span> <span class='ocrx_word' id='word_1_800' title='bbox 3376 5211 3470 5255; x_wconf 89' lang='lat' dir='ltr'><strong>aut</strong></span> <span class='ocrx_word' id='word_1_801' title='bbox 3493 5199 3639 5254; x_wconf 81' lang='lat' dir='ltr'><strong>fama</strong></span> 
     </span>
    </p>
   </div>
   <div class='ocr_carea' id='block_1_113' title="bbox 2053 5290 3639 5364">
    <p class='ocr_par' dir='ltr' id='par_1_113' title="bbox 2053 5290 3639 5364">
     <span class='ocr_line' id='line_1_113' title="bbox 2053 5290 3639 5364; baseline -0.001 -15"><span class='ocrx_word' id='word_1_802' title='bbox 2053 5305 2148 5350; x_wconf 89' lang='lat' dir='ltr'><strong>aut</strong></span> <span class='ocrx_word' id='word_1_803' title='bbox 2163 5311 2294 5350; x_wconf 87' lang='lat' dir='ltr'><strong>cura</strong></span> <span class='ocrx_word' id='word_1_804' title='bbox 2315 5295 2483 5350; x_wconf 90' lang='lat' dir='ltr'><strong>nulla.</strong></span> <span class='ocrx_word' id='word_1_805' title='bbox 2504 5293 2810 5350; x_wconf 85' lang='lat' dir='ltr'><strong>Serdicensi</strong></span> <span class='ocrx_word' id='word_1_806' title='bbox 2836 5295 3043 5364; x_wconf 83' lang='lat' dir='ltr'><strong>synodo</strong></span> <span class='ocrx_word' id='word_1_807' title='bbox 3060 5290 3325 5357; x_wconf 85' lang='lat' dir='ltr'><strong>interfuit,</strong></span> <span class='ocrx_word' id='word_1_808' title='bbox 3343 5308 3372 5345; x_wconf 90' lang='lat' dir='ltr'><strong>a</strong></span> <span class='ocrx_word' id='word_1_809' title='bbox 3396 5307 3502 5361; x_wconf 89' lang='lat' dir='ltr'><strong>qua</strong></span> <span class='ocrx_word' id='word_1_810' title='bbox 3526 5308 3639 5347; x_wconf 77' lang='lat' dir='ltr'><strong>sua:</strong></span> 
     </span>
    </p>
   </div>
   <div class='ocr_carea' id='block_1_114' title="bbox 2052 5379 3636 5452">
    <p class='ocr_par' dir='ltr' id='par_1_114' title="bbox 2052 5379 3636 5452">
     <span class='ocr_line' id='line_1_114' title="bbox 2052 5379 3636 5452; baseline -0.003 -9"><span class='ocrx_word' id='word_1_811' title='bbox 2052 5389 2168 5443; x_wconf 87' lang='lat' dir='ltr'><strong>sedi</strong></span> <span class='ocrx_word' id='word_1_812' title='bbox 2220 5389 2545 5452; x_wconf 86' lang='lat' dir='ltr'><strong>restitutus,</strong></span> <span class='ocrx_word' id='word_1_813' title='bbox 2604 5387 2996 5441; x_wconf 75' lang='lat' dir='ltr'><strong>Alexandriam</strong></span> <span class='ocrx_word' id='word_1_814' title='bbox 3051 5393 3235 5436; x_wconf 88' lang='lat' dir='ltr'><strong>tamen</strong></span> <span class='ocrx_word' id='word_1_815' title='bbox 3294 5379 3497 5438; x_wconf 84' lang='lat' dir='ltr'><strong>reverti</strong></span> <span class='ocrx_word' id='word_1_816' title='bbox 3547 5384 3636 5439; x_wconf 81' lang='lat' dir='ltr'><strong>vix</strong></span> 
     </span>
    </p>
   </div>
   <div class='ocr_carea' id='block_1_115' title="bbox 2049 5474 3635 5550">
    <p class='ocr_par' dir='ltr' id='par_1_115' title="bbox 2049 5474 3635 5550">
     <span class='ocr_line' id='line_1_115' title="bbox 2049 5474 3635 5550; baseline -0.003 -17"><span class='ocrx_word' id='word_1_817' title='bbox 2049 5481 2144 5534; x_wconf 91' lang='lat' dir='ltr'><strong>diu</strong></span> <span class='ocrx_word' id='word_1_818' title='bbox 2175 5490 2362 5550; x_wconf 91' lang='lat' dir='ltr'><strong>postea</strong></span> <span class='ocrx_word' id='word_1_819' title='bbox 2400 5494 2572 5534; x_wconf 91' lang='lat' dir='ltr'><strong>ausus</strong></span> <span class='ocrx_word' id='word_1_820' title='bbox 2608 5488 2723 5533; x_wconf 89' lang='lat' dir='ltr'><strong>est:</strong></span> <span class='ocrx_word' id='word_1_821' title='bbox 2770 5479 2950 5548; x_wconf 88' lang='lat' dir='ltr'><strong>primo</strong></span> <span class='ocrx_word' id='word_1_822' title='bbox 2983 5474 3261 5540; x_wconf 82' lang='lat' dir='ltr'><strong>Naissum,</strong></span> <span class='ocrx_word' id='word_1_823' title='bbox 3295 5475 3421 5530; x_wconf 90' lang='lat' dir='ltr'><strong>dein</strong></span> <span class='ocrx_word' id='word_1_824' title='bbox 3459 5475 3635 5546; x_wconf 87' lang='lat' dir='ltr'><strong>Aqui-</strong></span> 
     </span>
    </p>
   </div>
   <div class='ocr_carea' id='block_1_116' title="bbox 2050 5568 3632 5638">
    <p class='ocr_par' dir='ltr' id='par_1_116' title="bbox 2050 5568 3632 5638">
     <span class='ocr_line' id='line_1_116' title="bbox 2050 5568 3632 5638; baseline -0.001 -13"><span class='ocrx_word' id='word_1_825' title='bbox 2050 5571 2244 5637; x_wconf 89' lang='lat' dir='ltr'><strong>leiam,</strong></span> <span class='ocrx_word' id='word_1_826' title='bbox 2274 5588 2494 5627; x_wconf 88' lang='lat' dir='ltr'><strong>rursum</strong></span> <span class='ocrx_word' id='word_1_827' title='bbox 2548 5570 2772 5636; x_wconf 87' lang='lat' dir='ltr'><strong>Gallias,</strong></span> <span class='ocrx_word' id='word_1_828' title='bbox 2800 5579 2988 5638; x_wconf 78' lang='lat' dir='ltr'><strong>postea</strong></span> <span class='ocrx_word' id='word_1_829' title='bbox 3020 5568 3370 5622; x_wconf 86' lang='lat' dir='ltr'><strong>Antiochiam</strong></span> <span class='ocrx_word' id='word_1_830' title='bbox 3419 5568 3632 5638; x_wconf 85' lang='lat' dir='ltr'><strong>petivit.</strong></span> 
     </span>
    </p>
   </div>
   <div class='ocr_carea' id='block_1_117' title="bbox 2049 5659 3632 5733">
    <p class='ocr_par' dir='ltr' id='par_1_117' title="bbox 2049 5659 3632 5733">
     <span class='ocr_line' id='line_1_117' title="bbox 2049 5659 3632 5733; baseline -0.001 -17"><span class='ocrx_word' id='word_1_831' title='bbox 2049 5662 2350 5733; x_wconf 84' lang='lat' dir='ltr'><strong>Postquam</strong></span> <span class='ocrx_word' id='word_1_832' title='bbox 2400 5663 2530 5716; x_wconf 91' lang='lat' dir='ltr'><strong>illuc</strong></span> <span class='ocrx_word' id='word_1_833' title='bbox 2579 5670 2923 5731; x_wconf 83' lang='lat' dir='ltr'><strong>pervenerat,</strong></span> <span class='ocrx_word' id='word_1_834' title='bbox 2957 5659 3256 5728; x_wconf 89' lang='lat' dir='ltr'><strong>omniaque</strong></span> <span class='ocrx_word' id='word_1_835' title='bbox 3297 5660 3350 5713; x_wconf 91' lang='lat' dir='ltr'><strong>in</strong></span> <span class='ocrx_word' id='word_1_836' title='bbox 3386 5659 3632 5716; x_wconf 81' lang='lat' dir='ltr'><strong>Ecclesia</strong></span> 
     </span>
    </p>
   </div>
   <div class='ocr_carea' id='block_1_118' title="bbox 2049 5753 3630 5827">
    <p class='ocr_par' dir='ltr' id='par_1_118' title="bbox 2049 5753 3630 5827">
     <span class='ocr_line' id='line_1_118' title="bbox 2049 5753 3630 5827; baseline -0.003 -16"><span class='ocrx_word' id='word_1_837' title='bbox 2049 5756 2314 5827; x_wconf 73' lang='lat' dir='ltr'><strong>praeclare</strong></span> <span class='ocrx_word' id='word_1_838' title='bbox 2341 5755 2711 5825; x_wconf 83' lang='lat' dir='ltr'><strong>disposuerat,</strong></span> <span class='ocrx_word' id='word_1_839' title='bbox 2743 5756 2988 5814; x_wconf 87' lang='lat' dir='ltr'><strong>edictum</strong></span> <span class='ocrx_word' id='word_1_840' title='bbox 3011 5769 3109 5823; x_wconf 91' lang='lat' dir='ltr'><strong>pro</strong></span> <span class='ocrx_word' id='word_1_841' title='bbox 3132 5753 3487 5807; x_wconf 88' lang='lat' dir='ltr'><strong>damnatione</strong></span> <span class='ocrx_word' id='word_1_842' title='bbox 3511 5754 3630 5820; x_wconf 86' lang='lat' dir='ltr'><strong>ejus</strong></span> 
     </span>
    </p>
   </div>
   <div class='ocr_carea' id='block_1_119' title="bbox 2048 5844 3598 5919">
    <p class='ocr_par' dir='ltr' id='par_1_119' title="bbox 2048 5844 3598 5919">
     <span class='ocr_line' id='line_1_119' title="bbox 2048 5844 3598 5919; baseline -0.005 -11"><span class='ocrx_word' id='word_1_843' title='bbox 2048 5867 2079 5908; x_wconf 75' lang='grc' dir='ltr'><strong>ει</strong></span> <span class='ocrx_word' id='word_1_844' title='bbox 2109 5849 2432 5907; x_wconf 82' lang='lat' dir='ltr'><strong>Constan:io</strong></span> <span class='ocrx_word' id='word_1_845' title='bbox 2475 5848 2643 5905; x_wconf 77' lang='lat' dir='ltr'><strong>exiit:</strong></span> <span class='ocrx_word' id='word_1_846' title='bbox 2695 5858 2746 5904; x_wconf 91' lang='lat' dir='ltr'><strong>ct</strong></span> <span class='ocrx_word' id='word_1_847' title='bbox 2789 5863 2914 5902; x_wconf 79' lang='lat' dir='ltr'><strong>mox</strong></span> <span class='ocrx_word' id='word_1_848' title='bbox 2958 5845 3176 5919; x_wconf 77' lang='lat' dir='ltr'><strong>Syriani</strong></span> <span class='ocrx_word' id='word_1_849' title='bbox 3229 5845 3468 5902; x_wconf 78' lang='lat' dir='ltr'><strong>exercitu</strong></span> <span class='ocrx_word' id='word_1_850' title='bbox 3500 5844 3598 5900; x_wconf 84' lang='lat' dir='ltr'><strong>Ale</strong></span> 
     </span>
    </p>
   </div>
  </div>
