  <div class='ocr_page' id='page_1' title='image "/cluster/home/n/w/nwhite01/storage/ocr_20150623/5/coo.31924054872845/103.png"; bbox 0 0 4078 6384; ppageno 0'>
   <div class='ocr_carea' id='block_1_1' title="bbox 547 345 644 401">
    <p class='ocr_par' dir='ltr' id='par_1_1' title="bbox 547 345 644 401">
     <span class='ocr_line' id='line_1_1' title="bbox 547 345 644 401; baseline 0 -1"><span class='ocrx_word' id='word_1_1' title='bbox 547 345 644 401; x_wconf 65' lang='grc'><strong>191</strong></span> 
     </span>
    </p>
   </div>
   <div class='ocr_carea' id='block_1_2' title="bbox 1573 345 2700 405">
    <p class='ocr_par' dir='ltr' id='par_1_2' title="bbox 1573 345 2700 405">
     <span class='ocr_line' id='line_1_2' title="bbox 1573 345 2700 405; baseline 0 -2"><span class='ocrx_word' id='word_1_2' title='bbox 1573 346 1631 404; x_wconf 80' lang='lat'><strong>8.</strong></span> <span class='ocrx_word' id='word_1_3' title='bbox 1675 345 2024 404; x_wconf 80' lang='lat' dir='ltr'><strong>IGNATIUS.</strong></span> <span class='ocrx_word' id='word_1_4' title='bbox 2058 380 2127 389; x_wconf 94' lang='lat'><strong>—</strong></span> <span class='ocrx_word' id='word_1_5' title='bbox 2166 347 2700 405; x_wconf 73' lang='lat' dir='ltr'><strong>PROLEGOMENA.</strong></span> 
     </span>
    </p>
   </div>
   <div class='ocr_carea' id='block_1_3' title="bbox 3725 337 3862 414">
    <p class='ocr_par' dir='ltr' id='par_1_3' title="bbox 3725 337 3862 414">
     <span class='ocr_line' id='line_1_3' title="bbox 3725 337 3862 414; baseline 0 -1"><span class='ocrx_word' id='word_1_6' title='bbox 3725 337 3862 414; x_wconf 61' lang='grc' dir='ltr'><strong>κη’</strong></span> 
     </span>
    </p>
   </div>
   <div class='ocr_carea' id='block_1_4' title="bbox 547 462 3866 544">
    <p class='ocr_par' dir='ltr' id='par_1_4' title="bbox 547 462 3866 544">
     <span class='ocr_line' id='line_1_4' title="bbox 547 462 3866 544; baseline 0.004 -27"><span class='ocrx_word' id='word_1_7' title='bbox 547 463 792 518; x_wconf 63' lang='lat' dir='ltr'><strong>xandrtae</strong></span> <span class='ocrx_word' id='word_1_8' title='bbox 839 479 1137 535; x_wconf 87' lang='lat' dir='ltr'><strong>oppressus</strong></span> <span class='ocrx_word' id='word_1_9' title='bbox 1194 463 1325 536; x_wconf 71' lang='lat' dir='ltr'><strong>fuga</strong></span> <span class='ocrx_word' id='word_1_10' title='bbox 1367 465 1589 536; x_wconf 91' lang='lat' dir='ltr'><strong>elapsus</strong></span> <span class='ocrx_word' id='word_1_11' title='bbox 1619 478 1723 528; x_wconf 88' lang='lat' dir='ltr'><strong>est.</strong></span> <span class='ocrx_word' id='word_1_12' title='bbox 1743 476 1799 521; x_wconf 89' lang='lat' dir='ltr'><strong>et</strong></span> <span class='ocrx_word' id='word_1_13' title='bbox 1828 467 2143 522; x_wconf 88' lang='lat' dir='ltr'><strong>introducto</strong></span> <span class='ocrx_word' id='word_1_14' title='bbox 2171 473 2217 528; x_wconf 84' lang='grc' dir='ltr'><strong>Α</strong></span> <span class='ocrx_word' id='word_1_15' title='bbox 2247 481 2385 522; x_wconf 87' lang='lat' dir='ltr'><strong>recte</strong></span> <span class='ocrx_word' id='word_1_16' title='bbox 2435 471 2729 538; x_wconf 74' lang='lat' dir='ltr'><strong>scripsisse,</strong></span> <span class='ocrx_word' id='word_1_17' title='bbox 2794 478 2910 524; x_wconf 89' lang='lat' dir='ltr'><strong>tum</strong></span> <span class='ocrx_word' id='word_1_18' title='bbox 2965 471 3132 525; x_wconf 90' lang='lat' dir='ltr'><strong>etiam</strong></span> <span class='ocrx_word' id='word_1_19' title='bbox 3163 480 3218 526; x_wconf 91' lang='lat' dir='ltr'><strong>et</strong></span> <span class='ocrx_word' id='word_1_20' title='bbox 3247 471 3406 538; x_wconf 92' lang='lat' dir='ltr'><strong>alios,</strong></span> <span class='ocrx_word' id='word_1_21' title='bbox 3434 473 3528 544; x_wconf 87' lang='lat' dir='ltr'><strong>qui</strong></span> <span class='ocrx_word' id='word_1_22' title='bbox 3559 474 3663 544; x_wconf 83' lang='lat' dir='ltr'><strong>ipsi</strong></span> <span class='ocrx_word' id='word_1_23' title='bbox 3695 489 3832 530; x_wconf 87' lang='lat' dir='ltr'><strong>con-</strong></span> <span class='ocrx_word' id='word_1_24' title='bbox 3858 462 3866 484; x_wconf 70' lang='grc'>⁸</span> 
     </span>
    </p>
   </div>
   <div class='ocr_carea' id='block_1_5' title="bbox 545 556 2142 626">
    <p class='ocr_par' dir='ltr' id='par_1_5' title="bbox 545 556 2142 626">
     <span class='ocr_line' id='line_1_5' title="bbox 545 556 2142 626; baseline 0.003 -14"><span class='ocrx_word' id='word_1_25' title='bbox 545 556 803 626; x_wconf 81' lang='lat' dir='ltr'><strong>Georgio,</strong></span> <span class='ocrx_word' id='word_1_26' title='bbox 837 558 893 609; x_wconf 92' lang='lat' dir='ltr'><strong>in</strong></span> <span class='ocrx_word' id='word_1_27' title='bbox 919 573 1164 612; x_wconf 85' lang='lat' dir='ltr'><strong>eretnum</strong></span> <span class='ocrx_word' id='word_1_28' title='bbox 1195 561 1454 614; x_wconf 80' lang='lat' dir='ltr'><strong>secessit:</strong></span> <span class='ocrx_word' id='word_1_29' title='bbox 1482 560 1574 614; x_wconf 90' lang='lat' dir='ltr'><strong>ubi</strong></span> <span class='ocrx_word' id='word_1_30' title='bbox 1597 560 1688 613; x_wconf 91' lang='lat' dir='ltr'><strong>diu</strong></span> <span class='ocrx_word' id='word_1_31' title='bbox 1709 570 1957 616; x_wconf 89' lang='lat' dir='ltr'><strong>versatus</strong></span> <span class='ocrx_word' id='word_1_32' title='bbox 1985 571 2040 616; x_wconf 89' lang='lat' dir='ltr'><strong>et</strong></span> <span class='ocrx_word' id='word_1_33' title='bbox 2072 562 2142 617; x_wconf 90' lang='lat' dir='ltr'><strong>ab</strong></span> 
     </span>
    </p>
   </div>
   <div class='ocr_carea' id='block_1_6' title="bbox 545 647 2139 724">
    <p class='ocr_par' dir='ltr' id='par_1_6' title="bbox 545 647 2139 724">
     <span class='ocr_line' id='line_1_6' title="bbox 545 647 2139 724; baseline 0.003 -21"><span class='ocrx_word' id='word_1_34' title='bbox 545 647 787 703; x_wconf 83' lang='lat' dir='ltr'><strong>hostium</strong></span> <span class='ocrx_word' id='word_1_35' title='bbox 824 649 1001 702; x_wconf 90' lang='lat' dir='ltr'><strong>oculis</strong></span> <span class='ocrx_word' id='word_1_36' title='bbox 1045 651 1266 719; x_wconf 90' lang='lat' dir='ltr'><strong>penitus</strong></span> <span class='ocrx_word' id='word_1_37' title='bbox 1307 660 1561 721; x_wconf 86' lang='lat' dir='ltr'><strong>ereptus,</strong></span> <span class='ocrx_word' id='word_1_38' title='bbox 1591 653 1762 706; x_wconf 89' lang='lat' dir='ltr'><strong>multa</strong></span> <span class='ocrx_word' id='word_1_39' title='bbox 1789 654 2139 724; x_wconf 89' lang='lat' dir='ltr'><strong>conscripsit,</strong></span> 
     </span>
    </p>
   </div>
   <div class='ocr_carea' id='block_1_7' title="bbox 544 738 2138 814">
    <p class='ocr_par' dir='ltr' id='par_1_7' title="bbox 544 738 2138 814">
     <span class='ocr_line' id='line_1_7' title="bbox 544 738 2138 814; baseline 0.006 -21"><span class='ocrx_word' id='word_1_40' title='bbox 544 738 635 793; x_wconf 89' lang='lat' dir='ltr'><strong>illa</strong></span> <span class='ocrx_word' id='word_1_41' title='bbox 663 741 985 808; x_wconf 64' lang='lat' dir='ltr'><strong>praesertim,</strong></span> <span class='ocrx_word' id='word_1_42' title='bbox 1021 743 1073 795; x_wconf 92' lang='lat' dir='ltr'><strong>in</strong></span> <span class='ocrx_word' id='word_1_43' title='bbox 1099 743 1302 811; x_wconf 82' lang='lat' dir='ltr'><strong>quibus</strong></span> <span class='ocrx_word' id='word_1_44' title='bbox 1329 743 1385 797; x_wconf 86' lang='lat' dir='ltr'><strong>S.</strong></span> <span class='ocrx_word' id='word_1_45' title='bbox 1419 742 1684 814; x_wconf 79' lang='lat' dir='ltr'><strong>lgnatium</strong></span> <span class='ocrx_word' id='word_1_46' title='bbox 1713 745 1971 800; x_wconf 90' lang='lat' dir='ltr'><strong>laudavit.</strong></span> <span class='ocrx_word' id='word_1_47' title='bbox 2005 746 2138 812; x_wconf 82' lang='lat' dir='ltr'><strong>Quis</strong></span> 
     </span>
    </p>
   </div>
   <div class='ocr_carea' id='block_1_8' title="bbox 547 831 2138 900">
    <p class='ocr_par' dir='ltr' id='par_1_8' title="bbox 547 831 2138 900">
     <span class='ocr_line' id='line_1_8' title="bbox 547 831 2138 900; baseline 0.005 -16"><span class='ocrx_word' id='word_1_48' title='bbox 547 831 657 900; x_wconf 85' lang='lat' dir='ltr'><strong>jam</strong></span> <span class='ocrx_word' id='word_1_49' title='bbox 698 832 974 887; x_wconf 81' lang='lat' dir='ltr'><strong>dubitabit</strong></span> <span class='ocrx_word' id='word_1_50' title='bbox 1016 833 1382 890; x_wconf 83' lang='lat' dir='ltr'><strong>Athanasium</strong></span> <span class='ocrx_word' id='word_1_51' title='bbox 1413 845 1510 890; x_wconf 91' lang='lat' dir='ltr'><strong>aut</strong></span> <span class='ocrx_word' id='word_1_52' title='bbox 1552 837 1604 890; x_wconf 92' lang='lat' dir='ltr'><strong>in</strong></span> <span class='ocrx_word' id='word_1_53' title='bbox 1638 836 1886 891; x_wconf 79' lang='lat' dir='ltr'><strong>Historia</strong></span> <span class='ocrx_word' id='word_1_54' title='bbox 1915 837 2138 893; x_wconf 87' lang='lat' dir='ltr'><strong>Eusebii</strong></span> 
     </span>
    </p>
   </div>
   <div class='ocr_carea' id='block_1_9' title="bbox 544 925 2135 1000">
    <p class='ocr_par' dir='ltr' id='par_1_9' title="bbox 544 925 2135 1000">
     <span class='ocr_line' id='line_1_9' title="bbox 544 925 2135 1000; baseline 0.006 -24"><span class='ocrx_word' id='word_1_55' title='bbox 544 925 777 978; x_wconf 90' lang='lat' dir='ltr'><strong>multum</strong></span> <span class='ocrx_word' id='word_1_56' title='bbox 811 925 986 981; x_wconf 80' lang='lat' dir='ltr'><strong>fuisse</strong></span> <span class='ocrx_word' id='word_1_57' title='bbox 1033 936 1337 994; x_wconf 89' lang='lat' dir='ltr'><strong>versatum,</strong></span> <span class='ocrx_word' id='word_1_58' title='bbox 1372 938 1664 1000; x_wconf 85' lang='lat' dir='ltr'><strong>antequam</strong></span> <span class='ocrx_word' id='word_1_59' title='bbox 1713 933 1816 986; x_wconf 90' lang='lat' dir='ltr'><strong>ista</strong></span> <span class='ocrx_word' id='word_1_60' title='bbox 1849 932 2135 998; x_wconf 84' lang='lat' dir='ltr'><strong>scriberet,</strong></span> 
     </span>
    </p>
   </div>
   <div class='ocr_carea' id='block_1_10' title="bbox 540 1018 2138 1093">
    <p class='ocr_par' dir='ltr' id='par_1_10' title="bbox 540 1018 2138 1093">
     <span class='ocr_line' id='line_1_10' title="bbox 540 1018 2138 1093; baseline 0.005 -24"><span class='ocrx_word' id='word_1_61' title='bbox 540 1025 636 1070; x_wconf 85' lang='lat' dir='ltr'><strong>aut</strong></span> <span class='ocrx_word' id='word_1_62' title='bbox 655 1033 720 1072; x_wconf 76' lang='lat' dir='ltr'><strong>ex</strong></span> <span class='ocrx_word' id='word_1_63' title='bbox 749 1018 900 1074; x_wconf 88' lang='lat' dir='ltr'><strong>illius</strong></span> <span class='ocrx_word' id='word_1_64' title='bbox 929 1020 1258 1075; x_wconf 84' lang='lat' dir='ltr'><strong>auctoritate</strong></span> <span class='ocrx_word' id='word_1_65' title='bbox 1284 1021 1498 1077; x_wconf 89' lang='lat' dir='ltr'><strong>dilectis</strong></span> <span class='ocrx_word' id='word_1_66' title='bbox 1522 1022 1640 1077; x_wconf 91' lang='lat' dir='ltr'><strong>suis</strong></span> <span class='ocrx_word' id='word_1_67' title='bbox 1681 1021 1947 1078; x_wconf 80' lang='lat' dir='ltr'><strong>fratribus</strong></span> <span class='ocrx_word' id='word_1_68' title='bbox 1981 1021 2138 1093; x_wconf 79' lang='lat' dir='ltr'><strong>lgna-</strong></span> 
     </span>
    </p>
   </div>
   <div class='ocr_carea' id='block_1_11' title="bbox 542 1109 2135 1187">
    <p class='ocr_par' dir='ltr' id='par_1_11' title="bbox 542 1109 2135 1187">
     <span class='ocr_line' id='line_1_11' title="bbox 542 1109 2135 1187; baseline 0.008 -26"><span class='ocrx_word' id='word_1_69' title='bbox 542 1109 680 1162; x_wconf 87' lang='lat' dir='ltr'><strong>tium</strong></span> <span class='ocrx_word' id='word_1_70' title='bbox 715 1113 1103 1166; x_wconf 80' lang='lat' dir='ltr'><strong>commendare</strong></span> <span class='ocrx_word' id='word_1_71' title='bbox 1146 1114 1431 1169; x_wconf 87' lang='lat' dir='ltr'><strong>voluisse?</strong></span> <span class='ocrx_word' id='word_1_72' title='bbox 1477 1114 1593 1187; x_wconf 86' lang='lat' dir='ltr'><strong>Ego</strong></span> <span class='ocrx_word' id='word_1_73' title='bbox 1627 1117 1849 1186; x_wconf 88' lang='lat' dir='ltr'><strong>quidem</strong></span> <span class='ocrx_word' id='word_1_74' title='bbox 1889 1135 1994 1172; x_wconf 88' lang='lat' dir='ltr'><strong>non</strong></span> <span class='ocrx_word' id='word_1_75' title='bbox 2033 1121 2135 1173; x_wconf 85' lang='lat' dir='ltr'><strong>du-</strong></span> 
     </span>
    </p>
   </div>
   <div class='ocr_carea' id='block_1_12' title="bbox 542 1197 2134 1274">
    <p class='ocr_par' dir='ltr' id='par_1_12' title="bbox 542 1197 2134 1274">
     <span class='ocr_line' id='line_1_12' title="bbox 542 1197 2134 1274; baseline 0.009 -25"><span class='ocrx_word' id='word_1_76' title='bbox 542 1197 674 1262; x_wconf 83' lang='lat' dir='ltr'><strong>bito,</strong></span> <span class='ocrx_word' id='word_1_77' title='bbox 699 1200 852 1270; x_wconf 90' lang='lat' dir='ltr'><strong>quin,</strong></span> <span class='ocrx_word' id='word_1_78' title='bbox 883 1217 1010 1256; x_wconf 90' lang='lat' dir='ltr'><strong>cum</strong></span> <span class='ocrx_word' id='word_1_79' title='bbox 1049 1203 1108 1258; x_wconf 94' lang='lat' dir='ltr'><strong>S.</strong></span> <span class='ocrx_word' id='word_1_80' title='bbox 1142 1204 1408 1274; x_wconf 84' lang='lat' dir='ltr'><strong>lgnatium</strong></span> <span class='ocrx_word' id='word_1_81' title='bbox 1438 1207 1651 1273; x_wconf 86' lang='lat' dir='ltr'><strong>citavit,</strong></span> <span class='ocrx_word' id='word_1_82' title='bbox 1687 1225 1798 1263; x_wconf 89' lang='lat' dir='ltr'><strong>non</strong></span> <span class='ocrx_word' id='word_1_83' title='bbox 1835 1225 1899 1264; x_wconf 76' lang='lat' dir='ltr'><strong>ex</strong></span> <span class='ocrx_word' id='word_1_84' title='bbox 1940 1219 2134 1266; x_wconf 90' lang='lat' dir='ltr'><strong>aucto-</strong></span> 
     </span>
    </p>
   </div>
   <div class='ocr_carea' id='block_1_13' title="bbox 538 1293 2130 1373">
    <p class='ocr_par' dir='ltr' id='par_1_13' title="bbox 538 1293 2130 1373">
     <span class='ocr_line' id='line_1_13' title="bbox 538 1293 2130 1373; baseline 0.007 -26"><span class='ocrx_word' id='word_1_85' title='bbox 538 1293 699 1350; x_wconf 86' lang='lat' dir='ltr'><strong>ritate</strong></span> <span class='ocrx_word' id='word_1_86' title='bbox 730 1295 974 1362; x_wconf 85' lang='lat' dir='ltr'><strong>Eusebii,</strong></span> <span class='ocrx_word' id='word_1_87' title='bbox 1008 1314 1131 1368; x_wconf 74' lang='lat' dir='ltr'><strong>qua:</strong></span> <span class='ocrx_word' id='word_1_88' title='bbox 1182 1300 1360 1354; x_wconf 90' lang='lat' dir='ltr'><strong>sentio</strong></span> <span class='ocrx_word' id='word_1_89' title='bbox 1409 1317 1576 1370; x_wconf 88' lang='lat' dir='ltr'><strong>quam</strong></span> <span class='ocrx_word' id='word_1_90' title='bbox 1624 1301 1792 1357; x_wconf 77' lang='lat' dir='ltr'><strong>fuerit</strong></span> <span class='ocrx_word' id='word_1_91' title='bbox 1821 1306 1963 1373; x_wconf 89' lang='lat' dir='ltr'><strong>apud</strong></span> <span class='ocrx_word' id='word_1_92' title='bbox 2005 1321 2130 1358; x_wconf 92' lang='lat' dir='ltr'><strong>eum</strong></span> 
     </span>
    </p>
   </div>
   <div class='ocr_carea' id='block_1_14' title="bbox 537 1393 2132 1468">
    <p class='ocr_par' dir='ltr' id='par_1_14' title="bbox 537 1393 2132 1468">
     <span class='ocr_line' id='line_1_14' title="bbox 537 1393 2132 1468; baseline 0.003 -20"><span class='ocrx_word' id='word_1_93' title='bbox 537 1393 756 1462; x_wconf 76' lang='lat' dir='ltr'><strong>exigua,</strong></span> <span class='ocrx_word' id='word_1_94' title='bbox 819 1395 913 1448; x_wconf 91' lang='lat' dir='ltr'><strong>sed</strong></span> <span class='ocrx_word' id='word_1_95' title='bbox 951 1412 1046 1463; x_wconf 86' lang='lat' dir='ltr'><strong>pro</strong></span> <span class='ocrx_word' id='word_1_96' title='bbox 1077 1412 1174 1448; x_wconf 87' lang='lat' dir='ltr'><strong>sua</strong></span> <span class='ocrx_word' id='word_1_97' title='bbox 1226 1396 1488 1465; x_wconf 76' lang='lat' dir='ltr'><strong>singulari</strong></span> <span class='ocrx_word' id='word_1_98' title='bbox 1545 1399 1847 1466; x_wconf 79' lang='lat' dir='ltr'><strong>sapientia,</strong></span> <span class='ocrx_word' id='word_1_99' title='bbox 1898 1400 1954 1452; x_wconf 91' lang='lat' dir='ltr'><strong>id</strong></span> <span class='ocrx_word' id='word_1_100' title='bbox 2005 1417 2132 1468; x_wconf 87' lang='lat' dir='ltr'><strong>pro-</strong></span> 
     </span>
    </p>
   </div>
   <div class='ocr_carea' id='block_1_15' title="bbox 538 1488 2131 1560">
    <p class='ocr_par' dir='ltr' id='par_1_15' title="bbox 538 1488 2131 1560">
     <span class='ocr_line' id='line_1_15' title="bbox 538 1488 2131 1560; baseline 0.003 -22"><span class='ocrx_word' id='word_1_101' title='bbox 538 1488 886 1551; x_wconf 84' lang='lat' dir='ltr'><strong>nuntiarerit,</strong></span> <span class='ocrx_word' id='word_1_102' title='bbox 923 1488 1062 1556; x_wconf 83' lang='lat' dir='ltr'><strong>quod</strong></span> <span class='ocrx_word' id='word_1_103' title='bbox 1113 1488 1230 1556; x_wconf 90' lang='lat' dir='ltr'><strong>ipsa</strong></span> <span class='ocrx_word' id='word_1_104' title='bbox 1278 1500 1402 1542; x_wconf 84' lang='lat' dir='ltr'><strong>tunc</strong></span> <span class='ocrx_word' id='word_1_105' title='bbox 1450 1489 1792 1558; x_wconf 84' lang='lat' dir='ltr'><strong>apertissima</strong></span> <span class='ocrx_word' id='word_1_106' title='bbox 1828 1507 1908 1544; x_wconf 85' lang='lat' dir='ltr'><strong>res</strong></span> <span class='ocrx_word' id='word_1_107' title='bbox 1955 1493 2131 1560; x_wconf 78' lang='lat' dir='ltr'><strong>reique</strong></span> 
     </span>
    </p>
   </div>
   <div class='ocr_carea' id='block_1_16' title="bbox 539 1581 1110 1648">
    <p class='ocr_par' dir='ltr' id='par_1_16' title="bbox 539 1581 1110 1648">
     <span class='ocr_line' id='line_1_16' title="bbox 539 1581 1110 1648; baseline 0.005 -16"><span class='ocrx_word' id='word_1_108' title='bbox 539 1581 680 1632; x_wconf 81' lang='lat' dir='ltr'><strong>ratio</strong></span> <span class='ocrx_word' id='word_1_109' title='bbox 712 1581 795 1633; x_wconf 75' lang='lat' dir='ltr'><strong>i’li</strong></span> <span class='ocrx_word' id='word_1_110' title='bbox 821 1583 1110 1648; x_wconf 81' lang='lat' dir='ltr'><strong>persuasit.</strong></span> 
     </span>
    </p>
   </div>
   <div class='ocr_carea' id='block_1_17' title="bbox 611 1671 2128 1746">
    <p class='ocr_par' dir='ltr' id='par_1_17' title="bbox 611 1671 2128 1746">
     <span class='ocr_line' id='line_1_17' title="bbox 611 1671 2128 1746; baseline 0.003 -21"><span class='ocrx_word' id='word_1_111' title='bbox 611 1671 851 1727; x_wconf 88' lang='lat' dir='ltr'><strong>Tandem</strong></span> <span class='ocrx_word' id='word_1_112' title='bbox 902 1691 1032 1728; x_wconf 90' lang='lat' dir='ltr'><strong>vero</strong></span> <span class='ocrx_word' id='word_1_113' title='bbox 1085 1675 1464 1744; x_wconf 88' lang='lat' dir='ltr'><strong>persentisco,</strong></span> <span class='ocrx_word' id='word_1_114' title='bbox 1498 1691 1672 1746; x_wconf 86' lang='lat' dir='ltr'><strong>quare</strong></span> <span class='ocrx_word' id='word_1_115' title='bbox 1729 1691 1832 1728; x_wconf 82' lang='lat' dir='ltr'><strong>non</strong></span> <span class='ocrx_word' id='word_1_116' title='bbox 1887 1692 2128 1745; x_wconf 77' lang='lat' dir='ltr'><strong>peccasse</strong></span> 
     </span>
    </p>
   </div>
   <div class='ocr_carea' id='block_1_18' title="bbox 536 1763 2122 1837">
    <p class='ocr_par' dir='ltr' id='par_1_18' title="bbox 536 1763 2122 1837">
     <span class='ocr_line' id='line_1_18' title="bbox 536 1763 2122 1837; baseline 0.004 -22"><span class='ocrx_word' id='word_1_117' title='bbox 536 1763 902 1819; x_wconf 84' lang='lat' dir='ltr'><strong>Athanasium</strong></span> <span class='ocrx_word' id='word_1_118' title='bbox 935 1766 1202 1837; x_wconf 84' lang='lat' dir='ltr'><strong>largiatur</strong></span> <span class='ocrx_word' id='word_1_119' title='bbox 1235 1767 1503 1823; x_wconf 67' lang='lat' dir='ltr'><strong>Dallaaus:</strong></span> <span class='ocrx_word' id='word_1_120' title='bbox 1536 1777 1789 1823; x_wconf 89' lang='lat' dir='ltr'><strong>autumat</strong></span> <span class='ocrx_word' id='word_1_121' title='bbox 1819 1768 1966 1821; x_wconf 86' lang='lat' dir='ltr'><strong>enim</strong></span> <span class='ocrx_word' id='word_1_122' title='bbox 1997 1783 2122 1822; x_wconf 90' lang='lat' dir='ltr'><strong>eum</strong></span> 
     </span>
    </p>
   </div>
   <div class='ocr_carea' id='block_1_19' title="bbox 2241 561 3830 637">
    <p class='ocr_par' dir='ltr' id='par_1_19' title="bbox 2241 561 3830 637">
     <span class='ocr_line' id='line_1_19' title="bbox 2241 561 3830 637; baseline 0.004 -21"><span class='ocrx_word' id='word_1_123' title='bbox 2241 561 2408 616; x_wconf 81' lang='lat' dir='ltr'><strong>traria</strong></span> <span class='ocrx_word' id='word_1_124' title='bbox 2464 561 2723 617; x_wconf 87' lang='lat' dir='ltr'><strong>statuisse</strong></span> <span class='ocrx_word' id='word_1_125' title='bbox 2769 563 3098 618; x_wconf 88' lang='lat' dir='ltr'><strong>verbotenus</strong></span> <span class='ocrx_word' id='word_1_126' title='bbox 3148 565 3467 632; x_wconf 88' lang='lat' dir='ltr'><strong>videantur,</strong></span> <span class='ocrx_word' id='word_1_127' title='bbox 3534 567 3725 637; x_wconf 90' lang='lat' dir='ltr'><strong>quidni</strong></span> <span class='ocrx_word' id='word_1_128' title='bbox 3776 578 3830 622; x_wconf 92' lang='lat' dir='ltr'><strong>et</strong></span> 
     </span>
    </p>
   </div>
   <div class='ocr_carea' id='block_1_20' title="bbox 2240 651 3830 726">
    <p class='ocr_par' dir='ltr' id='par_1_20' title="bbox 2240 651 3830 726">
     <span class='ocr_line' id='line_1_20' title="bbox 2240 651 3830 726; baseline 0.005 -21"><span class='ocrx_word' id='word_1_129' title='bbox 2240 651 2517 707; x_wconf 66' lang='lat' dir='ltr'><strong>Nicaznam</strong></span> <span class='ocrx_word' id='word_1_130' title='bbox 2571 654 2865 724; x_wconf 87' lang='lat' dir='ltr'><strong>synodum,</strong></span> <span class='ocrx_word' id='word_1_131' title='bbox 2896 664 2951 709; x_wconf 91' lang='lat' dir='ltr'><strong>et</strong></span> <span class='ocrx_word' id='word_1_132' title='bbox 3002 656 3151 710; x_wconf 88' lang='lat' dir='ltr'><strong>illam</strong></span> <span class='ocrx_word' id='word_1_133' title='bbox 3185 673 3308 726; x_wconf 56' lang='lat' dir='ltr'><strong>quae</strong></span> <span class='ocrx_word' id='word_1_134' title='bbox 3347 657 3576 712; x_wconf 88' lang='lat' dir='ltr'><strong>Paulum</strong></span> <span class='ocrx_word' id='word_1_135' title='bbox 3623 659 3830 714; x_wconf 82' lang='lat' dir='ltr'><strong>conde-</strong></span> 
     </span>
    </p>
   </div>
   <div class='ocr_carea' id='block_1_21' title="bbox 2241 746 3822 822">
    <p class='ocr_par' dir='ltr' id='par_1_21' title="bbox 2241 746 3822 822">
     <span class='ocr_line' id='line_1_21' title="bbox 2241 746 3822 822; baseline 0.004 -23"><span class='ocrx_word' id='word_1_136' title='bbox 2241 746 2470 806; x_wconf 85' lang='lat' dir='ltr'><strong>mnavit,</strong></span> <span class='ocrx_word' id='word_1_137' title='bbox 2519 746 2919 802; x_wconf 82' lang='lat' dir='ltr'><strong>admittamus?</strong></span> <span class='ocrx_word' id='word_1_138' title='bbox 2969 746 3037 802; x_wconf 90' lang='lat' dir='ltr'><strong>Ut</strong></span> <span class='ocrx_word' id='word_1_139' title='bbox 3083 749 3161 802; x_wconf 89' lang='lat' dir='ltr'><strong>illi</strong></span> <span class='ocrx_word' id='word_1_140' title='bbox 3209 750 3367 804; x_wconf 85' lang='lat' dir='ltr'><strong>aliter</strong></span> <span class='ocrx_word' id='word_1_141' title='bbox 3397 751 3716 822; x_wconf 78' lang='grc' dir='ltr'><strong>ἀγέννητον,</strong></span> <span class='ocrx_word' id='word_1_142' title='bbox 3750 752 3822 806; x_wconf 89' lang='lat' dir='ltr'><strong>ita</strong></span> 
     </span>
    </p>
   </div>
   <div class='ocr_carea' id='block_1_22' title="bbox 2242 839 3822 912">
    <p class='ocr_par' dir='ltr' id='par_1_22' title="bbox 2242 839 3822 912">
     <span class='ocr_line' id='line_1_22' title="bbox 2242 839 3822 912; baseline 0.004 -20"><span class='ocrx_word' id='word_1_143' title='bbox 2242 839 2324 893; x_wconf 72' lang='lat' dir='ltr'><strong>ha:</strong></span> <span class='ocrx_word' id='word_1_144' title='bbox 2370 839 2530 893; x_wconf 85' lang='lat' dir='ltr'><strong>aliter</strong></span> <span class='ocrx_word' id='word_1_145' title='bbox 2553 839 2837 909; x_wconf 84' lang='grc' dir='ltr'>ὁμοούσιον</span> <span class='ocrx_word' id='word_1_146' title='bbox 2871 852 3222 909; x_wconf 91' lang='lat' dir='ltr'><strong>acceperunt.</strong></span> <span class='ocrx_word' id='word_1_147' title='bbox 3254 840 3398 895; x_wconf 84' lang='lat' dir='ltr'><strong>Nihil</strong></span> <span class='ocrx_word' id='word_1_148' title='bbox 3444 859 3686 912; x_wconf 90' lang='lat' dir='ltr'><strong>unquam</strong></span> <span class='ocrx_word' id='word_1_149' title='bbox 3713 845 3822 898; x_wconf 90' lang='lat' dir='ltr'><strong>dici</strong></span> 
     </span>
    </p>
   </div>
   <div class='ocr_carea' id='block_1_23' title="bbox 2239 931 3826 1004">
    <p class='ocr_par' dir='ltr' id='par_1_23' title="bbox 2239 931 3826 1004">
     <span class='ocr_line' id='line_1_23' title="bbox 2239 931 3826 1004; baseline 0.004 -20"><span class='ocrx_word' id='word_1_150' title='bbox 2239 931 2419 1000; x_wconf 89' lang='lat' dir='ltr'><strong>potuit</strong></span> <span class='ocrx_word' id='word_1_151' title='bbox 2465 939 2563 985; x_wconf 90' lang='lat' dir='ltr'><strong>aut</strong></span> <span class='ocrx_word' id='word_1_152' title='bbox 2593 931 2662 986; x_wconf 94' lang='lat' dir='ltr'><strong>de</strong></span> <span class='ocrx_word' id='word_1_153' title='bbox 2699 947 2829 986; x_wconf 88' lang='lat' dir='ltr'><strong>vero</strong></span> <span class='ocrx_word' id='word_1_154' title='bbox 2860 941 2915 986; x_wconf 90' lang='lat' dir='ltr'><strong>et</strong></span> <span class='ocrx_word' id='word_1_155' title='bbox 2949 931 3256 987; x_wconf 85' lang='lat' dir='ltr'><strong>indubitate</strong></span> <span class='ocrx_word' id='word_1_156' title='bbox 3308 942 3536 988; x_wconf 88' lang='lat' dir='ltr'><strong>auctore</strong></span> <span class='ocrx_word' id='word_1_157' title='bbox 3576 936 3826 1004; x_wconf 64' lang='lat' dir='ltr'><strong>epistolae</strong></span> 
     </span>
    </p>
   </div>
   <div class='ocr_carea' id='block_1_24' title="bbox 2237 1022 3820 1094">
    <p class='ocr_par' dir='ltr' id='par_1_24' title="bbox 2237 1022 3820 1094">
     <span class='ocr_line' id='line_1_24' title="bbox 2237 1022 3820 1094; baseline 0.005 -18"><span class='ocrx_word' id='word_1_158' title='bbox 2237 1022 2640 1087; x_wconf 83' lang='lat' dir='ltr'><strong>conﬁdentius,</strong></span> <span class='ocrx_word' id='word_1_159' title='bbox 2673 1032 2768 1077; x_wconf 92' lang='lat' dir='ltr'><strong>aut</strong></span> <span class='ocrx_word' id='word_1_160' title='bbox 2801 1025 2868 1078; x_wconf 90' lang='lat' dir='ltr'><strong>de</strong></span> <span class='ocrx_word' id='word_1_161' title='bbox 2903 1025 3023 1094; x_wconf 87' lang='lat' dir='ltr'><strong>ipso</strong></span> <span class='ocrx_word' id='word_1_162' title='bbox 3074 1023 3285 1093; x_wconf 80' lang='lat' dir='ltr'><strong>Ignatio</strong></span> <span class='ocrx_word' id='word_1_163' title='bbox 3332 1027 3820 1084; x_wconf 83' lang='lat' dir='ltr'><strong>honoriﬁcentius:</strong></span> 
     </span>
    </p>
   </div>
   <div class='ocr_carea' id='block_1_25' title="bbox 2237 1114 3824 1191">
    <p class='ocr_par' dir='ltr' id='par_1_25' title="bbox 2237 1114 3824 1191">
     <span class='ocr_line' id='line_1_25' title="bbox 2237 1114 3824 1191; baseline 0.006 -25"><span class='ocrx_word' id='word_1_164' title='bbox 2237 1114 2372 1167; x_wconf 85' lang='lat' dir='ltr'><strong>nihil</strong></span> <span class='ocrx_word' id='word_1_165' title='bbox 2409 1115 2558 1184; x_wconf 91' lang='lat' dir='ltr'><strong>quod</strong></span> <span class='ocrx_word' id='word_1_166' title='bbox 2590 1125 2889 1186; x_wconf 83' lang='lat' dir='ltr'><strong>susceptam</strong></span> <span class='ocrx_word' id='word_1_167' title='bbox 2937 1135 3000 1171; x_wconf 86' lang='lat' dir='ltr'><strong>ac</strong></span> <span class='ocrx_word' id='word_1_168' title='bbox 3053 1119 3322 1188; x_wconf 79' lang='lat' dir='ltr'><strong>defensam</strong></span> <span class='ocrx_word' id='word_1_169' title='bbox 3352 1136 3382 1174; x_wconf 90' lang='lat' dir='ltr'><strong>a</strong></span> <span class='ocrx_word' id='word_1_170' title='bbox 3413 1121 3614 1176; x_wconf 80' lang='lat' dir='ltr'><strong>nostris</strong></span> <span class='ocrx_word' id='word_1_171' title='bbox 3655 1119 3824 1191; x_wconf 84' lang='lat' dir='ltr'><strong>Igna-</strong></span> 
     </span>
    </p>
   </div>
   <div class='ocr_carea' id='block_1_26' title="bbox 2236 1207 3822 1277">
    <p class='ocr_par' dir='ltr' id='par_1_26' title="bbox 2236 1207 3822 1277">
     <span class='ocr_line' id='line_1_26' title="bbox 2236 1207 3822 1277; baseline 0.007 -19"><span class='ocrx_word' id='word_1_172' title='bbox 2236 1207 2504 1260; x_wconf 86' lang='lat' dir='ltr'><strong>tiattorum</strong></span> <span class='ocrx_word' id='word_1_173' title='bbox 2536 1217 2722 1260; x_wconf 90' lang='lat' dir='ltr'><strong>contra</strong></span> <span class='ocrx_word' id='word_1_174' title='bbox 2767 1209 3134 1277; x_wconf 84' lang='lat' dir='ltr'><strong>dissentientes</strong></span> <span class='ocrx_word' id='word_1_175' title='bbox 3174 1213 3550 1266; x_wconf 83' lang='lat' dir='ltr'><strong>auctoritatem</strong></span> <span class='ocrx_word' id='word_1_176' title='bbox 3606 1213 3822 1269; x_wconf 81' lang='lat' dir='ltr'><strong>ﬁrmius</strong></span> 
     </span>
    </p>
   </div>
   <div class='ocr_carea' id='block_1_27' title="bbox 2236 1298 3823 1370">
    <p class='ocr_par' dir='ltr' id='par_1_27' title="bbox 2236 1298 3823 1370">
     <span class='ocr_line' id='line_1_27' title="bbox 2236 1298 3823 1370; baseline 0.004 -16"><span class='ocrx_word' id='word_1_177' title='bbox 2236 1298 2483 1354; x_wconf 89' lang='lat' dir='ltr'><strong>stabilire</strong></span> <span class='ocrx_word' id='word_1_178' title='bbox 2511 1299 2720 1368; x_wconf 85' lang='lat' dir='ltr'><strong>possit;</strong></span> <span class='ocrx_word' id='word_1_179' title='bbox 2753 1301 2893 1370; x_wconf 87' lang='lat' dir='ltr'><strong>quod</strong></span> <span class='ocrx_word' id='word_1_180' title='bbox 2922 1302 3019 1354; x_wconf 84' lang='lat' dir='ltr'><strong>illa</strong></span> <span class='ocrx_word' id='word_1_181' title='bbox 3049 1303 3348 1355; x_wconf 81' lang='lat' dir='ltr'><strong>doctissimi</strong></span> <span class='ocrx_word' id='word_1_182' title='bbox 3381 1303 3728 1370; x_wconf 84' lang='lat' dir='ltr'><strong>Ilammondi,</strong></span> <span class='ocrx_word' id='word_1_183' title='bbox 3762 1319 3823 1361; x_wconf 87' lang='lat' dir='ltr'><strong>ut</strong></span> 
     </span>
    </p>
   </div>
   <div class='ocr_carea' id='block_1_28' title="bbox 2236 1390 3821 1464">
    <p class='ocr_par' dir='ltr' id='par_1_28' title="bbox 2236 1390 3821 1464">
     <span class='ocr_line' id='line_1_28' title="bbox 2236 1390 3821 1464; baseline 0.006 -21"><span class='ocrx_word' id='word_1_184' title='bbox 2236 1390 2438 1444; x_wconf 70' lang='lat' dir='ltr'><strong>Dallaeo</strong></span> <span class='ocrx_word' id='word_1_185' title='bbox 2465 1391 2703 1456; x_wconf 89' lang='lat' dir='ltr'><strong>videtur,</strong></span> <span class='ocrx_word' id='word_1_186' title='bbox 2745 1409 2874 1446; x_wconf 85' lang='lat' dir='ltr'><strong>sane</strong></span> <span class='ocrx_word' id='word_1_187' title='bbox 2905 1395 3210 1464; x_wconf 78' lang='lat' dir='ltr'><strong>magni/ica,</strong></span> <span class='ocrx_word' id='word_1_188' title='bbox 3244 1403 3301 1447; x_wconf 91' lang='lat' dir='ltr'><strong>ut</strong></span> <span class='ocrx_word' id='word_1_189' title='bbox 3339 1397 3492 1460; x_wconf 87' lang='lat' dir='ltr'><strong>tnihi,</strong></span> <span class='ocrx_word' id='word_1_190' title='bbox 3527 1407 3580 1450; x_wconf 88' lang='lat' dir='ltr'><strong>et</strong></span> <span class='ocrx_word' id='word_1_191' title='bbox 3613 1413 3740 1451; x_wconf 88' lang='lat' dir='ltr'><strong>vera</strong></span> <span class='ocrx_word' id='word_1_192' title='bbox 3769 1409 3821 1452; x_wconf 90' lang='lat' dir='ltr'><strong>et</strong></span> 
     </span>
    </p>
   </div>
   <div class='ocr_carea' id='block_1_29' title="bbox 2234 1484 3814 1560">
    <p class='ocr_par' dir='ltr' id='par_1_29' title="bbox 2234 1484 3814 1560">
     <span class='ocr_line' id='line_1_29' title="bbox 2234 1484 3814 1560; baseline 0.005 -24"><span class='ocrx_word' id='word_1_193' title='bbox 2234 1485 2504 1550; x_wconf 86' lang='lat' dir='ltr'><strong>modesta,</strong></span> <span class='ocrx_word' id='word_1_194' title='bbox 2536 1484 2695 1554; x_wconf 82' lang='lat' dir='ltr'><strong>plane</strong></span> <span class='ocrx_word' id='word_1_195' title='bbox 2743 1486 3073 1554; x_wconf 78' lang='lat' dir='ltr'><strong>signiﬁcant.</strong></span> <span class='ocrx_word' id='word_1_196' title='bbox 3110 1488 3240 1542; x_wconf 87' lang='lat' dir='ltr'><strong>Post</strong></span> <span class='ocrx_word' id='word_1_197' title='bbox 3274 1486 3583 1550; x_wconf 85' lang='lat' dir='ltr'><strong>Eusebium,</strong></span> <span class='ocrx_word' id='word_1_198' title='bbox 3615 1490 3814 1560; x_wconf 84' lang='lat' dir='ltr'><strong>inquit,</strong></span> 
     </span>
    </p>
   </div>
   <div class='ocr_carea' id='block_1_30' title="bbox 2229 1575 3819 1653">
    <p class='ocr_par' dir='ltr' id='par_1_30' title="bbox 2229 1575 3819 1653">
     <span class='ocr_line' id='line_1_30' title="bbox 2229 1575 3819 1653; baseline 0.004 -24"><span class='ocrx_word' id='word_1_199' title='bbox 2229 1577 2557 1630; x_wconf 78' lang='lat' dir='ltr'><strong>Athanasius</strong></span> <span class='ocrx_word' id='word_1_200' title='bbox 2589 1575 2818 1646; x_wconf 82' lang='lat' dir='ltr'><strong>Magnus</strong></span> <span class='ocrx_word' id='word_1_201' title='bbox 2855 1594 3011 1631; x_wconf 85' lang='lat' dir='ltr'><strong>suum</strong></span> <span class='ocrx_word' id='word_1_202' title='bbox 3049 1579 3212 1632; x_wconf 89' lang='lat' dir='ltr'><strong>etiant</strong></span> <span class='ocrx_word' id='word_1_203' title='bbox 3248 1577 3459 1648; x_wconf 84' lang='lat' dir='ltr'><strong>Ignatio</strong></span> <span class='ocrx_word' id='word_1_204' title='bbox 3491 1593 3670 1636; x_wconf 81' lang='lat' dir='ltr'><strong>nostra</strong></span> <span class='ocrx_word' id='word_1_205' title='bbox 3704 1585 3819 1653; x_wconf 78' lang='lat' dir='ltr'><strong>cly-</strong></span> 
     </span>
    </p>
   </div>
   <div class='ocr_carea' id='block_1_31' title="bbox 2230 1664 3817 1738">
    <p class='ocr_par' dir='ltr' id='par_1_31' title="bbox 2230 1664 3817 1738">
     <span class='ocr_line' id='line_1_31' title="bbox 2230 1664 3817 1738; baseline 0.003 -19"><span class='ocrx_word' id='word_1_206' title='bbox 2230 1684 2384 1736; x_wconf 87' lang='lat' dir='ltr'><strong>peum</strong></span> <span class='ocrx_word' id='word_1_207' title='bbox 2413 1666 2673 1719; x_wconf 85' lang='lat' dir='ltr'><strong>obtendit.</strong></span> <span class='ocrx_word' id='word_1_208' title='bbox 2724 1664 2839 1735; x_wconf 83' lang='lat' dir='ltr'><strong>Ego</strong></span> <span class='ocrx_word' id='word_1_209' title='bbox 2880 1666 3017 1719; x_wconf 86' lang='lat' dir='ltr'><strong>nihil</strong></span> <span class='ocrx_word' id='word_1_210' title='bbox 3051 1668 3105 1720; x_wconf 91' lang='lat' dir='ltr'><strong>in</strong></span> <span class='ocrx_word' id='word_1_211' title='bbox 3142 1667 3229 1722; x_wconf 88' lang='lat' dir='ltr'><strong>his</strong></span> <span class='ocrx_word' id='word_1_212' title='bbox 3263 1669 3442 1724; x_wconf 78' lang='lat' dir='ltr'><strong>verbis</strong></span> <span class='ocrx_word' id='word_1_213' title='bbox 3472 1671 3817 1738; x_wconf 79' lang='lat' dir='ltr'><strong>magniﬁcum</strong></span> 
     </span>
    </p>
   </div>
   <div class='ocr_carea' id='block_1_32' title="bbox 2232 1755 3817 1828">
    <p class='ocr_par' dir='ltr' id='par_1_32' title="bbox 2232 1755 3817 1828">
     <span class='ocr_line' id='line_1_32' title="bbox 2232 1755 3817 1828; baseline 0.004 -18"><span class='ocrx_word' id='word_1_214' title='bbox 2232 1757 2464 1828; x_wconf 88' lang='lat' dir='ltr'><strong>reperio,</strong></span> <span class='ocrx_word' id='word_1_215' title='bbox 2501 1757 2609 1810; x_wconf 91' lang='lat' dir='ltr'><strong>nisi</strong></span> <span class='ocrx_word' id='word_1_216' title='bbox 2652 1755 2792 1812; x_wconf 80' lang='lat' dir='ltr'><strong>forte</strong></span> <span class='ocrx_word' id='word_1_217' title='bbox 2831 1757 2980 1827; x_wconf 92' lang='lat' dir='ltr'><strong>quod</strong></span> <span class='ocrx_word' id='word_1_218' title='bbox 3015 1758 3374 1813; x_wconf 88' lang='lat' dir='ltr'><strong>Athanasium</strong></span> <span class='ocrx_word' id='word_1_219' title='bbox 3410 1768 3603 1814; x_wconf 89' lang='lat' dir='ltr'><strong>testem</strong></span> <span class='ocrx_word' id='word_1_220' title='bbox 3636 1761 3817 1816; x_wconf 87' lang='lat' dir='ltr'><strong>citans</strong></span> 
     </span>
    </p>
   </div>
   <div class='ocr_carea' id='block_1_33' title="bbox 539 1833 3819 1929">
    <p class='ocr_par' dir='ltr' id='par_1_33' title="bbox 539 1833 3819 1929">
     <span class='ocr_line' id='line_1_33' title="bbox 539 1833 3819 1929; baseline -0 -19"><span class='ocrx_word' id='word_1_221' title='bbox 539 1857 922 1912; x_wconf 80' lang='lat' dir='ltr'><strong>tantummodo</strong></span> <span class='ocrx_word' id='word_1_222' title='bbox 972 1833 1157 1912; x_wconf 69' lang='lat' dir='ltr'><strong>nomen</strong></span> <span class='ocrx_word' id='word_1_223' title='bbox 1200 1860 1338 1929; x_wconf 87' lang='lat' dir='ltr'><strong>quod</strong></span> <span class='ocrx_word' id='word_1_224' title='bbox 1383 1860 1621 1929; x_wconf 77' lang='lat' dir='ltr'><strong>epistola:</strong></span> <span class='ocrx_word' id='word_1_225' title='bbox 1671 1860 2027 1929; x_wconf 67' lang='lat' dir='ltr'><strong>prie/“arebant</strong></span> <span class='ocrx_word' id='word_1_226' title='bbox 2074 1871 2125 1915; x_wconf 89' lang='lat' dir='ltr'><strong>et</strong></span> <span class='ocrx_word' id='word_1_227' title='bbox 2156 1833 2201 1888; x_wconf 76' lang='grc' dir='ltr'><strong>Β</strong></span> <span class='ocrx_word' id='word_1_228' title='bbox 2229 1865 2354 1904; x_wconf 76' lang='lat' dir='ltr'><strong>eum</strong></span> <span class='ocrx_word' id='word_1_229' title='bbox 2408 1848 2663 1920; x_wconf 80' lang='lat' dir='ltr'><strong>Magnum</strong></span> <span class='ocrx_word' id='word_1_230' title='bbox 2701 1857 2882 1914; x_wconf 82' lang='lat' dir='ltr'><strong>vocat,</strong></span> <span class='ocrx_word' id='word_1_231' title='bbox 2917 1849 3008 1920; x_wconf 92' lang='lat' dir='ltr'><strong>qui</strong></span> <span class='ocrx_word' id='word_1_232' title='bbox 3051 1851 3241 1905; x_wconf 88' lang='lat' dir='ltr'><strong>titulus</strong></span> <span class='ocrx_word' id='word_1_233' title='bbox 3273 1852 3348 1904; x_wconf 90' lang='lat' dir='ltr'><strong>illi</strong></span> <span class='ocrx_word' id='word_1_234' title='bbox 3381 1868 3596 1922; x_wconf 90' lang='lat' dir='ltr'><strong>semper</strong></span> <span class='ocrx_word' id='word_1_235' title='bbox 3643 1856 3819 1909; x_wconf 84' lang='lat' dir='ltr'><strong>ascri-</strong></span> 
     </span>
    </p>
   </div>
   <div class='ocr_carea' id='block_1_34' title="bbox 536 1948 2123 2018">
    <p class='ocr_par' dir='ltr' id='par_1_34' title="bbox 536 1948 2123 2018">
     <span class='ocr_line' id='line_1_34' title="bbox 536 1948 2123 2018; baseline 0.007 -21"><span class='ocrx_word' id='word_1_236' title='bbox 536 1948 678 2014; x_wconf 86' lang='lat' dir='ltr'><strong>apud</strong></span> <span class='ocrx_word' id='word_1_237' title='bbox 708 1949 1039 2003; x_wconf 79' lang='lat' dir='ltr'><strong>adversarios</strong></span> <span class='ocrx_word' id='word_1_238' title='bbox 1087 1962 1352 2018; x_wconf 79' lang='lat' dir='ltr'><strong>receptum</strong></span> <span class='ocrx_word' id='word_1_239' title='bbox 1381 1959 1520 2016; x_wconf 82' lang='lat' dir='ltr'><strong>erat,</strong></span> <span class='ocrx_word' id='word_1_240' title='bbox 1550 1951 1874 2006; x_wconf 88' lang='lat' dir='ltr'><strong>retinuisse:</strong></span> <span class='ocrx_word' id='word_1_241' title='bbox 1903 1968 1970 2006; x_wconf 90' lang='lat' dir='ltr'><strong>eo</strong></span> <span class='ocrx_word' id='word_1_242' title='bbox 2013 1953 2123 2008; x_wconf 88' lang='lat' dir='ltr'><strong>sci-</strong></span> 
     </span>
    </p>
   </div>
   <div class='ocr_carea' id='block_1_35' title="bbox 535 2037 2122 2114">
    <p class='ocr_par' dir='ltr' id='par_1_35' title="bbox 535 2037 2122 2114">
     <span class='ocr_line' id='line_1_35' title="bbox 535 2037 2122 2114; baseline 0.005 -23"><span class='ocrx_word' id='word_1_243' title='bbox 535 2037 664 2093; x_wconf 83' lang='lat' dir='ltr'><strong>licet</strong></span> <span class='ocrx_word' id='word_1_244' title='bbox 717 2041 920 2107; x_wconf 90' lang='lat' dir='ltr'><strong>modo,</strong></span> <span class='ocrx_word' id='word_1_245' title='bbox 966 2057 1078 2111; x_wconf 93' lang='lat' dir='ltr'><strong>quo</strong></span> <span class='ocrx_word' id='word_1_246' title='bbox 1135 2041 1445 2097; x_wconf 82' lang='lat' dir='ltr'><strong>Salmasius</strong></span> <span class='ocrx_word' id='word_1_247' title='bbox 1491 2051 1546 2096; x_wconf 87' lang='lat' dir='ltr'><strong>et</strong></span> <span class='ocrx_word' id='word_1_248' title='bbox 1585 2041 1900 2097; x_wconf 86' lang='lat' dir='ltr'><strong>Blondellus</strong></span> <span class='ocrx_word' id='word_1_249' title='bbox 1932 2044 2122 2114; x_wconf 82' lang='lat' dir='ltr'><strong>Ignatii</strong></span> 
     </span>
    </p>
   </div>
   <div class='ocr_carea' id='block_1_36' title="bbox 544 2132 2120 2204">
    <p class='ocr_par' dir='ltr' id='par_1_36' title="bbox 544 2132 2120 2204">
     <span class='ocr_line' id='line_1_36' title="bbox 544 2132 2120 2204; baseline 0.004 -20"><span class='ocrx_word' id='word_1_250' title='bbox 544 2132 766 2186; x_wconf 89' lang='lat' dir='ltr'><strong>nomine</strong></span> <span class='ocrx_word' id='word_1_251' title='bbox 795 2133 878 2187; x_wconf 92' lang='lat' dir='ltr'><strong>usi</strong></span> <span class='ocrx_word' id='word_1_252' title='bbox 910 2143 1059 2200; x_wconf 86' lang='lat' dir='ltr'><strong>sunt,</strong></span> <span class='ocrx_word' id='word_1_253' title='bbox 1096 2143 1148 2188; x_wconf 91' lang='lat' dir='ltr'><strong>et</strong></span> <span class='ocrx_word' id='word_1_254' title='bbox 1177 2134 1440 2204; x_wconf 81' lang='lat' dir='ltr'><strong>epistolas</strong></span> <span class='ocrx_word' id='word_1_255' title='bbox 1473 2135 1744 2201; x_wconf 84' lang='lat' dir='ltr'><strong>citarunt;</strong></span> <span class='ocrx_word' id='word_1_256' title='bbox 1774 2152 1914 2204; x_wconf 87' lang='lat' dir='ltr'><strong>quas</strong></span> <span class='ocrx_word' id='word_1_257' title='bbox 1943 2146 2120 2191; x_wconf 87' lang='lat' dir='ltr'><strong>tamen</strong></span> 
     </span>
    </p>
   </div>
   <div class='ocr_carea' id='block_1_37' title="bbox 532 2222 2120 2296">
    <p class='ocr_par' dir='ltr' id='par_1_37' title="bbox 532 2222 2120 2296">
     <span class='ocr_line' id='line_1_37' title="bbox 532 2222 2120 2296; baseline 0.006 -23"><span class='ocrx_word' id='word_1_258' title='bbox 532 2222 708 2285; x_wconf 84' lang='lat' dir='ltr'><strong>tictas,</strong></span> <span class='ocrx_word' id='word_1_259' title='bbox 754 2223 994 2290; x_wconf 88' lang='lat' dir='ltr'><strong>spurias,</strong></span> <span class='ocrx_word' id='word_1_260' title='bbox 1043 2225 1421 2293; x_wconf 89' lang='lat' dir='ltr'><strong>supposititias</strong></span> <span class='ocrx_word' id='word_1_261' title='bbox 1469 2233 1524 2279; x_wconf 93' lang='lat' dir='ltr'><strong>et</strong></span> <span class='ocrx_word' id='word_1_262' title='bbox 1572 2225 1790 2295; x_wconf 88' lang='lat' dir='ltr'><strong>ineptas</strong></span> <span class='ocrx_word' id='word_1_263' title='bbox 1827 2230 2120 2296; x_wconf 88' lang='lat' dir='ltr'><strong>putabant:</strong></span> 
     </span>
    </p>
   </div>
   <div class='ocr_carea' id='block_1_38' title="bbox 529 2313 2120 2390">
    <p class='ocr_par' dir='ltr' id='par_1_38' title="bbox 529 2313 2120 2390">
     <span class='ocr_line' id='line_1_38' title="bbox 529 2313 2120 2390; baseline 0.007 -24"><span class='ocrx_word' id='word_1_264' title='bbox 529 2313 758 2383; x_wconf 86' lang='lat' dir='ltr'><strong>proinde</strong></span> <span class='ocrx_word' id='word_1_265' title='bbox 807 2313 1018 2386; x_wconf 77' lang='lat' dir='ltr'><strong>lgnatio</strong></span> <span class='ocrx_word' id='word_1_266' title='bbox 1073 2324 1265 2371; x_wconf 90' lang='lat' dir='ltr'><strong>nostro</strong></span> <span class='ocrx_word' id='word_1_267' title='bbox 1315 2319 1568 2388; x_wconf 87' lang='lat' dir='ltr'><strong>clypeum</strong></span> <span class='ocrx_word' id='word_1_268' title='bbox 1622 2335 1730 2374; x_wconf 91' lang='lat' dir='ltr'><strong>non</strong></span> <span class='ocrx_word' id='word_1_269' title='bbox 1781 2321 2120 2390; x_wconf 88' lang='lat' dir='ltr'><strong>obtendisse,</strong></span> 
     </span>
    </p>
   </div>
   <div class='ocr_carea' id='block_1_39' title="bbox 531 2405 2122 2477">
    <p class='ocr_par' dir='ltr' id='par_1_39' title="bbox 531 2405 2122 2477">
     <span class='ocr_line' id='line_1_39' title="bbox 531 2405 2122 2477; baseline 0.007 -19"><span class='ocrx_word' id='word_1_270' title='bbox 531 2405 736 2460; x_wconf 89' lang='lat' dir='ltr'><strong>nullam</strong></span> <span class='ocrx_word' id='word_1_271' title='bbox 784 2408 1035 2476; x_wconf 90' lang='lat' dir='ltr'><strong>epistolis</strong></span> <span class='ocrx_word' id='word_1_272' title='bbox 1075 2407 1195 2477; x_wconf 87' lang='lat' dir='ltr'><strong>ejus</strong></span> <span class='ocrx_word' id='word_1_273' title='bbox 1238 2411 1620 2464; x_wconf 79' lang='lat' dir='ltr'><strong>auctoritatem</strong></span> <span class='ocrx_word' id='word_1_274' title='bbox 1654 2413 1950 2468; x_wconf 79' lang='lat' dir='ltr'><strong>tribuisse.</strong></span> <span class='ocrx_word' id='word_1_275' title='bbox 1987 2413 2122 2469; x_wconf 72' lang='lat' dir='ltr'><strong>Mira</strong></span> 
     </span>
    </p>
   </div>
   <div class='ocr_carea' id='block_1_40' title="bbox 528 2498 2120 2576">
    <p class='ocr_par' dir='ltr' id='par_1_40' title="bbox 528 2498 2120 2576">
     <span class='ocr_line' id='line_1_40' title="bbox 528 2498 2120 2576; baseline 0.006 -25"><span class='ocrx_word' id='word_1_276' title='bbox 528 2498 751 2566; x_wconf 86' lang='lat' dir='ltr'><strong>quidem</strong></span> <span class='ocrx_word' id='word_1_277' title='bbox 802 2499 919 2553; x_wconf 64' lang='lat' dir='ltr'><strong>haec</strong></span> <span class='ocrx_word' id='word_1_278' title='bbox 969 2509 1122 2565; x_wconf 89' lang='lat' dir='ltr'><strong>sunt,</strong></span> <span class='ocrx_word' id='word_1_279' title='bbox 1167 2510 1222 2555; x_wconf 90' lang='lat' dir='ltr'><strong>ct</strong></span> <span class='ocrx_word' id='word_1_280' title='bbox 1275 2519 1397 2572; x_wconf 70' lang='lat' dir='ltr'><strong>qua:</strong></span> <span class='ocrx_word' id='word_1_281' title='bbox 1443 2518 1474 2557; x_wconf 89' lang='lat' dir='ltr'><strong>a</strong></span> <span class='ocrx_word' id='word_1_282' title='bbox 1516 2503 1754 2571; x_wconf 89' lang='lat' dir='ltr'><strong>nemine,</strong></span> <span class='ocrx_word' id='word_1_283' title='bbox 1795 2515 1854 2559; x_wconf 91' lang='lat' dir='ltr'><strong>ut</strong></span> <span class='ocrx_word' id='word_1_284' title='bbox 1904 2507 2120 2576; x_wconf 79' lang='lat' dir='ltr'><strong>Opinor,</strong></span> 
     </span>
    </p>
   </div>
   <div class='ocr_carea' id='block_1_41' title="bbox 530 2589 2122 2669">
    <p class='ocr_par' dir='ltr' id='par_1_41' title="bbox 530 2589 2122 2669">
     <span class='ocr_line' id='line_1_41' title="bbox 530 2589 2122 2669; baseline 0.007 -26"><span class='ocrx_word' id='word_1_285' title='bbox 530 2589 828 2661; x_wconf 82' lang='lat' dir='ltr'><strong>lgnatianis</strong></span> <span class='ocrx_word' id='word_1_286' title='bbox 851 2594 930 2646; x_wconf 87' lang='lat' dir='ltr'><strong>vel</strong></span> <span class='ocrx_word' id='word_1_287' title='bbox 961 2592 1370 2659; x_wconf 78' lang='lat' dir='ltr'><strong>infcnsissimo,</strong></span> <span class='ocrx_word' id='word_1_288' title='bbox 1398 2595 1530 2650; x_wconf 81' lang='lat' dir='ltr'><strong>ferri</strong></span> <span class='ocrx_word' id='word_1_289' title='bbox 1559 2607 1813 2666; x_wconf 91' lang='lat' dir='ltr'><strong>possunt.</strong></span> <span class='ocrx_word' id='word_1_290' title='bbox 1843 2597 2122 2669; x_wconf 87' lang='lat' dir='ltr'><strong>Quidquid</strong></span> 
     </span>
    </p>
   </div>
   <div class='ocr_carea' id='block_1_42' title="bbox 532 2682 2124 2755">
    <p class='ocr_par' dir='ltr' id='par_1_42' title="bbox 532 2682 2124 2755">
     <span class='ocr_line' id='line_1_42' title="bbox 532 2682 2124 2755; baseline 0.008 -19"><span class='ocrx_word' id='word_1_291' title='bbox 532 2685 621 2738; x_wconf 89' lang='lat' dir='ltr'><strong>ille</strong></span> <span class='ocrx_word' id='word_1_292' title='bbox 663 2685 732 2739; x_wconf 89' lang='lat' dir='ltr'><strong>de</strong></span> <span class='ocrx_word' id='word_1_293' title='bbox 778 2682 879 2740; x_wconf 85' lang='lat' dir='ltr'><strong>SS.</strong></span> <span class='ocrx_word' id='word_1_294' title='bbox 913 2685 1166 2742; x_wconf 74' lang='lat' dir='ltr'><strong>Patr-ibus</strong></span> <span class='ocrx_word' id='word_1_295' title='bbox 1209 2689 1462 2755; x_wconf 89' lang='lat' dir='ltr'><strong>senserit,</strong></span> <span class='ocrx_word' id='word_1_296' title='bbox 1505 2706 1612 2744; x_wconf 92' lang='lat' dir='ltr'><strong>non</strong></span> <span class='ocrx_word' id='word_1_297' title='bbox 1658 2700 1802 2745; x_wconf 86' lang='lat' dir='ltr'><strong>certe</strong></span> <span class='ocrx_word' id='word_1_298' title='bbox 1846 2693 1898 2746; x_wconf 93' lang='lat' dir='ltr'><strong>in</strong></span> <span class='ocrx_word' id='word_1_299' title='bbox 1933 2693 2035 2748; x_wconf 88' lang='lat' dir='ltr'><strong>hac</strong></span> <span class='ocrx_word' id='word_1_300' title='bbox 2065 2708 2124 2749; x_wconf 89' lang='lat' dir='ltr'><strong>re</strong></span> 
     </span>
    </p>
   </div>
   <div class='ocr_carea' id='block_1_43' title="bbox 531 2778 2124 2853">
    <p class='ocr_par' dir='ltr' id='par_1_43' title="bbox 531 2778 2124 2853">
     <span class='ocr_line' id='line_1_43' title="bbox 531 2778 2124 2853; baseline 0.006 -22"><span class='ocrx_word' id='word_1_301' title='bbox 531 2778 590 2834; x_wconf 89' lang='lat' dir='ltr'><strong>S.</strong></span> <span class='ocrx_word' id='word_1_302' title='bbox 627 2779 963 2833; x_wconf 87' lang='lat' dir='ltr'><strong>Athanasius</strong></span> <span class='ocrx_word' id='word_1_303' title='bbox 1013 2780 1078 2834; x_wconf 89' lang='lat' dir='ltr'><strong>ad</strong></span> <span class='ocrx_word' id='word_1_304' title='bbox 1118 2797 1243 2835; x_wconf 91' lang='lat' dir='ltr'><strong>eum</strong></span> <span class='ocrx_word' id='word_1_305' title='bbox 1295 2784 1551 2849; x_wconf 91' lang='lat' dir='ltr'><strong>modum,</strong></span> <span class='ocrx_word' id='word_1_306' title='bbox 1585 2798 1696 2853; x_wconf 89' lang='lat' dir='ltr'><strong>quo</strong></span> <span class='ocrx_word' id='word_1_307' title='bbox 1730 2784 2037 2841; x_wconf 85' lang='lat' dir='ltr'><strong>Salmasius</strong></span> <span class='ocrx_word' id='word_1_308' title='bbox 2069 2795 2124 2840; x_wconf 87' lang='lat' dir='ltr'><strong>et</strong></span> 
     </span>
    </p>
   </div>
   <div class='ocr_carea' id='block_1_44' title="bbox 531 2871 2123 2949">
    <p class='ocr_par' dir='ltr' id='par_1_44' title="bbox 531 2871 2123 2949">
     <span class='ocr_line' id='line_1_44' title="bbox 531 2871 2123 2949; baseline 0.006 -26"><span class='ocrx_word' id='word_1_309' title='bbox 531 2871 870 2938; x_wconf 84' lang='lat' dir='ltr'><strong>Blondellus,</strong></span> <span class='ocrx_word' id='word_1_310' title='bbox 909 2873 1172 2942; x_wconf 88' lang='lat' dir='ltr'><strong>loquitur.</strong></span> <span class='ocrx_word' id='word_1_311' title='bbox 1209 2873 1384 2929; x_wconf 87' lang='lat' dir='ltr'><strong>Verba</strong></span> <span class='ocrx_word' id='word_1_312' title='bbox 1437 2894 1503 2930; x_wconf 87' lang='lat' dir='ltr'><strong>ex</strong></span> <span class='ocrx_word' id='word_1_313' title='bbox 1553 2880 1786 2946; x_wconf 75' lang='lat' dir='ltr'><strong>epistola</strong></span> <span class='ocrx_word' id='word_1_314' title='bbox 1819 2878 1942 2948; x_wconf 82' lang='lat' dir='ltr'><strong>ejus</strong></span> <span class='ocrx_word' id='word_1_315' title='bbox 1987 2895 2123 2949; x_wconf 91' lang='lat' dir='ltr'><strong>pro-</strong></span> 
     </span>
    </p>
   </div>
   <div class='ocr_carea' id='block_1_45' title="bbox 528 2963 2123 3038">
    <p class='ocr_par' dir='ltr' id='par_1_45' title="bbox 528 2963 2123 3038">
     <span class='ocr_line' id='line_1_45' title="bbox 528 2963 2123 3038; baseline 0.004 -21"><span class='ocrx_word' id='word_1_316' title='bbox 528 2963 797 3020; x_wconf 88' lang='lat' dir='ltr'><strong>ducturus</strong></span> <span class='ocrx_word' id='word_1_317' title='bbox 824 3005 840 3029; x_wconf 91' lang='lat'><strong>,</strong></span> <span class='ocrx_word' id='word_1_318' title='bbox 871 2965 944 3020; x_wconf 88' lang='lat' dir='ltr'><strong>ita</strong></span> <span class='ocrx_word' id='word_1_319' title='bbox 991 2966 1280 3035; x_wconf 51' lang='lat' dir='ltr'><strong>praefatur:</strong></span> <span class='ocrx_word' id='word_1_320' title='bbox 1327 2969 1588 3038; x_wconf 74' lang='grc' dir='ltr'><strong>Ἰγνάτιος</strong></span> <span class='ocrx_word' id='word_1_321' title='bbox 1622 2966 1716 3023; x_wconf 79' lang='grc' dir='ltr'><strong>οὖν</strong></span> <span class='ocrx_word' id='word_1_322' title='bbox 1749 2971 1778 3021; x_wconf 99' lang='lat'><strong>6</strong></span> <span class='ocrx_word' id='word_1_323' title='bbox 1812 2971 1954 3023; x_wconf 74' lang='grc' dir='ltr'>κατὰ</span> <span class='ocrx_word' id='word_1_324' title='bbox 1997 2971 2123 3034; x_wconf 84' lang='grc' dir='ltr'>τοὺς</span> 
     </span>
    </p>
   </div>
   <div class='ocr_carea' id='block_1_46' title="bbox 527 3056 2121 3132">
    <p class='ocr_par' dir='ltr' id='par_1_46' title="bbox 527 3056 2121 3132">
     <span class='ocr_line' id='line_1_46' title="bbox 527 3056 2121 3132; baseline 0.005 -24"><span class='ocrx_word' id='word_1_325' title='bbox 527 3056 860 3121; x_wconf 76' lang='grc' dir='ltr'><strong>ἀποστόλους</strong></span> <span class='ocrx_word' id='word_1_326' title='bbox 919 3061 976 3111; x_wconf 80' lang='grc' dir='ltr'>ὲν</span> <span class='ocrx_word' id='word_1_327' title='bbox 1051 3060 1353 3132; x_wconf 70' lang='grc' dir='ltr'>Ἀντιοχείᾳ</span> <span class='ocrx_word' id='word_1_328' title='bbox 1407 3063 1768 3125; x_wconf 76' lang='grc' dir='ltr'>κατασταθεὶς</span> <span class='ocrx_word' id='word_1_329' title='bbox 1804 3063 2121 3128; x_wconf 77' lang='grc' dir='ltr'>ἐπίσκοπος,</span> 
     </span>
    </p>
   </div>
   <div class='ocr_carea' id='block_1_47' title="bbox 527 3148 2195 3247">
    <p class='ocr_par' dir='ltr' id='par_1_47' title="bbox 527 3148 2195 3247">
     <span class='ocr_line' id='line_1_47' title="bbox 527 3148 2195 3247; baseline 0.005 -47"><span class='ocrx_word' id='word_1_330' title='bbox 527 3148 619 3200; x_wconf 77' lang='grc' dir='ltr'>καὶ</span> <span class='ocrx_word' id='word_1_331' title='bbox 671 3150 882 3219; x_wconf 76' lang='grc' dir='ltr'>μάρτυς</span> <span class='ocrx_word' id='word_1_332' title='bbox 932 3151 1024 3204; x_wconf 78' lang='grc' dir='ltr'>τοῦ</span> <span class='ocrx_word' id='word_1_333' title='bbox 1072 3152 1313 3224; x_wconf 77' lang='grc' dir='ltr'>Χριστοῦ</span> <span class='ocrx_word' id='word_1_334' title='bbox 1346 3154 1639 3223; x_wconf 81' lang='grc' dir='ltr'>γενόμενος</span> <span class='ocrx_word' id='word_1_335' title='bbox 1665 3195 1679 3218; x_wconf 88' lang='grc'><em>,</em></span> <span class='ocrx_word' id='word_1_336' title='bbox 1731 3154 1959 3226; x_wconf 72' lang='grc' dir='ltr'>γράφων</span> <span class='ocrx_word' id='word_1_337' title='bbox 1993 3156 2120 3226; x_wconf 77' lang='grc' dir='ltr'><strong>περὶ</strong></span> <span class='ocrx_word' id='word_1_338' title='bbox 2151 3186 2195 3247; x_wconf 80' lang='lat' dir='ltr'>C</span> 
     </span>
    </p>
   </div>
   <div class='ocr_carea' id='block_1_48' title="bbox 526 3240 2114 3317">
    <p class='ocr_par' dir='ltr' id='par_1_48' title="bbox 526 3240 2114 3317">
     <span class='ocr_line' id='line_1_48' title="bbox 526 3240 2114 3317; baseline 0.006 -25"><span class='ocrx_word' id='word_1_339' title='bbox 526 3240 619 3294; x_wconf 78' lang='grc' dir='ltr'>τοῦ</span> <span class='ocrx_word' id='word_1_340' title='bbox 654 3242 861 3314; x_wconf 82' lang='grc' dir='ltr'>Κυρίου</span> <span class='ocrx_word' id='word_1_341' title='bbox 896 3244 1136 3316; x_wconf 81' lang='grc' dir='ltr'>εἴρηκεν.</span> <span class='ocrx_word' id='word_1_342' title='bbox 1184 3243 1431 3315; x_wconf 79' lang='lat' dir='ltr'><strong>)gnatius</strong></span> <span class='ocrx_word' id='word_1_343' title='bbox 1472 3247 1639 3315; x_wconf 84' lang='lat' dir='ltr'><strong>igitur</strong></span> <span class='ocrx_word' id='word_1_344' title='bbox 1678 3257 1794 3316; x_wconf 91' lang='lat' dir='ltr'><strong>post</strong></span> <span class='ocrx_word' id='word_1_345' title='bbox 1846 3249 2114 3317; x_wconf 79' lang='lat' dir='ltr'><strong>apostolos</strong></span> 
     </span>
    </p>
   </div>
   <div class='ocr_carea' id='block_1_49' title="bbox 529 3334 2118 3409">
    <p class='ocr_par' dir='ltr' id='par_1_49' title="bbox 529 3334 2118 3409">
     <span class='ocr_line' id='line_1_49' title="bbox 529 3334 2118 3409; baseline 0.004 -23"><span class='ocrx_word' id='word_1_346' title='bbox 529 3334 823 3389; x_wconf 68' lang='lat' dir='ltr'><strong>Antiochiae</strong></span> <span class='ocrx_word' id='word_1_347' title='bbox 871 3338 1193 3390; x_wconf 85' lang='lat' dir='ltr'><strong>constitutus</strong></span> <span class='ocrx_word' id='word_1_348' title='bbox 1247 3339 1542 3407; x_wconf 86' lang='lat' dir='ltr'><strong>episcopus,</strong></span> <span class='ocrx_word' id='word_1_349' title='bbox 1575 3349 1624 3392; x_wconf 86' lang='lat' dir='ltr'><strong>et</strong></span> <span class='ocrx_word' id='word_1_350' title='bbox 1675 3349 1879 3409; x_wconf 79' lang='lat' dir='ltr'><strong>martyr</strong></span> <span class='ocrx_word' id='word_1_351' title='bbox 1911 3338 2118 3394; x_wconf 81' lang='lat' dir='ltr'><strong>Christi</strong></span> 
     </span>
    </p>
   </div>
   <div class='ocr_carea' id='block_1_50' title="bbox 525 3426 1534 3494">
    <p class='ocr_par' dir='ltr' id='par_1_50' title="bbox 525 3426 1534 3494">
     <span class='ocr_line' id='line_1_50' title="bbox 525 3426 1534 3494; baseline 0.005 -17"><span class='ocrx_word' id='word_1_352' title='bbox 525 3426 720 3494; x_wconf 80' lang='lat' dir='ltr'><strong>factus,</strong></span> <span class='ocrx_word' id='word_1_353' title='bbox 755 3430 986 3482; x_wconf 86' lang='lat' dir='ltr'><strong>scribens</strong></span> <span class='ocrx_word' id='word_1_354' title='bbox 1014 3430 1079 3484; x_wconf 88' lang='lat' dir='ltr'><strong>de</strong></span> <span class='ocrx_word' id='word_1_355' title='bbox 1113 3429 1340 3482; x_wconf 86' lang='lat' dir='ltr'><strong>Domino</strong></span> <span class='ocrx_word' id='word_1_356' title='bbox 1373 3430 1534 3482; x_wconf 72' lang='lat' dir='ltr'><strong>dixit.</strong></span> 
     </span>
    </p>
   </div>
   <div class='ocr_carea' id='block_1_51' title="bbox 579 3521 2118 3592">
    <p class='ocr_par' dir='ltr' id='par_1_51' title="bbox 579 3521 2118 3592">
     <span class='ocr_line' id='line_1_51' title="bbox 579 3521 2118 3592; baseline 0.005 -20"><span class='ocrx_word' id='word_1_357' title='bbox 579 3521 790 3575; x_wconf 90' lang='lat' dir='ltr'><strong>Asserit</strong></span> <span class='ocrx_word' id='word_1_358' title='bbox 818 3522 982 3592; x_wconf 78' lang='lat' dir='ltr'><strong>igitur</strong></span> <span class='ocrx_word' id='word_1_359' title='bbox 1003 3539 1127 3578; x_wconf 82' lang='lat' dir='ltr'><strong>eum</strong></span> <span class='ocrx_word' id='word_1_360' title='bbox 1157 3523 1320 3592; x_wconf 83' lang='lat' dir='ltr'><strong>cujus</strong></span> <span class='ocrx_word' id='word_1_361' title='bbox 1351 3524 1675 3577; x_wconf 88' lang='lat' dir='ltr'><strong>sententiam</strong></span> <span class='ocrx_word' id='word_1_362' title='bbox 1693 3524 1952 3579; x_wconf 65' lang='lat' dir='ltr'><strong>fratribus</strong></span> <span class='ocrx_word' id='word_1_363' title='bbox 1973 3541 2118 3579; x_wconf 90' lang='lat' dir='ltr'><strong>com-</strong></span> 
     </span>
    </p>
   </div>
   <div class='ocr_carea' id='block_1_52' title="bbox 525 3614 2112 3687">
    <p class='ocr_par' dir='ltr' id='par_1_52' title="bbox 525 3614 2112 3687">
     <span class='ocr_line' id='line_1_52' title="bbox 525 3614 2112 3687; baseline 0.004 -23"><span class='ocrx_word' id='word_1_364' title='bbox 525 3614 906 3668; x_wconf 86' lang='lat' dir='ltr'><strong>municaturus</strong></span> <span class='ocrx_word' id='word_1_365' title='bbox 933 3624 1101 3681; x_wconf 84' lang='lat' dir='ltr'><strong>esset,</strong></span> <span class='ocrx_word' id='word_1_366' title='bbox 1136 3631 1244 3668; x_wconf 91' lang='lat' dir='ltr'><strong>non</strong></span> <span class='ocrx_word' id='word_1_367' title='bbox 1274 3615 1625 3684; x_wconf 87' lang='lat' dir='ltr'><strong>impostorcm</strong></span> <span class='ocrx_word' id='word_1_368' title='bbox 1647 3657 1661 3682; x_wconf 93' lang='lat'><strong>,</strong></span> <span class='ocrx_word' id='word_1_369' title='bbox 1698 3632 1805 3670; x_wconf 87' lang='lat' dir='ltr'><strong>non</strong></span> <span class='ocrx_word' id='word_1_370' title='bbox 1834 3617 2112 3687; x_wconf 77' lang='lat' dir='ltr'><strong>vulgarem</strong></span> 
     </span>
    </p>
   </div>
   <div class='ocr_carea' id='block_1_53' title="bbox 524 3705 2115 3780">
    <p class='ocr_par' dir='ltr' id='par_1_53' title="bbox 524 3705 2115 3780">
     <span class='ocr_line' id='line_1_53' title="bbox 524 3705 2115 3780; baseline 0.006 -24"><span class='ocrx_word' id='word_1_371' title='bbox 524 3705 782 3774; x_wconf 86' lang='lat' dir='ltr'><strong>aliquem,</strong></span> <span class='ocrx_word' id='word_1_372' title='bbox 814 3717 907 3760; x_wconf 89' lang='lat' dir='ltr'><strong>aut</strong></span> <span class='ocrx_word' id='word_1_373' title='bbox 938 3725 966 3761; x_wconf 88' lang='lat' dir='ltr'><strong>e</strong></span> <span class='ocrx_word' id='word_1_374' title='bbox 994 3707 1153 3760; x_wconf 84' lang='lat' dir='ltr'><strong>trivio</strong></span> <span class='ocrx_word' id='word_1_375' title='bbox 1176 3708 1526 3777; x_wconf 86' lang='lat' dir='ltr'><strong>scriptorem,</strong></span> <span class='ocrx_word' id='word_1_376' title='bbox 1555 3708 1650 3762; x_wconf 90' lang='lat' dir='ltr'><strong>sed</strong></span> <span class='ocrx_word' id='word_1_377' title='bbox 1681 3710 1863 3762; x_wconf 88' lang='lat' dir='ltr'><strong>virum</strong></span> <span class='ocrx_word' id='word_1_378' title='bbox 1894 3721 2115 3780; x_wconf 85' lang='lat' dir='ltr'><strong>aposto-</strong></span> 
     </span>
    </p>
   </div>
   <div class='ocr_carea' id='block_1_54' title="bbox 526 3799 2118 3871">
    <p class='ocr_par' dir='ltr' id='par_1_54' title="bbox 526 3799 2118 3871">
     <span class='ocr_line' id='line_1_54' title="bbox 526 3799 2118 3871; baseline 0.004 -20"><span class='ocrx_word' id='word_1_379' title='bbox 526 3799 712 3864; x_wconf 86' lang='lat' dir='ltr'><strong>licum,</strong></span> <span class='ocrx_word' id='word_1_380' title='bbox 744 3812 797 3855; x_wconf 92' lang='lat' dir='ltr'><strong>et</strong></span> <span class='ocrx_word' id='word_1_381' title='bbox 829 3801 973 3866; x_wconf 86' lang='lat' dir='ltr'><strong>quod</strong></span> <span class='ocrx_word' id='word_1_382' title='bbox 1003 3800 1184 3868; x_wconf 87' lang='lat' dir='ltr'><strong>majus</strong></span> <span class='ocrx_word' id='word_1_383' title='bbox 1211 3801 1416 3871; x_wconf 87' lang='lat' dir='ltr'><strong>aliquid</strong></span> <span class='ocrx_word' id='word_1_384' title='bbox 1443 3811 1561 3869; x_wconf 88' lang='lat' dir='ltr'><strong>est,</strong></span> <span class='ocrx_word' id='word_1_385' title='bbox 1594 3801 1975 3868; x_wconf 69' lang='lat' dir='ltr'><strong>Antiochense,</strong></span> <span class='ocrx_word' id='word_1_386' title='bbox 2011 3803 2118 3857; x_wconf 88' lang='lat' dir='ltr'><strong>hoc</strong></span> 
     </span>
    </p>
   </div>
   <div class='ocr_carea' id='block_1_55' title="bbox 523 3893 2115 3965">
    <p class='ocr_par' dir='ltr' id='par_1_55' title="bbox 523 3893 2115 3965">
     <span class='ocr_line' id='line_1_55' title="bbox 523 3893 2115 3965; baseline 0.001 -17"><span class='ocrx_word' id='word_1_387' title='bbox 523 3906 626 3956; x_wconf 81' lang='lat' dir='ltr'><strong>est,</strong></span> <span class='ocrx_word' id='word_1_388' title='bbox 666 3894 1021 3964; x_wconf 83' lang='lat' dir='ltr'><strong>amplissinne</strong></span> <span class='ocrx_word' id='word_1_389' title='bbox 1056 3893 1312 3950; x_wconf 76' lang='lat' dir='ltr'><strong>Ecclesia:</strong></span> <span class='ocrx_word' id='word_1_390' title='bbox 1340 3897 1690 3965; x_wconf 86' lang='lat' dir='ltr'><strong>episcopum,</strong></span> <span class='ocrx_word' id='word_1_391' title='bbox 1726 3907 1783 3950; x_wconf 90' lang='lat' dir='ltr'><strong>et</strong></span> <span class='ocrx_word' id='word_1_392' title='bbox 1816 3896 1966 3965; x_wconf 91' lang='lat' dir='ltr'><strong>quod</strong></span> <span class='ocrx_word' id='word_1_393' title='bbox 1997 3911 2115 3950; x_wconf 90' lang='lat' dir='ltr'><strong>ma-</strong></span> 
     </span>
    </p>
   </div>
   <div class='ocr_carea' id='block_1_56' title="bbox 526 3985 2112 4058">
    <p class='ocr_par' dir='ltr' id='par_1_56' title="bbox 526 3985 2112 4058">
     <span class='ocr_line' id='line_1_56' title="bbox 526 3985 2112 4058; baseline 0.003 -19"><span class='ocrx_word' id='word_1_394' title='bbox 526 3985 731 4039; x_wconf 72' lang='lat' dir='ltr'><strong>ximam</strong></span> <span class='ocrx_word' id='word_1_395' title='bbox 781 3995 882 4051; x_wconf 82' lang='lat' dir='ltr'><strong>est,</strong></span> <span class='ocrx_word' id='word_1_396' title='bbox 915 3995 1210 4058; x_wconf 81' lang='lat' dir='ltr'><strong>martyrem</strong></span> <span class='ocrx_word' id='word_1_397' title='bbox 1253 3988 1458 4043; x_wconf 88' lang='lat' dir='ltr'><strong>Christi</strong></span> <span class='ocrx_word' id='word_1_398' title='bbox 1489 3988 1679 4042; x_wconf 78' lang='lat' dir='ltr'><strong>fuisse.</strong></span> <span class='ocrx_word' id='word_1_399' title='bbox 1730 3986 1788 4040; x_wconf 91' lang='lat' dir='ltr'><strong>ln</strong></span> <span class='ocrx_word' id='word_1_400' title='bbox 1823 3989 1914 4042; x_wconf 91' lang='lat' dir='ltr'><strong>illa</strong></span> <span class='ocrx_word' id='word_1_401' title='bbox 1946 4004 2112 4058; x_wconf 90' lang='lat' dir='ltr'><strong>quam</strong></span> 
     </span>
    </p>
   </div>
   <div class='ocr_carea' id='block_1_57' title="bbox 524 4076 2114 4147">
    <p class='ocr_par' dir='ltr' id='par_1_57' title="bbox 524 4076 2114 4147">
     <span class='ocr_line' id='line_1_57' title="bbox 524 4076 2114 4147; baseline 0.003 -17"><span class='ocrx_word' id='word_1_402' title='bbox 524 4094 591 4131; x_wconf 80' lang='lat' dir='ltr'><strong>ex</strong></span> <span class='ocrx_word' id='word_1_403' title='bbox 642 4076 851 4147; x_wconf 86' lang='lat' dir='ltr'><strong>lgnatio</strong></span> <span class='ocrx_word' id='word_1_404' title='bbox 907 4079 1132 4132; x_wconf 87' lang='lat' dir='ltr'><strong>adducit</strong></span> <span class='ocrx_word' id='word_1_405' title='bbox 1198 4083 1515 4144; x_wconf 85' lang='lat' dir='ltr'><strong>sententia,</strong></span> <span class='ocrx_word' id='word_1_406' title='bbox 1576 4080 1838 4133; x_wconf 85' lang='lat' dir='ltr'><strong>Christus</strong></span> <span class='ocrx_word' id='word_1_407' title='bbox 1907 4080 2114 4134; x_wconf 87' lang='lat' dir='ltr'><strong>dicitur</strong></span> 
     </span>
    </p>
   </div>
   <div class='ocr_carea' id='block_1_58' title="bbox 524 4168 2113 4243">
    <p class='ocr_par' dir='ltr' id='par_1_58' title="bbox 524 4168 2113 4243">
     <span class='ocr_line' id='line_1_58' title="bbox 524 4168 2113 4243; baseline 0.003 -20"><span class='ocrx_word' id='word_1_408' title='bbox 524 4168 839 4241; x_wconf 79' lang='grc' dir='ltr'>ἀγέννητος,</span> <span class='ocrx_word' id='word_1_409' title='bbox 873 4173 966 4225; x_wconf 89' lang='lat' dir='ltr'><strong>sed</strong></span> <span class='ocrx_word' id='word_1_410' title='bbox 1020 4173 1160 4227; x_wconf 89' lang='lat' dir='ltr'><strong>alios</strong></span> <span class='ocrx_word' id='word_1_411' title='bbox 1209 4183 1332 4242; x_wconf 88' lang='lat' dir='ltr'><strong>post</strong></span> <span class='ocrx_word' id='word_1_412' title='bbox 1381 4171 1652 4243; x_wconf 85' lang='lat' dir='ltr'><strong>lgnatium</strong></span> <span class='ocrx_word' id='word_1_413' title='bbox 1705 4173 1866 4225; x_wconf 82' lang='lat' dir='ltr'><strong>aliter</strong></span> <span class='ocrx_word' id='word_1_414' title='bbox 1892 4172 2113 4228; x_wconf 87' lang='lat' dir='ltr'><strong>locutos</strong></span> 
     </span>
    </p>
   </div>
   <div class='ocr_carea' id='block_1_59' title="bbox 523 4263 2116 4335">
    <p class='ocr_par' dir='ltr' id='par_1_59' title="bbox 523 4263 2116 4335">
     <span class='ocr_line' id='line_1_59' title="bbox 523 4263 2116 4335; baseline 0.001 -19"><span class='ocrx_word' id='word_1_415' title='bbox 523 4278 646 4317; x_wconf 88' lang='lat' dir='ltr'><strong>esse</strong></span> <span class='ocrx_word' id='word_1_416' title='bbox 685 4265 944 4329; x_wconf 83' lang='lat' dir='ltr'><strong>ostendit,</strong></span> <span class='ocrx_word' id='word_1_417' title='bbox 993 4264 1050 4317; x_wconf 82' lang='grc' dir='ltr'>ἓν</span> <span class='ocrx_word' id='word_1_418' title='bbox 1085 4266 1144 4318; x_wconf 72' lang='grc' dir='ltr'>τὸ</span> <span class='ocrx_word' id='word_1_419' title='bbox 1180 4266 1479 4335; x_wconf 79' lang='grc' dir='ltr'>ἀγέννητον</span> <span class='ocrx_word' id='word_1_420' title='bbox 1512 4267 1540 4318; x_wconf 87' lang='grc' dir='ltr'>ὁ</span> <span class='ocrx_word' id='word_1_421' title='bbox 1575 4265 1785 4335; x_wconf 84' lang='grc' dir='ltr'>Πατήρ.</span> <span class='ocrx_word' id='word_1_422' title='bbox 1814 4263 1955 4318; x_wconf 87' lang='lat' dir='ltr'><strong>Tum</strong></span> <span class='ocrx_word' id='word_1_423' title='bbox 1985 4279 2116 4318; x_wconf 90' lang='lat' dir='ltr'><strong>vero</strong></span> 
     </span>
    </p>
   </div>
   <div class='ocr_carea' id='block_1_60' title="bbox 524 4355 2116 4426">
    <p class='ocr_par' dir='ltr' id='par_1_60' title="bbox 524 4355 2116 4426">
     <span class='ocr_line' id='line_1_60' title="bbox 524 4355 2116 4426; baseline 0.003 -20"><span class='ocrx_word' id='word_1_424' title='bbox 524 4363 744 4424; x_wconf 72' lang='lat' dir='ltr'><strong>quantze</strong></span> <span class='ocrx_word' id='word_1_425' title='bbox 771 4356 1117 4410; x_wconf 79' lang='lat' dir='ltr'><strong>auctoritatis</strong></span> <span class='ocrx_word' id='word_1_426' title='bbox 1148 4357 1392 4426; x_wconf 82' lang='lat' dir='ltr'><strong>lguatius</strong></span> <span class='ocrx_word' id='word_1_427' title='bbox 1418 4356 1559 4425; x_wconf 76' lang='lat' dir='ltr'><strong>apud</strong></span> <span class='ocrx_word' id='word_1_428' title='bbox 1585 4372 1646 4409; x_wconf 86' lang='lat' dir='ltr'><strong>se</strong></span> <span class='ocrx_word' id='word_1_429' title='bbox 1679 4355 1867 4419; x_wconf 85' lang='lat' dir='ltr'><strong>fuerit,</strong></span> <span class='ocrx_word' id='word_1_430' title='bbox 1896 4365 2116 4425; x_wconf 66' lang='lat' dir='ltr'><strong>quanta:</strong></span> 
     </span>
    </p>
   </div>
   <div class='ocr_carea' id='block_1_61' title="bbox 525 4444 2115 4515">
    <p class='ocr_par' dir='ltr' id='par_1_61' title="bbox 525 4444 2115 4515">
     <span class='ocr_line' id='line_1_61' title="bbox 525 4444 2115 4515; baseline 0.002 -16"><span class='ocrx_word' id='word_1_431' title='bbox 525 4446 667 4515; x_wconf 87' lang='lat' dir='ltr'><strong>apud</strong></span> <span class='ocrx_word' id='word_1_432' title='bbox 697 4444 894 4500; x_wconf 85' lang='lat' dir='ltr'><strong>fratres</strong></span> <span class='ocrx_word' id='word_1_433' title='bbox 924 4463 1056 4500; x_wconf 91' lang='lat' dir='ltr'><strong>suos</strong></span> <span class='ocrx_word' id='word_1_434' title='bbox 1094 4457 1148 4501; x_wconf 91' lang='lat' dir='ltr'><strong>et</strong></span> <span class='ocrx_word' id='word_1_435' title='bbox 1187 4447 1417 4501; x_wconf 89' lang='lat' dir='ltr'><strong>dilectos</strong></span> <span class='ocrx_word' id='word_1_436' title='bbox 1443 4462 1566 4499; x_wconf 87' lang='lat' dir='ltr'><strong>esse</strong></span> <span class='ocrx_word' id='word_1_437' title='bbox 1606 4445 1859 4500; x_wconf 86' lang='lat' dir='ltr'><strong>debuerit</strong></span> <span class='ocrx_word' id='word_1_438' title='bbox 1885 4445 2115 4515; x_wconf 87' lang='lat' dir='ltr'><strong>apertis-</strong></span> 
     </span>
    </p>
   </div>
   <div class='ocr_carea' id='block_1_62' title="bbox 2229 1939 3814 2015">
    <p class='ocr_par' dir='ltr' id='par_1_62' title="bbox 2229 1939 3814 2015">
     <span class='ocr_line' id='line_1_62' title="bbox 2229 1939 3814 2015; baseline 0.003 -21"><span class='ocrx_word' id='word_1_439' title='bbox 2229 1948 2355 2010; x_wconf 91' lang='lat' dir='ltr'><strong>ptus</strong></span> <span class='ocrx_word' id='word_1_440' title='bbox 2410 1955 2558 1994; x_wconf 89' lang='lat' dir='ltr'><strong>nunc</strong></span> <span class='ocrx_word' id='word_1_441' title='bbox 2609 1939 2775 1994; x_wconf 90' lang='lat' dir='ltr'><strong>nimis</strong></span> <span class='ocrx_word' id='word_1_442' title='bbox 2834 1941 3173 1996; x_wconf 74' lang='lat' dir='ltr'><strong>honorificus</strong></span> <span class='ocrx_word' id='word_1_443' title='bbox 3226 1941 3473 2009; x_wconf 85' lang='lat' dir='ltr'><strong>videtur;</strong></span> <span class='ocrx_word' id='word_1_444' title='bbox 3524 1953 3620 1998; x_wconf 88' lang='lat' dir='ltr'><strong>aut</strong></span> <span class='ocrx_word' id='word_1_445' title='bbox 3666 1948 3814 2015; x_wconf 85' lang='lat' dir='ltr'><strong>quod</strong></span> 
     </span>
    </p>
   </div>
   <div class='ocr_carea' id='block_1_63' title="bbox 2228 2035 3814 2106">
    <p class='ocr_par' dir='ltr' id='par_1_63' title="bbox 2228 2035 3814 2106">
     <span class='ocr_line' id='line_1_63' title="bbox 2228 2035 3814 2106; baseline 0.003 -17"><span class='ocrx_word' id='word_1_446' title='bbox 2228 2035 2496 2104; x_wconf 82' lang='lat' dir='ltr'><strong>lgnatium</strong></span> <span class='ocrx_word' id='word_1_447' title='bbox 2547 2044 2790 2088; x_wconf 72' lang='lat' dir='ltr'><strong>nostrum</strong></span> <span class='ocrx_word' id='word_1_448' title='bbox 2819 2035 3088 2104; x_wconf 90' lang='lat' dir='ltr'><strong>appellat,</strong></span> <span class='ocrx_word' id='word_1_449' title='bbox 3117 2052 3280 2106; x_wconf 89' lang='lat' dir='ltr'><strong>quem</strong></span> <span class='ocrx_word' id='word_1_450' title='bbox 3333 2046 3512 2092; x_wconf 89' lang='lat' dir='ltr'><strong>tamen</strong></span> <span class='ocrx_word' id='word_1_451' title='bbox 3544 2039 3619 2092; x_wconf 88' lang='lat' dir='ltr'><strong>illi</strong></span> <span class='ocrx_word' id='word_1_452' title='bbox 3650 2056 3814 2094; x_wconf 88' lang='lat' dir='ltr'><strong>suum</strong></span> 
     </span>
    </p>
   </div>
   <div class='ocr_carea' id='block_1_64' title="bbox 2227 2125 3808 2197">
    <p class='ocr_par' dir='ltr' id='par_1_64' title="bbox 2227 2125 3808 2197">
     <span class='ocr_line' id='line_1_64' title="bbox 2227 2125 3808 2197; baseline 0.003 -15"><span class='ocrx_word' id='word_1_453' title='bbox 2227 2142 2350 2182; x_wconf 83' lang='lat' dir='ltr'><strong>esse</strong></span> <span class='ocrx_word' id='word_1_454' title='bbox 2380 2127 2594 2181; x_wconf 92' lang='lat' dir='ltr'><strong>nolunt.</strong></span> <span class='ocrx_word' id='word_1_455' title='bbox 2630 2125 2766 2181; x_wconf 85' lang='lat' dir='ltr'><strong>Nam</strong></span> <span class='ocrx_word' id='word_1_456' title='bbox 2798 2127 2947 2197; x_wconf 87' lang='lat' dir='ltr'><strong>quod</strong></span> <span class='ocrx_word' id='word_1_457' title='bbox 2988 2128 3360 2195; x_wconf 86' lang='lat' dir='ltr'><strong>Athanasius,</strong></span> <span class='ocrx_word' id='word_1_458' title='bbox 3396 2130 3441 2183; x_wconf 91' lang='lat' dir='ltr'><strong>si</strong></span> <span class='ocrx_word' id='word_1_459' title='bbox 3474 2145 3664 2185; x_wconf 86' lang='lat' dir='ltr'><strong>revera</strong></span> <span class='ocrx_word' id='word_1_460' title='bbox 3693 2147 3808 2186; x_wconf 85' lang='lat' dir='ltr'><strong>ma-</strong></span> 
     </span>
    </p>
   </div>
   <div class='ocr_carea' id='block_1_65' title="bbox 2227 2219 3814 2297">
    <p class='ocr_par' dir='ltr' id='par_1_65' title="bbox 2227 2219 3814 2297">
     <span class='ocr_line' id='line_1_65' title="bbox 2227 2219 3814 2297; baseline 0.001 -23"><span class='ocrx_word' id='word_1_461' title='bbox 2227 2236 2368 2292; x_wconf 78' lang='lat' dir='ltr'><strong>gnus</strong></span> <span class='ocrx_word' id='word_1_462' title='bbox 2401 2221 2493 2286; x_wconf 90' lang='lat' dir='ltr'><strong>sit,</strong></span> <span class='ocrx_word' id='word_1_463' title='bbox 2526 2219 2738 2297; x_wconf 69' lang='lat' dir='ltr'><strong>lgnatio</strong></span> <span class='ocrx_word' id='word_1_464' title='bbox 2770 2228 2980 2286; x_wconf 90' lang='lat' dir='ltr'><strong>nostro,</strong></span> <span class='ocrx_word' id='word_1_465' title='bbox 3016 2220 3060 2275; x_wconf 90' lang='lat' dir='ltr'><strong>si</strong></span> <span class='ocrx_word' id='word_1_466' title='bbox 3093 2230 3275 2275; x_wconf 89' lang='lat' dir='ltr'><strong>noster</strong></span> <span class='ocrx_word' id='word_1_467' title='bbox 3309 2221 3417 2276; x_wconf 90' lang='lat' dir='ltr'><strong>dici</strong></span> <span class='ocrx_word' id='word_1_468' title='bbox 3449 2223 3620 2292; x_wconf 90' lang='lat' dir='ltr'><strong>possit</strong></span> <span class='ocrx_word' id='word_1_469' title='bbox 3647 2239 3814 2293; x_wconf 85' lang='lat' dir='ltr'><strong>quem</strong></span> 
     </span>
    </p>
   </div>
   <div class='ocr_carea' id='block_1_66' title="bbox 2227 2313 3813 2387">
    <p class='ocr_par' dir='ltr' id='par_1_66' title="bbox 2227 2313 3813 2387">
     <span class='ocr_line' id='line_1_66' title="bbox 2227 2313 3813 2387; baseline 0.003 -19"><span class='ocrx_word' id='word_1_470' title='bbox 2227 2329 2328 2370; x_wconf 92' lang='lat' dir='ltr'><strong>nos</strong></span> <span class='ocrx_word' id='word_1_471' title='bbox 2355 2313 2726 2381; x_wconf 80' lang='lat' dir='ltr'><strong>defendimus,</strong></span> <span class='ocrx_word' id='word_1_472' title='bbox 2759 2314 3136 2369; x_wconf 90' lang='lat' dir='ltr'><strong>testimonium</strong></span> <span class='ocrx_word' id='word_1_473' title='bbox 3165 2330 3328 2369; x_wconf 91' lang='lat' dir='ltr'><strong>suum</strong></span> <span class='ocrx_word' id='word_1_474' title='bbox 3362 2315 3555 2370; x_wconf 77' lang='lat' dir='ltr'><strong>oﬂerat</strong></span> <span class='ocrx_word' id='word_1_475' title='bbox 3577 2324 3632 2371; x_wconf 90' lang='lat' dir='ltr'><strong>et</strong></span> <span class='ocrx_word' id='word_1_476' title='bbox 3652 2319 3813 2387; x_wconf 86' lang='lat' dir='ltr'><strong>quasi</strong></span> 
     </span>
    </p>
   </div>
   <div class='ocr_carea' id='block_1_67' title="bbox 2227 2405 3814 2478">
    <p class='ocr_par' dir='ltr' id='par_1_67' title="bbox 2227 2405 3814 2478">
     <span class='ocr_line' id='line_1_67' title="bbox 2227 2405 3814 2478; baseline 0.003 -18"><span class='ocrx_word' id='word_1_477' title='bbox 2227 2409 2464 2477; x_wconf 83' lang='lat' dir='ltr'><strong>clypeum</strong></span> <span class='ocrx_word' id='word_1_478' title='bbox 2491 2407 2744 2460; x_wconf 88' lang='lat' dir='ltr'><strong>obtendat</strong></span> <span class='ocrx_word' id='word_1_479' title='bbox 2767 2407 3032 2460; x_wconf 88' lang='lat' dir='ltr'><strong>adversus</strong></span> <span class='ocrx_word' id='word_1_480' title='bbox 3061 2407 3354 2462; x_wconf 89' lang='lat' dir='ltr'><strong>hodiernos</strong></span> <span class='ocrx_word' id='word_1_481' title='bbox 3382 2405 3570 2478; x_wconf 82' lang='lat' dir='ltr'><strong>lgnatii</strong></span> <span class='ocrx_word' id='word_1_482' title='bbox 3604 2409 3814 2475; x_wconf 84' lang='lat' dir='ltr'><strong>hostes,</strong></span> 
     </span>
    </p>
   </div>
   <div class='ocr_carea' id='block_1_68' title="bbox 2226 2499 3816 2573">
    <p class='ocr_par' dir='ltr' id='par_1_68' title="bbox 2226 2499 3816 2573">
     <span class='ocr_line' id='line_1_68' title="bbox 2226 2499 3816 2573; baseline 0.002 -18"><span class='ocrx_word' id='word_1_483' title='bbox 2226 2503 2415 2573; x_wconf 74' lang='lat' dir='ltr'><strong>negari</strong></span> <span class='ocrx_word' id='word_1_484' title='bbox 2467 2517 2578 2556; x_wconf 89' lang='lat' dir='ltr'><strong>non</strong></span> <span class='ocrx_word' id='word_1_485' title='bbox 2635 2510 2835 2571; x_wconf 87' lang='lat' dir='ltr'><strong>potest.</strong></span> <span class='ocrx_word' id='word_1_486' title='bbox 2867 2499 3122 2570; x_wconf 85' lang='lat' dir='ltr'><strong>Clypcum</strong></span> <span class='ocrx_word' id='word_1_487' title='bbox 3149 2517 3307 2554; x_wconf 86' lang='lat' dir='ltr'><strong>suum</strong></span> <span class='ocrx_word' id='word_1_488' title='bbox 3353 2502 3668 2557; x_wconf 87' lang='lat' dir='ltr'><strong>obtendisse</strong></span> <span class='ocrx_word' id='word_1_489' title='bbox 3697 2505 3816 2558; x_wconf 87' lang='lat' dir='ltr'><strong>vult</strong></span> 
     </span>
    </p>
   </div>
   <div class='ocr_carea' id='block_1_69' title="bbox 2225 2594 3812 2665">
    <p class='ocr_par' dir='ltr' id='par_1_69' title="bbox 2225 2594 3812 2665">
     <span class='ocr_line' id='line_1_69' title="bbox 2225 2594 3812 2665; baseline 0.001 -15"><span class='ocrx_word' id='word_1_490' title='bbox 2225 2595 2391 2650; x_wconf 91' lang='lat' dir='ltr'><strong>etiam</strong></span> <span class='ocrx_word' id='word_1_491' title='bbox 2437 2595 2525 2650; x_wconf 83' lang='lat' dir='ltr'><strong>vir</strong></span> <span class='ocrx_word' id='word_1_492' title='bbox 2566 2594 2945 2660; x_wconf 89' lang='lat' dir='ltr'><strong>doctissimus,</strong></span> <span class='ocrx_word' id='word_1_493' title='bbox 2990 2594 3086 2648; x_wconf 89' lang='lat' dir='ltr'><strong>sed</strong></span> <span class='ocrx_word' id='word_1_494' title='bbox 3138 2595 3373 2660; x_wconf 82' lang='lat' dir='ltr'><strong>veritati,</strong></span> <span class='ocrx_word' id='word_1_495' title='bbox 3413 2609 3521 2648; x_wconf 92' lang='lat' dir='ltr'><strong>non</strong></span> <span class='ocrx_word' id='word_1_496' title='bbox 3566 2595 3812 2665; x_wconf 87' lang='lat' dir='ltr'><strong>Ignatio;</strong></span> 
     </span>
    </p>
   </div>
   <div class='ocr_carea' id='block_1_70' title="bbox 2227 2689 3814 2761">
    <p class='ocr_par' dir='ltr' id='par_1_70' title="bbox 2227 2689 3814 2761">
     <span class='ocr_line' id='line_1_70' title="bbox 2227 2689 3814 2761; baseline 0.001 -17"><span class='ocrx_word' id='word_1_497' title='bbox 2227 2690 2321 2745; x_wconf 91' lang='lat' dir='ltr'><strong>sed</strong></span> <span class='ocrx_word' id='word_1_498' title='bbox 2348 2700 2541 2746; x_wconf 89' lang='lat' dir='ltr'><strong>contra</strong></span> <span class='ocrx_word' id='word_1_499' title='bbox 2571 2690 2895 2743; x_wconf 83' lang='lat' dir='ltr'><strong>Arianorum</strong></span> <span class='ocrx_word' id='word_1_500' title='bbox 2923 2689 3049 2752; x_wconf 87' lang='lat' dir='ltr'><strong>tela,</strong></span> <span class='ocrx_word' id='word_1_501' title='bbox 3084 2705 3195 2744; x_wconf 89' lang='lat' dir='ltr'><strong>non</strong></span> <span class='ocrx_word' id='word_1_502' title='bbox 3220 2700 3408 2744; x_wconf 88' lang='lat' dir='ltr'><strong>contra</strong></span> <span class='ocrx_word' id='word_1_503' title='bbox 3443 2690 3630 2746; x_wconf 88' lang='lat' dir='ltr'><strong>hostes</strong></span> <span class='ocrx_word' id='word_1_504' title='bbox 3655 2690 3814 2761; x_wconf 78' lang='lat' dir='ltr'><strong>lgna-</strong></span> 
     </span>
    </p>
   </div>
   <div class='ocr_carea' id='block_1_71' title="bbox 2225 2781 3812 2854">
    <p class='ocr_par' dir='ltr' id='par_1_71' title="bbox 2225 2781 3812 2854">
     <span class='ocr_line' id='line_1_71' title="bbox 2225 2781 3812 2854; baseline -0.001 -16"><span class='ocrx_word' id='word_1_505' title='bbox 2225 2784 2307 2839; x_wconf 93' lang='lat' dir='ltr'><strong>tii.</strong></span> <span class='ocrx_word' id='word_1_506' title='bbox 2359 2783 2430 2838; x_wconf 83' lang='lat' dir='ltr'><strong>At</strong></span> <span class='ocrx_word' id='word_1_507' title='bbox 2479 2783 2757 2854; x_wconf 89' lang='lat' dir='ltr'><strong>quomodo</strong></span> <span class='ocrx_word' id='word_1_508' title='bbox 2798 2782 3016 2837; x_wconf 85' lang='lat' dir='ltr'><strong>veritati</strong></span> <span class='ocrx_word' id='word_1_509' title='bbox 3042 2791 3174 2837; x_wconf 90' lang='lat' dir='ltr'><strong>tunc</strong></span> <span class='ocrx_word' id='word_1_510' title='bbox 3203 2781 3504 2838; x_wconf 90' lang='lat' dir='ltr'><strong>obtendere</strong></span> <span class='ocrx_word' id='word_1_511' title='bbox 3528 2783 3732 2852; x_wconf 90' lang='lat' dir='ltr'><strong>potuit,</strong></span> <span class='ocrx_word' id='word_1_512' title='bbox 3767 2782 3812 2836; x_wconf 89' lang='lat' dir='ltr'><strong>si</strong></span> 
     </span>
    </p>
   </div>
   <div class='ocr_carea' id='block_1_72' title="bbox 2225 2871 3813 2945">
    <p class='ocr_par' dir='ltr' id='par_1_72' title="bbox 2225 2871 3813 2945">
     <span class='ocr_line' id='line_1_72' title="bbox 2225 2871 3813 2945; baseline -0.003 -16"><span class='ocrx_word' id='word_1_513' title='bbox 2225 2889 2376 2929; x_wconf 89' lang='lat' dir='ltr'><strong>nunc</strong></span> <span class='ocrx_word' id='word_1_514' title='bbox 2404 2873 2723 2945; x_wconf 80' lang='lat' dir='ltr'><strong>lgnatianis,</strong></span> <span class='ocrx_word' id='word_1_515' title='bbox 2758 2873 2981 2941; x_wconf 91' lang='lat' dir='ltr'><strong>quando</strong></span> <span class='ocrx_word' id='word_1_516' title='bbox 3022 2871 3076 2925; x_wconf 89' lang='lat' dir='ltr'><strong>in</strong></span> <span class='ocrx_word' id='word_1_517' title='bbox 3115 2871 3342 2927; x_wconf 91' lang='lat' dir='ltr'><strong>dubium</strong></span> <span class='ocrx_word' id='word_1_518' title='bbox 3379 2880 3672 2936; x_wconf 89' lang='lat' dir='ltr'><strong>vocantur,</strong></span> <span class='ocrx_word' id='word_1_519' title='bbox 3706 2887 3813 2924; x_wconf 87' lang='lat' dir='ltr'><strong>non</strong></span> 
     </span>
    </p>
   </div>
   <div class='ocr_carea' id='block_1_73' title="bbox 2224 2964 3812 3034">
    <p class='ocr_par' dir='ltr' id='par_1_73' title="bbox 2224 2964 3812 3034">
     <span class='ocr_line' id='line_1_73' title="bbox 2224 2964 3812 3034; baseline -0.003 -13"><span class='ocrx_word' id='word_1_520' title='bbox 2224 2967 2520 3021; x_wconf 86' lang='lat' dir='ltr'><strong>obtendat?</strong></span> <span class='ocrx_word' id='word_1_521' title='bbox 2548 2964 2762 3020; x_wconf 83' lang='lat' dir='ltr'><strong>Veritas</strong></span> <span class='ocrx_word' id='word_1_522' title='bbox 2792 2965 3000 3019; x_wconf 88' lang='lat' dir='ltr'><strong>Christi</strong></span> <span class='ocrx_word' id='word_1_523' title='bbox 3042 2965 3415 3034; x_wconf 87' lang='lat' dir='ltr'><strong>impostorum</strong></span> <span class='ocrx_word' id='word_1_524' title='bbox 3449 2979 3553 3033; x_wconf 89' lang='lat' dir='ltr'><strong>ope</strong></span> <span class='ocrx_word' id='word_1_525' title='bbox 3583 2979 3697 3018; x_wconf 93' lang='lat' dir='ltr'><strong>non</strong></span> <span class='ocrx_word' id='word_1_526' title='bbox 3728 2965 3812 3017; x_wconf 81' lang='lat' dir='ltr'><strong>in-</strong></span> 
     </span>
    </p>
   </div>
   <div class='ocr_carea' id='block_1_74' title="bbox 2224 3057 3814 3128">
    <p class='ocr_par' dir='ltr' id='par_1_74' title="bbox 2224 3057 3814 3128">
     <span class='ocr_line' id='line_1_74' title="bbox 2224 3057 3814 3128; baseline -0.003 -15"><span class='ocrx_word' id='word_1_527' title='bbox 2224 3058 2419 3128; x_wconf 86' lang='lat' dir='ltr'><strong>diget:</strong></span> <span class='ocrx_word' id='word_1_528' title='bbox 2473 3072 2650 3127; x_wconf 89' lang='lat' dir='ltr'><strong>neque</strong></span> <span class='ocrx_word' id='word_1_529' title='bbox 2694 3057 3019 3126; x_wconf 90' lang='lat' dir='ltr'><strong>epistolicus</strong></span> <span class='ocrx_word' id='word_1_530' title='bbox 3074 3058 3322 3124; x_wconf 72' lang='lat' dir='ltr'><strong>Ignatius</strong></span> <span class='ocrx_word' id='word_1_531' title='bbox 3365 3062 3417 3111; x_wconf 85' lang='lat' dir='ltr'><strong>ei</strong></span> <span class='ocrx_word' id='word_1_532' title='bbox 3467 3072 3566 3126; x_wconf 89' lang='lat' dir='ltr'><strong>pro</strong></span> <span class='ocrx_word' id='word_1_533' title='bbox 3620 3057 3814 3126; x_wconf 80' lang='lat' dir='ltr'><strong>clypeo</strong></span> 
     </span>
    </p>
   </div>
   <div class='ocr_carea' id='block_1_75' title="bbox 2226 3149 3812 3220">
    <p class='ocr_par' dir='ltr' id='par_1_75' title="bbox 2226 3149 3812 3220">
     <span class='ocr_line' id='line_1_75' title="bbox 2226 3149 3812 3220; baseline -0.003 -14"><span class='ocrx_word' id='word_1_534' title='bbox 2226 3166 2349 3206; x_wconf 89' lang='lat' dir='ltr'><strong>esse</strong></span> <span class='ocrx_word' id='word_1_535' title='bbox 2378 3151 2577 3220; x_wconf 89' lang='lat' dir='ltr'><strong>potuit,</strong></span> <span class='ocrx_word' id='word_1_536' title='bbox 2603 3150 2708 3205; x_wconf 91' lang='lat' dir='ltr'><strong>nisi</strong></span> <span class='ocrx_word' id='word_1_537' title='bbox 2738 3158 2794 3203; x_wconf 93' lang='lat' dir='ltr'><strong>et</strong></span> <span class='ocrx_word' id='word_1_538' title='bbox 2829 3149 2919 3204; x_wconf 94' lang='lat' dir='ltr'><strong>ille</strong></span> <span class='ocrx_word' id='word_1_539' title='bbox 2946 3165 3110 3204; x_wconf 89' lang='lat' dir='ltr'><strong>verus</strong></span> <span class='ocrx_word' id='word_1_540' title='bbox 3139 3159 3306 3212; x_wconf 90' lang='lat' dir='ltr'><strong>esset,</strong></span> <span class='ocrx_word' id='word_1_541' title='bbox 3332 3149 3668 3218; x_wconf 88' lang='lat' dir='ltr'><strong>apostolicus</strong></span> <span class='ocrx_word' id='word_1_542' title='bbox 3704 3149 3812 3203; x_wconf 90' lang='lat' dir='ltr'><strong>sci-</strong></span> 
     </span>
    </p>
   </div>
   <div class='ocr_carea' id='block_1_76' title="bbox 2224 3243 3814 3312">
    <p class='ocr_par' dir='ltr' id='par_1_76' title="bbox 2224 3243 3814 3312">
     <span class='ocr_line' id='line_1_76' title="bbox 2224 3243 3814 3312; baseline -0.003 -12"><span class='ocrx_word' id='word_1_543' title='bbox 2224 3245 2375 3309; x_wconf 88' lang='lat' dir='ltr'><strong>licet,</strong></span> <span class='ocrx_word' id='word_1_544' title='bbox 2418 3252 2472 3297; x_wconf 90' lang='lat' dir='ltr'><strong>et</strong></span> <span class='ocrx_word' id='word_1_545' title='bbox 2519 3244 2831 3312; x_wconf 84' lang='lat' dir='ltr'><strong>episcopus,</strong></span> <span class='ocrx_word' id='word_1_546' title='bbox 2875 3252 2928 3298; x_wconf 91' lang='lat' dir='ltr'><strong>et</strong></span> <span class='ocrx_word' id='word_1_547' title='bbox 2967 3251 3194 3312; x_wconf 84' lang='lat' dir='ltr'><strong>martyr,</strong></span> <span class='ocrx_word' id='word_1_548' title='bbox 3223 3250 3282 3296; x_wconf 90' lang='lat' dir='ltr'><strong>ut</strong></span> <span class='ocrx_word' id='word_1_549' title='bbox 3320 3257 3444 3297; x_wconf 89' lang='lat' dir='ltr'><strong>eum</strong></span> <span class='ocrx_word' id='word_1_550' title='bbox 3474 3243 3814 3298; x_wconf 85' lang='lat' dir='ltr'><strong>Athanasius</strong></span> 
     </span>
    </p>
   </div>
   <div class='ocr_carea' id='block_1_77' title="bbox 2219 3337 3812 3407">
    <p class='ocr_par' dir='ltr' id='par_1_77' title="bbox 2219 3337 3812 3407">
     <span class='ocr_line' id='line_1_77' title="bbox 2219 3337 3812 3407; baseline -0.002 -14"><span class='ocrx_word' id='word_1_551' title='bbox 2219 3338 2503 3394; x_wconf 86' lang='lat' dir='ltr'><strong>describit.</strong></span> <span class='ocrx_word' id='word_1_552' title='bbox 2523 3337 2681 3403; x_wconf 85' lang='lat' dir='ltr'><strong>Quod</strong></span> <span class='ocrx_word' id='word_1_553' title='bbox 2711 3345 2894 3391; x_wconf 88' lang='lat' dir='ltr'><strong>autem</strong></span> <span class='ocrx_word' id='word_1_554' title='bbox 2921 3337 3112 3407; x_wconf 79' lang='lat' dir='ltr'><strong>clypeo</strong></span> <span class='ocrx_word' id='word_1_555' title='bbox 3139 3339 3243 3390; x_wconf 83' lang='lat' dir='ltr'><strong>hoc</strong></span> <span class='ocrx_word' id='word_1_556' title='bbox 3279 3351 3440 3391; x_wconf 91' lang='lat' dir='ltr'><strong>usum</strong></span> <span class='ocrx_word' id='word_1_557' title='bbox 3476 3340 3593 3390; x_wconf 93' lang='lat' dir='ltr'><strong>vult</strong></span> <span class='ocrx_word' id='word_1_558' title='bbox 3618 3346 3812 3392; x_wconf 91' lang='lat' dir='ltr'><strong>contra</strong></span> 
     </span>
    </p>
   </div>
   <div class='ocr_carea' id='block_1_78' title="bbox 2218 3427 3814 3498">
    <p class='ocr_par' dir='ltr' id='par_1_78' title="bbox 2218 3427 3814 3498">
     <span class='ocr_line' id='line_1_78' title="bbox 2218 3427 3814 3498; baseline -0.001 -14"><span class='ocrx_word' id='word_1_559' title='bbox 2218 3432 2544 3484; x_wconf 82' lang='lat' dir='ltr'><strong>Arianorum</strong></span> <span class='ocrx_word' id='word_1_560' title='bbox 2582 3429 2709 3494; x_wconf 83' lang='lat' dir='ltr'><strong>tela,</strong></span> <span class='ocrx_word' id='word_1_561' title='bbox 2744 3429 2902 3498; x_wconf 90' lang='lat' dir='ltr'><strong>plane</strong></span> <span class='ocrx_word' id='word_1_562' title='bbox 2927 3427 3125 3481; x_wconf 82' lang='lat' dir='ltr'><strong>falsum</strong></span> <span class='ocrx_word' id='word_1_563' title='bbox 3155 3435 3262 3482; x_wconf 90' lang='lat' dir='ltr'><strong>est.</strong></span> <span class='ocrx_word' id='word_1_564' title='bbox 3299 3427 3510 3496; x_wconf 70' lang='lat' dir='ltr'><strong>Saepius</strong></span> <span class='ocrx_word' id='word_1_565' title='bbox 3540 3427 3814 3482; x_wconf 89' lang='lat' dir='ltr'><strong>adversus</strong></span> 
     </span>
    </p>
   </div>
   <div class='ocr_carea' id='block_1_79' title="bbox 2218 3519 3810 3591">
    <p class='ocr_par' dir='ltr' id='par_1_79' title="bbox 2218 3519 3810 3591">
     <span class='ocr_line' id='line_1_79' title="bbox 2218 3519 3810 3591; baseline -0.002 -15"><span class='ocrx_word' id='word_1_566' title='bbox 2218 3522 2457 3577; x_wconf 89' lang='lat' dir='ltr'><strong>Arianos</strong></span> <span class='ocrx_word' id='word_1_567' title='bbox 2495 3522 2738 3591; x_wconf 86' lang='lat' dir='ltr'><strong>disputat</strong></span> <span class='ocrx_word' id='word_1_568' title='bbox 2763 3521 2830 3575; x_wconf 91' lang='lat' dir='ltr'><strong>de</strong></span> <span class='ocrx_word' id='word_1_569' title='bbox 2869 3535 3005 3574; x_wconf 85' lang='lat' dir='ltr'><strong>voce</strong></span> <span class='ocrx_word' id='word_1_570' title='bbox 3036 3519 3357 3591; x_wconf 84' lang='grc' dir='ltr'>ἀγέννητος,</span> <span class='ocrx_word' id='word_1_571' title='bbox 3387 3536 3672 3591; x_wconf 89' lang='lat' dir='ltr'><strong>nunquam</strong></span> <span class='ocrx_word' id='word_1_572' title='bbox 3709 3537 3810 3574; x_wconf 90' lang='lat' dir='ltr'><strong>au-</strong></span> 
     </span>
    </p>
   </div>
   <div class='ocr_carea' id='block_1_80' title="bbox 2219 3611 3816 3682">
    <p class='ocr_par' dir='ltr' id='par_1_80' title="bbox 2219 3611 3816 3682">
     <span class='ocr_line' id='line_1_80' title="bbox 2219 3611 3816 3682; baseline -0.003 -11"><span class='ocrx_word' id='word_1_573' title='bbox 2219 3625 2328 3671; x_wconf 91' lang='lat' dir='ltr'><strong>tem</strong></span> <span class='ocrx_word' id='word_1_574' title='bbox 2373 3615 2428 3669; x_wconf 90' lang='lat' dir='ltr'><strong>in</strong></span> <span class='ocrx_word' id='word_1_575' title='bbox 2473 3629 2536 3668; x_wconf 91' lang='lat' dir='ltr'><strong>ea</strong></span> <span class='ocrx_word' id='word_1_576' title='bbox 2571 3630 2628 3668; x_wconf 92' lang='lat' dir='ltr'><strong>re</strong></span> <span class='ocrx_word' id='word_1_577' title='bbox 2660 3613 2983 3668; x_wconf 89' lang='lat' dir='ltr'><strong>testimonio</strong></span> <span class='ocrx_word' id='word_1_578' title='bbox 3010 3613 3204 3682; x_wconf 85' lang='lat' dir='ltr'><strong>lgnatii</strong></span> <span class='ocrx_word' id='word_1_579' title='bbox 3244 3613 3436 3666; x_wconf 86' lang='lat' dir='ltr'><strong>utitur.</strong></span> <span class='ocrx_word' id='word_1_580' title='bbox 3469 3611 3532 3666; x_wconf 85' lang='lat' dir='ltr'><strong>Et</strong></span> <span class='ocrx_word' id='word_1_581' title='bbox 3561 3613 3816 3667; x_wconf 87' lang='lat' dir='ltr'><strong>oratione</strong></span> 
     </span>
    </p>
   </div>
   <div class='ocr_carea' id='block_1_81' title="bbox 2217 3703 3814 3766">
    <p class='ocr_par' dir='ltr' id='par_1_81' title="bbox 2217 3703 3814 3766">
     <span class='ocr_line' id='line_1_81' title="bbox 2217 3703 3814 3766; baseline -0.001 -7"><span class='ocrx_word' id='word_1_582' title='bbox 2217 3715 2408 3760; x_wconf 90' lang='lat' dir='ltr'><strong>contra</strong></span> <span class='ocrx_word' id='word_1_583' title='bbox 2438 3704 2676 3758; x_wconf 86' lang='lat' dir='ltr'><strong>Arianos</strong></span> <span class='ocrx_word' id='word_1_584' title='bbox 2713 3704 2981 3766; x_wconf 88' lang='lat' dir='ltr'><strong>secunda,</strong></span> <span class='ocrx_word' id='word_1_585' title='bbox 3017 3703 3176 3757; x_wconf 89' lang='lat' dir='ltr'><strong>docet</strong></span> <span class='ocrx_word' id='word_1_586' title='bbox 3207 3717 3304 3756; x_wconf 92' lang='lat' dir='ltr'><strong>eos</strong></span> <span class='ocrx_word' id='word_1_587' title='bbox 3337 3718 3458 3756; x_wconf 87' lang='lat' dir='ltr'><strong>eam</strong></span> <span class='ocrx_word' id='word_1_588' title='bbox 3514 3718 3709 3756; x_wconf 89' lang='lat' dir='ltr'><strong>vocem</strong></span> <span class='ocrx_word' id='word_1_589' title='bbox 3745 3704 3814 3757; x_wconf 89' lang='lat' dir='ltr'><strong>ab</strong></span> 
     </span>
    </p>
   </div>
   <div class='ocr_carea' id='block_1_82' title="bbox 2217 3793 3814 3864">
    <p class='ocr_par' dir='ltr' id='par_1_82' title="bbox 2217 3793 3814 3864">
     <span class='ocr_line' id='line_1_82' title="bbox 2217 3793 3814 3864; baseline -0.003 -12"><span class='ocrx_word' id='word_1_590' title='bbox 2217 3797 2454 3852; x_wconf 89' lang='lat' dir='ltr'><strong>ethnicis</strong></span> <span class='ocrx_word' id='word_1_591' title='bbox 2503 3796 2782 3859; x_wconf 86' lang='lat' dir='ltr'><strong>hausisse,</strong></span> <span class='ocrx_word' id='word_1_592' title='bbox 2821 3804 2877 3849; x_wconf 90' lang='lat' dir='ltr'><strong>et</strong></span> <span class='ocrx_word' id='word_1_593' title='bbox 2909 3795 3139 3864; x_wconf 86' lang='lat' dir='ltr'><strong>opponit</strong></span> <span class='ocrx_word' id='word_1_594' title='bbox 3174 3794 3280 3848; x_wconf 84' lang='lat' dir='ltr'><strong>illis</strong></span> <span class='ocrx_word' id='word_1_595' title='bbox 3310 3793 3586 3848; x_wconf 88' lang='lat' dir='ltr'><strong>Asterium</strong></span> <span class='ocrx_word' id='word_1_596' title='bbox 3627 3809 3814 3861; x_wconf 85' lang='lat' dir='ltr'><strong>suum,</strong></span> 
     </span>
    </p>
   </div>
   <div class='ocr_carea' id='block_1_83' title="bbox 2221 3883 3814 3954">
    <p class='ocr_par' dir='ltr' id='par_1_83' title="bbox 2221 3883 3814 3954">
     <span class='ocr_line' id='line_1_83' title="bbox 2221 3883 3814 3954; baseline -0.004 -14"><span class='ocrx_word' id='word_1_597' title='bbox 2221 3887 2449 3942; x_wconf 72' lang='lat' dir='ltr'><strong>Arianae</strong></span> <span class='ocrx_word' id='word_1_598' title='bbox 2473 3887 2748 3941; x_wconf 68' lang='lat' dir='ltr'><strong>haereseos</strong></span> <span class='ocrx_word' id='word_1_599' title='bbox 2771 3886 3118 3940; x_wconf 79' lang='lat' dir='ltr'><strong>defensorem</strong></span> <span class='ocrx_word' id='word_1_600' title='bbox 3147 3886 3279 3954; x_wconf 77' lang='lat' dir='ltr'><strong>(non</strong></span> <span class='ocrx_word' id='word_1_601' title='bbox 3305 3893 3489 3938; x_wconf 88' lang='lat' dir='ltr'><strong>autem</strong></span> <span class='ocrx_word' id='word_1_602' title='bbox 3518 3883 3814 3954; x_wconf 75' lang='lat' dir='ltr'><strong>lgnatium,</strong></span> 
     </span>
    </p>
   </div>
   <div class='ocr_carea' id='block_1_84' title="bbox 2219 3975 3815 4049">
    <p class='ocr_par' dir='ltr' id='par_1_84' title="bbox 2219 3975 3815 4049">
     <span class='ocr_line' id='line_1_84' title="bbox 2219 3975 3815 4049; baseline -0.002 -16"><span class='ocrx_word' id='word_1_603' title='bbox 2219 3980 2318 4049; x_wconf 90' lang='lat' dir='ltr'><strong>qui</strong></span> <span class='ocrx_word' id='word_1_604' title='bbox 2367 3977 2559 4047; x_wconf 81' lang='grc' dir='ltr'>σοφίαν</span> <span class='ocrx_word' id='word_1_605' title='bbox 2600 3977 2692 4030; x_wconf 82' lang='grc' dir='ltr'>τοῦ</span> <span class='ocrx_word' id='word_1_606' title='bbox 2749 3975 2886 4029; x_wconf 83' lang='grc' dir='ltr'>Θεοῦ</span> <span class='ocrx_word' id='word_1_607' title='bbox 2941 3977 3235 4046; x_wconf 74' lang='grc' dir='ltr'>ἀγέννητον</span> <span class='ocrx_word' id='word_1_608' title='bbox 3263 3975 3519 4041; x_wconf 77' lang='lat' dir='ltr'><strong>dixerat,</strong></span> <span class='ocrx_word' id='word_1_609' title='bbox 3558 3977 3815 4044; x_wconf 82' lang='lat' dir='ltr'><strong>quamvis</strong></span> 
     </span>
    </p>
   </div>
   <div class='ocr_carea' id='block_1_85' title="bbox 2222 4065 3812 4138">
    <p class='ocr_par' dir='ltr' id='par_1_85' title="bbox 2222 4065 3812 4138">
     <span class='ocr_line' id='line_1_85' title="bbox 2222 4065 3812 4138; baseline -0.001 -14"><span class='ocrx_word' id='word_1_610' title='bbox 2222 4071 2365 4124; x_wconf 90' lang='lat' dir='ltr'><strong>idem</strong></span> <span class='ocrx_word' id='word_1_611' title='bbox 2393 4071 2558 4124; x_wconf 87' lang='lat' dir='ltr'><strong>etiam</strong></span> <span class='ocrx_word' id='word_1_612' title='bbox 2590 4069 2648 4122; x_wconf 82' lang='grc' dir='ltr'>ἓν</span> <span class='ocrx_word' id='word_1_613' title='bbox 2683 4065 2825 4122; x_wconf 80' lang='grc' dir='ltr'>εἶναι</span> <span class='ocrx_word' id='word_1_614' title='bbox 2862 4069 2922 4120; x_wconf 84' lang='grc' dir='ltr'><strong>τὸ</strong></span> <span class='ocrx_word' id='word_1_615' title='bbox 2959 4068 3252 4138; x_wconf 81' lang='grc' dir='ltr'>ἀγέννητον</span> <span class='ocrx_word' id='word_1_616' title='bbox 3284 4068 3629 4122; x_wconf 82' lang='lat' dir='ltr'><strong>asseruisset.</strong></span> <span class='ocrx_word' id='word_1_617' title='bbox 3664 4066 3732 4122; x_wconf 83' lang='lat' dir='ltr'><strong>Et</strong></span> <span class='ocrx_word' id='word_1_618' title='bbox 3760 4070 3812 4122; x_wconf 89' lang='lat' dir='ltr'><strong>iu</strong></span> 
     </span>
    </p>
   </div>
   <div class='ocr_carea' id='block_1_86' title="bbox 2221 4159 3812 4231">
    <p class='ocr_par' dir='ltr' id='par_1_86' title="bbox 2221 4159 3812 4231">
     <span class='ocr_line' id='line_1_86' title="bbox 2221 4159 3812 4231; baseline -0.003 -13"><span class='ocrx_word' id='word_1_619' title='bbox 2221 4163 2452 4231; x_wconf 87' lang='lat' dir='ltr'><strong>epistola</strong></span> <span class='ocrx_word' id='word_1_620' title='bbox 2475 4163 2542 4216; x_wconf 91' lang='lat' dir='ltr'><strong>de</strong></span> <span class='ocrx_word' id='word_1_621' title='bbox 2571 4162 2766 4231; x_wconf 82' lang='lat' dir='ltr'><strong>synodi</strong></span> <span class='ocrx_word' id='word_1_622' title='bbox 2806 4159 3039 4215; x_wconf 80' lang='lat' dir='ltr'><strong>Nicaeme</strong></span> <span class='ocrx_word' id='word_1_623' title='bbox 3073 4161 3317 4225; x_wconf 88' lang='lat' dir='ltr'><strong>decreto,</strong></span> <span class='ocrx_word' id='word_1_624' title='bbox 3347 4168 3536 4214; x_wconf 85' lang='lat' dir='ltr'><strong>contra</strong></span> <span class='ocrx_word' id='word_1_625' title='bbox 3566 4160 3673 4213; x_wconf 90' lang='lat' dir='ltr'><strong>alia</strong></span> <span class='ocrx_word' id='word_1_626' title='bbox 3697 4160 3812 4213; x_wconf 84' lang='lat' dir='ltr'><strong>Arii</strong></span> 
     </span>
    </p>
   </div>
   <div class='ocr_carea' id='block_1_87' title="bbox 2218 4249 3810 4324">
    <p class='ocr_par' dir='ltr' id='par_1_87' title="bbox 2218 4249 3810 4324">
     <span class='ocr_line' id='line_1_87' title="bbox 2218 4249 3810 4324; baseline -0.003 -16"><span class='ocrx_word' id='word_1_627' title='bbox 2218 4255 2475 4324; x_wconf 81' lang='lat' dir='ltr'><strong>dogmata</strong></span> <span class='ocrx_word' id='word_1_628' title='bbox 2511 4252 2827 4323; x_wconf 81' lang='lat' dir='ltr'><strong>Origenem,</strong></span> <span class='ocrx_word' id='word_1_629' title='bbox 2859 4260 3155 4320; x_wconf 89' lang='lat' dir='ltr'><strong>utrumque</strong></span> <span class='ocrx_word' id='word_1_630' title='bbox 3186 4249 3508 4322; x_wconf 89' lang='lat' dir='ltr'><strong>Dionysium</strong></span> <span class='ocrx_word' id='word_1_631' title='bbox 3539 4260 3593 4305; x_wconf 91' lang='lat' dir='ltr'><strong>et</strong></span> <span class='ocrx_word' id='word_1_632' title='bbox 3624 4250 3810 4305; x_wconf 86' lang='lat' dir='ltr'><strong>Theo-</strong></span> 
     </span>
    </p>
   </div>
   <div class='ocr_carea' id='block_1_88' title="bbox 2219 4340 3814 4415">
    <p class='ocr_par' dir='ltr' id='par_1_88' title="bbox 2219 4340 3814 4415">
     <span class='ocr_line' id='line_1_88' title="bbox 2219 4340 3814 4415; baseline -0.001 -17"><span class='ocrx_word' id='word_1_633' title='bbox 2219 4352 2478 4415; x_wconf 77' lang='lat' dir='ltr'><strong>gncstum</strong></span> <span class='ocrx_word' id='word_1_634' title='bbox 2530 4345 2697 4410; x_wconf 88' lang='lat' dir='ltr'><strong>citat;</strong></span> <span class='ocrx_word' id='word_1_635' title='bbox 2731 4340 3000 4412; x_wconf 80' lang='lat' dir='ltr'><strong>lgnalium</strong></span> <span class='ocrx_word' id='word_1_636' title='bbox 3049 4357 3231 4411; x_wconf 89' lang='lat' dir='ltr'><strong>neque</strong></span> <span class='ocrx_word' id='word_1_637' title='bbox 3260 4343 3524 4396; x_wconf 88' lang='lat' dir='ltr'><strong>adversus</strong></span> <span class='ocrx_word' id='word_1_638' title='bbox 3557 4342 3687 4409; x_wconf 91' lang='lat' dir='ltr'><strong>ista,</strong></span> <span class='ocrx_word' id='word_1_639' title='bbox 3718 4359 3814 4397; x_wconf 91' lang='lat' dir='ltr'><strong>ne-</strong></span> 
     </span>
    </p>
   </div>
   <div class='ocr_carea' id='block_1_89' title="bbox 2217 4434 3815 4508">
    <p class='ocr_par' dir='ltr' id='par_1_89' title="bbox 2217 4434 3815 4508">
     <span class='ocr_line' id='line_1_89' title="bbox 2217 4434 3815 4508; baseline 0 -18"><span class='ocrx_word' id='word_1_640' title='bbox 2217 4452 2326 4508; x_wconf 88' lang='lat' dir='ltr'><strong>que</strong></span> <span class='ocrx_word' id='word_1_641' title='bbox 2353 4437 2409 4490; x_wconf 91' lang='lat' dir='ltr'><strong>in</strong></span> <span class='ocrx_word' id='word_1_642' title='bbox 2438 4436 2812 4506; x_wconf 87' lang='lat' dir='ltr'><strong>disputatione</strong></span> <span class='ocrx_word' id='word_1_643' title='bbox 2840 4436 2907 4490; x_wconf 89' lang='lat' dir='ltr'><strong>de</strong></span> <span class='ocrx_word' id='word_1_644' title='bbox 2938 4449 3071 4488; x_wconf 84' lang='lat' dir='ltr'><strong>voce</strong></span> <span class='ocrx_word' id='word_1_645' title='bbox 3103 4434 3424 4503; x_wconf 82' lang='grc' dir='ltr'>ἀγέννητος,</span> <span class='ocrx_word' id='word_1_646' title='bbox 3455 4435 3523 4489; x_wconf 91' lang='lat' dir='ltr'><strong>de</strong></span> <span class='ocrx_word' id='word_1_647' title='bbox 3549 4451 3658 4504; x_wconf 89' lang='lat' dir='ltr'><strong>qua</strong></span> <span class='ocrx_word' id='word_1_648' title='bbox 3693 4435 3815 4490; x_wconf 80' lang='lat' dir='ltr'><strong>fuse</strong></span> 
     </span>
    </p>
   </div>
   <div class='ocr_carea' id='block_1_90' title="bbox 525 4527 2122 4608">
    <p class='ocr_par' dir='ltr' id='par_1_90' title="bbox 525 4533 2108 4608">
     <span class='ocr_line' id='line_1_90' title="bbox 525 4533 2108 4608; baseline -0.001 -17"><span class='ocrx_word' id='word_1_649' title='bbox 525 4538 662 4591; x_wconf 87' lang='lat' dir='ltr'><strong>sime</strong></span> <span class='ocrx_word' id='word_1_650' title='bbox 695 4538 1052 4592; x_wconf 87' lang='lat' dir='ltr'><strong>demonstrat.</strong></span> <span class='ocrx_word' id='word_1_651' title='bbox 1088 4539 1150 4589; x_wconf 77' lang='lat' dir='ltr'><strong>Ei</strong></span> <span class='ocrx_word' id='word_1_652' title='bbox 1189 4539 1287 4608; x_wconf 76' lang='grc' dir='ltr'><strong>μὲν</strong></span> <span class='ocrx_word' id='word_1_653' title='bbox 1320 4533 1433 4599; x_wconf 80' lang='grc' dir='ltr'>οὖν,</span> <span class='ocrx_word' id='word_1_654' title='bbox 1471 4536 1666 4605; x_wconf 91' lang='lat' dir='ltr'><strong>inquit,</strong></span> <span class='ocrx_word' id='word_1_655' title='bbox 1698 4535 1789 4589; x_wconf 71' lang='grc' dir='ltr'><strong>καὶ</strong></span> <span class='ocrx_word' id='word_1_656' title='bbox 1824 4535 1962 4606; x_wconf 80' lang='grc' dir='ltr'>πρὸς</span> <span class='ocrx_word' id='word_1_657' title='bbox 1981 4536 2108 4589; x_wconf 81' lang='grc' dir='ltr'>τού-</span> 
     </span>
    </p>
   </div>
   <div class='ocr_carea' id='block_1_91' title="bbox 2225 4527 3811 4608">
    <p class='ocr_par' dir='ltr' id='par_1_91' title="bbox 2225 4527 3811 4599">
     <span class='ocr_line' id='line_1_91' title="bbox 2225 4527 3811 4599; baseline -0.001 -16"><span class='ocrx_word' id='word_1_658' title='bbox 2225 4530 2350 4599; x_wconf 78' lang='lat' dir='ltr'><strong>agit.</strong></span> <span class='ocrx_word' id='word_1_659' title='bbox 2371 4529 2598 4584; x_wconf 91' lang='lat' dir='ltr'><strong>omnino</strong></span> <span class='ocrx_word' id='word_1_660' title='bbox 2621 4529 2887 4582; x_wconf 88' lang='lat' dir='ltr'><strong>nominat.</strong></span> <span class='ocrx_word' id='word_1_661' title='bbox 2915 4527 2997 4583; x_wconf 89' lang='lat' dir='ltr'><strong>Ad</strong></span> <span class='ocrx_word' id='word_1_662' title='bbox 3029 4528 3228 4583; x_wconf 79' lang='lat' dir='ltr'><strong>fratres</strong></span> <span class='ocrx_word' id='word_1_663' title='bbox 3252 4536 3462 4582; x_wconf 89' lang='lat' dir='ltr'><strong>tantum</strong></span> <span class='ocrx_word' id='word_1_664' title='bbox 3482 4537 3537 4581; x_wconf 88' lang='lat' dir='ltr'><strong>et</strong></span> <span class='ocrx_word' id='word_1_665' title='bbox 3557 4528 3811 4595; x_wconf 89' lang='lat' dir='ltr'><strong>dilectos,</strong></span> 
     </span>
    </p>
   </div>
   <div class='ocr_carea' id='block_1_92' title="bbox 524 4627 2118 4700">
    <p class='ocr_par' dir='ltr' id='par_1_92' title="bbox 524 4627 2118 4700">
     <span class='ocr_line' id='line_1_92' title="bbox 524 4627 2118 4700; baseline -0.003 -17"><span class='ocrx_word' id='word_1_666' title='bbox 524 4648 650 4693; x_wconf 87' lang='grc' dir='ltr'>τους</span> <span class='ocrx_word' id='word_1_667' title='bbox 685 4629 944 4693; x_wconf 78' lang='grc' dir='ltr'>ἐναντίως</span> <span class='ocrx_word' id='word_1_668' title='bbox 976 4629 1322 4700; x_wconf 80' lang='grc' dir='ltr'><strong>διακείμεθα,</strong></span> <span class='ocrx_word' id='word_1_669' title='bbox 1359 4628 1502 4680; x_wconf 75' lang='grc' dir='ltr'>ἔστω</span> <span class='ocrx_word' id='word_1_670' title='bbox 1534 4627 1630 4680; x_wconf 73' lang='grc' dir='ltr'><strong>καὶ</strong></span> <span class='ocrx_word' id='word_1_671' title='bbox 1675 4627 1814 4698; x_wconf 74' lang='grc' dir='ltr'>πρὸς</span> <span class='ocrx_word' id='word_1_672' title='bbox 1867 4627 2118 4692; x_wconf 82' lang='grc' dir='ltr'>συνόδους</span> 
     </span>
    </p>
   </div>
   <div class='ocr_carea' id='block_1_93' title="bbox 525 4719 2118 4798">
    <p class='ocr_par' dir='ltr' id='par_1_93' title="bbox 525 4719 2118 4798">
     <span class='ocr_line' id='line_1_93' title="bbox 525 4719 2118 4798; baseline -0.001 -24"><span class='ocrx_word' id='word_1_673' title='bbox 525 4724 656 4794; x_wconf 79' lang='grc' dir='ltr'>ἡμῖν</span> <span class='ocrx_word' id='word_1_674' title='bbox 703 4723 736 4792; x_wconf 78' lang='grc' dir='ltr'>ἠ</span> <span class='ocrx_word' id='word_1_675' title='bbox 775 4723 944 4793; x_wconf 78' lang='grc' dir='ltr'>μάχη.</span> <span class='ocrx_word' id='word_1_676' title='bbox 984 4722 1045 4776; x_wconf 86' lang='lat' dir='ltr'><strong>Si</strong></span> <span class='ocrx_word' id='word_1_677' title='bbox 1075 4723 1242 4792; x_wconf 82' lang='lat' dir='ltr'><strong>igitur</strong></span> <span class='ocrx_word' id='word_1_678' title='bbox 1275 4730 1326 4773; x_wconf 88' lang='lat' dir='ltr'><strong>et</strong></span> <span class='ocrx_word' id='word_1_679' title='bbox 1367 4719 1447 4772; x_wconf 83' lang='lat' dir='ltr'><strong>Itis</strong></span> <span class='ocrx_word' id='word_1_680' title='bbox 1473 4720 1939 4798; x_wconf 24' lang='lat' dir='ltr'><strong>adversentur,.sit</strong></span> <span class='ocrx_word' id='word_1_681' title='bbox 1973 4719 2118 4774; x_wconf 84' lang='lat' dir='ltr'><strong>nobis</strong></span> 
     </span>
    </p>
   </div>
   <div class='ocr_carea' id='block_1_94' title="bbox 525 4810 2117 4883">
    <p class='ocr_par' dir='ltr' id='par_1_94' title="bbox 525 4810 2117 4883">
     <span class='ocr_line' id='line_1_94' title="bbox 525 4810 2117 4883; baseline -0.003 -14"><span class='ocrx_word' id='word_1_682' title='bbox 525 4817 684 4869; x_wconf 88' lang='lat' dir='ltr'><strong>etiam</strong></span> <span class='ocrx_word' id='word_1_683' title='bbox 716 4815 967 4869; x_wconf 87' lang='lat' dir='ltr'><strong>adversus</strong></span> <span class='ocrx_word' id='word_1_684' title='bbox 1007 4814 1235 4883; x_wconf 83' lang='lat' dir='ltr'><strong>synodos</strong></span> <span class='ocrx_word' id='word_1_685' title='bbox 1268 4828 1465 4881; x_wconf 82' lang='lat' dir='ltr'><strong>pugna.</strong></span> <span class='ocrx_word' id='word_1_686' title='bbox 1499 4810 1556 4864; x_wconf 92' lang='lat' dir='ltr'><strong>Si</strong></span> <span class='ocrx_word' id='word_1_687' title='bbox 1591 4813 1783 4864; x_wconf 88' lang='lat' dir='ltr'><strong>horum</strong></span> <span class='ocrx_word' id='word_1_688' title='bbox 1814 4811 2117 4865; x_wconf 85' lang='lat' dir='ltr'><strong>sententias</strong></span> 
     </span>
    </p>
   </div>
   <div class='ocr_carea' id='block_1_95' title="bbox 528 4903 2117 4979">
    <p class='ocr_par' dir='ltr' id='par_1_95' title="bbox 528 4903 2117 4979">
     <span class='ocr_line' id='line_1_95' title="bbox 528 4903 2117 4979; baseline -0.003 -18"><span class='ocrx_word' id='word_1_689' title='bbox 528 4925 634 4962; x_wconf 92' lang='lat' dir='ltr'><strong>non</strong></span> <span class='ocrx_word' id='word_1_690' title='bbox 677 4908 1030 4979; x_wconf 86' lang='lat' dir='ltr'><strong>recipiamus,</strong></span> <span class='ocrx_word' id='word_1_691' title='bbox 1069 4907 1115 4960; x_wconf 92' lang='lat' dir='ltr'><strong>si</strong></span> <span class='ocrx_word' id='word_1_692' title='bbox 1161 4908 1227 4959; x_wconf 91' lang='lat' dir='ltr'><strong>de</strong></span> <span class='ocrx_word' id='word_1_693' title='bbox 1268 4921 1457 4958; x_wconf 87' lang='lat' dir='ltr'><strong>earum</strong></span> <span class='ocrx_word' id='word_1_694' title='bbox 1484 4903 1811 4957; x_wconf 88' lang='lat' dir='ltr'><strong>auctoritate</strong></span> <span class='ocrx_word' id='word_1_695' title='bbox 1843 4912 1938 4956; x_wconf 89' lang='lat' dir='ltr'><strong>aut.</strong></span> <span class='ocrx_word' id='word_1_696' title='bbox 1971 4903 2117 4956; x_wconf 89' lang='lat' dir='ltr'><strong>veri-</strong></span> 
     </span>
    </p>
   </div>
   <div class='ocr_carea' id='block_1_96' title="bbox 528 4995 2113 5064">
    <p class='ocr_par' dir='ltr' id='par_1_96' title="bbox 528 4995 2113 5064">
     <span class='ocr_line' id='line_1_96' title="bbox 528 4995 2113 5064; baseline -0.004 -9"><span class='ocrx_word' id='word_1_697' title='bbox 528 5011 640 5056; x_wconf 90' lang='lat' dir='ltr'><strong>tate</strong></span> <span class='ocrx_word' id='word_1_698' title='bbox 687 5000 1045 5062; x_wconf 87' lang='lat' dir='ltr'><strong>dubitemus,</strong></span> <span class='ocrx_word' id='word_1_699' title='bbox 1103 4999 1148 5051; x_wconf 91' lang='lat' dir='ltr'><strong>si</strong></span> <span class='ocrx_word' id='word_1_700' title='bbox 1210 4998 1376 5051; x_wconf 90' lang='lat' dir='ltr'><strong>tantis</strong></span> <span class='ocrx_word' id='word_1_701' title='bbox 1432 4997 1684 5050; x_wconf 79' lang='lat' dir='ltr'><strong>l’atribus</strong></span> <span class='ocrx_word' id='word_1_702' title='bbox 1735 4995 2113 5064; x_wconf 81' lang='lat' dir='ltr'><strong>refragemur,</strong></span> 
     </span>
    </p>
   </div>
   <div class='ocr_carea' id='block_1_97' title="bbox 524 5088 2115 5160">
    <p class='ocr_par' dir='ltr' id='par_1_97' title="bbox 524 5088 2115 5160">
     <span class='ocr_line' id='line_1_97' title="bbox 524 5088 2115 5160; baseline -0.004 -12"><span class='ocrx_word' id='word_1_703' title='bbox 524 5091 792 5148; x_wconf 82' lang='lat' dir='ltr'><strong>adversus</strong></span> <span class='ocrx_word' id='word_1_704' title='bbox 832 5092 996 5146; x_wconf 89' lang='lat' dir='ltr'><strong>etiam</strong></span> <span class='ocrx_word' id='word_1_705' title='bbox 1046 5090 1290 5160; x_wconf 83' lang='lat' dir='ltr'><strong>synodos</strong></span> <span class='ocrx_word' id='word_1_706' title='bbox 1321 5105 1473 5142; x_wconf 88' lang='lat' dir='ltr'><strong>arma</strong></span> <span class='ocrx_word' id='word_1_707' title='bbox 1513 5103 1820 5153; x_wconf 88' lang='lat' dir='ltr'><strong>sumamus,</strong></span> <span class='ocrx_word' id='word_1_708' title='bbox 1855 5090 1935 5141; x_wconf 88' lang='lat' dir='ltr'><strong>vel</strong></span> <span class='ocrx_word' id='word_1_709' title='bbox 1965 5088 2115 5142; x_wconf 89' lang='lat' dir='ltr'><strong>illam</strong></span> 
     </span>
    </p>
   </div>
   <div class='ocr_carea' id='block_1_98' title="bbox 525 5178 2117 5256">
    <p class='ocr_par' dir='ltr' id='par_1_98' title="bbox 525 5178 2117 5256">
     <span class='ocr_line' id='line_1_98' title="bbox 525 5178 2117 5256; baseline -0.003 -18"><span class='ocrx_word' id='word_1_710' title='bbox 525 5202 648 5256; x_wconf 68' lang='lat' dir='ltr'><strong>qua?</strong></span> <span class='ocrx_word' id='word_1_711' title='bbox 683 5183 918 5238; x_wconf 88' lang='lat' dir='ltr'><strong>Paulum</strong></span> <span class='ocrx_word' id='word_1_712' title='bbox 971 5182 1422 5244; x_wconf 87' lang='lat' dir='ltr'><strong>Samosatenum,</strong></span> <span class='ocrx_word' id='word_1_713' title='bbox 1453 5181 1535 5234; x_wconf 89' lang='lat' dir='ltr'><strong>vel</strong></span> <span class='ocrx_word' id='word_1_714' title='bbox 1588 5180 1731 5233; x_wconf 90' lang='lat' dir='ltr'><strong>hanc</strong></span> <span class='ocrx_word' id='word_1_715' title='bbox 1772 5178 1963 5243; x_wconf 76' lang='lat' dir='ltr'><strong>etian&#39;i,</strong></span> <span class='ocrx_word' id='word_1_716' title='bbox 1993 5195 2117 5247; x_wconf 66' lang='lat' dir='ltr'><strong>quae</strong></span> 
     </span>
    </p>
   </div>
   <div class='ocr_carea' id='block_1_99' title="bbox 527 5269 2112 5340">
    <p class='ocr_par' dir='ltr' id='par_1_99' title="bbox 527 5269 2112 5340">
     <span class='ocr_line' id='line_1_99' title="bbox 527 5269 2112 5340; baseline -0.005 -11"><span class='ocrx_word' id='word_1_717' title='bbox 527 5277 718 5330; x_wconf 85' lang='lat' dir='ltr'><strong>Arium</strong></span> <span class='ocrx_word' id='word_1_718' title='bbox 790 5273 1217 5336; x_wconf 88' lang='lat' dir='ltr'><strong>condemnavit,</strong></span> <span class='ocrx_word' id='word_1_719' title='bbox 1273 5287 1640 5340; x_wconf 90' lang='lat' dir='ltr'><strong>respuamus,</strong></span> <span class='ocrx_word' id='word_1_720' title='bbox 1698 5269 2112 5323; x_wconf 88' lang='lat' dir='ltr'><strong>conculcemus.</strong></span> 
     </span>
    </p>
   </div>
   <div class='ocr_carea' id='block_1_100' title="bbox 529 5362 2116 5436">
    <p class='ocr_par' dir='ltr' id='par_1_100' title="bbox 529 5362 2116 5436">
     <span class='ocr_line' id='line_1_100' title="bbox 529 5362 2116 5436; baseline -0.003 -15"><span class='ocrx_word' id='word_1_721' title='bbox 529 5369 682 5423; x_wconf 88' lang='lat' dir='ltr'><strong>Ilaud</strong></span> <span class='ocrx_word' id='word_1_722' title='bbox 713 5368 857 5422; x_wconf 90' lang='lat' dir='ltr'><strong>enim</strong></span> <span class='ocrx_word' id='word_1_723' title='bbox 891 5382 1099 5420; x_wconf 89' lang='lat' dir='ltr'><strong>renuo:</strong></span> <span class='ocrx_word' id='word_1_724' title='bbox 1133 5381 1312 5435; x_wconf 90' lang='lat' dir='ltr'><strong>neque</strong></span> <span class='ocrx_word' id='word_1_725' title='bbox 1338 5365 1516 5436; x_wconf 80' lang='lat' dir='ltr'><strong>major</strong></span> <span class='ocrx_word' id='word_1_726' title='bbox 1544 5364 1678 5418; x_wconf 90' lang='lat' dir='ltr'><strong>mihi</strong></span> <span class='ocrx_word' id='word_1_727' title='bbox 1705 5373 1809 5430; x_wconf 90' lang='lat' dir='ltr'><strong>est,</strong></span> <span class='ocrx_word' id='word_1_728' title='bbox 1842 5371 1937 5417; x_wconf 90' lang='lat' dir='ltr'><strong>aut</strong></span> <span class='ocrx_word' id='word_1_729' title='bbox 1961 5362 2116 5417; x_wconf 91' lang='lat' dir='ltr'><strong>vobis</strong></span> 
     </span>
    </p>
   </div>
   <div class='ocr_carea' id='block_1_101' title="bbox 528 5456 2114 5529">
    <p class='ocr_par' dir='ltr' id='par_1_101' title="bbox 528 5456 2114 5529">
     <span class='ocr_line' id='line_1_101' title="bbox 528 5456 2114 5529; baseline -0.001 -20"><span class='ocrx_word' id='word_1_730' title='bbox 528 5475 651 5513; x_wconf 68' lang='lat' dir='ltr'><strong>esse</strong></span> <span class='ocrx_word' id='word_1_731' title='bbox 674 5457 856 5524; x_wconf 89' lang='lat' dir='ltr'><strong>debet,</strong></span> <span class='ocrx_word' id='word_1_732' title='bbox 885 5460 1082 5513; x_wconf 88' lang='lat' dir='ltr'><strong>harum</strong></span> <span class='ocrx_word' id='word_1_733' title='bbox 1111 5459 1445 5529; x_wconf 85' lang='lat' dir='ltr'><strong>synodorum</strong></span> <span class='ocrx_word' id='word_1_734' title='bbox 1471 5472 1636 5526; x_wconf 87' lang='lat' dir='ltr'><strong>quam</strong></span> <span class='ocrx_word' id='word_1_735' title='bbox 1662 5471 1854 5510; x_wconf 88' lang='lat' dir='ltr'><strong>eorum</strong></span> <span class='ocrx_word' id='word_1_736' title='bbox 1887 5456 2114 5509; x_wconf 86' lang='lat' dir='ltr'><strong>Patrum</strong></span> 
     </span>
    </p>
   </div>
   <div class='ocr_carea' id='block_1_102' title="bbox 527 5549 2116 5623">
    <p class='ocr_par' dir='ltr' id='par_1_102' title="bbox 527 5549 2116 5623">
     <span class='ocr_line' id='line_1_102' title="bbox 527 5549 2116 5623; baseline -0.001 -20"><span class='ocrx_word' id='word_1_737' title='bbox 527 5553 848 5607; x_wconf 83' lang='lat' dir='ltr'><strong>auctoritas.</strong></span> <span class='ocrx_word' id='word_1_738' title='bbox 898 5553 964 5606; x_wconf 78' lang='grc' dir='ltr'><strong>Εἰ</strong></span> <span class='ocrx_word' id='word_1_739' title='bbox 1009 5552 1064 5606; x_wconf 76' lang='grc' dir='ltr'><strong>δὲ</strong></span> <span class='ocrx_word' id='word_1_740' title='bbox 1113 5554 1211 5623; x_wconf 83' lang='grc' dir='ltr'>τὴν</span> <span class='ocrx_word' id='word_1_741' title='bbox 1246 5554 1305 5606; x_wconf 84' lang='grc' dir='ltr'>ὲν</span> <span class='ocrx_word' id='word_1_742' title='bbox 1337 5550 1561 5622; x_wconf 80' lang='grc' dir='ltr'>Χριστῷ</span> <span class='ocrx_word' id='word_1_743' title='bbox 1596 5550 1784 5603; x_wconf 84' lang='grc' dir='ltr'>πίστιν</span> <span class='ocrx_word' id='word_1_744' title='bbox 1815 5549 1996 5602; x_wconf 77' lang='grc' dir='ltr'>αὐτῶν</span> <span class='ocrx_word' id='word_1_745' title='bbox 2027 5566 2116 5617; x_wconf 90' lang='grc' dir='ltr'>γι-</span> 
     </span>
    </p>
   </div>
   <div class='ocr_carea' id='block_1_103' title="bbox 529 5643 2118 5716">
    <p class='ocr_par' dir='ltr' id='par_1_103' title="bbox 529 5643 2118 5716">
     <span class='ocr_line' id='line_1_103' title="bbox 529 5643 2118 5716; baseline 0 -22"><span class='ocrx_word' id='word_1_746' title='bbox 529 5643 828 5707; x_wconf 78' lang='grc' dir='ltr'>νώσκοντες</span> <span class='ocrx_word' id='word_1_747' title='bbox 850 5645 1194 5716; x_wconf 79' lang='grc' dir='ltr'>πεπείσμεθα</span> <span class='ocrx_word' id='word_1_748' title='bbox 1234 5646 1317 5698; x_wconf 81' lang='grc' dir='ltr'>ὅτι</span> <span class='ocrx_word' id='word_1_749' title='bbox 1361 5643 1456 5698; x_wconf 77' lang='grc' dir='ltr'><strong>καὶ</strong></span> <span class='ocrx_word' id='word_1_750' title='bbox 1490 5645 1520 5696; x_wconf 88' lang='lat'><strong>6</strong></span> <span class='ocrx_word' id='word_1_751' title='bbox 1544 5644 1814 5714; x_wconf 83' lang='grc' dir='ltr'>μακάριος</span> <span class='ocrx_word' id='word_1_752' title='bbox 1860 5643 2118 5710; x_wconf 80' lang='grc' dir='ltr'>Ἰγνάτιος</span> 
     </span>
    </p>
   </div>
   <div class='ocr_carea' id='block_1_104' title="bbox 529 5735 2115 5809">
    <p class='ocr_par' dir='ltr' id='par_1_104' title="bbox 529 5735 2115 5809">
     <span class='ocr_line' id='line_1_104' title="bbox 529 5735 2115 5809; baseline 0 -21"><span class='ocrx_word' id='word_1_753' title='bbox 529 5736 705 5809; x_wconf 77' lang='grc' dir='ltr'>ὀρθῶς</span> <span class='ocrx_word' id='word_1_754' title='bbox 757 5737 980 5809; x_wconf 71' lang='grc' dir='ltr'>ἔγραψε.</span> <span class='ocrx_word' id='word_1_755' title='bbox 1021 5737 1080 5793; x_wconf 89' lang='lat' dir='ltr'><strong>Si</strong></span> <span class='ocrx_word' id='word_1_756' title='bbox 1108 5749 1286 5792; x_wconf 81' lang='lat' dir='ltr'><strong>autem</strong></span> <span class='ocrx_word' id='word_1_757' title='bbox 1309 5753 1491 5791; x_wconf 85' lang='lat' dir='ltr'><strong>eorum</strong></span> <span class='ocrx_word' id='word_1_758' title='bbox 1515 5737 1572 5789; x_wconf 90' lang='lat' dir='ltr'><strong>in</strong></span> <span class='ocrx_word' id='word_1_759' title='bbox 1600 5736 1812 5789; x_wconf 78' lang='lat' dir='ltr'><strong>Christo</strong></span> <span class='ocrx_word' id='word_1_760' title='bbox 1842 5735 2002 5800; x_wconf 81' lang='lat' dir='ltr'><strong>[idem</strong></span> <span class='ocrx_word' id='word_1_761' title='bbox 2025 5752 2115 5788; x_wconf 83' lang='lat' dir='ltr'><strong>co-</strong></span> 
     </span>
    </p>
   </div>
   <div class='ocr_carea' id='block_1_105' title="bbox 533 5825 2116 5901">
    <p class='ocr_par' dir='ltr' id='par_1_105' title="bbox 533 5825 2116 5901">
     <span class='ocr_line' id='line_1_105' title="bbox 533 5825 2116 5901; baseline -0.001 -21"><span class='ocrx_word' id='word_1_762' title='bbox 533 5837 855 5899; x_wconf 79' lang='lat' dir='ltr'><strong>gnoscentes,</strong></span> <span class='ocrx_word' id='word_1_763' title='bbox 873 5846 1182 5901; x_wconf 84' lang='lat' dir='ltr'><strong>persuasum</strong></span> <span class='ocrx_word' id='word_1_764' title='bbox 1208 5829 1456 5885; x_wconf 74' lang='lat' dir='ltr'><strong>trahemus</strong></span> <span class='ocrx_word' id='word_1_765' title='bbox 1483 5838 1592 5882; x_wconf 84' lang='lat' dir='ltr'><strong>tam</strong></span> <span class='ocrx_word' id='word_1_766' title='bbox 1617 5827 1822 5882; x_wconf 79' lang='lat' dir='ltr'><strong>beatum</strong></span> <span class='ocrx_word' id='word_1_767' title='bbox 1846 5825 2116 5897; x_wconf 84' lang='lat' dir='ltr'><strong>Ignatiam</strong></span> 
     </span>
    </p>
   </div>
   <div class='ocr_carea' id='block_1_106' title="bbox 2220 4619 3814 4690">
    <p class='ocr_par' dir='ltr' id='par_1_106' title="bbox 2220 4619 3814 4690">
     <span class='ocr_line' id='line_1_106' title="bbox 2220 4619 3814 4690; baseline -0.003 -12"><span class='ocrx_word' id='word_1_768' title='bbox 2220 4631 2277 4678; x_wconf 87' lang='lat' dir='ltr'><strong>et</strong></span> <span class='ocrx_word' id='word_1_769' title='bbox 2303 4621 2483 4677; x_wconf 88' lang='lat' dir='ltr'><strong>eidem</strong></span> <span class='ocrx_word' id='word_1_770' title='bbox 2517 4637 2646 4676; x_wconf 87' lang='lat' dir='ltr'><strong>cum</strong></span> <span class='ocrx_word' id='word_1_771' title='bbox 2675 4621 2794 4690; x_wconf 91' lang='lat' dir='ltr'><strong>ipso</strong></span> <span class='ocrx_word' id='word_1_772' title='bbox 2819 4621 3086 4675; x_wconf 71' lang='lat' dir='ltr'><strong>doctrinae</strong></span> <span class='ocrx_word' id='word_1_773' title='bbox 3109 4621 3176 4674; x_wconf 91' lang='lat' dir='ltr'><strong>de</strong></span> <span class='ocrx_word' id='word_1_774' title='bbox 3212 4631 3414 4674; x_wconf 89' lang='lat' dir='ltr'><strong>natura</strong></span> <span class='ocrx_word' id='word_1_775' title='bbox 3438 4619 3646 4675; x_wconf 78' lang='lat' dir='ltr'><strong>ChriSti</strong></span> <span class='ocrx_word' id='word_1_776' title='bbox 3677 4636 3814 4675; x_wconf 86' lang='lat' dir='ltr'><strong>eon-</strong></span> 
     </span>
    </p>
   </div>
   <div class='ocr_carea' id='block_1_107' title="bbox 2223 4713 3815 4784">
    <p class='ocr_par' dir='ltr' id='par_1_107' title="bbox 2223 4713 3815 4784">
     <span class='ocr_line' id='line_1_107' title="bbox 2223 4713 3815 4784; baseline -0.004 -12"><span class='ocrx_word' id='word_1_777' title='bbox 2223 4715 2545 4780; x_wconf 88' lang='lat' dir='ltr'><strong>sentientes,</strong></span> <span class='ocrx_word' id='word_1_778' title='bbox 2576 4714 2904 4769; x_wconf 87' lang='lat' dir='ltr'><strong>auctoritate</strong></span> <span class='ocrx_word' id='word_1_779' title='bbox 2951 4713 3144 4784; x_wconf 79' lang='lat' dir='ltr'><strong>lgnatii</strong></span> <span class='ocrx_word' id='word_1_780' title='bbox 3196 4713 3409 4767; x_wconf 82' lang='lat' dir='ltr'><strong>utitur:</strong></span> <span class='ocrx_word' id='word_1_781' title='bbox 3465 4729 3644 4783; x_wconf 90' lang='lat' dir='ltr'><strong>neque</strong></span> <span class='ocrx_word' id='word_1_782' title='bbox 3691 4722 3815 4767; x_wconf 86' lang='lat' dir='ltr'><strong>tan-</strong></span> 
     </span>
    </p>
   </div>
   <div class='ocr_carea' id='block_1_108' title="bbox 2220 4805 3814 4879">
    <p class='ocr_par' dir='ltr' id='par_1_108' title="bbox 2220 4805 3814 4879">
     <span class='ocr_line' id='line_1_108' title="bbox 2220 4805 3814 4879; baseline -0.002 -16"><span class='ocrx_word' id='word_1_783' title='bbox 2220 4824 2389 4879; x_wconf 89' lang='lat' dir='ltr'><strong>quam</strong></span> <span class='ocrx_word' id='word_1_784' title='bbox 2435 4808 2713 4877; x_wconf 84' lang='lat' dir='ltr'><strong>scriptoris</strong></span> <span class='ocrx_word' id='word_1_785' title='bbox 2755 4807 2959 4874; x_wconf 87' lang='lat' dir='ltr'><strong>alioqui</strong></span> <span class='ocrx_word' id='word_1_786' title='bbox 3005 4806 3176 4870; x_wconf 87' lang='lat' dir='ltr'><strong>dubii,</strong></span> <span class='ocrx_word' id='word_1_787' title='bbox 3204 4805 3299 4859; x_wconf 89' lang='lat' dir='ltr'><strong>sed</strong></span> <span class='ocrx_word' id='word_1_788' title='bbox 3332 4813 3387 4860; x_wconf 90' lang='lat' dir='ltr'><strong>et</strong></span> <span class='ocrx_word' id='word_1_789' title='bbox 3427 4807 3569 4874; x_wconf 89' lang='lat' dir='ltr'><strong>apud</strong></span> <span class='ocrx_word' id='word_1_790' title='bbox 3595 4821 3712 4870; x_wconf 91' lang='lat' dir='ltr'><strong>eos,</strong></span> <span class='ocrx_word' id='word_1_791' title='bbox 3745 4807 3814 4860; x_wconf 88' lang='lat' dir='ltr'><strong>ad</strong></span> 
     </span>
    </p>
   </div>
   <div class='ocr_carea' id='block_1_109' title="bbox 2219 4897 3814 4972">
    <p class='ocr_par' dir='ltr' id='par_1_109' title="bbox 2219 4897 3814 4972">
     <span class='ocr_line' id='line_1_109' title="bbox 2219 4897 3814 4972; baseline -0.003 -16"><span class='ocrx_word' id='word_1_792' title='bbox 2219 4917 2362 4972; x_wconf 90' lang='lat' dir='ltr'><strong>quos</strong></span> <span class='ocrx_word' id='word_1_793' title='bbox 2406 4901 2724 4970; x_wconf 84' lang='lat' dir='ltr'><strong>scripserat,</strong></span> <span class='ocrx_word' id='word_1_794' title='bbox 2763 4899 2987 4968; x_wconf 89' lang='lat' dir='ltr'><strong>recepti,</strong></span> <span class='ocrx_word' id='word_1_795' title='bbox 3027 4907 3081 4952; x_wconf 89' lang='lat' dir='ltr'><strong>et</strong></span> <span class='ocrx_word' id='word_1_796' title='bbox 3111 4899 3180 4952; x_wconf 88' lang='lat' dir='ltr'><strong>ab</strong></span> <span class='ocrx_word' id='word_1_797' title='bbox 3211 4898 3328 4966; x_wconf 89' lang='lat' dir='ltr'><strong>ipso</strong></span> <span class='ocrx_word' id='word_1_798' title='bbox 3353 4897 3531 4951; x_wconf 90' lang='lat' dir='ltr'><strong>modis</strong></span> <span class='ocrx_word' id='word_1_799' title='bbox 3554 4899 3814 4952; x_wconf 90' lang='lat' dir='ltr'><strong>omnibus</strong></span> 
     </span>
    </p>
   </div>
   <div class='ocr_carea' id='block_1_110' title="bbox 2221 4991 3812 5062">
    <p class='ocr_par' dir='ltr' id='par_1_110' title="bbox 2221 4991 3812 5062">
     <span class='ocr_line' id='line_1_110' title="bbox 2221 4991 3812 5062; baseline -0.003 -14"><span class='ocrx_word' id='word_1_800' title='bbox 2221 4994 2426 5056; x_wconf 89' lang='lat' dir='ltr'><strong>ornati,</strong></span> <span class='ocrx_word' id='word_1_801' title='bbox 2459 5008 2637 5062; x_wconf 89' lang='lat' dir='ltr'><strong>neque</strong></span> <span class='ocrx_word' id='word_1_802' title='bbox 2685 5006 2810 5053; x_wconf 89' lang='lat' dir='ltr'><strong>cum</strong></span> <span class='ocrx_word' id='word_1_803' title='bbox 2864 4992 2969 5045; x_wconf 89' lang='lat' dir='ltr'><strong>ista</strong></span> <span class='ocrx_word' id='word_1_804' title='bbox 3021 4991 3309 5056; x_wconf 85' lang='lat' dir='ltr'><strong>scriberet,</strong></span> <span class='ocrx_word' id='word_1_805' title='bbox 3359 5005 3388 5042; x_wconf 90' lang='lat' dir='ltr'><strong>a</strong></span> <span class='ocrx_word' id='word_1_806' title='bbox 3441 4991 3702 5059; x_wconf 87' lang='lat' dir='ltr'><strong>quopiam</strong></span> <span class='ocrx_word' id='word_1_807' title='bbox 3759 4993 3812 5045; x_wconf 87' lang='lat' dir='ltr'><strong>in</strong></span> 
     </span>
    </p>
   </div>
   <div class='ocr_carea' id='block_1_111' title="bbox 2221 5081 3814 5152">
    <p class='ocr_par' dir='ltr' id='par_1_111' title="bbox 2221 5081 3814 5152">
     <span class='ocr_line' id='line_1_111' title="bbox 2221 5081 3814 5152; baseline -0.003 -11"><span class='ocrx_word' id='word_1_808' title='bbox 2221 5086 2450 5141; x_wconf 91' lang='lat' dir='ltr'><strong>dubium</strong></span> <span class='ocrx_word' id='word_1_809' title='bbox 2483 5084 2685 5140; x_wconf 87' lang='lat' dir='ltr'><strong>vocati.</strong></span> <span class='ocrx_word' id='word_1_810' title='bbox 2724 5082 3001 5148; x_wconf 88' lang='lat' dir='ltr'><strong>Quorsum</strong></span> <span class='ocrx_word' id='word_1_811' title='bbox 3035 5083 3200 5152; x_wconf 81' lang='lat' dir='ltr'><strong>igitur</strong></span> <span class='ocrx_word' id='word_1_812' title='bbox 3250 5082 3340 5136; x_wconf 89' lang='lat' dir='ltr'><strong>hic</strong></span> <span class='ocrx_word' id='word_1_813' title='bbox 3379 5081 3715 5135; x_wconf 88' lang='lat' dir='ltr'><strong>Salmasium</strong></span> <span class='ocrx_word' id='word_1_814' title='bbox 3761 5093 3814 5137; x_wconf 85' lang='lat' dir='ltr'><strong>et</strong></span> 
     </span>
    </p>
   </div>
   <div class='ocr_carea' id='block_1_112' title="bbox 2223 5177 3812 5248">
    <p class='ocr_par' dir='ltr' id='par_1_112' title="bbox 2223 5177 3812 5248">
     <span class='ocr_line' id='line_1_112' title="bbox 2223 5177 3812 5248; baseline -0.001 -15"><span class='ocrx_word' id='word_1_815' title='bbox 2223 5179 2565 5233; x_wconf 82' lang='lat' dir='ltr'><strong>Blondellunt</strong></span> <span class='ocrx_word' id='word_1_816' title='bbox 2616 5180 2885 5241; x_wconf 89' lang='lat' dir='ltr'><strong>advocat,</strong></span> <span class='ocrx_word' id='word_1_817' title='bbox 2925 5179 3084 5247; x_wconf 86' lang='lat' dir='ltr'><strong>quasi</strong></span> <span class='ocrx_word' id='word_1_818' title='bbox 3141 5179 3257 5248; x_wconf 89' lang='lat' dir='ltr'><strong>pari</strong></span> <span class='ocrx_word' id='word_1_819' title='bbox 3317 5177 3482 5232; x_wconf 89' lang='lat' dir='ltr'><strong>modo</strong></span> <span class='ocrx_word' id='word_1_820' title='bbox 3541 5177 3812 5246; x_wconf 83' lang='lat' dir='ltr'><strong>lgnatium</strong></span> 
     </span>
    </p>
   </div>
   <div class='ocr_carea' id='block_1_113' title="bbox 2219 5270 3814 5340">
    <p class='ocr_par' dir='ltr' id='par_1_113' title="bbox 2219 5270 3814 5340">
     <span class='ocr_line' id='line_1_113' title="bbox 2219 5270 3814 5340; baseline -0.004 -14"><span class='ocrx_word' id='word_1_821' title='bbox 2219 5271 2568 5340; x_wconf 89' lang='lat' dir='ltr'><strong>epistolicum</strong></span> <span class='ocrx_word' id='word_1_822' title='bbox 2609 5271 2898 5334; x_wconf 90' lang='lat' dir='ltr'><strong>citassent,</strong></span> <span class='ocrx_word' id='word_1_823' title='bbox 2931 5286 3092 5339; x_wconf 87' lang='lat' dir='ltr'><strong>quem</strong></span> <span class='ocrx_word' id='word_1_824' title='bbox 3139 5270 3389 5338; x_wconf 88' lang='lat' dir='ltr'><strong>spurium</strong></span> <span class='ocrx_word' id='word_1_825' title='bbox 3418 5279 3470 5323; x_wconf 89' lang='lat' dir='ltr'><strong>et</strong></span> <span class='ocrx_word' id='word_1_826' title='bbox 3507 5270 3814 5337; x_wconf 71' lang='lat' dir='ltr'><strong>suppositi-</strong></span> 
     </span>
    </p>
   </div>
   <div class='ocr_carea' id='block_1_114' title="bbox 2223 5359 3814 5430">
    <p class='ocr_par' dir='ltr' id='par_1_114' title="bbox 2223 5359 3814 5430">
     <span class='ocr_line' id='line_1_114' title="bbox 2223 5359 3814 5430; baseline -0.002 -14"><span class='ocrx_word' id='word_1_827' title='bbox 2223 5363 2357 5418; x_wconf 88' lang='lat' dir='ltr'><strong>tium</strong></span> <span class='ocrx_word' id='word_1_828' title='bbox 2405 5361 2792 5416; x_wconf 84' lang='lat' dir='ltr'><strong>crediderunt?</strong></span> <span class='ocrx_word' id='word_1_829' title='bbox 2842 5360 2952 5415; x_wconf 91' lang='lat' dir='ltr'><strong>lmo</strong></span> <span class='ocrx_word' id='word_1_830' title='bbox 3001 5377 3173 5430; x_wconf 87' lang='lat' dir='ltr'><strong>quare</strong></span> <span class='ocrx_word' id='word_1_831' title='bbox 3227 5361 3391 5415; x_wconf 86' lang='lat' dir='ltr'><strong>etiam</strong></span> <span class='ocrx_word' id='word_1_832' title='bbox 3445 5361 3611 5416; x_wconf 87' lang='lat' dir='ltr'><strong>simul</strong></span> <span class='ocrx_word' id='word_1_833' title='bbox 3646 5359 3814 5414; x_wconf 86' lang='lat' dir='ltr'><strong>llam-</strong></span> 
     </span>
    </p>
   </div>
   <div class='ocr_carea' id='block_1_115' title="bbox 2220 5453 3813 5526">
    <p class='ocr_par' dir='ltr' id='par_1_115' title="bbox 2220 5453 3813 5526">
     <span class='ocr_line' id='line_1_115' title="bbox 2220 5453 3813 5526; baseline -0.004 -16"><span class='ocrx_word' id='word_1_834' title='bbox 2220 5455 2508 5521; x_wconf 84' lang='lat' dir='ltr'><strong>mondum,</strong></span> <span class='ocrx_word' id='word_1_835' title='bbox 2541 5465 2800 5526; x_wconf 88' lang='lat' dir='ltr'><strong>tanquam</strong></span> <span class='ocrx_word' id='word_1_836' title='bbox 2849 5458 3058 5509; x_wconf 85' lang='lat' dir='ltr'><strong>tristem</strong></span> <span class='ocrx_word' id='word_1_837' title='bbox 3107 5464 3157 5509; x_wconf 89' lang='lat' dir='ltr'><strong>et</strong></span> <span class='ocrx_word' id='word_1_838' title='bbox 3205 5471 3463 5519; x_wconf 83' lang='lat' dir='ltr'><strong>severum,</strong></span> <span class='ocrx_word' id='word_1_839' title='bbox 3495 5463 3544 5506; x_wconf 84' lang='lat' dir='ltr'><strong>et</strong></span> <span class='ocrx_word' id='word_1_840' title='bbox 3578 5453 3813 5520; x_wconf 79' lang='lat' dir='ltr'><strong>ioculari</strong></span> 
     </span>
    </p>
   </div>
   <div class='ocr_carea' id='block_1_116' title="bbox 2221 5543 3813 5614">
    <p class='ocr_par' dir='ltr' id='par_1_116' title="bbox 2221 5543 3813 5614">
     <span class='ocr_line' id='line_1_116' title="bbox 2221 5543 3813 5614; baseline -0.003 -14"><span class='ocrx_word' id='word_1_841' title='bbox 2221 5546 2698 5613; x_wconf 72' lang='lat' dir='ltr'><strong>animadversione,</strong></span> <span class='ocrx_word' id='word_1_842' title='bbox 2731 5547 2840 5599; x_wconf 89' lang='lat' dir='ltr'><strong>imo</strong></span> <span class='ocrx_word' id='word_1_843' title='bbox 2864 5546 2989 5614; x_wconf 86' lang='lat' dir='ltr'><strong>joco</strong></span> <span class='ocrx_word' id='word_1_844' title='bbox 3023 5556 3131 5598; x_wconf 88' lang='lat' dir='ltr'><strong>tam</strong></span> <span class='ocrx_word' id='word_1_845' title='bbox 3155 5545 3329 5598; x_wconf 83' lang='lat' dir='ltr'><strong>diluto</strong></span> <span class='ocrx_word' id='word_1_846' title='bbox 3361 5558 3516 5614; x_wconf 83' lang='lat' dir='ltr'><strong>atque</strong></span> <span class='ocrx_word' id='word_1_847' title='bbox 3543 5543 3697 5612; x_wconf 84' lang='lat' dir='ltr'><strong>longe</strong></span> <span class='ocrx_word' id='word_1_848' title='bbox 3719 5559 3813 5612; x_wconf 80' lang='lat' dir='ltr'><strong>pe-</strong></span> 
     </span>
    </p>
   </div>
   <div class='ocr_carea' id='block_1_117' title="bbox 2223 5633 3810 5708">
    <p class='ocr_par' dir='ltr' id='par_1_117' title="bbox 2223 5633 3810 5708">
     <span class='ocr_line' id='line_1_117' title="bbox 2223 5633 3810 5708; baseline -0.003 -18"><span class='ocrx_word' id='word_1_849' title='bbox 2223 5639 2322 5691; x_wconf 90' lang='lat' dir='ltr'><strong>tito</strong></span> <span class='ocrx_word' id='word_1_850' title='bbox 2348 5649 2587 5693; x_wconf 89' lang='lat' dir='ltr'><strong>utentem</strong></span> <span class='ocrx_word' id='word_1_851' title='bbox 2604 5638 3046 5708; x_wconf 60' lang='lat' dir='ltr'><strong>suggillat‘muid</strong></span> <span class='ocrx_word' id='word_1_852' title='bbox 3065 5654 3194 5691; x_wconf 90' lang='lat' dir='ltr'><strong>vero</strong></span> <span class='ocrx_word' id='word_1_853' title='bbox 3220 5646 3302 5690; x_wconf 72' lang='lat' dir='ltr'><strong>est</strong></span> <span class='ocrx_word' id='word_1_854' title='bbox 3325 5636 3472 5705; x_wconf 88' lang='lat' dir='ltr'><strong>quod</strong></span> <span class='ocrx_word' id='word_1_855' title='bbox 3504 5633 3810 5688; x_wconf 84' lang='lat' dir='ltr'><strong>Hammon--</strong></span> 
     </span>
    </p>
   </div>
   <div class='ocr_carea' id='block_1_118' title="bbox 2223 5728 3809 5798">
    <p class='ocr_par' dir='ltr' id='par_1_118' title="bbox 2223 5728 3809 5798">
     <span class='ocr_line' id='line_1_118' title="bbox 2223 5728 3809 5798; baseline -0.003 -16"><span class='ocrx_word' id='word_1_856' title='bbox 2223 5730 2581 5795; x_wconf 87' lang='lat' dir='ltr'><strong>dum,virnm</strong></span> <span class='ocrx_word' id='word_1_857' title='bbox 2631 5744 2763 5782; x_wconf 84' lang='lat' dir='ltr'><strong>sane</strong></span> <span class='ocrx_word' id='word_1_858' title='bbox 2819 5730 3089 5798; x_wconf 87' lang='lat' dir='ltr'><strong>optimunt</strong></span> <span class='ocrx_word' id='word_1_859' title='bbox 3139 5728 3653 5796; x_wconf 81' lang='lat' dir='ltr'><strong>doetissimumque,</strong></span> <span class='ocrx_word' id='word_1_860' title='bbox 3697 5737 3809 5780; x_wconf 88' lang='lat' dir='ltr'><strong>tam</strong></span> 
     </span>
    </p>
   </div>
   <div class='ocr_carea' id='block_1_119' title="bbox 2226 5819 3806 5891">
    <p class='ocr_par' dir='ltr' id='par_1_119' title="bbox 2226 5819 3806 5891">
     <span class='ocr_line' id='line_1_119' title="bbox 2226 5819 3806 5891; baseline -0.001 -15"><span class='ocrx_word' id='word_1_861' title='bbox 2226 5825 2431 5878; x_wconf 75' lang='lat' dir='ltr'><strong>tristem</strong></span> <span class='ocrx_word' id='word_1_862' title='bbox 2463 5831 2511 5876; x_wconf 85' lang='lat' dir='ltr'><strong>ct</strong></span> <span class='ocrx_word' id='word_1_863' title='bbox 2551 5837 2784 5875; x_wconf 77' lang='lat' dir='ltr'><strong>scrcrum</strong></span> <span class='ocrx_word' id='word_1_864' title='bbox 2829 5820 2996 5878; x_wconf 76' lang='lat' dir='ltr'><strong>fuisse</strong></span> <span class='ocrx_word' id='word_1_865' title='bbox 3021 5821 3236 5891; x_wconf 78' lang='lat' dir='ltr'><strong>arguit?</strong></span> <span class='ocrx_word' id='word_1_866' title='bbox 3283 5820 3406 5890; x_wconf 88' lang='lat' dir='ltr'><strong>quis</strong></span> <span class='ocrx_word' id='word_1_867' title='bbox 3448 5819 3554 5887; x_wconf 87' lang='lat' dir='ltr'><strong>ille,</strong></span> <span class='ocrx_word' id='word_1_868' title='bbox 3583 5821 3806 5885; x_wconf 64' lang='lat' dir='ltr'><strong>amato,</strong></span> 
     </span>
    </p>
   </div>
  </div>
