4078 6444
311 428 459 482 195

1121 420 1170 474 J.
1212 417 1576 474 PEARSONH
1618 417 1939 473 VlNDlCIE
1977 419 2401 475 IGNATIA‘NrE.
2443 451 2511 461 --
2547 420 2730 475 PARS
2767 425 2804 476 ι.

3553 427 3576 478 1
3589 427 3649 481 9-1

286 549 508 617 jccus
575 550 688 593 tam
737 539 942 592 dilutas
994 545 1218 606 tamque
1283 535 1435 605 longe
1472 536 1711 604 petitus?
1751 535 1957 604 Nempe
1987 555 2030 612 Α
2063 537 2337 608 ἁμαρτίαν
2367 536 2571 608 ἔφησετ
2614 535 2707 589 Vir
2734 538 2952 606 quidam
2979 549 3192 593 sanctus
3221 540 3277 594 id
3313 540 3474 608 dixit,
3503 545 3654 612 quod

309 634 576 702 putavit
605 632 968 693 Salmasium,
1008 629 1105 698 qui
1147 638 1256 682 tam
1289 628 1440 681 varie
1466 629 1533 682 de
1565 626 1770 694 lgnatio
1801 628 1957 680 locu--

311 737 442 780 tus
501 737 614 791 est,
669 735 911 778 mentem
967 732 1244 786 mutasse;
1280 721 1426 789 quod
1478 721 1570 790 qui
1624 718 1958 774 Salmasiam

314 819 502 872 novit
527 835 637 871 non
673 816 836 886 facile
858 816 1054 870 credet.
1081 814 1221 881 Quid
1253 812 1460 882 igitur?
1484 827 1666 867 annon
1691 812 1956 866 Claudius

317 910 659 966 Sarravius
696 919 922 965 senator
967 907 1315 974 Parisiensis,
1368 906 1524 961 novit
1582 904 1960 959 Salmasium?

318 1019 541 1059 nonne
565 1003 692 1073 ejus
723 1003 910 1056 omnia
949 1001 1255 1056 admiratus
1301 1009 1405 1066 est,
1432 1009 1490 1054 et
1518 999 1795 1068 praecipue
1821 997 1961 1055 illud

321 1109 498 1161 opus
535 1093 609 1146 de
633 1092 874 1161 primatu
907 1106 1086 1160 papae,
1119 1090 1207 1144 cui
1235 1089 1341 1143 hoc
1367 1090 1608 1159 elogium
1638 1089 1953 1158 inscripsit:

323 1185 408 1241 Si
471 1201 670 1254 pergas
727 1184 844 1237 istis
911 1182 1174 1236 machinis
1237 1180 1428 1235 Urbem
1479 1190 1776 1247 concutere,
1817 1181 1957 1235 brevi

319 1295 501 1331 num-
533 1292 681 1331 ALTO
709 1293 739 1328 Α
768 1290 1002 1329 cunnus
1033 1275 1216 1329 noua?
1263 1272 1329 1328 Et
1361 1285 1542 1328 tamen
1581 1289 1832 1327 summus
1870 1273 1958 1327 hic

319 1369 623 1425 Salmasii
647 1370 862 1422 amicus
890 1376 1056 1436 atque
1088 1366 1293 1431 fautor,
1312 1382 1428 1421 non
1458 1367 1670 1420 veritus
1695 1375 1778 1420 est
1799 1367 1956 1419 istius

335 1463 589 1517 Veneris
619 1478 839 1530 carpere
862 1460 1190 1513 sandalium.
1223 1457 1346 1512 Non
1375 1459 1569 1528 placet,
1589 1457 1786 1527 inquit.
1814 1459 1955 1528 quod

316 1571 398 1607 ea
440 1554 503 1606 in
529 1565 802 1622 apparatu
834 1553 1035 1622 culpes,
1067 1569 1184 1622 qua:
1214 1553 1271 1605 in
1300 1553 1416 1620 ipso
1445 1567 1596 1620 opere
1627 1550 1840 1603 laudas.
1881 1549 1956 1603 De

323 1643 672 1714 Ignatianis
713 1644 951 1712 epistolis
985 1643 1223 1712 intelligo
1243 1684 1258 1708 ,
1285 1659 1418 1712 quas
1456 1643 1510 1695 in
1539 1653 1802 1712 apparatu
1821 1683 1834 1705 ,
1864 1643 1956 1713 qui

317 1738 503 1804 prior
534 1737 760 1808 legitur,
806 1737 994 1790 merito
1038 1737 1138 1808 τῆς
1171 1736 1383 1799 νοθείας
1414 1737 1657 1801 revincis,
1687 1746 1735 1790 et
1778 1746 1954 1790 tamen

317 1845 542 1881 earum
578 1829 907 1881 auctoritate
937 1828 1256 1897 swpiuscule
1273 1829 1462 1892 uteris,
1497 1830 1651 1898 quasi
1675 1841 1844 1882 essent
1876 1830 1953 1882 le-

2061 631 2269 683 videtur
2295 631 2476 683 audax
2508 647 2649 694 esse;
2685 641 2859 686 tamen
2879 633 3086 686 loeutus
3101 643 3181 688 est
3209 652 3226 688 :
3254 637 3380 704 quid
3400 637 3522 705 jam
3559 638 3657 690 hoc

2060 723 2178 775 est?
2205 737 2268 774 ne
2312 725 2557 792 martyrii
2595 725 2806 793 quidem
2849 728 3162 795 sanguinem
3218 739 3493 797 peccatum
3561 730 3658 782 hoc

2061 816 2380 871 schismatis
2431 817 2602 871 eluere
2643 835 2794 888 posse
2821 819 2988 874 dixit.
3025 819 3292 887 Quamvis
3322 831 3508 878 autem
3555 838 3656 876 ne-

2061 909 2262 963 minem
2288 911 2553 975 nominet,
2574 913 2827 980 quamvis
2852 922 2934 968 ter
2963 913 3163 969 dixisse
3193 930 3341 979 eum,
3358 931 3582 987 nunqua
3605 932 3656 968 m

2060 1011 2241 1057 autem
2267 1003 2538 1071 scripsisse
2560 1004 2663 1058 ista
2689 1014 2921 1071 asserat,
2939 1021 3048 1060 non
3067 1015 3248 1062 tamen
3273 1009 3640 1066 dubitandum

2059 1107 2182 1149 esse
2203 1094 2400 1160 sentio,
2425 1096 2558 1164 quin
2581 1094 2638 1150 S.
2667 1096 3002 1167 Cyprianum
3033 1098 3384 1168 intellexerit,
3412 1112 3467 1156 et
3487 1103 3642 1158 libelo

2059 1183 2172 1237 lum
2203 1183 2270 1237 de
2299 1185 2509 1239 unitate
2534 1184 2793 1242 Ecclesiae
2828 1190 3162 1257 respexerit,
3199 1191 3251 1244 in
3285 1207 3393 1261 quo
3427 1193 3531 1248 ista
3573 1195 3643 1250 de

2060 1274 2429 1331 scliismaticis
2460 1276 2695 1345 legimus
2723 1296 2738 1331 :
2782 1278 2935 1332 Tales
2962 1283 3123 1334 etiam
3153 1283 3199 1335 si
3232 1285 3393 1337 occisi
3428 1286 3484 1338 in
3515 1303 3642 1340 con-

2059 1364 2287 1434 fessione
2328 1367 2558 1420 nominis
2605 1367 2823 1435 fuerint,
2856 1373 3066 1424 macula
3110 1373 3218 1426 ista
3263 1391 3356 1427 nec
3384 1378 3640 1445 sanguine

2057 1455 2278 1512 eluitur.
2324 1455 2673 1527 Inexpiabilis
2708 1471 2764 1530 et
2805 1465 2980 1531 gravis
3031 1464 3188 1534 culpa
3222 1466 3502 1522 discordias
3547 1486 3640 1523 nec

2056 1550 2300 1617 passione
2349 1561 2630 1620 purgatur.
2689 1551 2803 1607 Iloc
2866 1563 2947 1608 est
3011 1563 3157 1624 quod
3208 1554 3638 1628 Chrysostomus

2055 1639 2326 1711 τολμηρὸν
2364 1643 2621 1711 appellat,
2651 1645 2797 1714 quod
2834 1645 3142 1716 Cyprianus
3172 1649 3423 1717 pluribus
3457 1661 3636 1708 tamen

2055 1733 2273 1800 probat,
2305 1742 2361 1786 et
2397 1735 2463 1787 ad
2492 1735 2614 1803 ejus
2635 1738 2944 1806 exemplum
2977 1740 3142 1793 etiam
3174 1739 3370 1795 ibidem
3395 1743 3640 1815 Chryso-

2057 1830 2271 1877 stomus
2295 1823 2411 1892 ipse
2442 1823 2622 1880 fusius
2655 1829 3025 1897 persequitur.

321 1921 562 1990 gitima:
584 1963 601 1986 ,
641 1937 737 1973 nec
771 1919 961 1972 titulus
995 1927 1264 1972 auctorem
1294 1921 1622 1973 mentiretur.
1657 1918 1859 1974 Saltem
1889 1921 1953 1974 de
1987 1905 2028 1958 Β
2128 1912 2232 1969 Sed
2253 1931 2319 1968 ea:
2347 1915 2724 1986 Cltrysostomo
2760 1922 2888 1974 certi
2927 1938 3130 1989 sumus,
3172 1923 3350 1994 inquit
3384 1926 3635 1996 Dalla'us,

321 2015 460 2067 ista
513 2025 609 2066 tua
652 2012 930 2066 sententia:
977 2015 1271 2064 mutatione
1324 2010 1531 2080 aliquid
1564 2011 1948 2082 significasses.

319 2105 618 2160 Judicent
643 2105 759 2174 jam
791 2103 992 2159 eruditi
1027 2119 1097 2157 an
1133 2102 1528 2168 Hammondus,
1560 2119 1628 2158 an
1662 2105 1953 2160 Sarravius

322 2197 582 2250 mollius
629 2195 902 2264 carpserit
943 2194 1107 2249 istius
1134 2191 1363 2247 Veneris
1413 2194 1764 2249 sandalium:
1808 2196 1952 2250 inte-

321 2290 453 2342 rim
500 2285 917 2340 Hammondum
970 2287 1262 2341 absolvunt
1310 2287 1649 2341 Athanasius
1674 2297 1729 2341 et
1759 2286 1952 2341 Sarra-

321 2381 496 2433 vius.
521 2377 724 2434 Nullus
755 2379 1027 2448 impostor
1048 2377 1349 2433 Eusebium
1375 2377 1602 2445 delusit,
1630 2378 1816 2432 nullus
1843 2377 1952 2433 Eu-

323 2473 545 2528 sebius
576 2473 969 2527 Athanasium.

977 2605 1209 2662 CAPUT
1250 2604 1340 2661 IX.

330 2720 692 2775 Testimonia
717 2718 775 2774 S.
805 2719 1169 2788 Chrysostomi
1195 2721 1260 2774 ab
1283 2719 1663 2788 objectionibus
1683 2719 1951 2774 vindican—

417 2803 537 2844 tur.
590 2792 832 2843 Primum
870 2792 922 2842 in
955 2793 1271 2860 panegyrico
1301 2807 1366 2860 ea:
1399 2791 1625 2859 epistola
1661 2792 1729 2842 ad
1755 2790 1951 2844 Roma-

412 2879 542 2914 nos.
573 2860 986 2928 Clirysostomus
1011 2859 1264 2926 epistolas
1299 2859 1501 2930 lgnatii
1537 2878 1629 2914 nec
1657 2861 1946 2930 ignoravit,

416 2949 520 2984 nec
551 2933 890 2999 contempsit.
937 2931 1267 2984 Sententiam
1305 2949 1409 2984 non
1449 2947 1514 2984 ea:
1541 2934 1712 2993 Actis.
1763 2934 1854 2988 sed
1884 2949 1950 2987 ea:

411 3002 656 3069 cpistola
681 3000 964 3070 excerpsit.
985 2999 1285 3069 Cyprianus
1312 3019 1346 3054 a
1369 3003 1951 3070 Cltrysostomolauda-

417 3082 530 3124 tus.
564 3071 958 3141 Secundumex
977 3071 1201 3141 epistola
1232 3073 1300 3124 ad
1330 3071 1709 3141 Polycarpum.
1734 3073 1946 3140 Oratio,

415 3143 566 3212 quod
600 3160 737 3195 unus
768 3142 838 3193 sit
884 3140 943 3194 γ.
971 3152 1021 3194 et
1168 3139 1502 3213 ,Testamenti
1534 3139 1742 3209 auctor,
1771 3139 1948 3213 Chry4

415 3211 664 3266 sostomo
690 3213 1003 3265 ascribitur.
1039 3211 1370 3281 Conjecturis
1405 3211 1600 3267 Savilii
1638 3221 1688 3266 et
1743 3211 1947 3268 Usserii

417 3284 798 3353 respondetur.

420 3397 546 3453 Duo
580 3397 898 3452 testimonia
923 3412 952 3450 e
974 3395 1032 3451 S.
1053 3395 1456 3467 Chrysostomo
1478 3397 1793 3464 eduximus,
1820 3397 1952 3453 licet

340 3488 594 3544 Dallteus
638 3488 1052 3542 llammondum
1099 3488 1307 3555 laudet,
1355 3488 1502 3558 quod
1551 3490 1700 3543 hunc
1753 3497 1946 3544 testem

341 3582 643 3647 omiserit;
675 3590 730 3634 et
763 3581 818 3634 in
841 3596 910 3635 eo
944 3582 1182 3634 maxime
1201 3581 1526 3650 triumphet,
1550 3580 1698 3650 quod
1728 3581 1784 3635 in
1809 3596 1952 3650 prse-

344 3675 501 3728 clara
525 3675 804 3740 oratione,
837 3689 1004 3744 quam
1037 3673 1105 3728 de
1136 3674 1403 3744 martyrio
1430 3671 1489 3727 S.
1522 3671 1714 3742 lgnatii
1734 3673 1945 3738 habuit,

344 3769 717 3838 epistolarum
758 3769 881 3838 ejus
913 3768 1124 3821 nullam
1171 3768 1506 3822 mentionem
1538 3766 1763 3833 fecerit;
1796 3766 1950 3821 inde-

347 3878 462 3931 que
501 3862 748 3931 colligat,
791 3869 887 3915 aut
919 3876 1046 3915 eum
1072 3861 1196 3914 illas
1234 3860 1539 3931 ignorasse,
1570 3860 1716 3929 quod
1745 3861 1947 3914 verisi-

348 3954 486 4006 mile
510 3967 626 4006 non
659 3961 774 4018 est;
793 3961 887 4006 aut
909 3952 1327 4020 contempsisse,
1356 3952 1502 4019 quod
1532 3951 1714 4021 potius
1738 3952 1947 4021 ample-

350 4047 548 4109 ctitur,
583 4045 835 4113 adeoque
863 4043 1059 4114 lgnatii
1096 4059 1223 4097 vere
1252 4059 1374 4098 esse
1407 4059 1517 4098 non
1551 4053 1794 4113 putasse.
1835 4043 1947 4100 Nos

353 4144 540 4188 autem
573 4136 1002 4190 disertissimam
1047 4137 1373 4190 sententiam
1401 4137 1753 4204 adduximus,
1778 4153 1946 4207 quam

353 4230 795 4300 Chrysostomus
843 4230 898 4284 in
950 4231 1044 4284 illa
1078 4229 1194 4301 ipsa
1239 4230 1490 4284 oratione
1519 4245 1587 4284 ex
1619 4231 1846 4300 epistola
1879 4233 1946 4286 ad

359 4322 642 4379 Romanos
671 4324 1050 4393 transcripsit;
1081 4339 1258 4392 neque
1290 4324 1456 4393 igitur
1495 4338 1615 4378 eam
1649 4323 1944 4394 ignoravit,

360 4432 535 4484 neque
561 4417 924 4484 contempsit;
959 4416 1072 4469 imo
1105 4430 1202 4484 pro
1245 4431 1369 4469 vere
1409 4415 1693 4486 lgnatiana
1728 4417 1942 4483 habuit,

363 4511 513 4563 aliter
563 4524 850 4578 nunquam
916 4509 969 4562 in
1038 4508 1293 4578 panegyri
1347 4509 1510 4562 verba
1563 4509 1682 4578 ejus
1717 4509 1948 4563 recitas-

2054 2008 2166 2061 luec
2195 2008 2378 2064 Roma:
2405 2010 2679 2081 Ignatium
2708 2013 2777 2066 ad
2803 2013 3067 2070 Romanos
3092 2031 3374 2086 prwsentes
3415 2021 3632 2076 dixisse.

2055 2099 2260 2154 Parum
2298 2118 2420 2172 ergo
2446 2113 2524 2156 est
2571 2104 2845 2172 probabile
2876 2106 3059 2160 eadem
3085 2108 3202 2176 jam
3236 2121 3358 2164 ante
3399 2113 3636 2166 eumdem

2057 2188 2302 2262 Smyrnae
2334 2196 2703 2250 consistentem
2734 2199 2802 2251 ad
2835 2197 3099 2253 Romanos
3139 2203 3435 2270 scripsisse.
3484 2202 3638 2259 Unde

2055 2294 2240 2340 autem
2295 2301 2361 2340 ex
2412 2286 2812 2359 Chrysostomo
2853 2292 2983 2344 certi
3027 2292 3194 2346 simus
3245 2292 3515 2364 Ignatinm
3573 2313 3637 2351 ea

2052 2379 2220 2433 verba
2244 2379 2449 2448 Romae,
2479 2391 2574 2434 aut
2604 2385 2672 2435 ad
2703 2381 2968 2436 Romanos
2993 2394 3278 2452 praesentes
3314 2388 3636 2456 protulisse,

2051 2484 2155 2538 ego
2199 2486 2308 2524 non
2352 2472 2612 2542 intelligo.
2643 2471 2762 2526 Non
2796 2475 2942 2528 enim
2977 2475 3112 2530 dicit
3154 2491 3279 2530 eum
3317 2477 3498 2533 Roma?
3523 2488 3636 2534 tum

2053 2561 2248 2627 fuisse,
2309 2579 2419 2616 non
2469 2565 2647 2619 innuit
2678 2564 2959 2622 Rotnanos
2989 2578 3272 2636 νῖν-(ωηερε
3317 2585 3459 2635 esse,
3511 2586 3637 2626 cum

2052 2653 2160 2708 ista
2182 2654 2451 2724 proferret
2469 2657 2854 2711 sanctissimus
2872 2670 3098 2730 martyr.
3120 2658 3173 2713 ld
3193 2670 3400 2716 tantum
3421 2663 3636 2731 asserit,

2051 2760 2177 2799 eum
2214 2763 2457 2815 generose
2501 2758 2551 2801 et
2595 2765 2713 2802 cum
2757 2750 3024 2820 voluptate
3053 2761 3284 2806 mortem
3315 2755 3634 2824 oppetiisse,

2050 2847 2103 2891 et
2141 2839 2412 2910 ἀσμένως,
2445 2855 2570 2895 cum
2607 2841 2850 2896 lubenlia
2881 2845 3118 2912 quadam
3152 2846 3355 2902 vidisse
3405 2848 3634 2905 bestias.

2056 2931 2164 2988 Sed
2197 2933 2364 2987 πόθεν
2387 2934 2547 2988 τοῦτο
2570 2934 2770 3004 δῆλον;
2808 2937 2945 2989 unde
2971 2937 3088 3003 ltoe,
3125 2937 3324 3007 inquit,
3377 2940 3640 3008 apparet?

2050 3023 2131 3079 Ac
2163 3025 2211 3079 si
2237 3025 2466 3091 diceret,
2491 3027 2634 3080 unde
2662 3028 2766 3082 hoc
2793 3029 3152 3098 cognovimus
3179 3030 3202 3083 ?
3242 3044 3309 3084 ex
3335 3029 3487 3085 Actis
3517 3032 3638 3102 ejus

2053 3116 2188 3170 nihil
2216 3116 2325 3173 tale
2362 3117 2618 3187 colligere
2649 3133 2947 3187 possumus
2970 3139 2982 3173 :
3005 3120 3080 3173 illi
3111 3121 3204 3190 qui
3233 3135 3358 3175 eum
3389 3123 3636 3177 comitati

2055 3219 2184 3267 sunt
2211 3210 2447 3280 qualiter
2489 3226 2548 3266 se
2591 3212 2822 3280 gesserit
2856 3213 2907 3265 in
2944 3213 3159 3267 theatro
3191 3228 3301 3268 non
3332 3229 3629 3268 enarrave-

1993 3307 2021 3330 ⁴
2054 3313 2204 3365 runt,
2233 3319 2263 3358 a
2296 3318 2534 3373 quorum
2565 3305 2848 3359 consortio
2901 3305 3196 3360 subductus
3224 3315 3302 3360 est
3325 3323 3444 3359 cum
3489 3306 3640 3375 festi-

2051 3395 2264 3448 natione
2295 3396 2352 3448 in
2372 3395 2840 3464 amphitheatrum,
2865 3397 3052 3450 deinde
3075 3400 3351 3466 confestim
3371 3398 3636 3467 proiectus

2053 3485 2253 3540 bestiis.
2294 3485 2443 3539 Unde
2473 3485 2637 3556 igitur
2668 3487 2765 3540 hoc
2801 3489 3066 3557 apparet?
3091 3488 3199 3540 ἀπὸ
3233 3487 3342 3540 τῶν
3374 3489 3638 3560 ῥημάτων

2050 3569 2126 3629 ὧν
2149 3576 2516 3648 ἀποθνήσκειν
2541 3577 2748 3648 μέλλων
2773 3578 3093 3647 ἐφθέγξατο,
3110 3580 3174 3632 ab
3197 3579 3308 3633 illis
3328 3581 3494 3635 verbis
3521 3598 3638 3651 qute

2049 3685 2170 3722 cum
2208 3669 2448 3738 futurum
2469 3680 2600 3725 esset
2623 3679 2682 3724 ut
2709 3683 3020 3736 moreretur,
3053 3672 3261 3726 locutus
3282 3681 3380 3726 est.
3405 3671 3638 3739 Quando

2050 3768 2233 3814 autem
2266 3761 2399 3816 illud
2437 3763 2602 3816 erat?
2633 3763 2726 3817 diu
2763 3764 2910 3816 enim
2950 3772 3067 3818 erat
3105 3763 3470 3836 ἀποθνήσκειν
3507 3767 3636 3837 μέλ-

2050 3851 2180 3906 λων.
2213 3853 2700 3924 Audiamusporro
2714 3855 3203 3925 Chrysostomum:
3236 3856 3500 3921 Ἀκούσας
3526 3857 3638 3935 γᾴρ

2049 3943 2132 3996 ὅτι
2158 3937 2312 4008 οὗτος
2345 3944 2506 3999 αὐτὸν
2538 3945 2640 4016 τῆς
2661 3947 2931 4018 τιμωρίας
2952 3949 2979 4000 ὁ
2999 3951 3201 4018 τρόπος
3236 3949 3407 4019 μένει,
3440 3968 3458 4001 ε
3493 3951 3636 4020 Ἐγὼ

2047 4034 2157 4089 τῶν
2177 4036 2243 4108 θη
2252 4038 2382 4108 ρίων
2406 4038 2629 4092 ἐκείνων
2641 4040 2898 4110 ὀναίμην,
2931 4058 2950 4092 ›
2971 4039 3142 4109 ἔλεγε.
3160 4039 3291 4094 Cum
3306 4043 3631 4108 audivisset,

2048 4129 2187 4197 quod
2211 4129 2298 4181 ltic
2335 4129 2584 4200 supplicii
2626 4130 2813 4184 modus
2874 4148 2992 4185 eum
3038 4142 3321 4188 maneret:
3360 4153 3378 4183 ί
3415 4131 3630 4188 Utinam

2048 4235 2150 4288 ego
2207 4220 2320 4276 illis
2372 4221 2564 4276 bestiis
2624 4221 2810 4288 fruar,
2849 4242 2868 4274 ι
2911 4224 3200 4293 inquiebat.
3250 4225 3332 4278 An
3392 4227 3631 4294 primum

2049 4311 2229 4367 Romae
2255 4313 2466 4368 audivit
2493 4329 2553 4369 se
2581 4315 2771 4370 bestiis
2797 4316 3070 4386 objectum
3120 4317 3223 4371 iri?
3266 4331 3332 4370 an
3377 4317 3630 4374 Romanis

2047 4404 2393 4472 prementibus
2448 4406 2564 4461 haec
2605 4411 2923 4463 necessario
2980 4409 3200 4465 locutus
3257 4411 3378 4466 est?
3407 4411 3568 4466 Certe
3597 4427 3630 4467 a

2049 4493 2287 4564 Trajano
2319 4496 2624 4552 Antiochia:
2650 4500 2716 4554 ad
2749 4499 2954 4555 bestias
2979 4503 3378 4559 condemnatus
3403 4512 3518 4570 est;
3559 4506 3631 4561 ab

364 4610 459 4654 set.
526 4598 702 4670 Negat
744 4601 826 4654 vir
867 4600 1227 4655 doctissimus
1271 4599 1690 4669 transcripsisse
1729 4614 1794 4654 ex
1825 4601 1943 4669 epi-
1977 4612 2024 4670 ι)
2051 4585 2144 4640 illo
2173 4595 2416 4657 tempore
2442 4590 2598 4644 ηονίι
2628 4592 2770 4660 (Ιηοά
2812 4593 3008 4648 monis
3037 4609 3210 4662 genus
3241 4594 3344 4664 ίμεῑ
3377 4595 3628 4650 sumun-

366 4692 520 4756 stola,
557 4707 622 4745 ex
655 4691 809 4745 Actis
831 4699 985 4761 putat
1010 4691 1288 4744 habuisse.
1320 4690 1499 4760 Cogor
1525 4691 1707 4759 itaque
1745 4689 1945 4757 saepius

368 4798 649 4853 reponere,
693 4783 828 4836 Acta
860 4799 983 4852 qua:
1028 4783 1320 4836 exstabant
1351 4791 1510 4836 aetate
1538 4781 1942 4851 Chrysostomi,

371 4873 509 4925 illam
542 4870 876 4924 sententiam
933 4870 1161 4924 minime
1208 4885 1594 4924 memorasse:
1638 4870 1944 4940 posteriora

369 4973 572 5028 autem,
611 4972 736 5033 post
775 4963 900 5032 ejus
931 4971 1162 5015 mortem
1209 4962 1540 5031 composita,
1573 4959 1766 5030 lgnatii
1797 4959 1942 5014 dicta

371 5073 428 5112 ex
457 5056 703 5124 epistolis
735 5054 1012 5108 hausisse.
1051 5053 1285 5107 Aliunde
1338 5053 1507 5123 igitur
1537 5067 1701 5121 quam
1729 5067 1795 5105 ex
1827 5051 1946 5120 epi-

373 5153 520 5217 stola,
547 5166 711 5220 quam
741 5160 873 5204 tunc
899 5147 1178 5202 exstitisse
1209 5156 1324 5201 tum
1351 5147 1503 5210 alibi,
1531 5154 1642 5200 tum
1673 5145 1944 5214 przecipue

377 5243 666 5298 Antiochiae
685 5258 774 5295 om
784 5256 881 5295 nes
899 5239 1162 5306 fatentur,
1181 5241 1296 5294 haec
1309 5239 1479 5293 verba
1501 5237 1754 5292 hausisse
1768 5236 1943 5306 Chry-

377 5345 685 5399 sostomum,
721 5332 1007 5398 lim-talari,
1044 5332 1293 5400 frivolum
1337 5339 1387 5384 et
1413 5331 1646 5398 ineptum
1675 5337 1773 5382 est.
1820 5326 1941 5380 Non

381 5429 495 5482 dicit
539 5428 759 5497 quidem
793 5436 983 5479 orator
1014 5425 1103 5479 ille
1150 5438 1404 5478 summus
1433 5436 1560 5476 eum
1597 5419 1890 5488 scripsisse
1925 5436 1939 5472 :

381 5531 568 5576 tantum
606 5519 951 5590 ἐφθέγξατο,
992 5519 1200 5571 locutus
1230 5526 1332 5583 est,
1369 5517 1446 5570 ait
1481 5534 1493 5569 :
1533 5519 1695 5584 plane
1718 5522 1778 5567 ut
1807 5513 1944 5568 alias

385 5615 512 5668 solet.
539 5613 613 5668 lta
645 5613 872 5667 bomilia
906 5612 1195 5667 undecima
1225 5611 1280 5663 in
1322 5609 1610 5678 epistolam
1641 5607 1710 5660 ad
1761 5603 1943 5674 Ephe-

385 5708 503 5761 sios:
527 5706 691 5778 Ἀνὴρ
709 5705 767 5758 δέ
791 5722 878 5768 τις
902 5705 1057 5772 ἅγιος
1081 5699 1471 5757 εῐπέτιδοκοῦν
1494 5695 1630 5752 εἶναι
1643 5697 1939 5768 τολμηρὸν,

388 5802 500 5873 πλὴν
522 5800 636 5853 ἀλλ’
672 5801 824 5871 ὅμως
853 5795 1184 5868 ἐφθέγξατο·
1225 5795 1278 5848 τί
1315 5794 1380 5865 δὴ
1404 5792 1563 5846 τοῦτό
1601 5794 1782 5857 estw;
1819 5787 1939 5844 οὐδὲ

394 5894 658 5965 μιρτυρὶου
713 5886 854 5964 αἷμα
892 5889 1098 5961 ταύτην
1156 5887 1416 5942 δύνασθαι
1466 5884 1772 5955 ἐξαλείφειν
1838 5884 1938 5954 τὴν

2049 4678 2178 4732 dum
2204 4694 2352 4736 esset
2385 4700 2398 4735 :
2435 4693 2563 4752 post
2585 4683 2721 4738 illud
2755 4693 2971 4754 tempus
2999 4686 3139 4741 dixit
3167 4702 3181 4738 :
3222 4705 3240 4738 ‹
3274 4685 3494 4741 Utinam
3526 4703 3630 4759 ego

2047 4771 2157 4826 illis
2181 4773 2394 4834 bestiis.
2421 4776 2488 4828 ad
2528 4791 2668 4844 quas
2697 4763 3096 4834 condemnatus
3123 4794 3270 4844 sum,
3299 4777 3482 4845 fruar;
3520 4797 3541 4832 ›
3573 4781 3625 4835 id

2046 4879 2150 4919 nos
2176 4853 2300 4919 eum
2330 4864 2580 4937 Smyrna:
2609 4868 2818 4923 dixisse
2854 4878 2908 4924 et
2931 4871 3225 4940 scripsisse
3251 4871 3526 4927 credimus
3557 4873 3625 4927 ad

2046 4953 2326 5014 Romanos
2349 4960 2590 5029 quidem,
2618 4961 2711 5015 sed
2726 4963 3010 5029 absentes;
3027 4962 3212 5017 Roma).
3230 4971 3410 5018 autern
3435 4966 3624 5020 eadem

2046 5049 2212 5104 verba
2239 5052 2630 5119 pronuntiasse
2664 5053 2943 5122 (quamvis
2996 5055 3047 5110 id
3098 5069 3322 5125 quoque
3353 5056 3470 5111 ﬁeri
3520 5075 3625 5128 po-

2049 5141 2222 5197 tuisse
2277 5158 2442 5198 nemo
2477 5143 2836 5209 dilﬁtehitur)
2887 5161 2988 5199 nec
3022 5145 3473 5218 Chrysostomus,
3526 5166 3628 5205 nec

2046 5241 2173 5287 ante
2199 5249 2324 5288 eum
2357 5235 2652 5306 quisquam
2692 5237 2852 5291 dixit.
2887 5236 2954 5292 Et
3000 5239 3047 5292 si
3082 5240 3338 5309 cuiquam
3392 5251 3524 5296 tunc
3561 5257 3625 5298 ea

2047 5327 2212 5381 verba
2259 5329 2541 5395 recitavit,
2593 5338 2741 5384 certe
2773 5329 3024 5386 ﬁdelibus
3066 5330 3254 5387 Romae
3283 5348 3350 5387 ex
3391 5334 3623 5404 epistola

2045 5435 2212 5489 quam
2239 5421 2307 5474 ad
2337 5436 2434 5476 eos
2469 5422 2792 5491 scripserat,
2818 5425 3008 5479 eadem
3056 5425 3255 5478 iterum
3312 5425 3366 5480 in
3414 5441 3616 5480 memo-

2045 5515 2185 5568 riam
2218 5515 2528 5581 revocavit;
2582 5515 2654 5569 ita
2701 5517 2846 5570 enim
2878 5517 3260 5586 antiquissima
3297 5518 3416 5587 ejus
3438 5519 3568 5573 Acta
3604 5534 3618 5570 :

2048 5604 2381 5670 Quibusdam
2403 5617 2580 5661 autem
2603 5617 2652 5661 et
2677 5611 3010 5664 annuntiavit
3027 5609 3199 5675 silere,
3230 5610 3549 5679 ferventibus
3571 5621 3622 5665 et

2045 5698 2341 5751 dicentibus
2376 5699 2616 5768 quietare
2640 5701 2840 5770 plebem
2881 5719 2943 5756 ac
2985 5719 3089 5756 non
3135 5714 3375 5772 expetere
3404 5703 3621 5772 perdere

2037 5788 2264 5858 justum.
2296 5788 2441 5854 Quos
2470 5792 2748 5861 confestim
2776 5793 2970 5863 spiritu
2995 5811 3334 5865 cognoscens,
3359 5805 3406 5848 et
3441 5811 3618 5848 omnes

2047 5883 2310 5952 salutans,
2335 5893 2612 5956 petensque
2641 5887 2705 5942 ab
2738 5887 2865 5958 ipsis
2903 5904 3076 5943 veram
3113 5889 3446 5954 cltaritatem,
3499 5888 3618 5956 plu-
