4078 6388
515 368 620 422 195

1519 372 1574 427 S.
1617 371 1964 430 lGNATlUS.
2005 403 2073 413 —
2114 371 2646 428 PROLEGOME‘NA.

3676 376 3780 435 D6

513 509 673 560 raque
705 494 771 546 iis
806 509 921 562 qua:
950 493 1003 546 in
1039 493 1266 562 epistola
1305 495 1610 562 disputans,
1642 505 1694 548 et
1728 495 1955 549 suadens
1990 511 2094 547 non
2123 500 2168 556 Α
2199 495 2266 549 ad
2297 495 2575 550 auditores
2627 495 2889 552 facerent.
2923 495 3112 560 Itaque
3141 499 3517 566 apostolorum
3550 514 3780 556 consor-

511 585 744 638 inridere
774 585 1051 654 festinanti
1083 586 1152 638 ad
1185 585 1491 638 Dominum.
1535 585 1700 640 Forte
1740 586 1907 656 igitur
1952 587 2094 640 inter

511 678 724 745 reliqua
750 692 873 744 qua:
908 675 1138 729 Romam
1167 676 1401 746 Smyrna
1430 677 1724 744 scripserat
1755 678 1918 731 etiam
1952 677 2093 734 hanc

510 772 837 824 sententiam
869 771 1114 835 iteravit;
1145 769 1216 823 ita
1247 769 1382 822 nihil
1411 768 1612 822 Dallaeo
1644 770 1731 823 vel
1755 785 1819 823 ex
1847 769 2092 840 Chryso-

510 871 690 914 stomo
722 871 954 927 certum,
981 862 1063 916 vel
1088 861 1308 914 aliunde
1332 861 1613 929 probabile
1635 870 1737 915 est.

579 948 689 1004 Nos
740 960 920 1004 autem
973 952 1148 1004 multo
1202 952 1468 1009 certiores
1517 968 1711 1005 sumus
1760 952 2092 1006 sententiam

511 1043 654 1096 illam
705 1031 894 1110 lgnatii
929 1060 993 1098 ex
1025 1043 1146 1112 ejus
1201 1044 1432 1112 epistola
1483 1060 1512 1098 a
1559 1044 1955 1114 Chrysostomo
1993 1045 2090 1098 de-

509 1144 781 1203 sumptam
807 1152 952 1190 esse.
984 1134 1037 1187 ld
1076 1137 1222 1188 enim
1260 1151 1326 1189 ex
1350 1135 1532 1189 verbis
1563 1137 1922 1206 sequentibus
1958 1136 2092 1191 satis

508 1226 715 1296 liquido
743 1236 966 1296 apparet
993 1245 1006 1279 :
1051 1226 1198 1295 Ἐγὼ
1218 1226 1335 1279 τῶν
1357 1227 1596 1294 θηρίων,
1631 1227 1827 1297 inquit,
1846 1228 2093 1281 ἐκείνων

508 1320 782 1388 ὀναίμην,
801 1319 973 1386 ἔλεγε.
998 1319 1240 1372 Τοιοῦτοι
1262 1319 1369 1391 γὰρ
1391 1323 1438 1372 οἱ
1461 1320 1692 1390 ὲρῶντες
1735 1321 1872 1391 ὅπερ
1899 1321 1964 1374 ἂν
1984 1322 2090 1374 πά-

509 1428 658 1481 σχωσ
672 1431 718 1464 ιν
743 1412 884 1483 ὑπὲρ
908 1411 1013 1463 τῶν
1029 1412 1317 1482 ἐρωμένων
1336 1413 1454 1482 μεθ’
1469 1413 1665 1483 ἡδονῆς
1685 1414 1949 1483 δέχονται.
1975 1413 2092 1468 Uti-

509 1521 631 1556 nam
665 1521 756 1573 ego
791 1504 901 1556 illis
939 1505 1117 1556 bestiis
1143 1504 1316 1572 fruar,
1357 1504 1455 1556 ait.
1488 1503 1640 1557 Tales
1661 1505 1801 1557 enim
1827 1507 2088 1559 amatores

509 1597 769 1666 quidquid
802 1597 1085 1664 patiuntur
1122 1612 1215 1665 pro
1242 1597 1437 1649 amatis
1472 1613 1588 1649 cum
1629 1598 1894 1666 voluptate
1921 1597 2091 1650 susci-

503 1689 680 1756 piunt.
704 1688 910 1743 Alludit
946 1689 1090 1742 enim
1127 1687 1418 1743 manifeste
1442 1688 1508 1742 ad
1536 1690 1794 1758 praeclara
1821 1690 1907 1743 illa
1922 1690 2085 1744 verba

507 1781 559 1833 in
597 1781 785 1834 eadem
803 1781 962 1850 epist.
994 1782 1062 1834 ab
1089 1781 1347 1835 omnibus
1369 1781 1674 1847 decantata,
1705 1780 1813 1845 ζῶν
1831 1781 1940 1853 γὰρ
1961 1783 2088 1852 ὑμῖν

2198 594 2357 651 ltum,
2409 595 2462 640 et
2508 589 2884 656 episcopatum
2919 599 3338 655 commemorat,
3375 600 3435 643 ut
3463 593 3781 660 amplitudi-

2196 689 2320 728 nem
2360 675 2534 740 urbis,
2587 684 2642 730 et
2684 677 3064 746 antiquitatem
3117 678 3373 734 Ecclesiae
3423 680 3784 736 Antiochena:

2194 767 2513 833 extolleret;
2539 768 2862 839 martyrium
2895 779 3078 823 autem
3105 771 3380 840 eleganter
3404 771 3691 835 describit,
3723 783 3784 826 ut

2195 857 2574 912 vehementius
2596 860 2853 929 pepulum
2883 861 2950 914 ad
2976 861 3332 931 reliquiarum
3365 863 3779 917 venerationem

2195 947 2540 1002 accenderet.
2589 948 2892 1018 Epistolas,
2927 959 2986 1005 ut
3025 965 3140 1004 rem
3171 951 3430 1006 omnibus
3461 952 3739 1022 cognitam
3759 991 3776 1015 ,

2195 1055 2295 1093 nec
2322 1041 2650 1111 panegyrieo
2674 1042 2890 1096 dicendi
2908 1043 3091 1111 generi
3109 1045 3526 1099 convenientem
3549 1045 3776 1100 omittit.

2195 1130 2496 1200 Gregorius
2527 1131 2974 1202 Thaumaturgus
3010 1135 3398 1206 panegyricum
3431 1151 3620 1191 coram
3652 1137 3778 1194 Ori-

2195 1237 2331 1290 gene
2373 1224 2594 1292 habuit;
2637 1227 2839 1296 scripta
2870 1228 2990 1296 ejus
3018 1244 3124 1282 non
3159 1229 3364 1296 laudat,
3392 1246 3462 1284 nc
3525 1231 3780 1285 nominat

2193 1314 2451 1380 quidem;
2485 1315 2596 1369 imo
2619 1331 2687 1370 ne
2720 1317 3013 1384 scripsisse
3041 1335 3170 1375 cum
3212 1321 3515 1390 quidquam
3545 1323 3774 1378 indicat.

2193 1405 2450 1477 Epistolas
2472 1408 2529 1463 S.
2560 1410 2820 1481 Cypriani
2843 1428 3058 1482 semper
3089 1413 3242 1469 fuere
3257 1415 3657 1484 celeberrimae;
3681 1434 3779 1474 eas

2193 1500 2491 1570 aliquoties
2527 1503 2716 1556 laudat
2755 1503 2814 1557 S.
2842 1504 3184 1576 Augustinus
3215 1523 3230 1559 :
3265 1516 3323 1561 at
3351 1523 3476 1563 cum
3510 1511 3564 1564 in
3592 1509 3774 1564 Natali

2192 1594 2312 1664 ejus
2362 1611 2648 1650 sermones
2697 1596 2908 1667 aliquot
2963 1599 3298 1667 institueret,
3355 1619 3644 1673 nunquam
3675 1619 3777 1659 eas

2191 1689 2677 1755 commemoravit;
2735 1689 2924 1745 laudat
2973 1692 3066 1746 ubi
3109 1695 3374 1764 disputat,
3409 1712 3478 1750 ne
3521 1697 3778 1752 meminit

2192 1777 2412 1848 quidem
2444 1779 2536 1833 ubi
2567 1783 2953 1853 panegyristen
2989 1784 3124 1853 agit,
3157 1787 3248 1838 ubi
3273 1798 3534 1856 tanquam
3566 1791 3774 1858 episco-

501 1873 699 1943 γράφω
735 1872 875 1944 ὲρῶν
905 1872 996 1926 τοῦ
1024 1872 1334 1936 ἀποθανεῖν,
1354 1872 1527 1943 ὁὲμὸς
1558 1873 1694 1944 ἔρως
1724 1874 2073 1945 ἐσταύρωται,

2187 1887 2314 1940 pum
2365 1873 2918 1928 misericordissimam
2968 1885 3017 1929 et
3063 1888 3348 1946 martyrem
3376 1881 3772 1949 ﬁdelissimqu,

505 1966 618 2017 Imo
642 1979 772 2018 vero
798 1979 894 2032 per
917 1972 1084 2016 totam
1102 1978 1222 2016 eam
1249 1965 1553 2017 orationem
1571 1964 1662 2016 ubi
1687 1964 1754 2018 de
1781 1963 2086 2032 lgnatiolo-

500 2053 945 2124 quitur,adhane
972 2053 1263 2122 praecipue,
1280 2053 1372 2107 sed
1397 2064 1450 2107 et
1474 2055 1540 2108 ad
1568 2055 1703 2108 alias
1739 2055 2078 2109 collineavit.

497 2147 635 2200 Cum
654 2147 890 2198 animam
909 2146 1026 2214 ejus
1049 2146 1184 2199 adeo
1203 2146 1389 2198 laudat
1409 2156 1668 2214 tanquam
1683 2145 1790 2198 τῶν
1802 2145 2085 2217 παρόντων

500 2239 1142 2311 ὑπερορῶσανὰπάντων,
1165 2240 1258 2292 καὶ
1280 2239 1358 2309 τῷ
1385 2238 1516 2309 Θείῳ
1530 2239 1758 2303 ζέουσαν
1783 2238 1965 2310 ἔρωτι,
1993 2239 2087 2291 καὶ

495 2332 562 2384 τὰ
579 2333 652 2404 μὴ
670 2331 976 2402 βλεπόμενα
989 2330 1100 2383 τῶν
1113 2331 1405 2402 ὁρωμένων
1419 2333 1658 2402 προτιμή
1666 2346 2088 2398 caaav,pra:sen-

499 2426 572 2476 tiu
597 2426 774 2477 omnia
798 2433 1229 2486 contemnentem,
1256 2432 1303 2475 et
1331 2422 1508 2475 divino
1538 2439 1718 2475 amore
1732 2422 2048 2490 ﬂagrantem
2065 2458 2081 2482 ,

497 2527 546 2569 et
578 2535 637 2571 ea
661 2534 777 2586 qua:
803 2518 1068 2582 videntur,
1087 2518 1153 2569 iis
1168 2533 1286 2586 qua:
1317 2533 1420 2569 non
1436 2517 1677 2568 uidentur
1697 2517 2082 2585 praeferentem,

495 2610 699 2664 diserte
730 2611 951 2678 respicit
983 2611 1272 2679 epistolam
1309 2609 1376 2663 ad
1416 2608 1717 2673 Romanos,
1746 2609 1800 2661 in
1828 2623 1938 2677 qua
1966 2609 2084 2662 haec

496 2703 600 2756 tria
626 2702 802 2771 capita
832 2701 1124 2770 pra-cipue,
1145 2700 1495 2766 etardenter,
1523 2708 1577 2754 et
1603 2699 1723 2754 fuse
1753 2708 2080 2753 tractantur.

493 2794 631 2848 Cum
666 2810 789 2847 eum
817 2794 919 2848 soli
960 2801 1243 2862 comparat
1285 2791 1557 2863 (καθάπερ
1588 2792 1737 2862 ἥλιός
1766 2808 1850 2854 τις
1870 2791 1929 2855 ἐξ
1951 2792 2085 2844 ἀνα-

492 2884 653 2954 τολῆς
673 2883 908 2952 ἀνίσχων
943 2883 1036 2936 καὶ
1067 2883 1212 2954 πρὸς
1245 2884 1344 2953 τὴν
1372 2883 1523 2936 δύσιν
1555 2883 1784 2953 τρέχων,
1822 2892 2079 2953 tanquam

493 2973 574 3028 sol
603 2973 799 3042 aliquis
839 2973 901 3025 ab
937 2975 1138 3026 oriente
1181 2990 1402 3042 surgens
1435 2982 1482 3025 et
1522 2973 1592 3025 ad
1616 2974 1953 3041 ,occidentem
1989 2975 2082 3028 de-

493 3063 756 3133 currens),
800 3063 918 3116 sine
956 3062 1125 3116 dubio
1157 3063 1272 3116 haec
1309 3063 1552 3132 epistolae
1589 3065 1754 3118 verba
1803 3066 1854 3118 in
1895 3065 2080 3119 animo

495 3155 703 3220 habuit,
759 3154 848 3207 τὸν
896 3154 1192 3208 ἐπίσκοπον
1237 3156 1436 3226 Συρίας
1484 3156 1821 3228 κατηξίωσεν
1871 3160 1900 3210 ὁ
1947 3158 2079 3222 Θεὸς

491 3246 779 3318 εὑρεθῆναι
819 3246 924 3317 (vel
951 3246 1308 3317 πορευθῆναι)
1347 3248 1426 3309 εἰς
1453 3247 1634 3309 δύσιν,
1671 3247 1780 3300 ἀπὸ
1809 3248 2077 3318 ἀνατολῆς

496 3335 1012 3406 μεταπεμψάμενος,
1043 3337 1342 3404 episcopum
1361 3334 1534 3404 Syria:
1550 3335 1800 3406 dignatus
1817 3347 1894 3390 est
1907 3336 2072 3404 Deus,

501 3437 548 3480 ιι
580 3430 632 3480 in
662 3428 983 3480 occidentem
1012 3436 1266 3496 pergeret,
1295 3428 1358 3480 ab
1388 3429 1589 3481 oriente
1609 3444 1729 3482 eum
1763 3444 2072 3492 accersens;

489 3532 544 3577 rt
573 3537 698 3576 cum
744 3522 834 3575 illa
876 3521 1039 3589 paulo
1079 3529 1197 3588 post
1233 3520 1384 3574 addit
1417 3538 1430 3574 :
1463 3515 1630 3583 Οὗτος
1670 3521 1728 3573 δὲ
1767 3523 1847 3585 εἰς
1874 3523 1942 3576 τὰ
1971 3523 2074 3593 τῆς

485 3612 689 3675 δύσεως
713 3610 962 3665 ἀπελθὼν
995 3610 1155 3682 μέρη,
1188 3609 1540 3682 φαιδρότερον
1570 3611 1780 3664 ἐκεῖθεν
1807 3611 2070 3676 ἀνέτειλε,

491 3705 662 3759 nutrito
691 3705 869 3758 adhuc
901 3705 1143 3769 apertius
1188 3703 1255 3757 ad
1287 3704 1378 3757 illa
1426 3718 1548 3774 quae
1601 3703 1746 3771 apud
1797 3703 2067 3773 lgnatium

488 3806 816 3867 sequuntur,
843 3796 1050 3862 allusit,
1078 3795 1240 3849 καλὸν
1272 3797 1333 3849 τὸ
1369 3796 1524 3851 δῦναι
1555 3797 1662 3850 ἀπὸ
1703 3797 1909 3868 κόσμου
1935 3797 2072 3869 πρὸς

485 3887 642 3950 Θεὸν,
662 3887 751 3940 ἴνα
773 3888 852 3949 εἰς
884 3887 1047 3939 αὑτὸν
1080 3885 1364 3939 ἀνατείλω.
1387 3885 1525 3939 Cum
1549 3901 1675 3940 eum
1700 3903 1825 3941 cum
1850 3897 2070 3956 aposto-

485 3980 553 4032 lis
580 3988 856 4032 versatum
883 3992 1005 4032 esse
1031 3979 1248 4044 asserit,
1285 3978 1380 4030 καὶ
1408 3977 1588 4049 ῥητῶν
1621 3979 1715 4031 καί
1740 3979 2068 4050 ἀπορρήτων

484 4072 668 4132 αὐτοῖς
702 4070 1122 4137 κοινωνήσαντα,
1159 4085 1262 4122 non
1309 4080 1516 4122 tantum
1543 4069 1840 4137 eﬂ’abilium
1884 4071 1973 4123 sed
2016 4079 2066 4124 et

484 4175 800 4215 arcanorum
825 4161 1160 4230 participem,
1193 4175 1297 4213 non
1331 4169 1511 4230 potest
1539 4175 1646 4213 non
1691 4161 1964 4229 respicere
2001 4177 2066 4216 ea

482 4263 606 4316 quae
635 4248 700 4300 ad
739 4245 1055 4302 Trallenses
1099 4246 1294 4302 scribit
1335 4247 1578 4317 lgnatius
1611 4248 1679 4301 de
1719 4249 2062 4315 coelestibus,

481 4340 548 4393 de
588 4339 794 4407 angelis
838 4351 892 4393 et
941 4339 1360 4409 principatibus,
1415 4355 1538 4409 quae
1583 4355 1732 4393 nunc
1783 4349 2066 4409 tantopere

480 4429 787 4498 displicent.
847 4429 985 4483 Cum
1039 4431 1280 4499 denique
1329 4430 1432 4483 iter
1475 4429 1596 4497 ejus
1632 4429 1778 4498 quod
1830 4430 2065 4484 confecit

477 4531 718 4581 enarrat,
763 4523 1138 4593 μακροτέρους
1179 4521 1430 4584 διαύλους
1461 4521 1556 4574 τοῦ
1589 4521 1815 4592 δρόμου,
1851 4531 1923 4582 et,
1954 4521 2061 4574 τῶν

476 4613 781 4685 ἐκκλησιῶν
815 4614 1201 4686 συγκρότησιν,
1229 4616 1594 4683 civitatesque
1629 4613 1772 4666 κατὰ
1803 4614 1902 4684 τὴν
1935 4613 2053 4666 ὁδὸν

478 4707 876 4778 συντρεχούσας
903 4721 1242 4769 memorans,
1264 4707 1395 4760 illud
1413 4721 1481 4760 ex
1496 4707 1746 4774 epistolis
1766 4707 1925 4775 plane
1940 4723 2061 4776 per-

476 4801 746 4868 sequitur,
784 4801 927 4868 quod
957 4798 1515 4869 Magdeburgensibus
1546 4800 1686 4854 adeo
1713 4794 2055 4869 displicebat.

483 4891 572 4944 Vel
599 4906 666 4945 ex
699 4892 817 4960 ipsa
851 4891 1016 4960 igitur
1053 4889 1247 4959 lgnatii
1280 4890 1610 4960 panegyrico
1644 4900 1853 4946 certum
1883 4902 1968 4948 est
1993 4893 2054 4947 S.

474 4984 926 5054 Chrysostomum
951 4982 1216 5052 epistolas
1250 4981 1372 5050 ejus
1411 4983 1621 5052 optime
1650 4986 1893 5049 novisse,
1935 5002 2056 5039 ma-

472 5079 676 5147 gniquc
704 5077 1009 5130 testimasse
1028 5115 1043 5139 ,
1085 5083 1140 5128 et
1171 5090 1237 5128 ex
1264 5089 1453 5128 earum
1493 5091 1601 5130 una
1625 5077 1898 5132 celebrem
1927 5094 2056 5134 sen-

475 5171 700 5222 tentiam
726 5170 1090 5236 excerpsisse.

547 5261 649 5315 Sed
701 5262 963 5330 epistolas
1011 5277 1119 5315 non
1168 5261 1493 5328 nominavit,
1543 5276 1668 5316 cum
1710 5265 2052 5332 propriarum

471 5357 727 5424 martyris
767 5353 987 5406 laudum
1010 5354 1190 5423 inopia
1224 5354 1510 5410 laboraret.
1545 5355 1660 5409 lmo
1694 5371 1826 5410 vero
1863 5369 2054 5411 orator

471 5450 561 5502 ille
589 5447 1166 5501 consummatissimus
1199 5447 1404 5516 optime
1432 5450 1584 5503 novit.
1612 5464 1736 5518 quae
1756 5451 2044 5519 panegyri-

469 5557 587 5596 cam
627 5543 932 5594 orationem
969 5541 1207 5594 maxime
1235 5551 1518 5606 ornarent,
1556 5543 1740 5611 itaque
1785 5543 2047 5610 epistolas

467 5634 678 5697 emisit,
712 5646 906 5687 czetera
937 5642 1272 5702 prosecutus
1303 5643 1406 5688 est.
1445 5632 1769 5689 Orationem
1803 5636 2047 5690 instituit

467 5725 596 5794 περὶ
621 5725 726 5777 τῶν
756 5725 1295 5810 κατορθῳμάτων,άε
1313 5727 1460 5779 rebus
1487 5727 1824 5795 prteclareab
1843 5727 2048 5798 lgnatio

467 5820 646 5888 gestis,
683 5828 738 5874 ut
767 5835 875 5874 non
909 5819 1072 5875 semel
1113 5820 1431 5890 prolitctur;
1460 5821 1524 5874 de
1552 5821 1618 5874 iis
1648 5835 1769 5889 quae
1799 5823 2036 5878 maxime

2188 1979 2300 2017 non
2331 1973 2595 2034 tanquam
2626 1967 2949 2036 scriptorem
2981 1969 3448 2038 elegantissimum
3469 1990 3782 2044 rem-assem

2189 2064 2288 2109 tat.
2324 2055 2450 2112 Htec
2487 2058 2623 2113 satis
2654 2060 2866 2128 putavit
2898 2059 2970 2112 ad
3003 2065 3315 2116 memoriam
3340 2071 3619 2133 presenti:
3640 2069 3773 2135 loci,

2189 2148 2525 2216 festiuitatem
2558 2151 2931 2206 solemnissimi
2954 2154 3077 2217 diei,
3100 2159 3508 2225 propositionem
3529 2161 3777 2217 saluber-

2188 2242 2313 2293 rimi
2338 2243 2583 2308 exempli.
2605 2243 2816 2298 Pariter
2843 2244 3346 2319 S.Chrysostomus
3365 2251 3415 2304 in
3441 2255 3776 2326 panegyrico

2187 2333 2448 2402 epistolas
2479 2350 2588 2389 non
2619 2347 3038 2405 commemorat,
3069 2341 3323 2409 quamvis
3368 2343 3434 2398 iis
3467 2354 3676 2410 utatur,
3700 2349 3772 2400 ad

2187 2439 2393 2493 easque
2422 2425 2740 2496 frequenter
2767 2430 3055 2500 respiciat;
3076 2431 3129 2484 in
3155 2432 3258 2486 alia
3283 2441 3462 2488 tamen
3493 2438 3770 2504 oratione,

2187 2517 2472 2585 epistolam
2525 2518 2594 2571 ad
2645 2521 2990 2577 sacerdotem
3044 2525 3360 2594 quemdam,
3401 2525 3770 2599 Polycarpum

2187 2607 2437 2674 scilicet,
2471 2610 2623 2666 citat.
2681 2613 2874 2668 Exstat
2915 2625 3096 2670 autem
3127 2633 3191 2672 ea
3219 2619 3397 2672 oratio
3431 2619 3484 2672 in
3515 2629 3666 2675 tomo
3697 2621 3771 2676 νι

2185 2701 2346 2768 cujus
2424 2702 2616 2758 titulus
2665 2715 2793 2759 est:
2868 2707 3022 2771 Quod
3070 2726 3205 2762 unus
3263 2709 3462 2765 Veteris
3502 2724 3552 2768 et
3625 2713 3771 2770 Novi

2189 2789 2510 2846 Testamenti
2535 2793 2812 2864 legislator
2833 2798 2936 2862 sit,
2959 2813 3024 2851 ex
3057 2815 3165 2868 qua
3191 2802 3566 2857 testimonium
3585 2803 3738 2878 Chry
3753 2837 3767 2846 -

2185 2885 2416 2939 sostomi
2440 2888 2743 2941 secundum
2775 2891 3158 2958 produximus.

2253 2974 2396 3042 Quid
2446 2979 2514 3032 de
2567 2977 2657 3032 illa
2716 2981 2968 3036 oratione
3022 2986 3259 3040 senserit
3291 2986 3376 3041 vir
3404 2988 3768 3046 doctissimus

2181 3066 2328 3122 haud
2367 3069 2505 3124 satis
2548 3080 2701 3125 certo
2743 3072 2893 3139 seio;
2936 3090 3042 3127 non
3083 3076 3276 3132 dubito
3301 3088 3481 3133 tamen
3506 3083 3642 3151 quin
3672 3085 3766 3138 illa

2183 3159 2344 3213 nobis
2371 3161 2720 3229 repositurus
2751 3173 2916 3229 esset,
2944 3165 2988 3219 si
3021 3165 3249 3229 viveret,
3276 3185 3398 3239 quae
3423 3173 3644 3242 scripsit
3674 3192 3768 3232 ve-

2180 3251 2462 3306 nerandus
2495 3267 2663 3307 senex
2698 3252 2990 3323 Usserius;
3024 3273 3148 3312 cum
3175 3257 3494 3318 Usserianis
3522 3268 3768 3335 saepissi—

2179 3355 2267 3394 me
2298 3356 2433 3396 usus
2468 3344 2560 3398 sit.
2586 3342 2681 3399 llle
2727 3355 2912 3401 autem
2943 3351 3250 3405 orationem
3281 3369 3400 3407 eam
3429 3354 3485 3409 S.
3511 3355 3749 3429 Chryso-

2177 3440 2360 3487 stomo
2392 3434 2692 3504 abjudicat,
2750 3449 2812 3492 ut
2857 3440 3145 3508 epistolam
3179 3442 3368 3514 lgnatii
3402 3449 3468 3502 ad
3500 3447 3769 3521 Polycar-

2175 3536 2305 3591 pum
2338 3522 2480 3577 inter
2512 3524 2735 3581 tictitias
2767 3543 3058 3584 numerare
3089 3543 3293 3600 posset.
3330 3534 3436 3590 Sed
3469 3539 3618 3593 illius
3642 3542 3769 3610 opi-

2173 3615 2325 3672 nioni
2355 3617 2410 3671 in
2438 3618 2541 3674 hac
2576 3636 2635 3675 re
2658 3636 2768 3676 non
2798 3624 3018 3678 accedo.
3072 3624 3262 3682 Potior
3292 3630 3426 3683 mihi
3455 3635 3765 3689 auctoritas

2173 3708 2370 3776 Photii,
2399 3711 2466 3766 de
2500 3722 2747 3769 veterum
2782 3717 3008 3785 scriptis
3046 3721 3238 3788 optimi
3278 3722 3504 3791 judicis,
3540 3727 3636 3796 qui
3671 3728 3765 3782 Bi-

2173 3802 2460 3858 bliotheca:
2486 3819 2602 3860 suae
2633 3806 2822 3862 codice
2843 3807 2970 3875 277,
3001 3826 3126 3864 eum
3166 3827 3233 3867 ex
3261 3814 3384 3870 aliis
3421 3825 3535 3870 tum
3559 3833 3627 3872 ex
3654 3819 3764 3875 hac

2170 3895 2418 3950 oratione
2437 3895 2672 3964 plurima
2693 3900 2981 3967 excerpsit.
3003 3900 3097 3953 Ἐκ
3113 3902 3403 3972 τοῦλόγου,
3425 3906 3507 3960 ὅτι
3523 3908 3763 3975 παλαιᾶς

2169 3987 2263 4039 καὶ
2289 3985 2417 4049 νέας
2439 3985 2716 4058 Διαθήκης
2748 3982 2828 4051 εἷς
2852 3990 2880 4040 ὁ
2910 3992 3226 4064 νομοθέτης.
3250 3996 3360 4048 Καὶ
3380 3999 3460 4060 εἰς
3475 3998 3536 4052 τὸ
3555 3999 3762 4073 ἔνδυμα

2167 4075 2262 4128 τοῦ
2292 4077 2481 4147 ἱερέως
2514 4080 2610 4132 καὶ
2652 4081 2782 4151 περὶ
2836 4083 3146 4151 μετανοίας.
3183 4085 3287 4151 Qui
3343 4089 3536 4147 titulus
3587 4093 3758 4164 hujus

2168 4169 2436 4224 orationis
2463 4171 2688 4226 totidem
2718 4175 2901 4230 verbis
2921 4193 3066 4231 nunc
3097 4189 3296 4234 exstat.
3329 4181 3395 4236 Et
3433 4186 3598 4240 verba
3631 4205 3759 4258 quae

2166 4261 2387 4331 quidem
2440 4263 2678 4332 plurima
2721 4267 2846 4321 inde
2898 4269 3140 4340 collegit,
3191 4272 3494 4328 etiamnum
3534 4277 3588 4331 in
3648 4279 3756 4336 hac

2165 4354 2438 4421 oratione,
2486 4359 2737 4426 quamvis
2763 4358 2906 4413 haud
2943 4363 3079 4416 satis
3103 4379 3260 4428 sana,
3297 4379 3586 4435 apparent.
3616 4371 3752 4426 Cer-

2164 4446 2436 4500 tissimum
2463 4447 2626 4517 igitur
2651 4460 2733 4505 est
2763 4466 2882 4505 eam
2912 4452 3168 4509 Photium
3197 4457 3400 4514 vidisse
3422 4471 3476 4515 et
3497 4477 3598 4530 pro
3627 4481 3751 4520 vere

2095 4558 2137 4612 ι)
2165 4537 2650 4605 Chrysostomiana
2676 4543 2954 4600 habuisse.
2978 4546 3081 4602 Sed
3105 4548 3165 4602 ι).
3196 4549 3432 4608 Savilius
3457 4553 3750 4614 Etonensis

2165 4631 2378 4699 collegii
2415 4632 2523 4700 (cui
2547 4649 2650 4704 ego
2681 4636 2982 4692 litterarum
3016 4642 3288 4708 primitias
3325 4646 3545 4719 debeo),
3569 4661 3624 4703 et
3650 4667 3750 4720 pa-

2164 4726 2281 4778 trize
2313 4734 2517 4779 nostra:
2547 4727 2736 4793 decus,
2770 4730 2932 4796 paulo
2967 4733 3126 4788 aliter
3175 4738 3370 4792 sensit.
3409 4738 3585 4810 Neque
3623 4760 3744 4798 uero

2163 4817 2298 4868 tanti
2319 4826 2395 4870 est
2428 4818 2570 4887 apud
2600 4835 2680 4872 me
2704 4824 3000 4877 auctoritas
3039 4824 3238 4888 Pltotii.
3276 4828 3476 4899 inquit,
3508 4835 3601 4902 qui
3630 4836 3746 4890 alia

2159 4909 2402 4976 qutedam
2432 4927 2537 4963 non
2564 4915 2780 4980 optima:
2819 4925 2958 4970 uota
2987 4920 3200 4987 recepit,
3247 4931 3304 4974 ut
3347 4924 3482 4977 inter
3512 4929 3744 4998 γνησίας

2157 5003 2550 5089 ἀναμφιϐόλως
2594 5009 3049 5066 adnumerandam
3091 5016 3231 5072 hanc
3267 5020 3572 5075 orationem
3621 5039 3744 5076 cen—

2158 5113 2324 5150 seam.
2379 5096 2526 5152 Satis
2557 5100 2673 5156 haec
2713 5103 2933 5171 quidem
2980 5116 3170 5172 caute;
3221 5113 3524 5165 auctoritas
3555 5111 3741 5170 Photii

2155 5204 2280 5242 eum
2301 5191 2571 5257 permovit
2586 5195 2957 5250 utorationem
2978 5213 3045 5251 ne
3067 5199 3286 5266 quidem
3308 5203 3449 5257 inter
3470 5204 3740 5274 ἀμφιϐαλ-

2154 5277 2355 5347 λόμενα
2379 5279 2601 5348 locaret,
2632 5298 2742 5338 non
2773 5293 2952 5338 tamen
2985 5289 3032 5340 ei
3082 5293 3356 5356 persuasit
3385 5302 3444 5347 ut
3472 5295 3612 5350 inter
3648 5315 3745 5369 ge-

2155 5371 2356 5424 nuinas
2405 5371 2523 5426 sine
2576 5379 2952 5432 controversia
3014 5381 3421 5440 adnumeraret.
3479 5387 3640 5454 Quod
3697 5394 3744 5447 si

2154 5461 2443 5517 habuisset
2487 5467 2800 5522 testimonia
2850 5469 2944 5524 illo
2989 5469 3166 5525 Photii
3209 5477 3540 5546 antiquiora,
3591 5479 3745 5538 forte

2157 5553 2323 5606 etiam
2381 5555 2522 5608 inter
2570 5559 2839 5627 genuinas
2893 5574 3262 5619 numerasset.
3321 5568 3461 5623 Ante
3507 5583 3740 5627 centum

2153 5651 2334 5696 autem
2371 5643 2484 5700 fere
2515 5662 2691 5703 annos
2722 5649 2998 5707 Adrianus
3022 5655 3160 5723 papa
3190 5655 3206 5706 Ι
3232 5657 3374 5714 hanc
3403 5661 3578 5730 ipsam
3611 5680 3738 5720 ora-

2150 5735 2352 5789 tionem
2401 5738 2455 5790 in
2498 5741 2726 5809 epistola
2769 5743 2834 5796 ad
2865 5742 3122 5800 Carolum
3153 5765 3331 5820 regem
3373 5756 3477 5809 sub
3507 5759 3737 5820 nomine

2154 5823 2211 5879 S.
2250 5824 2479 5884 Joannis
2513 5830 2893 5898 Chrysostomi
2949 5835 3167 5899 citavit;
3197 5846 3250 5894 et
3280 5850 3406 5898 ante
3434 5858 3558 5898 eum
3595 5846 3728 5916 Epi-
