4078 6442
346 407 463 461 ΜΠ

1132 406 1181 460 J.
1224 404 1590 461 PEAliSONll
1632 403 1951 459 VlND’lCUE
1994 403 2414 460 lGNAT‘lANAZ.
2465 436 2507 447 —
2568 403 2751 458 PARS
2789 403 2832 458 l.

3560 404 3663 457 198

346 524 610 592 phanius
654 523 927 580 diaconus
958 524 1224 581 adversus
1259 524 1585 594 Gregorium
1637 525 1955 594 episcopum
1988 528 2032 583 Λ
2061 523 2181 577 cenl
2218 522 2558 585 defecerunt,
2584 523 2627 574 si
2664 538 2789 575 vera
2840 530 3067 576 narrent
3112 520 3370 577 Socrates
3404 531 3453 573 ct
3491 520 3665 574 Suzo-

346 612 763 669 Neoczesarcm.
797 614 939 669 Ante
982 617 1152 682 hunc,
1183 624 1243 667 ut
1274 615 1328 668 in
1373 616 1612 670 secunda
1639 615 1847 687 synodo
1873 613 1969 668 Nic

348 722 510 759 (neua
542 707 783 778 legimus
812 749 828 774 ,
866 707 1190 762 Theodosius
1215 708 1527 761 venerabilis
1557 725 1748 777 prteses
1768 708 1827 762 S.
1854 708 1967 760 An-

348 800 501 851 dreae
570 799 718 867 apud
773 799 1026 865 Nesium,
1087 800 1327 854 libellum
1383 800 1620 869 ejusdem
1663 801 1728 856 Β.
1782 800 1964 855 Patris

349 886 591 941 Joannis
620 890 998 959 Chrysostomi
1027 890 1235 954 attulit,
1267 906 1421 960 quem
1449 891 1505 943 in
1542 889 1789 944 manibus
1821 905 1968 943 acce-

352 992 506 1049 ptum
539 982 817 1036 Antonius
858 981 1150 1035 monachus
1202 981 1350 1051 legit.
1404 981 1591 1037 Beata:
1632 983 1965 1036 recordatio-

353 1074 439 1126 nis
468 1072 659 1127 Patris
710 1076 883 1127 nostri
912 1073 1140 1129 Joannis
1176 1074 1538 1144 Chrysostomi
1560 1075 1734 1127 oratio
1758 1092 1776 1129 :
1809 1072 1966 1140 Quod

354 1166 581 1221 Veteris
608 1177 666 1222 et
693 1165 832 1220 Novi
864 1166 1201 1223 Testamenti
1234 1183 1378 1220 unus
1410 1169 1483 1221 sit
1510 1167 1813 1237 legislalor,
1835 1177 1889 1221 et
1912 1167 1965 1221 in

352 1262 756 1315 vestimentum
775 1262 1079 1330 pontilicis;
1103 1260 1255 1329 cujus
1273 1262 1487 1314 initium
1498 1270 1594 1326 est,
1613 1261 1965 1330 Evangelium

354 1352 514 1422 regni
574 1352 786 1406 Christi
821 1352 1105 1422 propheta:
1139 1352 1361 1421 quidem
1415 1352 1751 1406 annuutiant
1783 1352 1967 1423 (plane

356 1454 417 1497 ut
447 1459 602 1498 nunc
629 1442 827 1498 Graeca
871 1453 1074 1498 sonant
1106 1462 1119 1497 :
1153 1443 1267 1513 Τῆς
1302 1442 1542 1514 Χριστοῦ
1589 1442 1864 1513 βασιλείας
1907 1442 1970 1495 τὸ

358 1536 715 1605 Εὑαγγέλιον
779 1536 1112 1607 κηρύττουσι
1158 1534 1307 1606 [μὲν]
1343 1535 1664 1607 προφῆται),
1712 1545 1762 1588 et
1809 1535 1969 1604 paulo

355 1638 479 1697 post
516 1644 535 1681 :
573 1627 693 1697 Ego
732 1638 789 1682 et
818 1646 884 1682 ex
916 1645 1041 1683 cera
1074 1630 1291 1685 lusilem
1325 1631 1598 1700 picturam
1632 1631 1834 1701 pietate
1859 1632 1970 1699 ple-

358 1730 489 1768 nam
520 1716 740 1770 amavi.
774 1714 900 1769 Vidi
938 1719 1085 1771 enim
1111 1718 1364 1788 angelum
1408 1720 1462 1774 in
1496 1720 1735 1789 imagine
1764 1721 1969 1775 barba-

358 1823 560 1862 rorum
620 1808 803 1863 nubes
837 1810 1284 1879 propulsantem;
1320 1812 1429 1867 vidi
1482 1813 1847 1868 barbarorum
1876 1830 1970 1868 co-

356 1900 556 1954 hortes
610 1902 995 1967 conculcatas,
1049 1912 1105 1957 et
1159 1902 1415 1959 Davidem
1465 1920 1593 1959 vere
1647 1904 1964 1960 dicentem:

360 1992 620 2059 Domine,
656 1995 713 2046 in
738 1996 958 2049 civitate
1007 2005 1100 2049 tua
1125 1996 1409 2067 imaginem
1432 2014 1614 2052 eorum
1645 1999 1714 2052 ad
1745 1998 1971 2052 nihilum

357 2088 571 2155 redige:
605 2086 671 2139 ’³.
719 2085 856 2153 Qua:
887 2103 989 2142 nos
1041 2088 1096 2142 in
1147 2090 1335 2143 eadem
1372 2091 1624 2146 oratione
1658 2092 1733 2147 ita
1786 2091 1973 2147 Graece

356 2180 601 2247 legimus
627 2195 641 2229 :
692 2178 837 2247 Ἐγὼ
862 2182 957 2232 καὶ
984 2180 1083 2251 τὴν
1113 2182 1414 2252 κηρόχυτον
1444 2182 1662 2254 γραφὴν
1705 2184 1973 2254 ἠγάπησα

355 2271 657 2334 εὐσεϐείας
714 2272 1157 2343 πεπληρωμένην
1185 2288 1199 2303 ⁸
1250 2269 1392 2327 εἶδον
1432 2276 1489 2327 ἐν
1530 2275 1700 2329 εἰκόνι
1743 2276 1973 2345 ἄγγελον

354 2364 665 2418 ἐλαύνοντα
704 2365 842 2436 νέφη
883 2365 1196 2436 βαρϐάρων,
1245 2362 1383 2419 εἷδον
1410 2368 1729 2439 πατούμενα
1764 2369 1973 2441 βαρϐά-

357 2474 475 2528 ρων
522 2456 695 2525 φῦλα,
738 2460 834 2511 καὶ
868 2457 960 2510 τὸν
1002 2457 1168 2511 Δαόὶδ
1199 2458 1555 2529 ἀληθεύοντα,
1589 2460 1765 2532 Κύριε
1803 2462 1861 2513 ἐν
1901 2462 1969 2532 τῇ

356 2550 521 2602 πόλει
559 2567 659 2602 σου
702 2551 804 2621 τὴν
836 2551 1020 2603 εἰκόνα
1054 2550 1220 2604 αὑτοῦ
1251 2551 1649 2616 ἐξουδενὼσεις.
1687 2552 1971 2608 Paucissi-

357 2658 469 2696 mre
498 2657 640 2696 sane
690 2642 749 2695 S.
781 2641 1163 2713 Chrysostomi
1194 2645 1473 2698 orationes
1520 2653 1669 2711 sunt,
1706 2660 1806 2714 pro
1841 2644 1971 2714 qui-

356 2733 468 2786 bus
494 2742 578 2786 tot
605 2748 676 2786 ac
713 2741 823 2786 tam
856 2742 1074 2787 vetusta
1094 2733 1411 2788 testimonia
1429 2733 1613 2788 alferri
1640 2741 1897 2804 possunt.

431 2826 600 2891 Quod
629 2826 699 2879 ad
736 2826 941 2897 stylum
974 2826 1187 2892 attinet,
1219 2836 1273 2881 et
1315 2826 1536 2883 dicendi
1568 2828 1967 2895 characterem,

356 2932 476 2970 non
514 2916 682 2972 facile
705 2918 795 2972 hic
826 2918 1031 2987 aliquid
1061 2927 1115 2972 et
1149 2918 1313 2973 simul
1336 2929 1490 2975 certo
1517 2920 1731 2976 deliniri
1758 2930 1968 2992 potest;

354 3010 637 3079 quoniam
663 3011 848 3065 oratio
882 3011 1000 3080 ipsa
1027 3027 1135 3065 non
1172 3020 1255 3065 est
1286 3013 1425 3067 satis
1453 3013 1687 3083 integra,
1727 3015 1821 3070 sed
1851 3014 1969 3083 plu-

360 3104 531 3157 ribus
562 3104 618 3157 in
652 3104 793 3159 locis
814 3114 1094 3174 corrupta,
1148 3120 1325 3176 neque
1352 3108 1502 3161 enim
1540 3108 1762 3163 aliunde
1798 3125 1970 3164 venu-

2072 633 2265 670 mcnus
2294 633 2306 667 :
2342 617 2526 670 Πάντα
2582 612 2676 668 οὖν
2712 615 2781 667 τὰ
2812 615 2921 668 ὑπὸ
2952 617 3051 686 τὴν
3078 614 3343 685 ἀνατολὴν
3399 614 3505 667 ὑπὸ
3554 614 3665 667 τῶν

2068 708 2400 779 Σαρακηνῶν
2428 708 2569 762 κατὰ
2601 708 2691 760 τὸν
2714 707 2875 760 αὑτὸν
2901 707 3185 779 ἐπορθεῖτο
3218 707 3431 778 χρόνον.
3457 705 3662 759 Cuncta

2068 800 2235 869 igitur
2262 816 2440 853 versus
2469 801 2725 852 orientem
2760 798 2877 851 loca
2907 815 2940 851 a
2996 798 3280 853 Saracenis
3321 797 3500 851 eodem
3531 808 3662 850 tem-

2070 909 2195 961 pore
2223 892 2590 946 vastabantur.
2610 890 2799 944 Nonne
2820 890 2937 944 hate
2958 899 3264 960 opportuna
3291 890 3422 944 satis
3440 898 3492 942 et
3510 889 3659 957 justa

2070 984 2275 1039 Oratori
2304 999 2469 1039 causa
2494 982 2616 1048 fuit,
2646 991 2707 1036 ut
2731 984 2992 1052 populum
3021 983 3088 1037 ad
3120 982 3499 1052 paenitentiam
3530 982 3661 1034 hor-

2070 1086 2302 1144 taretur,
2356 1092 2531 1146 caque
2576 1076 2747 1130 Deum
2799 1085 3205 1147 permoverent,
3270 1075 3357 1127 ἵνα
3392 1073 3661 1144 πολέμους

2070 1170 2332 1243 ἀφανίσῃ,
2369 1171 2462 1223 καὶ
2504 1168 2815 1241 βαρϐάρους
2874 1168 3066 1238 σϐέσῃ.
3117 1165 3223 1222 Sed
3283 1176 3337 1222 et
3385 1183 3506 1221 cum
3544 1166 3657 1234 jam

2039 1338 2045 1345 .
2070 1263 2625 1333 Constantinopoleos
2646 1264 2940 1332 episcopus
2970 1272 3189 1316 creatus
3223 1260 3442 1325 fuisset,
3473 1254 3661 1313 Gaium

2071 1356 2291 1413 barbari
2324 1355 2577 1426 tyrannis
2608 1354 2807 1422 erupit,
2852 1354 2947 1423 qui
2998 1352 3303 1407 Gothorum
3344 1351 3658 1407 universam

2072 1459 2287 1521 gentem
2321 1464 2351 1503 e
2382 1447 2601 1503 sedibus
2633 1448 2751 1501 suis
2776 1446 2998 1511 accivit,
3045 1453 3099 1499 et
3144 1443 3428 1498 Romanos
3467 1458 3660 1498 omnes

2073 1542 2424 1596 multitudine
2446 1541 2808 1595 barbarorum
2835 1538 3049 1602 terruit,
3066 1553 3205 1606 quos
3222 1537 3386 1590 etiam
3408 1535 3461 1588 in
3486 1536 3659 1604 ipsam

2074 1637 2265 1690 urbem
2293 1632 2836 1702 Constantinopolim
2870 1629 3108 1694 induxit,
3142 1630 3236 1683 καὶ
3271 1627 3662 1699 βεϐαρϐάρωτο

2075 1726 2283 1795 ἡπόλις
2319 1723 2426 1778 ὑπὸ
2453 1725 2561 1778 τῶν
2597 1723 2805 1777 πολλῶν
2844 1722 3141 1794 μυριάδων,
3181 1731 3240 1776 ut
3275 1722 3520 1791 loquitur
3556 1719 3659 1773 So-

2075 1827 2274 1873 crates.
2306 1816 2461 1873 Tunc
2490 1816 2663 1872 fuisse
2711 1817 2945 1871 traditur
2978 1816 3068 1869 illa
3130 1814 3451 1884 angelorum
3495 1813 3657 1877 visio,

2072 1929 2196 1982 qua:
2231 1913 2592 1967 barbarorum
2623 1919 2852 1965 conatus
2896 1905 3162 1978 repressit
3193 1923 3206 1959 :
3244 1906 3390 1960 unde
3423 1904 3662 1960 fortasse

2070 2006 2268 2076 exponi
2299 2013 2477 2076 Ροῑθεῑ
2504 2003 2691 2074 γραφὴ
2718 2000 3040 2074 κηρόχυτος,
3070 1986 3192 2069 Quae
3234 1998 3337 2052 hac
3383 1998 3499 2067 ipsa
3530 2012 3661 2051 ora--

2073 2101 2224 2155 tione
2271 2098 2617 2167 proponitur.
2648 2093 2770 2149 Non
2819 2101 2939 2148 erat
2974 2092 3160 2163 igitur,
3197 2107 3297 2146 cur
3320 2090 3463 2144 hanc
3492 2103 3659 2143 unam

2075 2191 2478 2246 Savilianarum
2512 2188 2792 2243 rationum
2824 2186 3081 2240 recitaret
3109 2183 3513 2237 Armachanus.

2144 2284 2285 2338 Cum
2329 2292 2513 2337 autem
2563 2278 2898 2334 reverendus
2949 2293 3116 2331 senex
3168 2273 3431 2329 Usscrius
3480 2272 3663 2327 adhuc

2071 2377 2236 2431 etiam
2266 2374 2604 2443 coniecturis
2637 2371 2756 2427 suis
2784 2369 3112 2433 indulserit,
3147 2377 3201 2422 et
3225 2366 3560 2421 dubitaverit
3590 2381 3660 2418 an

2072 2467 2141 2522 ab
2186 2476 2410 2521 auctore
2442 2464 2743 2528 orationis,
2785 2477 2854 2516 an
2895 2462 2963 2515 ab
3005 2460 3397 2529 interpolatore
3436 2474 3500 2513 ea
3540 2473 3664 2527 qua:

2072 2559 2404 2630 protulimus
2432 2558 2577 2612 dicta
2605 2558 2719 2612 sint
2739 2599 2753 2623 ,
2790 2556 2908 2609 haec
2938 2570 2968 2607 a
3016 2552 3178 2607 nobis
3206 2552 3379 2605 multo
3411 2550 3662 2605 severius

2072 2648 2437 2705 examinanda
2474 2657 2624 2704 sunt.
2673 2647 2740 2700 In
2784 2646 3063 2711 Romana,
3110 2643 3324 2713 inquit,
3371 2642 3663 2695 cardinalis

2074 2741 2260 2798 Sirleti
2290 2751 2339 2796 et
2372 2741 2663 2796 Basiliensi
2688 2738 2779 2797 Jo.
2811 2738 3001 2792 Jacobi
3028 2737 3252 2791 Beureri
3296 2736 3525 2789 editione
3556 2735 3664 2788 ista

2073 2851 2177 2889 non
2211 2833 2489 2888 habentur.
2526 2831 2652 2887 Haec
2677 2832 2823 2886 enim
2863 2846 2972 2885 non
3002 2836 3133 2883 sunt
3159 2827 3268 2882 duo
3305 2824 3661 2895 exemplaria,

2073 2929 2169 2984 sed
2200 2945 2369 2983 unum
2407 2936 2619 2981 tantum
2644 2943 2659 2993 ;
2688 2923 2873 2979 Sirleti
2900 2922 3045 2978 enim
3075 2920 3264 2975 Graeca
3298 2934 3423 2974 cum
3451 2916 3665 2972 Latinis

2073 3020 2299 3077 Beureri
2349 3020 2577 3075 Basilea:
2622 3019 2767 3073 edita
2798 3027 2927 3072 sunt
2956 3016 3076 3071 sine
3106 3028 3209 3085 ope
3244 3012 3474 3067 alterius
3512 3011 3666 3066 codi-

2074 3116 2156 3172 cis
2188 3134 2202 3170 :
2238 3123 2293 3170 et
2324 3114 2599 3170 Beurerus
2640 3109 3162 3182 ipse‘conqneritur
3205 3106 3489 3175 exemplar
3528 3103 3662 3158 illud

355 3204 483 3249 stas
516 3193 1017 3265 Chrysostomiana
1047 3196 1184 3250 mihi
1213 3196 1405 3253 deesse
1438 3198 1674 3253 videtur.
1721 3199 1796 3254 De
1830 3200 1967 3254 alle-
1996 3226 2038 3283 α
2074 3211 2383 3267 Romanum
2412 3208 2583 3264 fuisse
2600 3193 2862 3262 mendose
2890 3212 2943 3259 et
2964 3202 3300 3273 negligenter
3328 3198 3664 3268 descriptum

356 3287 543 3356 goriis
596 3304 700 3342 cur
740 3298 1048 3359 querantur
1082 3306 1191 3345 non
1241 3291 1468 3356 habent,
1505 3292 1617 3347 illis
1646 3294 1793 3347 enim
1851 3302 1966 3347 tum

361 3391 587 3435 tantum
620 3381 763 3436 adeo
782 3380 1099 3451 frequenter
1129 3383 1318 3448 utitur,
1348 3399 1475 3438 cum
1504 3384 1558 3439 id
1582 3395 1968 3455 argumentum

357 3474 637 3543 postulat,
694 3473 925 3539 scilicet,
970 3489 1097 3528 cum
1132 3474 1198 3528 de
1229 3475 1569 3531 vestimentis
1620 3476 1968 3531 sacerdotum

360 3566 503 3635 agit.
545 3564 705 3632 Quod
738 3565 1009 3636 objiciunt
1048 3566 1193 3622 idem
1237 3566 1304 3620 de
1339 3569 1505 3622 unico
1539 3568 1851 3639 legislatorc
1880 3586 1971 3623 ar-

360 3670 704 3725 gumentum
738 3660 793 3711 in
816 3660 1097 3728 germanis
1125 3661 1248 3730 ejus
1277 3663 1498 3731 scriptis
1521 3662 1723 3730 saepius
1752 3664 1971 3733 egregie

361 3748 714 3819 γυμνασθὲν,
748 3749 839 3804 hic
863 3761 1051 3805 autem
1078 3750 1170 3805 vix
1203 3752 1369 3822 idque
1418 3752 1616 3820 frigide
1646 3753 1872 3823 attingi;
1915 3754 1969 3809 id

360 3845 560 3912 potius
592 3845 904 3899 orationem
935 3844 1335 3915 Chrysostomo
1374 3845 1637 3912 vindicat,
1678 3862 1845 3915 quam
1875 3846 1973 3899 ab-

360 3939 625 4008 judicat;
676 3953 788 3992 una
827 3938 976 3992 enim
1009 3946 1223 3991 tantum
1254 3953 1323 3993 ex
1350 3937 1532 3992 tribus
1563 3937 1816 4008 partibus
1840 3937 1972 3992 huic

362 4041 708 4103 argumento
739 4031 793 4084 in
828 4030 935 4085 hoc
953 4029 1138 4085 libello
1163 4030 1518 4099 impenditur,
1544 4039 1598 4085 et
1629 4040 1827 4085 auctor
1855 4030 1973 4100 ipse

364 4133 569 4178 monet
591 4124 660 4178 de
694 4123 801 4177 hac
848 4137 909 4177 re
947 4138 1008 4177 se
1046 4124 1200 4192 prius
1241 4122 1593 4188 disseruisse,
1631 4132 1686 4177 et
1730 4137 1795 4176 ea
1849 4136 1972 4192 quae

364 4219 533 4287 prius
582 4215 728 4270 dicta
772 4223 931 4269 erant
960 4215 1347 4269 tantummodo
1382 4214 1438 4267 in
1466 4214 1793 4269 memoriam
1823 4230 1970 4270 nunc

370 4324 645 4364 revocare
671 4324 685 4360 :
715 4303 867 4369 Οἶδα,
904 4307 1104 4376 inquit,
1124 4306 1312 4361 τοῦτον
1345 4304 1540 4378 πρώην
1563 4305 1847 4376 γυμνάσας
1878 4306 1970 4361 τὸν

367 4402 558 4469 λόγον,
614 4400 729 4452 ἀλλ’
765 4398 1205 4470 ἑπαναλαμϐἀνω
1259 4399 1398 4471 πρὸς
1432 4398 1761 4470 ὑπόμνησιν.
1813 4397 1971 4465 Quod

372 4496 621 4563 denique
650 4493 909 4561 scriptam
940 4493 1108 4548 velint
1140 4492 1448 4546 orationem
1479 4491 1621 4545 hanc
1642 4491 1971 4547 imminenti-

2073 3311 2128 3358 et
2165 3301 2369 3357 alicubi
2409 3298 2626 3354 lacunis
2664 3297 2847 3351 hians.
2885 3294 3138 3349 Lacuuas
3170 3291 3292 3345 illas
3325 3288 3391 3342 D.
3425 3286 3666 3342 Savilius

2072 3411 2139 3451 ex
2163 3395 2418 3449 Caesareo
2437 3390 2628 3447 codice
2654 3386 2948 3459 supplevit.
2974 3384 3133 3439 Nulla
3159 3383 3347 3452 itaque
3373 3381 3463 3435 hic
3484 3380 3551 3435 de
3578 3380 3664 3433 in-

2074 3488 2405 3558 terpolatore
2433 3484 2583 3553 justa
2604 3480 2868 3543 suspicio.
2902 3478 2960 3532 lu
2985 3477 3235 3532 Romano
3250 3474 3438 3529 codice
3457 3472 3666 3541 aliquot

2073 3580 2316 3652 pagellas
2347 3579 2538 3633 deesse
2568 3574 2780 3628 notavit
2807 3571 2870 3625 D.
2906 3571 3178 3632 Savilius;
3221 3567 3387 3637 idque
3427 3564 3662 3619 manife-

2076 3681 2162 3726 sto
2189 3686 2257 3725 ex
2284 3670 2404 3739 ipso
2431 3668 2554 3721 loco
2585 3662 3037 3734 deprehenditur.
3073 3658 3150 3713 Ita
3167 3654 3313 3711 enim
3337 3655 3477 3723 apud
3502 3654 3668 3708 Sirle-

2076 3771 2192 3816 tum
2221 3769 2275 3814 et
2300 3759 2601 3812 Beurerum
2631 3752 2917 3821 legebatur
2951 3768 2963 3804 :
2990 3746 3222 3803 Κελεύει
3246 3741 3339 3798 οὖν
3373 3746 3472 3816 τὴν
3504 3761 3668 3813 κεφα-

2074 3853 2172 3925 λὴν
2201 3851 2274 3923 μὴ
2298 3847 2437 3904 εἶναι
2468 3846 2702 3918 γυμνὴν,
2726 3842 2862 3898 ἀλλὰ
2894 3839 3314 3911 κεκαλυμμένην
3332 3876 3347 3901 ,
3372 3837 3459 3889 ἵνα
3488 3835 3666 3908 μάθῃς

2073 3945 2126 3996 τι
2164 3943 2258 3997 καὶ
2295 3936 2497 4012 μεταξὺ
2531 3938 2737 3992 τούτων
2762 3937 2810 3989 οἱ
2832 3931 3100 3995 κώδωνες,
3132 3930 3184 3985 id
3214 3939 3297 3983 est
3320 3926 3472 3998 jubet
3507 3935 3666 3995 caput

2076 4036 2292 4089 minime
2335 4048 2446 4088 esse
2486 4032 2688 4085 nudum
2730 4028 2820 4083 sed
2868 4034 3207 4095 coopertum,
3240 4032 3295 4075 ut
3343 4019 3484 4074 scias
3534 4018 3665 4089 quid

2073 4130 2233 4182 etiam
2261 4127 2401 4180 inter
2428 4125 2539 4179 hazc
2573 4119 2954 4177 tintinnabula.
2992 4116 3344 4183 Quis_autem
3383 4128 3493 4166 non
3520 4110 3669 4166 videt

2074 4218 2382 4291 posteriora
2409 4216 2578 4286 hujus
2602 4213 2887 4269 sententiae
2911 4226 2939 4264 a
2968 4208 3244 4279 prioribus
3273 4214 3388 4259 toto
3418 4204 3558 4258 uelo
3584 4202 3668 4256 di-

2075 4312 2259 4367 stare?
2288 4309 2423 4376 Quis
2454 4322 2565 4363 non
2590 4307 2778 4362 statim
2807 4301 3158 4374 persentiscit
3182 4299 3395 4369 aliquot
3421 4296 3667 4368 pagellas

2074 4406 2265 4459 deesse
2301 4404 2447 4457 inter
2484 4402 2574 4455 ἴνα
2630 4398 2810 4471 μάθῃς
2847 4406 2902 4452 et
2944 4397 2998 4449 τί
3038 4393 3165 4449 καίῖ
3208 4393 3354 4463 quod
3390 4392 3668 4446 veteribus

2074 4512 2210 4551 mss.
2250 4509 2515 4565 perquam
2542 4492 2813 4547 familiare
2837 4498 2942 4544 est.
2989 4486 3094 4542 Ubi
3124 4486 3271 4541 enim
3297 4484 3557 4537 librarius
3584 4482 3640 4535 it.
3660 4510 3676 4521 -

373 4587 471 4640 bus
488 4586 661 4640 exitio
679 4585 954 4639 orientalis
984 4587 1194 4655 imperii
1218 4586 1461 4639 barbaris
1487 4584 1812 4651 nationibus,
1835 4585 1973 4656 quod
2007 4596 2050 4651 Ι)
2079 4588 2215 4644 cidit
2252 4590 2306 4641 in
2337 4588 2581 4643 codicem
2607 4602 2672 4641 ex
2710 4600 2823 4654 quo
2854 4598 2964 4637 una
2991 4581 3078 4637 vel
3102 4581 3289 4651 plures
3321 4579 3535 4649 paginae
3561 4576 3669 4630 lor-

374 4682 433 4732 in
463 4689 709 4747 tempora
739 4677 1102 4748 Chrysostomi
1128 4680 1213 4732 via:
1238 4679 1504 4749 quadrare
1526 4687 1695 4746 potest
1722 4696 1740 4732 :
1773 4678 1825 4732 id
1856 4694 1979 4733 om-

380 4773 517 4827 nino
545 4772 658 4824 vim
694 4770 900 4823 nullam
935 4771 1121 4825 habet.
1164 4769 1283 4824 Non
1312 4785 1488 4839 pauca
1517 4785 1546 4823 a
1577 4770 1977 4840 Chrysostomo

378 4866 622 4919 diacono
655 4864 855 4932 scripta
876 4872 1026 4928 sunt,
1047 4863 1310 4917 nonnulla
1342 4863 1508 4917 etiam
1540 4863 1610 4917 ab
1636 4862 1972 4933 Anagnoste.

379 4956 541 5011 Tunc
569 4965 754 5010 autem
785 4954 983 5011 Valens
1012 4956 1312 5023 imperator
1342 4954 1447 5009 fuit
1476 4956 1801 5021 Antiochiae,
1834 4956 1978 5011 unde

382 5052 695 5107 accersitus
757 5049 1297 5119 Constantinopolim
1329 5048 1527 5119 pergit,
1582 5049 1676 5103 ubi
1710 5050 1974 5117 populum

379 5151 799 5197 consternatum
850 5142 1073 5211 reperit,
1127 5143 1176 5194 οἱ
1221 5140 1332 5212 γὰρ
1384 5140 1651 5211 βάρϐαροι
1702 5140 1978 5213 καταδρα-

384 5238 579 5307 μόντες
609 5235 711 5305 τὴν
744 5234 969 5305 Θρᾴκην
1002 5233 1104 5305 ήδη
1140 5232 1330 5286 καὶτὰ
1359 5232 1662 5303 προάστεια
1712 5232 1978 5304 ἐπόρθουν

381 5330 480 5398 τῆς
514 5326 937 5380 Κωνσταντίνου
984 5325 1194 5388 πόλεως
1231 5345 1243 5380 :
1288 5342 1411 5379 nam
1458 5325 1697 5390 barbari,
1728 5327 1820 5395 qui
1858 5326 1978 5395 jam

386 5421 674 5475 Thraciam
702 5418 1011 5487 depopulati
1034 5419 1265 5487 fuerant,
1299 5419 1415 5486 ipsa
1436 5435 1640 5488 quoque
1670 5417 1982 5474 Constanti;

384 5512 631 5583 nopt'rlees
663 5510 972 5565 suburbana
998 5511 1321 5575 vastabant;
1352 5496 1589 5581 cumque
1614 5512 1684 5565 iis
1713 5525 1979 5582 congres-

385 5623 479 5664 διες.
512 5604 715 5661 Valens
747 5605 931 5674 periit,
964 5602 1220 5658 Socrates
1252 5603 1347 5656 lib.
1382 5619 1455 5670 tv,
1493 5619 1543 5658 c.
1568 5603 1659 5658 '58.
1696 5601 1829 5658 Post
1862 5603 1977 5659 dis-

383 5714 600 5755 cessum
660 5698 829 5752 etiam
863 5694 1110 5751 Valentis
1150 5696 1221 5752 ab
1252 5694 1542 5752 Antiochia
1590 5696 1772 5752 statim
1814 5696 1980 5752 Sara—

460 5880 505 5916 "
535 5877 669 5935 Psal.
687 5892 858 5944 Lutt,
895 5874 986 5929 20.

2080 4692 2132 4736 te
2165 4682 2365 4736 excisae
2412 4688 2580 4745 sunt,
2614 4686 2710 4733 aut
2746 4692 2855 4731 nou
2890 4674 3358 4738 animadverteus,
3403 4679 3499 4723 aut
3530 4668 3669 4722 nihil

2078 4788 2303 4835 curans,
2334 4771 2519 4826 omnia
2548 4769 2742 4824 eodem
2777 4777 2968 4821 tenore
3007 4763 3149 4820 solet
3190 4760 3546 4817 describere:
3580 4759 3668 4814 id-

2080 4883 2186 4937 que
2222 4881 2330 4919 non
2358 4865 2411 4919 in
2435 4864 2627 4919 eodem
2653 4875 2820 4930 opere
2846 4855 3254 4920 tantummodo,
3289 4852 3385 4908 sed
3412 4853 3578 4907 etiam
3611 4852 3668 4904 in

2079 4959 2313 5015 diversis
2336 4957 2527 5013 eodem
2554 4953 2831 5008 volumine
2857 4948 3274 5019 comprehensis
3290 4959 3432 5014 saape
3459 4942 3667 4998 factum

2079 5064 2195 5119 est,
2232 5050 2324 5105 ubi
2367 5050 2494 5103 linis
2542 5048 2753 5111 unius,
2810 5043 3027 5098 initium
3079 5047 3264 5095 autem
3317 5036 3544 5091 alterius
3600 5036 3671 5090 ab

2080 5142 2381 5212 exemplari
2427 5138 2793 5195 describenda
2841 5135 2996 5207 prius
3024 5132 3276 5188 excisum
3308 5138 3413 5185 est.
3461 5126 3578 5182 lloc
3614 5128 3668 5182 in
3724 5194 3727 5197 ρ

2080 5235 2327 5305 epistolis
2351 5233 2634 5304 Polycarpi
2660 5239 2716 5286 et
2745 5229 3013 5284 Barnaba:
3040 5226 3146 5280 viri
3169 5224 3315 5279 docti
3339 5222 3667 5293 jampridem

2080 5326 2603 5397 deprehenderunt:
2644 5324 2752 5377 hoc
2798 5321 2916 5391 ipse
2953 5320 3006 5373 in
3049 5333 3183 5386 mss.
3225 5314 3454 5370 Thomas
3497 5315 3671 5383 magi-

2083 5423 2204 5487 stri,
2230 5429 2282 5473 et
2305 5417 2584 5473 Theodori
2617 5414 3012 5485 pmniteutialis
3042 5409 3357 5475 observavi,
3400 5407 3494 5477 qui
3526 5408 3672 5478 apud

2082 5524 2304 5568 nostros
2352 5509 2841 5577 Cantabrigienses
2892 5511 3271 5560 asservantur.
3308 5501 3449 5555 Cum
3504 5501 3675 5571 igitur

2082 5606 2250 5661 editio
2291 5603 2354 5656 υ.
2398 5600 2591 5655 Savilii
2623 5609 2733 5655 tam
2762 5598 2910 5655 clare
2950 5607 3115 5667 atque
3150 5595 3441 5666 perspicue
3484 5592 3669 5648 omnia

2084 5693 2355 5764 suppleat,
2388 5700 2449 5747 ut
2479 5691 2627 5761 prior
2654 5704 2784 5760 pars
2816 5687 3100 5745 sententiae
3134 5695 3243 5742 tam
3279 5686 3574 5743 incondita:
3603 5684 3673 5740 iis
