4078 6432
442 405 548 463 199

1427 395 1482 451 S.
1527 394 1874 452 IGNATIUS.
1916 423 1983 434 -
2024 393 2564 451 PROLEGOMENA.

3619 384 3734 436 2(ὶῇ

440 521 719 593 jungatur,
754 534 876 590 qure
907 516 1124 588 proprie
1157 521 1500 585 sequuntur,
1548 513 1755 567 κελεύει
1802 509 1895 567 οὖν
1931 515 2030 584 τὴν
2061 523 2104 576 Α
2135 515 2420 570 sententiae
2453 529 2619 582 quam
2655 511 2876 566 refutat.
2910 510 3015 566 Sed
3043 519 3100 564 ut
3127 508 3473 564 verissimam
3504 513 3737 561 senten—

444 609 687 680 κεφαλὴν
719 609 792 680 μὴ
829 605 967 660 εἶναι
1001 607 1246 677 γυμνὴν,
1288 604 1422 657 ἀλλὰ
1465 603 1909 674 κεκαλυμμένην,
1946 603 2033 656 ἴνα

448 703 592 776 μάθῃ
639 705 672 773 ἡ
723 700 932 772 κεφαλὴ
963 699 1057 753 τοῦ
1091 698 1241 761 λαοῦ,
1275 699 1358 750 ὅτι
1406 697 1644 767 κεφαλὴν
1679 696 1812 766 ἔχει,
1848 707 1898 750 et
1930 712 2031 765 po-

444 798 642 852 sterior
664 811 789 865 pars
817 795 1060 862 ejusdem
1095 793 1376 846 sententia:
1405 791 1473 845 iis
1507 790 1892 859 subjungatur,
1911 805 2035 858 quas

446 889 664 958 proprie
704 886 1020 954 praecedunt
1042 927 1056 948 ,
1107 883 1244 953 ἄνθη
1277 882 1332 935 δέ
1364 885 1500 935 εἰσιν
1543 882 1726 953 ἱερέως
1751 881 2031 950 συντυχία,

442 983 658 1052 ὁμιλία,
693 978 824 1052 ἦθος
856 978 1094 1049 ἀγαθὸν,
1128 977 1285 1045 λόγος
1330 975 1565 1047 χρηστὸς
1586 1014 1600 1037 9
1635 975 1815 1038 πίστις
1834 1015 1846 1037 ς
1885 974 2032 1039 δόξαν

445 1075 690 1146 ἀλήθεια,
718 1071 1054 1141 δικαιοσύνη,
1091 1070 1185 1123 καὶ
1218 1069 1419 1140 μεταξῦ
1453 1066 1660 1120 τούτων
1695 1067 1742 1118 οί
1767 1065 2032 1130 κώδωνες,

444 1173 477 1242 ἡ
505 1169 795 1242 συμφωνία
814 1167 920 1220 τῶν
948 1165 1128 1219 καλῶν
1161 1163 1360 1236 ἔργων,
1386 1163 1564 1231 quivis
1589 1162 1904 1230 perspiciat,
1928 1177 2034 1215 non

447 1265 688 1334 aliquam
729 1261 1210 1331 interpolationcm
1249 1257 1500 1310 infultam
1528 1297 1544 1321 ,
1584 1255 1678 1309 sed
1710 1255 1914 1323 justam
1948 1264 2035 1308 at-

447 1372 552 1426 que
583 1353 953 1408 necessariam
985 1349 1388 1420 suppletiouem
1424 1348 1623 1401 tactam
1653 1345 1825 1400 fuisse
1857 1362 1924 1400 ex
1951 1361 2039 1400 co-

445 1449 566 1502 dic‘e
603 1447 877 1501 Caesareo.
908 1443 1041 1510 Qua:
1076 1442 1298 1511 quidem
1344 1439 1507 1493 etiam
1534 1448 1715 1494 exstat
1751 1439 1804 1492 in
1847 1438 2037 1492 codice

448 1539 785 1593 Barocciano
804 1537 926 1600 151,
946 1551 998 1605 p.
1026 1534 1128 1587 178
1145 1531 1364 1597 Oxonii,
1385 1531 1489 1585 sth
1515 1531 1737 1584 nomine
1755 1529 2036 1584 ctiam-1:06

448 1627 839 1700 Χρυσοστόμου
860 1669 874 1690 ,
907 1635 959 1679 et
988 1640 1016 1678 a
1055 1623 1253 1677 Photio
1282 1620 1642 1675 confirmatur
1665 1659 1682 1685 ,
1712 1620 1806 1688 qui
1854 1619 1906 1672 in
1943 1634 2038 1672 ex-

448 1722 652 1790 cerptis
689 1718 936 1790 agnoscit
971 1733 1033 1771 ea
1071 1731 1195 1786 quae
1235 1729 1380 1768 nunc
1423 1713 1775 1781 reperiuntur
1805 1711 1858 1765 in
1901 1726 2034 1780 sup-

449 1814 744 1883 plemento.
781 1811 1048 1865 Przcterca
1075 1816 1255 1862 exstat
1277 1807 1392 1859 haec
1418 1805 1594 1858 oratio
1623 1804 1674 1856 in
1713 1803 1823 1857 alio
1846 1803 2036 1858 codice

2137 607 2267 659 tiam
2315 621 2437 659 esse
2482 603 2680 669 fateor,
2711 619 2878 671 quam
2909 603 2978 656 de
3012 601 3275 670 Dionysio
3319 596 3734 668 hypobolimam

2135 697 2411 762 defendit;
2448 712 2699 767 negoque
2732 697 2844 749 ullo
2874 705 3037 764 pacto
3065 694 3183 748 fieri
3210 692 3482 762 potuisse,
3507 697 3571 742 ut
3591 687 3736 740 Dio-

2137 791 2332 862 nysius
2371 788 2703 859 Areopagita
2746 803 2810 841 ea
2851 784 3161 856 scripserit,
3201 798 3324 852 qua:
3349 781 3454 836 sub
3481 780 3606 848 ejus
3630 793 3740 830 no-

2136 883 2286 938 mine
2319 879 2573 937 feruntur
2605 901 2618 933 :
2654 881 2728 934 ita
2762 895 2886 949 qua:
2925 879 2993 934 de
3029 875 3243 946 origine
3269 872 3549 944 opinionis
3593 886 3742 927 con-

2138 979 2323 1033 traria:
2367 987 2422 1032 et
2463 983 2623 1029 aetate
2665 974 2873 1029 lictoris
2899 973 3098 1028 asserit
3135 970 3393 1034 Dallaaus,
3429 967 3522 1021 illa
3569 981 3737 1036 pror-

2137 1088 2232 1128 sus
2291 1087 2322 1125 a
2370 1070 2602 1124 veritate
2657 1069 2960 1124 abhorrere
3020 1065 3220 1120 sentio.
3283 1061 3416 1128 Qua:
3477 1059 3547 1114 ab
3603 1059 3738 1113 aliis

2137 1165 2350 1234 accepit
2376 1170 2698 1232 argumenta
2728 1169 2875 1216 recte
2903 1168 2958 1214 et
2983 1174 3082 1229 pro
3107 1173 3211 1212 suo
3233 1171 3384 1210 more
3403 1169 3510 1208 non
3541 1153 3736 1208 minus

2105 1255 2354 1325 _fortiter
2398 1271 2566 1325 quam
2617 1253 2740 1309 fuse
2797 1253 3084 1322 explicat:
3136 1263 3200 1305 ea
3245 1263 3376 1303 vero
3423 1247 3480 1302 in
3523 1245 3738 1316 quibus

2138 1347 2480 1402 Blondellum
2517 1361 2679 1402 suum
2706 1355 2931 1401 secutus
2957 1353 3061 1409 est,
3096 1352 3189 1397 aut
3212 1356 3335 1412 qua:
3360 1341 3475 1408 ipse
3501 1338 3736 1408 excogi-

2137 1440 2291 1504 tavit,
2330 1440 2464 1493 nihil
2499 1441 2660 1494 solidi
2707 1439 2995 1493 continere
3039 1435 3318 1492 existimo.
3362 1431 3552 1487 Tradit
3579 1433 3736 1486 enim

2137 1533 2415 1588 neminem
2465 1549 2533 1588 ex
2570 1532 2872 1590 Catholicis
2923 1540 3051 1585 ante
3099 1545 3305 1583 annum
3345 1527 3564 1582 Domini
3597 1527 3734 1590 630,

2139 1624 2652 1694 Areopagiticorum
2703 1631 2984 1677 auctorem
3013 1636 3203 1675 verum
3238 1634 3360 1673 esse
3403 1605 3736 1690 Dionysium

2140 1728 2236 1772 aut
2268 1717 2568 1772 allirmasse
2611 1724 2709 1770 aut
2756 1714 3061 1771 credidisse
3099 1732 3112 1767 :
3159 1714 3262 1767 hoc
3300 1711 3566 1781 primum.
3603 1709 3738 1764 Vult

2138 1809 2302 1864 etiam
2334 1818 2615 1862 auctorem
2638 1850 2652 1873 ,
2683 1808 2939 1878 quisquis
2971 1807 3074 1870 sit,
3107 1805 3194 1860 vel
3217 1805 3416 1874 quinto
3456 1803 3735 1874 praecipiti

450 1899 787 1952 liarocciatlo
811 1941 826 1964 ν
866 1911 1064 1966 nempe
1105 1895 1228 1959 186,
1260 1893 1356 1946 ίυι-
1387 1893 1491 1958 26,
1525 1893 1614 1946 “bi
1651 1894 1824 1946 ῐηυηο
1856 1893 2034 1961 major
2066 1890 2106 1944 Β
2138 1902 2360 1966 seculo,
2396 1901 2482 1954 vel
2513 1901 2678 1954 etiam
2705 1899 2930 1954 ineunte
2957 1909 3112 1953 sexto
3135 1899 3368 1964 vixisse;
3401 1912 3581 1966 neque
3602 1905 3740 1951 ante

449 1999 532 2046 est
562 1991 781 2054 lacuna,
814 2005 978 2059 quam
1009 1989 1098 2041 illa
1129 2003 1250 2056 quae
1278 1985 1384 2039 fuit
1411 1985 1464 2038 in
1491 1986 1732 2040 editione
1763 1985 2035 2038 Rotnana.

450 2083 525 2138 lla
554 2083 700 2137 enim
726 2083 796 2137 ibi
824 2083 1079 2151 legimus,
1111 2079 1320 2133 κελεύει
1343 2079 1436 2132 καὶ
1471 2077 1568 2148 τὴν
1603 2077 1846 2150 κεφαλὴν
1875 2095 2038 2150 προσ-

448 2175 621 2247 φορὰν
680 2175 772 2227 καὶ
824 2175 954 2246 περὶ
992 2171 1269 2243 ἁμαρτίας
1297 2211 1311 2235 ,
1351 2169 1488 2224 adeo
1534 2177 1594 2223 ut
1655 2169 2040 2224 desiderentur

449 2267 631 2320 omnia
656 2282 684 2320 a
704 2267 902 2336 pagina
935 2265 1060 2329 615,
1085 2265 1181 2318 lin.
1210 2263 1294 2327 14,
1326 2278 1501 2332 usque
1531 2263 1598 2316 ad
1629 2262 1884 2332 paginam
1908 2261 2035 2324 646,

449 2357 545 2410 lin.
577 2357 646 2410 35
692 2355 952 2410 editionis
983 2353 1299 2408 Savilianm.
1356 2351 1509 2406 Vana
1542 2361 1626 2407 est
1671 2353 1839 2422 igitur
1865 2351 1932 2406 de
1956 2351 2041 2404 in-

449 2451 776 2520 terpolatore
809 2449 1160 2518 conjectura;
1206 2447 1588 2501 testimonium
1636 2454 1887 2498 nostrum
1913 2484 1929 2508 ,
1969 2443 2040 2498 ab

451 2541 571 2610 ipso
603 2541 765 2610 hujus
797 2541 1068 2594 orationis
1095 2548 1323 2593 auctore
1353 2539 1628 2607 prolatum
1661 2545 1779 2600 est;
1831 2536 2039 2605 episto-

450 2635 499 2688 la
531 2633 597 2688 ad
629 2632 991 2703 Polycarpum
1022 2647 1129 2685 non
1161 2630 1230 2684 ab
1256 2631 1572 2699 impostorc,
1602 2627 1695 2683 sed
1731 2624 1790 2681 S.
1821 2625 2041 2696 lgnatio

451 2725 654 2794 scripta
685 2733 793 2779 est.

1073 2829 1304 2886 CAPUT
1335 2828 1405 2886 Χ.

453 2927 941 2996 Pseudo-Dionysii
973 2935 1104 2980 artas
1135 2927 1366 2996 eruitur.
1399 2924 1594 2978 Dallwi
1629 2923 1892 2996 sententia
1915 2938 2040 2990 pro-

519 3009 739 3070 ponitur
807 2994 857 3052 et
915 2999 1208 3070 refutatur.
1273 2995 1506 3070 Plurimi
1554 2994 1806 3048 catholici
1860 3009 2039 3070 veruln

523 3062 901 3139 'Areopagitam
941 3062 1061 3122 eum
1110 3067 1274 3135 fuisse
1323 3067 1658 3139 crediderunt
1707 3075 1830 3139 ante
1857 3080 1916 3139 ιι.

521 3134 671 3196 650.’
694 3134 1301 3210 Αἰιςιοικίᾳιιίξᾳιιξενεει
1324 3178 1338 3201 ,
1374 3137 1551 3210 libros
1592 3152 1716 3188 suos
1745 3134 1912 3187 edidit
1943 3134 2040 3186 diu

523 3221 645 3264 ante
679 3228 731 3263 a.
784 3209 850 3263 Β.
883 3208 1008 3264 520.
1050 3208 1233 3260 Multis
1265 3208 1522 3276 probatur
1554 3222 1674 3260 eum
1714 3215 1904 3276 quarto
1944 3220 2040 3257 sa:-

523 3282 643 3335 culo
678 3283 893 3334 vixisse.
929 3280 1164 3348 Denique
1196 3277 1468 3345 probabile
1494 3287 1572 3331 est
1614 3275 1734 3330 eum
1763 3275 2038 3346 scripsisse

521 3352 800 3423 postremis
837 3350 1054 3404 Eusebii
1079 3350 1421 3418 temporibus.

524 3465 803 3521 llactcnus
824 3478 1017 3518 eorum
1055 3460 1282 3517 Patrum
1315 3459 1633 3517 testimonia
1665 3457 2039 3524 defendimus,

453 3564 658 3634 quibus
709 3563 859 3616 litem
914 3560 1089 3614 movit
1129 3556 1483 3612 adversarius
1509 3597 1525 3622 ,
1559 3570 1813 3625 quosque
1863 3554 1948 3608 vel
1987 3554 2043 3608 id

453 3655 601 3726 quod
649 3655 907 3709 volumus
951 3652 1175 3707 minimc
1221 3657 1450 3705 testatos
1491 3664 1644 3712 esse,
1696 3649 1818 3713 vel,
1852 3647 1898 3702 si
1936 3647 2044 3701 hoc

454 3750 562 3803 dici
595 3748 748 3803 nullo
792 3745 956 3800 modo
995 3752 1223 3814 posset,
1271 3743 1528 3810 deceptos
1558 3749 1612 3795 et
1648 3739 1874 3795 delusos
1921 3754 2045 3794 esse

457 3839 856 3912 pronuntiavit.
889 3837 1162 3903 Quoniam
1193 3849 1329 3890 vero
1362 3833 1689 3905 Dionysium
1725 3834 1890 3888 etiam
1921 3842 2045 3886 tan-

454 3947 621 4002 quam
655 3939 848 3985 testem
879 3929 1191 3991 citavimus,
1223 3941 1387 3996 quem
1419 3925 1657 3981 Dallaeus
1681 3925 1795 3995 ipse
1823 3935 2048 3980 senten-

457 4026 590 4077 tiam
627 4022 696 4076 ab
729 4021 939 4091 lgnatio
972 4019 1027 4073 in
1057 4019 1289 4089 epistola
1339 4019 1407 4071 ad
1455 4017 1737 4072 Romanos
1781 4016 2045 4084 scriptam

456 4127 926 4170 commemorasse
965 4127 1074 4166 non
1117 4120 1328 4165 tantum
1371 4109 1601 4173 fatetur,
1646 4108 1742 4162 sed
1783 4117 1839 4162 et
1881 4107 2047 4160 vehe-

460 4217 670 4261 menter
707 4205 835 4259 alibi
876 4204 1198 4269 contendit,
1248 4203 1300 4255 id
1333 4217 1504 4255 unum
1551 4215 1700 4254 nunc
1749 4207 1948 4263 restat,
1990 4206 2050 4250 ut

457 4309 673 4355 aetatem
725 4314 756 4353 a
812 4298 972 4352 nobis
1010 4298 1083 4350 illi
1112 4297 1448 4366 assignatam
1487 4302 1780 4357 tueamur,
1807 4297 1863 4344 et
1907 4290 2049 4343 inter

461 4402 627 4454 testes
656 4391 894 4445 Eusebio
925 4404 1160 4453 coaevos,
1202 4387 1248 4441 si
1293 4401 1379 4442 res
1415 4386 1531 4455 ipsa
1559 4384 1818 4453 patiatur,
1850 4397 2049 4435 nume--

462 4500 668 4540 remus.
724 4483 1021 4536 Historiam
1062 4479 1482 4534 ecclesiasticam
1525 4476 1821 4546 postremis
1877 4473 2050 4528 Eusc—

2141 2007 2346 2046 annum
2394 1991 2609 2046 Domini
2639 1994 2858 2048 circiter
2897 1992 3023 2058 520,
3059 1992 3202 2047 fetus
3235 1992 3339 2045 hos
3367 2005 3499 2044 suos
3527 1987 3740 2059 Diony-

2141 2083 2226 2137 sio
2256 2083 2478 2136 immani
2513 2084 2708 2138 fraude
2743 2085 3062 2153 suppositos
3089 2083 3330 2139 edidisse
3360 2103 3373 2138 :
3408 2085 3510 2138 hoc
3538 2098 3736 2138 secun-

2142 2173 2296 2228 dum.
2327 2172 2593 2228 Neutrum
2621 2187 2802 2230 autem
2832 2176 3029 2229 horum
3062 2192 3189 2231 cum
3225 2176 3337 2230 ulla
3366 2178 3612 2232 veritatis
3634 2187 3740 2230 aut

2141 2269 2549 2338 probabilitatis
2581 2273 2763 2340 specie
2791 2272 3081 2328 asset-itur.
3117 2271 3188 2326 Ut
3208 2273 3323 2327 lucc
3350 2273 3608 2328 omnibus
3635 2288 3740 2341 ap-

2141 2371 2391 2432 pareant.
2415 2372 2470 2416 et
2492 2363 2755 2418 methodo
2779 2364 3016 2435 quadam
3050 2374 3198 2419 certa
3237 2365 3304 2418 ad
3333 2379 3518 2418 veram
3563 2379 3728 2432 pseu-

2142 2452 2501 2526 do-Dionysii
2543 2464 2758 2510 astatem
2805 2456 3104 2510 eruendam
3153 2457 3481 2526 procedam,
3523 2458 3592 2510 ab
3624 2455 3741 2510 illis

2144 2545 2518 2616 incipiendum
2562 2555 2730 2617 puto,
2762 2563 2886 2617 quae
2920 2557 3049 2602 sunt
3086 2548 3407 2614 novissima,
3435 2549 3739 2602 ostenden-

2141 2639 2405 2708 dumque,
2424 2640 2926 2709 quinamCatholici
2955 2650 3080 2695 ante
3103 2655 3152 2694 a.
3187 2639 3250 2694 υ.
3276 2641 3381 2694 650
3409 2639 3738 2712 Dionysium

2141 2730 2530 2800 Areopagitam
2577 2747 2768 2786 verum
2806 2743 3088 2788 auctorem
3120 2747 3313 2787 eorum
3348 2749 3472 2803 qua
3515 2733 3591 2787 illi
3633 2734 3739 2788 tri-

2141 2824 2473 2889 buebantur,
2507 2825 2678 2881 fuisse
2701 2834 2756 2879 et
2785 2827 3082 2882 credebant
3109 2837 3164 2882 et
3185 2826 3550 2882 afﬁrmabant.

2214 2914 2402 2970 Primo
2440 2917 2626 2988 itaque
2667 2916 2952 2984 Leontius,
2984 2919 3126 2974 libro
3166 2917 3246 2972 De
3277 2921 3451 2994 sectis,
3481 2919 3740 2989 agnoscit

2143 3006 2464 3080 Dionysium
2489 3011 2905 3082 Areopagitam,
2934 3027 3170 3083 eumque
3193 3012 3337 3067 inter
3363 3011 3556 3068 Patres
3585 3012 3738 3067 anti—

2143 3101 2447 3170 quissimos
2479 3104 2746 3170 nominat,
2777 3103 3021 3173 alibique
3065 3118 3191 3159 eum
3239 3105 3419 3159 wtatis
3455 3107 3733 3175 apostolo-

2143 3213 2263 3251 rum
2291 3196 2464 3252 fuisse
2511 3206 2697 3264 notat,
2733 3209 2786 3253 et
2830 3199 3032 3254 librum
3065 3197 3142 3252 De
3185 3199 3380 3252 divinis
3429 3201 3740 3255 nominibus

2143 3291 2296 3356 citat,
2323 3300 2381 3345 ut
2403 3291 2641 3346 Dallaeus
2663 3292 2777 3362 ipse
2808 3291 3034 3345 fatetur.
3068 3288 3368 3361 Utrobique
3393 3292 3558 3364 igitur
3579 3310 3743 3349 eum-

2140 3382 2266 3437 dem
2301 3382 2686 3454 AreOpagitam
2731 3392 2991 3452 tanquam
3029 3397 3216 3435 verum
3254 3392 3308 3437 et
3338 3399 3444 3437 non
3480 3386 3738 3442 lictitinm

2143 3473 2384 3542 agnovit.
2420 3471 2489 3524 At
2525 3481 2731 3525 constat
2756 3512 2771 3537 ,
2807 3469 3021 3539 inquit,
3052 3485 3171 3522 eum
3203 3470 3266 3523 de
3295 3473 3454 3526 sectis
3487 3491 3588 3528 non
3611 3485 3742 3530 ante

2141 3582 2193 3620 a.
2232 3567 2296 3623 D.
2325 3564 2423 3618 59l
2461 3565 2756 3633 scripsisse.
2783 3561 3028 3628 Quidni?
3056 3563 3186 3631 quia
3218 3561 3428 3635 Eulogii
3458 3569 3742 3633 meminit,

2144 3655 2300 3724 quasi
2343 3664 2475 3709 tunc
2533 3655 2800 3724 temporis
2849 3655 3209 3710 Alexandrini
3244 3657 3515 3726 episcopi.
3552 3659 3743 3714 Recte.

2146 3747 2406 3818 Eulogius
2447 3757 2626 3801 autem
2669 3759 2912 3801 mortuus
2956 3757 3031 3801 est
3059 3765 3111 3800 a.
3143 3746 3210 3800 D.
3248 3748 3373 3802 608.
3411 3749 3598 3818 Neque
3630 3749 3744 3802 hoc

2145 3853 2302 3907 nego.
2333 3837 2623 3908 Eulogiani
2647 3848 2825 3890 autem
2850 3839 3186 3906 episcopatus
3212 3855 3379 3892 annos
3400 3837 3451 3891 Ν
3457 3839 3742 3907 iccphorus

2150 3936 2192 3986 (λ
2201 3929 2260 3983 Ρ.
2288 3939 2440 3999 putat
2465 3948 2571 3984 non
2593 3931 2662 3983 ‘27
2696 3932 2855 4001 (quod
2876 3945 3150 3998 perperam
3179 3929 3374 3999 legitur
3391 3932 3533 3999 apud
3559 3931 3744 3985 Baro-

2145 4023 2339 4091 nium),
2361 4023 2452 4077 sed
2488 4023 2577 4076 17.
2611 4022 2754 4091 Ergo
2777 4031 2901 4076 ante
2926 4037 2980 4074 a.
3014 4020 3081 4076 D.
3103 4022 3202 4077 591
3248 4040 3352 4076 non
3381 4023 3484 4092 fuit
3527 4028 3741 4092 episco-

2147 4135 2264 4188 pus.
2301 4118 2378 4172 lla
2409 4120 2628 4188 quidem
2660 4117 3004 4189 Nicephorus
3037 4118 3267 4175 Parisiis
3298 4136 3328 4175 a
3365 4120 3511 4176 Goar
3532 4122 3740 4189 editus;

2149 4213 2244 4265 sed
2287 4212 2556 4265 Baronius
2587 4212 2942 4267 Anastasium
2970 4223 3193 4268 secutus
3213 4225 3319 4280 est,
3349 4215 3443 4284 qui
3465 4213 3746 4284 Nicepho-

2152 4320 2273 4356 rum
2323 4305 2628 4371 transtulit,
2665 4315 2961 4376 antequatn
3000 4307 3174 4362 codex
3217 4307 3307 4361 ille
3345 4309 3585 4378 scriptus
3630 4319 3743 4376 est,

2151 4412 2313 4466 quem
2349 4396 2496 4451 Goar
2533 4409 2910 4467 repraesentat.
2955 4399 3322 4454 Consentium
3367 4401 3545 4456 codici
3591 4401 3746 4456 Ana-

2153 4490 2396 4544 stasiano
2429 4490 2648 4546 codices
2669 4491 2780 4544 duo
2812 4491 2987 4546 δι’ωοί
3024 4492 3258 4562 antiqui,
3288 4490 3622 4548 Oxoniensis
3659 4503 3748 4550 at.

462 4579 535 4631 bii
569 4576 909 4646 temporibus
941 4575 1203 4644 scriptam
1233 4571 1426 4625 volunt
1457 4589 1470 4624 :
1512 4569 1706 4624 iisdem
1739 4576 1794 4622 et
1845 4567 2044 4638 Diony-

2155 4597 2262 4651 que
2306 4581 2706 4649 Londinensis,
2756 4584 2932 4654 iisque
2978 4585 3311 4654 suffragatur
3352 4585 3743 4656 'l‘heOphanes.

463 4671 618 4724 siana
645 4685 746 4739 ego
774 4669 920 4724 edita
951 4667 1233 4732 existimo,
1263 4663 1559 4734 postremis
1603 4678 1800 4732 nempe
1828 4661 2050 4716 Eusebii

465 4761 823 4830 temporibus.

534 4853 712 4921 Quam
773 4855 882 4908 alte
931 4849 1316 4922 superioribus
1379 4848 1600 4903 saeculis
1654 4847 1937 4903 inhaeserit
1987 4847 2054 4902 de

465 4947 865 5020 Areopagiticis
897 4962 1095 5016 magna
1141 4943 1515 5007 existimatio,
1549 4950 1869 5011 quantoque
1916 4956 2054 4995 con-

466 5060 632 5098 sensu
682 5052 849 5112 atque
896 5040 1252 5094 veneratione
1307 5039 1508 5106 scripta
1575 5036 1839 5106 Dionysio
1889 5035 2054 5105 vulgo

466 5137 771 5201 attributa,
822 5145 1087 5203 tanquam
1151 5132 1426 5201 genuinus
1480 5129 1855 5199 antiquissimi
1907 5129 2055 5183 illius

468 5231 845 5300 apostolorum
875 5225 1130 5294 discipuli
1162 5225 1326 5288 fetus,
1359 5233 1574 5294 recepta
1606 5224 1737 5288 sint,
1767 5236 1930 5276 nemo
1955 5237 2057 5275 nec

472 5324 594 5376 scit.
625 5322 732 5375 Sed
763 5321 866 5374 hos
893 5320 1066 5374 libros
1094 5335 1215 5374 eam
1247 5327 1463 5372 :etatem
1501 5334 1608 5371 non
1642 5317 1806 5383 ferre,
1835 5327 1888 5371 et
1924 5315 2056 5370 Dio-

474 5417 631 5487 nysio
662 5415 1004 5484 Areopagitae
1031 5413 1196 5468 tribui
1234 5431 1338 5469 non
1377 5429 1557 5483 posse,
1587 5411 1771 5467 sciunt
1794 5411 1909 5481 jam
1937 5420 2059 5463 tan-

473 5510 618 5575 dem,
639 5518 690 5562 οι
715 5508 972 5574 fatentur,
995 5507 1209 5577 opinor,
1232 5524 1295 5562 ex
1321 5509 1468 5561 omni
1493 5516 1644 5577 parte
1662 5506 1879 5582 eruditi.
1905 5504 2058 5559 Illam

473 5603 754 5656 enimvero
800 5601 1150 5666 sententiam,
1194 5617 1224 5654 a
1272 5601 1406 5654 viris
1459 5598 1882 5670 quamplurimis
1933 5606 2061 5652 ante

474 5695 779 5765 cxplosam,
827 5709 1003 5764 nuper
1045 5693 1280 5747 Dallarus
1309 5693 1527 5763 penitus
1550 5692 1849 5762 prostravit
1893 5699 2061 5759 atque

475 5786 763 5854 contrivit;
795 5796 848 5840 et
871 5802 938 5841 ne
965 5794 1148 5840 actum
1179 5796 1389 5841 tantum
1415 5793 1619 5856 ageret,
1656 5784 1830 5838 multa
1864 5783 1931 5838 de
1957 5798 2058 5836 suo

478 5895 618 5951 penu
645 5879 873 5949 addidit,
907 5883 1178 5953 praecipue
1211 5881 1278 5937 ιιι.
1305 5888 1466 5937 aetate
1493 5879 1724 5945 lictoris,
1759 5886 1813 5933 et
1844 5876 2057 5948 origine

2155 4674 2481 4729 Anastasius
2523 4690 2590 4729 ex
2633 4675 2988 4746 Theophane,
3018 4680 3249 4732 secundo
3291 4680 3500 4748 imperii
3543 4677 3746 4734 Tiberii

2155 4784 2293 4821 anno
2321 4769 2658 4824 Alexandria?
2682 4772 2905 4824 antistes
2930 4771 3149 4826 habetur
3177 4771 3432 4826 Ecclesia:
3459 4771 3744 4842 Eulogius.

2158 4861 2259 4915 Diu
2291 4864 2475 4932 itaque
2504 4873 2632 4918 ante
2662 4880 2714 4918 a.
2758 4863 2820 4916 D.
2861 4865 2960 4919 591
3006 4868 3184 4934 potuit
3226 4866 3424 4919 librqu
3465 4867 3620 4919 illum
3668 4866 3748 4920 De

2157 4956 2314 5008 sectis
2348 4955 2592 5010 scribere
2621 4952 2907 5009 Leontius.
2955 4953 3023 5008 Et
3054 4971 3282 5010 necesse
3311 4965 3395 5009 est
3426 4965 3487 5010 ut
3527 4955 3746 5010 fatean-

2159 5055 2249 5100 tur
2278 5063 2490 5109 omnes,
2519 5055 2646 5101 ante
2668 5061 2873 5100 annum
2905 5047 3011 5101 608
3031 5087 3047 5113 ,
3081 5062 3194 5116 quo
3228 5057 3480 5102 mortuus
3507 5059 3594 5103 est
3632 5048 3745 5102 Eu—

2158 5140 2356 5207 logius,
2389 5155 2513 5193 eum
2552 5139 2724 5194 fuisse
2755 5140 3045 5208 scriptum,
3077 5140 3178 5195 hoc
3193 5149 3275 5195 est
3307 5141 3560 5209 pluribus
3580 5157 3746 5209 quam

2158 5232 2230 5286 ΞΟ
2261 5233 2420 5286 annis
2471 5244 2597 5286 ante
2647 5248 2850 5286 annum
2880 5233 3004 5298 630,
3039 5242 3098 5286 ut
3124 5249 3224 5302 ego
3255 5243 3438 5288 autem
3485 5235 3746 5299 arbitrer,

2160 5324 2412 5391 pluribus
2429 5338 2592 5392 quam
2612 5323 2997 5394 quadraginta.
3028 5321 3227 5376 Eadem
3255 5332 3402 5377 certe
3423 5333 3750 5392 tempestate

2161 5414 2400 5470 Joannes
2438 5416 2747 5484 patriarcha
2788 5415 3437 5484 Constantinopolitamts
3473 5415 3527 5469 in
3564 5415 3749 5468 homi-

2161 5508 2232 5562 lia
2263 5508 2330 5561 de
2376 5509 2902 5578 pseudo-prophetis
2933 5509 3317 5579 Areopagilam
3347 5508 3630 5578 agnoscit,
3663 5508 3748 5562 bis

2160 5601 2344 5655 verbis
2374 5620 2386 5654 :
2435 5600 2544 5653 Ποῦ
2582 5601 2830 5665 Εὐόδιος,
2883 5604 2916 5672 ἡ
2965 5601 3147 5654 εὐοδία
3172 5601 3272 5670 τῆς
3301 5601 3627 5673 Ἐκκλησίας
3655 5600 3748 5654 καὶ

2163 5692 2271 5745 τῶν
2291 5693 2462 5760 ἁγίων
2486 5691 2797 5745 ἀποστόλων
2821 5691 3062 5762 διάδοχος
3082 5708 3096 5758 ;
3127 5691 3232 5744 ποῦ
3268 5691 3546 5760 Ἰγνάτιος,
3570 5689 3631 5742 τὸ
3653 5690 3748 5743 τοῦ

2164 5783 2300 5837 Θεοῦ
2330 5785 2676 5855 οίκητήριον;
2703 5781 2806 5834 ποῦ
2845 5784 2874 5834 ὁ
2909 5781 3218 5847 Διονύσιος,
3263 5784 3323 5836 τὸ
3363 5782 3608 5836 πετεινὸν
3652 5781 3750 5834 τοῦ

2165 5876 2428 5946 οὐρανοῦ;
2473 5875 2596 5931 llaec
2642 5875 2861 5946 quidem
2906 5875 3131 5932 homilia
3165 5876 3306 5931 male
3352 5877 3420 5930 ab
3471 5873 3749 5946 aliquibus
