4078 6394
86 4632 101 4667 5

86 4726 105 4755 Ἰ

84 4822 111 4856 i1.

84 5008 121 5045 Β.

84 5086 123 5140 is

361 424 476 476 201
1128 424 1178 478 εἰ.
1219 422 1584 477 PEARSONII
1627 422 1950 477 VINDICL‘E
1986 420 2409 505 ΙΟΝΑΤΙΑΝΛΕ.
2448 453 2517 462 -
2555 421 2735 475 PARS
2771 422 2812 477 Ι.
3525 426 3633 478 τιοιι

352 540 568 594 Joanni
601 540 999 611 Chrysostomo
1034 542 1291 595 attributa
1327 539 1465 605 fuit;
1505 556 1738 611 eamque
1767 542 1950 611 potius
1982 548 2027 604 Α
2053 538 2246 594 Jobius
2269 539 2575 592 monachus
2597 538 2867 603 videatur,
2895 540 2989 607 qui
3021 532 3347 609 Dionysium
3388 537 3631 608 Areopa-

352 629 567 685 Joanni
617 628 896 685 Nesteuta
937 632 1285 686 tribuendam
1326 641 1483 702 putat
1526 629 1824 686 Usserius:
1861 648 1956 686 ne-

355 738 473 791 que
506 722 704 777 dubito
751 724 889 792 quin
939 734 1109 779 recte.
1158 722 1293 777 Nam
1328 740 1391 779 ea
1429 740 1552 793 qua
1599 726 1862 791 continet,
1902 735 1957 779 et

361 814 740 881 patriarcbam
775 816 1019 885 sapiunt,
1051 824 1105 871 et
1133 816 1370 870 Mauritii
1397 826 1609 872 atatem
1640 816 1933 887 prafernnt

360 921 473 975 qua
512 915 597 959 tot
636 906 877 961 hareses
920 907 1287 976 pullulabant;
1336 917 1391 962 et
1436 908 1609 961 libera
1658 908 1748 962 illa
1790 917 1957 978 atque

365 1014 556 1053 severa
590 999 910 1067 objurgatio
939 1000 1321 1070 episcoporum
1343 1040 1358 1064 ,
1390 1000 1537 1070 quod
1566 1002 1745 1055 ventri
1786 1002 1953 1055 dediti

359 1098 571 1155 essent,
602 1099 657 1144 et
679 1091 827 1159 quod
860 1090 1325 1159 splendidioribus
1364 1091 1611 1145 vestibus
1650 1100 1951 1159 uterentur,

362 1182 437 1233 illi
468 1182 522 1234 in
558 1182 759 1250 primis
791 1180 1067 1236 Nesteuta
1092 1183 1373 1249 convenit,
1401 1186 1496 1252 qui
1526 1197 1585 1237 se
1608 1183 1805 1238 inediis
1833 1199 1953 1237 ma-

357 1274 619 1340 cerabal,
659 1290 761 1329 nec
804 1275 1182 1329 monavehalem
1232 1274 1479 1329 habitum
1509 1290 1750 1344 unquam
1782 1290 1952 1329 exue-

359 1367 467 1420 bat.

425 1458 544 1512 lmo
578 1459 673 1513 diu
718 1468 848 1513 ante
877 1458 1170 1514 Leontium
1218 1470 1275 1515 et
1315 1458 1582 1516 Joannem
1634 1458 1951 1517 Nesteutam

358 1550 693 1623 Dionysium
741 1554 1131 1625 Areopagitam
1184 1555 1405 1625 agnovit
1457 1554 1818 1625 Ephraemius
1852 1574 1951 1627 pa-

356 1646 603 1700 triarcha
634 1646 1039 1714 Antiochenus,
1074 1648 1129 1701 in
1163 1647 1287 1702 libri
1319 1649 1610 1717 cujusdam
1649 1650 1811 1704 tertio
1836 1658 1951 1704 tra-

354 1746 528 1799 ctatu,
565 1737 661 1805 qui
688 1736 999 1807 apologiam
1029 1738 1248 1792 concilii
1273 1736 1746 1795 Chalcedonensis
1774 1740 1952 1794 conti-

351 1828 543 1882 nebat.
600 1826 711 1882 Ubi
754 1830 1070 1884 necessario
1116 1830 1378 1885 lectorem
1423 1831 1757 1885 monendum
1796 1832 1948 1897 duxi,

352 1918 559 1973 librum
595 1936 727 1975 eum
755 1935 867 1975 non
899 1919 1071 1976 fuisse
1102 1921 1169 1977 de
1199 1922 1372 1977 sacris
1399 1922 1708 1978 Antiochia
1738 1922 1949 1993 legibus

352 2011 718 2081 inscriptum,
746 2022 806 2067 ut
832 2014 1107 2085 pessimus
1138 2013 1321 2070 Pbotii
1349 2016 1623 2086 interpres
1660 2016 1948 2082 indicavit,

350 2104 482 2159 dum
527 2106 650 2160 hac
699 2106 865 2161 verba
902 2125 915 2159 :
953 2104 1295 2179 Ἀνεγνώσθη
1334 2106 1535 2178 βιϐλίον
1559 2107 1652 2161 τοῦ
1692 2107 1855 2161 αὑτοῦ
1894 2110 1951 2160 ἐν

351 2196 532 2263 ἁγίοις
587 2197 955 2268 Ἐερραιμίου,
998 2197 1059 2261 ὃς
1107 2197 1215 2251 τῶν
1262 2199 1422 2271 ἱερῶν
1469 2199 1570 2269 τῆς
1626 2200 1951 2271 Ἀντιοχείας

350 2288 576 2358 θεσμῶν
618 2292 827 2361 ἠγεῖτο,
858 2293 916 2344 ὲν
950 2290 1129 2360 λόγοις
1160 2292 1485 2363 τέσσαρσιν,
1518 2293 1591 2347 ita
1625 2294 1907 2348 transtulit
1934 2314 1947 2348 :

350 2380 479 2449 Leqi
529 2382 775 2450 ejusdem
820 2385 995 2436 sancti
1032 2384 1258 2436 alterum
1309 2385 1505 2437 librum
1555 2386 1643 2455 qui
1688 2385 1750 2438 de
1783 2385 1950 2439 sacris

350 2475 659 2529 Antiochia
701 2476 906 2545 legibus
962 2486 1174 2543 narrat,
1208 2476 1357 2531 libris
1382 2488 1615 2548 quatuor
1636 2521 1650 2541 ,
1701 2494 1827 2533 cum
1858 2478 1951 2533 illa

350 2567 519 2619 verba
558 2566 673 2619 τῶν
708 2568 873 2639 ἱερῶν
900 2568 999 2639 τῆς
1039 2568 1366 2639 Ἀντιοχείας
1392 2569 1609 2641 Θεσμῶν
1642 2572 1825 2641 ἡγεῖτο
1862 2571 1950 2625 ni-

352 2660 427 2713 hil
460 2661 618 2715 aliud
650 2662 897 2715 indicent
922 2678 1091 2732 quam
1132 2680 1256 2717 eum
1292 2662 1464 2719 fuisse
1486 2665 1790 2719 Antiochia
1831 2664 1948 2734 epi-

350 2768 611 2822 sc0pum.
656 2753 715 2807 In
764 2754 854 2807 illa
886 2755 1056 2825 igitur
1094 2756 1345 2827 apologia
1377 2755 1773 2826 Ephraemius,
1813 2765 1950 2810 teste

348 2844 556 2901 Photio
589 2848 783 2901 codice
804 2847 912 2903 2'29
940 2865 953 2901 :
980 2849 1123 2910 Ὅτι,
1153 2848 1317 2920 φησιν
1334 2889 1347 2912 ,
1374 2848 1431 2901 ἓν
1448 2850 1763 2920 πρόσωπον,
1792 2865 1950 2901 τουτ-

347 2938 468 2991 έστι
503 2939 638 3008 μίαν
688 2940 989 2993 ὑπόστασιν
1047 2940 1141 2993 τοῦ
1172 2941 1347 3008 Λόγου
1395 2940 1819 3012 σεσαρωμένην
1858 2956 1951 3009 κη-

347 3030 648 3101 ρύττομενυ
684 3031 874 3103 ἐπειδὴ
902 3032 997 3085 καὶ
1018 3031 1222 3096 ἁπλοῦς
1264 3031 1469 3101 ’ῐησοῦς
1493 3030 1781 3102 συνετέθη,
1808 3032 1949 3085 κατὰ

344 3125 439 3177 τόν
493 3127 553 3177 ἐν
606 3125 788 3192 ἁγίοις
824 3126 1218 3196 Ἀρεοπαγίτην
1251 3124 1542 3177 Διονύσιον.
1582 3123 1691 3177 Καὶ⁵
1724 3125 1816 3176 ἐπὶ
1852 3124 1949 3194 μὲν

342 3216 449 3285 τῆς
481 3216 611 3269 καθ’
646 3217 948 3269 ὑπόστασιν
983 3215 1230 3280 ἐνώσεως
1261 3215 1486 3279 δικαίως
1530 3214 1681 3287 παρὰ
1723 3215 1821 3285 τῆς
1860 3216 1949 3268 εὑ-
1975 3237 2019 3295 c

346 3310 575 3373 σεϐεέας
611 3310 673 3362 τὺ
704 3309 957 3361 σύνθετον
985 3309 1223 3377 λέγεταιο
1262 3308 1513 3362 σύνθετον
1546 3308 1601 3362 δὲ
1643 3310 1830 3363 οὐσίαν
1871 3312 1953 3364 οὐ·

341 3404 460 3466 ὅεὶς
507 3405 690 3455 εἰπεῖν
735 3402 1001 3472 ἐτόλμησε
1052 3400 1189 3473 πλὴν
1241 3402 1669 3476 Ἀπολλιναρίου.
1706 3403 1951 3470 Quam-

344 3496 685 3564 eptissimus
716 3495 989 3564 interpres
1018 3495 1091 3549 ita
1110 3499 1307 3550 vertit:
1329 3495 1948 3569 Asseritunam,inquit,

341 3604 659 3654 personam,
704 3586 801 3638 hoc
846 3595 921 3638 est
968 3584 1121 3639 Verbi
1164 3586 1434 3639 incantati
1469 3586 1778 3656 ltypostasin
1825 3604 1950 3657 pro-

344 3683 693 3734 nuntiamus.
754 3679 1188 3752 Quandoquidem
1237 3682 1525 3750 simplicem
1568 3684 1717 3750 ponit
1764 3680 1950 3735 Iesum

346 3773 415 3827 D.
452 3773 748 3842 Dionysius
785 3773 1141 3843 Areopagita;
1176 3786 1222 3828 et
1271 3774 1333 3827 de
1363 3773 1694 3842 hypostatica
1736 3773 1949 3842 quidem

342 3864 550 3916 unione
571 3906 587 3927 ,
618 3863 767 3931 justc
801 3873 987 3916 contra
1014 3865 1258 3933 pietatem
1310 3864 1658 3933 compositum
1701 3863 1948 3925 dicitur;

342 3957 713 4025 compositum
748 3971 867 4010 vero
902 3956 1074 4009 dicere
1109 3970 1257 4009 nemo
1295 3956 1489 4009 audeat
1519 3963 1715 4021 prater
1745 3955 1949 4023 Apolli-

340 4051 593 4103 narium.
624 4048 708 4102 Tu
741 4049 813 4103 ita
858 4060 1041 4105 vertas
1073 4066 1085 4101 :
1124 4047 1324 4113 Unam,
1377 4050 1584 4119 inquit,
1624 4066 1899 4119 personam
1928 4091 1943 4114 ,

343 4141 444 4193 hoc
477 4148 582 4205 est,
614 4156 779 4192 uuam
826 4138 981 4192 Verbi
1005 4140 1315 4209 ligpostasin
1338 4181 1352 4203 ,
1385 4140 1723 4193 incarnatam
1747 4141 1947 4209 pra'di-

343 4248 535 4286 camus
569 4248 588 4284 :
624 4232 877 4300 quoniam
928 4242 978 4285 et
1030 4233 1255 4301 simplex
1301 4230 1461 4285 Iesus
1500 4232 1941 4301 componebatur,

344 4324 647 4376 secundum
698 4322 759 4376 S.
816 4324 1189 4392 Arcopagitam
1241 4323 1574 4394 Dionysium.
1623 4322 1834 4376 Etenim
1878 4326 1943 4378 de

344 4416 549 4467 unione
593 4414 889 4467 secundum
933 4414 1242 4483 ltypostasin
1265 4456 1279 4480 ,
1323 4416 1470 4483 juste
1503 4416 1566 4469 ab
1602 4416 1717 4484 ipsa
1748 4416 1942 4484 pietate

345 4506 708 4575 compositum
735 4506 970 4569 dicitur;
998 4508 1358 4560 substantiam
1395 4516 1570 4560 autem
1596 4508 1939 4575 compositam

2059 632 2224 701 gitam
2254 630 2438 700 magni
2464 628 2621 695 fecit;
2651 644 2777 682 nam
2813 645 2937 684 cum
2971 628 3030 683 S.
3062 627 3218 684 Pauli
3248 633 3631 685 testimonium

2058 720 2200 775 forte
2229 721 2546 775 adduxisset
2572 763 2585 785 ,
2634 721 2821 775 statim
2855 721 3139 790 subjunxit
3168 739 3181 774 :
3216 722 3325 775 Kal.
3357 725 3385 775 ὁ
3415 725 3633 794 γνήσιος

2055 812 2113 865 δὲ
2142 812 2331 865 τούτου
2370 812 2644 884 μαθητὴς,
2692 815 2721 865 ό
2757 813 2918 881 σοφὸς
2952 813 3243 879 Διονύσιος,
3277 814 3345 868 τὰ
3368 816 3507 868 αὐτὰ
3543 817 3635 868 καὶ

2056 906 2166 967 τοῖς
2191 906 2373 967 αὐτοῖς
2397 904 2595 977 μικροῦ
2628 905 3064 978 διαμαρτύρεται
3098 908 3325 978 ῥήμασι,
3353 909 3446 961 καὶ
3480 909 3635 978 μάλι-

2059 990 2161 1048 στά
2186 1011 2248 1064 γε
2280 998 2337 1048 ὲν
2368 997 2479 1057 τοῖς
2512 995 2639 1067 περὶ
2674 994 2768 1047 τοῦ
2809 995 3012 1049 τελείου
3054 997 3146 1050 καὶ
3169 999 3285 1062 ἑνός
3316 1018 3329 1052 :
3360 998 3633 1069 Hujusque

2056 1104 2336 1159 germanus
2369 1089 2690 1159 discipulus,
2728 1091 2937 1160 sapiens
2974 1091 3065 1146 ille
3103 1091 3414 1163 Dionysius,
3452 1096 3631 1147 eadem

2054 1189 2105 1233 et
2137 1180 2326 1233 iisdem
2352 1181 2726 1251 propemodum
2760 1190 2986 1236 testatur
3026 1185 3191 1239 verbis
3213 1225 3227 1249 ,
3271 1186 3502 1239 maxime
3545 1187 3632 1239 ubi

2055 1272 2118 1325 de
2146 1271 2373 1343 perfecto
2396 1282 2552 1344 atque
2584 1290 2688 1327 uno
2716 1276 2850 1344 agit,
2880 1276 2984 1331 hoc
3013 1285 3117 1343 est,
3164 1278 3218 1331 in
3249 1288 3494 1332 extremo
3540 1296 3633 1333 ca—

2055 1363 2164 1433 pite
2184 1365 2307 1419 libri
2340 1364 2416 1419 De
2445 1366 2640 1420 divinis
2663 1366 2996 1432 nominibus;
3026 1369 3173 1438 quod
3205 1381 3388 1425 tamen
3427 1386 3457 1425 a
3506 1370 3633 1425 Sui-

2054 1456 2143 1522 da,
2174 1457 2267 1527 qui
2298 1456 2463 1527 hujus
2493 1457 2618 1512 libri
2644 1466 2829 1527 partes
2855 1459 2941 1515 bis
2969 1469 3292 1527 enumerat,
3341 1462 3632 1532 utrobique

2056 1548 2350 1605 omittitur.

2122 1638 2369 1693 Andreas
2392 1637 2757 1694 Casareensis
2780 1640 3095 1710 episcopus,
3135 1640 3221 1694 vir
3251 1642 3433 1710 gravis
3457 1649 3512 1695 et
3539 1656 3632 1695 ca—

2054 1728 2333 1797 tholicus,
2382 1732 2859 1786 consentientibus
2912 1731 3246 1787 Bellarmino
3286 1742 3339 1787 et
3384 1730 3629 1798 Usserio,

2055 1824 2202 1877 circa
2223 1838 2426 1877 annum
2458 1824 2961 1895 quingentesimum
2993 1824 3248 1895 scripsit:
3279 1835 3426 1880 certe
3454 1829 3629 1881 nemi—

2052 1930 2174 1969 nem
2207 1913 2339 1970 citat
2369 1917 2461 1986 qui
2497 1915 2664 1971 fuerit
2687 1917 2745 1972 S.
2777 1916 2983 1987 Cyrillo
3012 1917 3220 1989 junior,
3248 1934 3346 1974 nec
3375 1920 3491 1989 ipse
3522 1918 3632 1991 [ly-

2052 2009 2200 2077 patio
2225 2008 2415 2077 junior
2444 2009 2680 2063 videtur.
2712 2007 2805 2079 Ille
2829 2018 3009 2065 autem
3055 2009 3109 2063 in
3137 2010 3503 2083 Apocalypsin
3534 2030 3629 2068 cae

2052 2099 2162 2168 pite
2222 2100 2290 2153 l0
2316 2140 2330 2162 ,
2374 2100 2441 2154 de
2492 2100 2641 2154 senis
2686 2100 2787 2155 alis
2822 2109 3059 2169 quatuor
3087 2102 3406 2156 animalium
3439 2112 3625 2173 agens,

2050 2190 2223 2245 ταῦτα
2250 2194 2277 2245 ὁ
2307 2192 2479 2263 μέγας
2502 2192 2634 2263 φησι
2661 2190 2955 2256 Διονύσιος,
2990 2192 3084 2245 καὶ
3118 2192 3186 2245 τὰ
3208 2192 3352 2263 ἑξῆς,
3392 2194 3503 2249 hac
3528 2198 3625 2261 ait,

2051 2294 2271 2355 magnus
2309 2284 2619 2354 Dionysius,
2655 2296 2760 2340 etc.
2791 2284 2856 2339 Et
2886 2284 3063 2355 capite
3100 2283 3187 2350 i8,
3220 2285 3380 2339 docet
3421 2295 3627 2355 septem

2052 2380 2275 2449 angelus
2306 2396 2335 2433 a
2362 2380 2542 2449 primo
2571 2395 2764 2435 ansam
2789 2378 3127 2435 vaticinandi
3160 2381 3460 2450 accepisse,
3489 2383 3628 2436 κατὰ

2050 2471 2148 2541 τὴν
2195 2470 2274 2541 τῷ
2324 2470 2578 2543 μακαρίῳ
2625 2470 2885 2542 Διονυσίῳ
2927 2470 3288 2543 διωρισμένην
3334 2472 3629 2544 ἀγγελικὴν

2051 2563 2333 2630 εὐταξίαν,
2365 2572 2649 2617 secundum
2671 2563 2966 2634 angelicum
2998 2563 3237 2617 ordinem
3270 2581 3302 2618 a
3328 2564 3477 2619 beato
3498 2565 3629 2620 Dio-

2052 2656 2203 2726 nysio
2234 2654 2604 2711 distributum.
2638 2655 2705 2710 Et
2733 2672 2926 2712 rursus
2949 2656 3126 2725 capite
3152 2658 3254 2724 45,
3288 2658 3497 2726 phialas
3523 2661 3627 2713 ob-

2050 2762 2277 2802 servans
2308 2763 2338 2801 a
2364 2758 2605 2818 quatuor
2632 2748 2964 2803 animalibus
2988 2756 3194 2817 septem
3224 2749 3625 2819 angelisdatas,

2049 2838 2221 2910 δηλοί,
2252 2840 2447 2909 inquit,
2474 2840 2536 2892 τὸ
2568 2842 2632 2893 ὲκ
2659 2839 2768 2894 τῶν
2800 2839 3032 2912 πρώτων
3062 2841 3149 2893 ἀεὶ
3183 2842 3264 2904 είς
3299 2841 3365 2895 τὰ
3399 2841 3627 2915 δεύτερα

2050 2931 2146 3004 τὴν
2160 2932 2359 3001 γνῶσιν
2379 2932 2486 2986 τῶν
2505 2933 2791 3006 πρακτέων
2814 2935 2871 2987 ὲν
2891 2934 3140 3004 οὐρανοῖς
3159 2936 3624 3005 μετοχετεύεσθαι,

2051 3024 2191 3079 κατὰ
2221 3025 2311 3079 τὸν
2342 3026 2515 3097 μέγαν
2544 3025 2838 3091 Διονύσιον,
2861 3026 3127 3096 signiﬁcat
3163 3028 3486 3097 agendorum
3529 3046 3626 3083 no-

2052 3119 2225 3172 titiam
2257 3121 2309 3172 in
2336 3120 2479 3173 catis
2512 3137 2543 3173 a
2577 3120 2763 3189 primis
2790 3121 2860 3174 ad
2894 3121 3129 3174 secunda
3161 3120 3415 3188 derivari,
3440 3137 3626 3176 secun-

2050 3210 2179 3265 dum
2211 3228 2459 3281 magnum
2489 3211 2825 3281 Dionysium.
2875 3211 3000 3267 Hac
3029 3220 3211 3266 autem
3256 3213 3403 3267 clare
3441 3224 3626 3267 osten-

2054 3301 2192 3356 dunt
2214 3302 2516 3358 catholicos
2542 3303 2870 3370 nonnullos,
2909 3319 3020 3358 non
3068 3312 3282 3358 tantum
3310 3314 3435 3359 ante
3472 3322 3525 3359 a.
3560 3305 3624 3360 Ι).

2051 3395 2176 3463 650,
2215 3398 2309 3452 sed
2333 3406 2388 3451 et
2410 3412 2506 3466 per
2538 3406 2707 3452 totum
2739 3408 2953 3453 sextum
2986 3398 3248 3452 saculum
3282 3398 3625 3469 Areopagiti-

2049 3504 2112 3542 ca
2137 3490 2317 3559 magni
2350 3491 2672 3546 astimasse.
2703 3489 2817 3545 Hoc
2837 3499 3021 3545 autem
3047 3491 3201 3559 prius
3225 3492 3623 3559 demonstrato,

2049 3581 2222 3634 multo
2245 3578 2456 3635 facilius
2479 3581 2709 3638 alterum
2733 3582 3075 3650 probabitur,
3108 3584 3316 3637 scilicet
3343 3596 3620 3640 auctorem

2048 3672 2555 3743 Areopagiticorum
2587 3674 2679 3729 diu
2724 3683 2850 3728 ante
2885 3690 3089 3728 annum
3125 3672 3230 3729 51’0
3265 3690 3328 3730 ea
3359 3677 3619 3733 edidisse.

2050 3761 2151 3816 Vix
2190 3764 2334 3817 enim
2377 3764 2637 3833 cuiquam
2684 3764 2944 3818 credibile
2994 3764 3298 3829 videbitur,
3349 3775 3429 3821 tot
3473 3769 3623 3824 viros

2046 3858 2292 3912 eruditos
2324 3859 2499 3927 prima
2528 3858 2651 3913 libri
2677 3867 2785 3912 tam
2820 3858 3070 3915 inusitati
3102 3861 3285 3930 specie
3325 3859 3496 3918 fuisse
3522 3865 3618 3919 dc-

2046 3948 2215 4002 lusos.

2115 4039 2443 4095 Anastasius
2468 4039 2929 4096 Bibliothecarius
2965 4042 3019 4095 in
3057 4044 3286 4112 epistola
3331 4045 3399 4099 ad
3434 4062 3615 4117 regem

2044 4130 2302 4185 Carolum
2334 4132 2401 4187 de
2440 4133 2839 4203 Areopagiticis
2869 4134 3018 4197 data,
3045 4135 3110 4190 de
3139 4137 3378 4192 editione
3413 4136 3618 4211 Diony-

2044 4224 2111 4277 sii
2143 4242 2170 4277 a
2204 4240 2262 4279 se
2286 4226 2630 4296 promulgata
2678 4228 2751 4281 ita
2797 4227 3042 4296 loquitur
3083 4246 3096 4280 :
3151 4225 3393 4296 Ipsorum
3444 4241 3616 4283 autem

2042 4318 2364 4371 sclwliorum
2400 4321 2506 4372 sive
2535 4320 2880 4387 paratheseon
2913 4336 3233 4390 quacunque
3274 4321 3329 4374 in
3367 4322 3508 4376 calce
3534 4327 3617 4377 sui

2041 4405 2249 4474 signum
2280 4407 2499 4475 vivi/ica:
2536 4410 2709 4460 crucis
2733 4408 2925 4462 habent
2957 4427 2988 4462 a
3015 4409 3081 4463 Β.
3134 4409 3375 4466 Maximo
3415 4415 3617 4482 confes-

2043 4513 2161 4550 801⁵8
2186 4507 2234 4551 ει
2262 4500 2510 4553 monac/to
2536 4501 2742 4554 inventa
2771 4517 3081 4555 narrantur.
3114 4502 3317 4558 Cretera
3349 4522 3466 4559 vero
3489 4523 3612 4559 san-

346 4613 503 4651 nemo
551 4597 732 4650 dicere
773 4612 935 4649 ausus
980 4607 1095 4662 est,
1128 4608 1322 4666 praeter
1372 4598 1786 4667 Apollinarium.
1840 4597 1939 4652 llic
1970 4588 2013 4644 D
2040 4588 2358 4643 ctiJoanms
2390 4590 2811 4661 Scyt/topolitani
2855 4594 2951 4662 (ita
2994 4604 3138 4648 recte
3174 4595 3366 4666 legitur
3403 4599 3457 4650 in
3510 4616 3614 4653 ms.

348 4696 535 4741 autem
570 4685 935 4756 Ephraemius
977 4690 1287 4756 patriarcha
1333 4688 1709 4743 Antiochenus
1758 4688 1937 4743 factus

348 4787 435 4834 est
464 4781 619 4833 circa
648 4779 791 4832 idem
826 4787 1044 4848 tempus
1064 4821 1077 4843 ,
1105 4795 1216 4848 quo
1258 4779 1603 4835 Justinianus
1643 4782 1934 4851 imperium

350 4871 587 4939 adeptus
611 4880 717 4931 est,
748 4879 808 4922 ut
834 4879 1067 4924 testatur
1096 4869 1489 4939 TheOphanes,
1517 4873 1621 4927 hoc
1649 4881 1754 4939 est,
1779 4882 1933 4927 ante-

349 4977 515 5030 quam
550 4961 885 5032 Areopagita
916 4963 970 5015 in
996 4964 1253 5018 manibus
1297 4963 1716 5020 Severianorum
1766 4966 1937 5019 hare-

350 5053 589 5107 ticorum
620 5068 806 5107 coram
840 5052 1074 5125 llypatio
1106 5057 1379 5125 apparuit,
1422 5057 1567 5111 circa
1606 5071 1654 5109 a.
1700 5056 1763 5107 D.
1808 5057 1932 5121 526,

351 5158 403 5200 et
432 5146 659 5215 scripsit
686 5156 978 5215 antequam
1012 5148 1254 5201 secundo
1279 5148 1576 5216 productus
1597 5156 1679 5200 est
1702 5149 1770 5200 ab
1799 5148 1935 5201 Ace-

354 5237 534 5305 phalis
564 5235 714 5289 circa
743 5252 793 5288 a.
826 5234 966 5301 560;
1000 5252 1124 5290 nam
1154 5238 1270 5306 ipse
1294 5235 1654 5305 prraemius
1682 5249 1808 5291 ante
1836 5254 1935 5291 an-

355 5341 485 5379 num
510 5325 622 5380 545
656 5334 911 5380 mortuus
941 5334 1048 5381 est.
1088 5324 1245 5383 Unde
1278 5329 1389 5383 duo
1428 5327 1612 5382 Dallai
1636 5328 1794 5383 ell‘ata
1822 5337 1935 5383 sta-

356 5419 449 5471 tim
486 5419 811 5483 concidunt,
840 5434 1069 5487 omnes,
1102 5421 1312 5477 scilicet
1352 5422 1598 5491 ejusdem
1628 5423 1725 5475 avi
1751 5423 1936 5476 catho-

357 5513 524 5577 licos,
567 5514 712 5568 idem
747 5530 874 5569 cum
927 5512 1159 5586 Hypatio
1208 5514 1483 5585 Ephesino
1518 5515 1933 5586 archiepiscopo

357 5606 617 5667 sensisse,
653 5614 709 5660 et
746 5608 815 5662 ad
844 5623 1053 5662 annum
1096 5608 1312 5662 Domini
1337 5609 1465 5674 555,
1491 5618 1545 5663 et
1568 5610 1707 5664 ultra
1740 5610 1927 5673 etiam,

357 5698 626 5753 mansisse
656 5697 801 5767 apud
829 5698 1135 5753 catholicos
1161 5714 1344 5755 veram
1391 5698 1604 5770 llypatii
1644 5700 1710 5754 de
1738 5699 1928 5756 allictis

357 5784 616 5857 Dionysio
647 5788 802 5842 libris
830 5788 1186 5843 sententiam.
1219 5787 1319 5841 Cui
1354 5788 1460 5842 hoc
1490 5789 1653 5842 etiam
1684 5804 1791 5843 non
1820 5790 1928 5843 im-

355 5880 551 5933 mrito
582 5879 705 5934 addi
731 5888 931 5949 potest,
962 5879 1109 5949 quod
1146 5881 1294 5937 illius
1316 5883 1482 5937 etiam
1528 5882 1710 5936 saculi
1757 5881 1926 5938 fuisse

684 5976 958 6039 ΡΑτιιοι..
1018 5976 1137 6035 Gn.
1182 5976 1250 6033 ν.

2041 4682 2363 4749 Oxoniensi,
2408 4700 2516 4739 non
2567 4686 2951 4756 Sycopolitani,
3006 4698 3064 4742 ut
3116 4690 3206 4741 alii
3240 4702 3495 4759 corrupte
3548 4693 3616 4744 lc-

2041 4771 2196 4843 gunt)
2228 4774 2486 4827 antistitis
2525 4792 2636 4829 esse
2689 4778 2952 4845 feruntur.
2998 4776 3239 4834 Joannes
3285 4780 3448 4848 igitur
3478 4780 3613 4851 Scy-

2039 4865 2411 4935 thopolitanus
2447 4868 2654 4922 scholia
2694 4870 2747 4922 in
2777 4870 2948 4924 libros
2975 4872 3222 4941 Dionysii
3266 4872 3507 4940 scripsit,
3546 4876 3614 4927 de

2040 4974 2151 5028 quo
2183 4959 2298 5013 hac
2351 4959 2515 5013 habet
2564 4958 2910 5029 Sophronias
2953 4960 3479 5031 llierosolymitanus
3517 4979 3610 5031 ρει-

2040 5051 2298 5117 triarcha,
2326 5053 2466 5120 apud
2497 5051 2751 5108 Photium
2786 5056 2971 5110 codice
2996 5056 3095 5109 251
3137 5073 3149 5108 :
3197 5055 3447 5125 Ἰωάννης
3493 5058 3520 5109 ό
3554 5072 3609 5108 εν

2039 5147 2213 5215 ἁγίοις
2254 5147 2581 5211 Ἐπίσκοπος
2615 5150 3093 5215 Σκυθοπόλεωςβς
3126 5152 3217 5205 καὶ
3252 5151 3393 5223 ὑπὲρ
3420 5152 3518 5222 τῆς
3551 5155 3607 5205 ὲν

2038 5242 2337 5313 Καλχηδόνι
2372 5246 2589 5299 συνόδου
2625 5245 2803 5314 σοφῶς
2850 5262 2910 5297 τε
2950 5245 3043 5299 καὶ
3076 5246 3377 5315 θεοφρόνως
3410 5246 3614 5297 ἐσπού-

2036 5332 2185 5399 δασε,
2224 5332 2282 5389 S.
2326 5333 2556 5389 Joannes
2603 5334 3066 5404 Scythopolitanus
3109 5337 3328 5391 antistes
3373 5337 3462 5405 qui
3523 5351 3605 5388 δαί

2035 5425 2237 5492 pienter
2280 5435 2330 5478 et
2380 5426 2463 5493 pic
2508 5441 2601 5493 pro
2650 5427 2849 5494 synodo
2908 5424 3319 5481 Chalcedonensi
3371 5430 3607 5497 scripsit.

2036 5516 2238 5570 Contra
2278 5516 2425 5570 hunc
2464 5516 2682 5584 scripsit
2725 5515 2957 5571 Basilius
2997 5516 3157 5571 Cilix.
3222 5513 3331 5570 Ἦν
3362 5517 3420 5572 δὲ
3451 5514 3605 5580 οὗτος

2032 5609 2063 5661 ὁ
2093 5607 2367 5670 Βασίλειος
2400 5606 2785 5678 πρεσϐύτερος,
2820 5607 2894 5671 ὡς
2926 5608 3088 5673 αὑτός
3154 5626 3305 5680 φησι,
3338 5612 3437 5681 τῆς
3486 5614 3603 5667 κατ’

2047 5698 2373 5769 Ἀντιόχειαν
2431 5698 2774 5768 Ἐκκλησίας,
2823 5700 3296 5771 ἀρχιερατεύοντος
3352 5705 3449 5773 μὲν
3496 5706 3604 5758 τῶν

2031 5791 2208 5843 ἐκεῖσε
2254 5788 2583 5854 Φλαϐιανοῦ,
2631 5791 2912 5861 Ῥωμαίων
2960 5792 3016 5845 δὲ
3062 5794 3408 5849 Ἀναστασίου
3460 5798 3607 5868 βασιο

2032 5880 2323 5945 λεύοντος’
2385 5881 2512 5938 Fuit
2558 5893 2730 5938 autem
2769 5885 2852 5937 ltic
2918 5884 3151 5941 Basilius
3204 5888 3489 5957 presbyter,
3544 5903 3595 5944 ut

3265 5986 3301 6044 ’ἱ
