  <div class='ocr_page' id='page_1' title='image "/cluster/home/n/w/nwhite01/storage/ocr_20150623/5/coo.31924054872845/109.png"; bbox 0 0 4078 6388; ppageno 0'>
   <div class='ocr_carea' id='block_1_1' title="bbox 542 400 651 457">
    <p class='ocr_par' dir='ltr' id='par_1_1' title="bbox 542 400 651 457">
     <span class='ocr_line' id='line_1_1' title="bbox 542 400 651 457; baseline 0 0"><span class='ocrx_word' id='word_1_1' title='bbox 542 400 651 457; x_wconf 70' lang='grc' dir='ltr'>ωδ</span> 
     </span>
    </p>
   </div>
   <div class='ocr_carea' id='block_1_2' title="bbox 1597 394 2724 453">
    <p class='ocr_par' dir='ltr' id='par_1_2' title="bbox 1597 394 2724 453">
     <span class='ocr_line' id='line_1_2' title="bbox 1597 394 2724 453; baseline -0.002 -1"><span class='ocrx_word' id='word_1_2' title='bbox 1597 396 1654 452; x_wconf 82' lang='lat'><strong><em>3.</em></strong></span> <span class='ocrx_word' id='word_1_3' title='bbox 1704 394 2052 453; x_wconf 72' lang='lat' dir='ltr'><strong><em>IGNATIUS.</em></strong></span> <span class='ocrx_word' id='word_1_4' title='bbox 2092 428 2154 437; x_wconf 97' lang='lat'><strong>—</strong></span> <span class='ocrx_word' id='word_1_5' title='bbox 2190 395 2724 453; x_wconf 82' lang='lat' dir='ltr'><strong><em>PROLEGOMENA.</em></strong></span> 
     </span>
    </p>
   </div>
   <div class='ocr_carea' id='block_1_3' title="bbox 3714 402 3823 457">
    <p class='ocr_par' dir='ltr' id='par_1_3' title="bbox 3714 402 3823 457">
     <span class='ocr_line' id='line_1_3' title="bbox 3714 402 3823 457; baseline 0.028 -3"><span class='ocrx_word' id='word_1_6' title='bbox 3714 402 3823 457; x_wconf 63' lang='grc' dir='ltr'><strong><em>ΞΜ</em></strong></span> 
     </span>
    </p>
   </div>
   <div class='ocr_carea' id='block_1_4' title="bbox 542 517 3824 593">
    <p class='ocr_par' dir='ltr' id='par_1_4' title="bbox 542 517 3824 593">
     <span class='ocr_line' id='line_1_4' title="bbox 542 517 3824 593; baseline 0 -18"><span class='ocrx_word' id='word_1_7' title='bbox 542 539 656 593; x_wconf 76' lang='lat' dir='ltr'><strong><em>ipse</em></strong></span> <span class='ocrx_word' id='word_1_8' title='bbox 694 521 792 589; x_wconf 86' lang='lat' dir='ltr'><strong><em>ait,</em></strong></span> <span class='ocrx_word' id='word_1_9' title='bbox 824 522 1162 578; x_wconf 68' lang='lat' dir='ltr'><strong><em>Antiochense</em></strong></span> <span class='ocrx_word' id='word_1_10' title='bbox 1192 519 1470 586; x_wconf 74' lang='lat' dir='ltr'><strong><em>Ecclesiw,</em></strong></span> <span class='ocrx_word' id='word_1_11' title='bbox 1503 528 1606 592; x_wconf 87' lang='lat' dir='ltr'><strong><em>quo</em></strong></span> <span class='ocrx_word' id='word_1_12' title='bbox 1637 531 1866 591; x_wconf 87' lang='lat' dir='ltr'><strong><em>tempore</em></strong></span> <span class='ocrx_word' id='word_1_13' title='bbox 1906 520 2130 574; x_wconf 88' lang='lat' dir='ltr'><strong><em>Flavia-</em></strong></span> <span class='ocrx_word' id='word_1_14' title='bbox 2162 529 2208 585; x_wconf 80' lang='grc' dir='ltr'><strong>Α</strong></span> <span class='ocrx_word' id='word_1_15' title='bbox 2239 520 2664 575; x_wconf 71' lang='lat' dir='ltr'><strong><em>Alexandrinum</em></strong></span> <span class='ocrx_word' id='word_1_16' title='bbox 2704 521 2985 578; x_wconf 78' lang='lat' dir='ltr'><strong><em>rhetorem.</em></strong></span> <span class='ocrx_word' id='word_1_17' title='bbox 3020 530 3077 572; x_wconf 90' lang='lat' dir='ltr'><strong><em>ut</em></strong></span> <span class='ocrx_word' id='word_1_18' title='bbox 3133 519 3450 574; x_wconf 70' lang='lat' dir='ltr'><strong><em>Anastasius</em></strong></span> <span class='ocrx_word' id='word_1_19' title='bbox 3489 529 3542 574; x_wconf 89' lang='lat' dir='ltr'><strong><em>et</em></strong></span> <span class='ocrx_word' id='word_1_20' title='bbox 3590 517 3824 576; x_wconf 72' lang='lat' dir='ltr'><strong><em>Chonia-</em></strong></span> 
     </span>
    </p>
   </div>
   <div class='ocr_carea' id='block_1_5' title="bbox 546 612 2130 683">
    <p class='ocr_par' dir='ltr' id='par_1_5' title="bbox 546 612 2130 683">
     <span class='ocr_line' id='line_1_5' title="bbox 546 612 2130 683; baseline -0.002 -15"><span class='ocrx_word' id='word_1_21' title='bbox 546 633 645 669; x_wconf 90' lang='lat' dir='ltr'><strong><em>nus</em></strong></span> <span class='ocrx_word' id='word_1_22' title='bbox 670 616 742 668; x_wconf 89' lang='lat' dir='ltr'><strong><em>ibi</em></strong></span> <span class='ocrx_word' id='word_1_23' title='bbox 769 629 881 669; x_wconf 85' lang='lat' dir='ltr'><strong><em>erat</em></strong></span> <span class='ocrx_word' id='word_1_24' title='bbox 906 614 1213 683; x_wconf 75' lang='lat' dir='ltr'><strong><em>patriarcha</em></strong></span> <span class='ocrx_word' id='word_1_25' title='bbox 1245 625 1294 668; x_wconf 90' lang='lat' dir='ltr'><strong><em>et</em></strong></span> <span class='ocrx_word' id='word_1_26' title='bbox 1324 614 1645 667; x_wconf 74' lang='lat' dir='ltr'><strong><em>Anastasius</em></strong></span> <span class='ocrx_word' id='word_1_27' title='bbox 1688 612 1866 666; x_wconf 81' lang='lat' dir='ltr'><strong><em>Roma:</em></strong></span> <span class='ocrx_word' id='word_1_28' title='bbox 1900 612 2130 681; x_wconf 84' lang='lat' dir='ltr'><strong><em>impera—</em></strong></span> 
     </span>
    </p>
   </div>
   <div class='ocr_carea' id='block_1_6' title="bbox 2237 610 3824 683">
    <p class='ocr_par' dir='ltr' id='par_1_6' title="bbox 2237 610 3824 683">
     <span class='ocr_line' id='line_1_6' title="bbox 2237 610 3824 683; baseline 0.002 -16"><span class='ocrx_word' id='word_1_29' title='bbox 2237 622 2335 679; x_wconf 86' lang='lat' dir='ltr'><strong><em>tes,</em></strong></span> <span class='ocrx_word' id='word_1_30' title='bbox 2380 613 2493 678; x_wconf 87' lang='lat' dir='ltr'><strong><em>sed,</em></strong></span> <span class='ocrx_word' id='word_1_31' title='bbox 2535 627 2794 682; x_wconf 83' lang='lat' dir='ltr'><strong><em>magnum</em></strong></span> <span class='ocrx_word' id='word_1_32' title='bbox 2831 610 3151 683; x_wconf 83' lang='lat' dir='ltr'><strong><em>Dionysium</em></strong></span> <span class='ocrx_word' id='word_1_33' title='bbox 3204 612 3356 665; x_wconf 91' lang='lat' dir='ltr'><strong><em>illum</em></strong></span> <span class='ocrx_word' id='word_1_34' title='bbox 3384 610 3729 667; x_wconf 64' lang='lat' dir='ltr'><strong><em>Alexandria</em></strong></span> <span class='ocrx_word' id='word_1_35' title='bbox 3757 629 3824 670; x_wconf 86' lang='lat' dir='ltr'><strong><em>ex</em></strong></span> 
     </span>
    </p>
   </div>
   <div class='ocr_carea' id='block_1_7' title="bbox 545 701 3823 775">
    <p class='ocr_par' dir='ltr' id='par_1_7' title="bbox 545 701 3823 775">
     <span class='ocr_line' id='line_1_7' title="bbox 545 701 3823 775; baseline -0.002 -12"><span class='ocrx_word' id='word_1_36' title='bbox 545 720 651 775; x_wconf 91' lang='lat' dir='ltr'><strong><em>tor,</em></strong></span> <span class='ocrx_word' id='word_1_37' title='bbox 711 718 768 763; x_wconf 89' lang='lat' dir='ltr'><strong><em>ut</em></strong></span> <span class='ocrx_word' id='word_1_38' title='bbox 809 707 978 763; x_wconf 80' lang='lat' dir='ltr'><strong><em>refert</em></strong></span> <span class='ocrx_word' id='word_1_39' title='bbox 1007 704 1241 761; x_wconf 88' lang='lat' dir='ltr'><strong><em>Photius</em></strong></span> <span class='ocrx_word' id='word_1_40' title='bbox 1283 705 1477 760; x_wconf 86' lang='lat' dir='ltr'><strong><em>codice</em></strong></span> <span class='ocrx_word' id='word_1_41' title='bbox 1510 704 1633 758; x_wconf 85' lang='grc'><strong><em>107.</em></strong></span> <span class='ocrx_word' id='word_1_42' title='bbox 1676 703 1908 773; x_wconf 73' lang='lat' dir='ltr'><strong><em>Scripsit</em></strong></span> <span class='ocrx_word' id='word_1_43' title='bbox 1949 706 2133 774; x_wconf 79' lang='lat' dir='ltr'><strong><em>itaque</em></strong></span> <span class='ocrx_word' id='word_1_44' title='bbox 2236 703 2552 758; x_wconf 75' lang='lat' dir='ltr'><strong><em>rhetoribus</em></strong></span> <span class='ocrx_word' id='word_1_45' title='bbox 2578 704 2894 773; x_wconf 87' lang='lat' dir='ltr'><strong><em>episc0pum</em></strong></span> <span class='ocrx_word' id='word_1_46' title='bbox 2918 704 3120 756; x_wconf 75' lang='lat' dir='ltr'><strong><em>dixisse</em></strong></span> <span class='ocrx_word' id='word_1_47' title='bbox 3151 718 3277 756; x_wconf 90' lang='lat' dir='ltr'><strong><em>eum</em></strong></span> <span class='ocrx_word' id='word_1_48' title='bbox 3305 704 3439 757; x_wconf 91' lang='lat' dir='ltr'><strong><em>vult.</em></strong></span> <span class='ocrx_word' id='word_1_49' title='bbox 3476 701 3574 759; x_wconf 84' lang='lat' dir='ltr'><strong><em>llis</em></strong></span> <span class='ocrx_word' id='word_1_50' title='bbox 3606 703 3823 773; x_wconf 82' lang='lat' dir='ltr'><strong><em>probris</em></strong></span> 
     </span>
    </p>
   </div>
   <div class='ocr_carea' id='block_1_8' title="bbox 540 795 2128 868">
    <p class='ocr_par' dir='ltr' id='par_1_8' title="bbox 540 795 2128 868">
     <span class='ocr_line' id='line_1_8' title="bbox 540 795 2128 868; baseline -0.001 -15"><span class='ocrx_word' id='word_1_51' title='bbox 540 798 779 854; x_wconf 80' lang='lat' dir='ltr'><strong><em>Basilius</em></strong></span> <span class='ocrx_word' id='word_1_52' title='bbox 832 799 923 853; x_wconf 91' lang='lat' dir='ltr'><strong><em>ille</em></strong></span> <span class='ocrx_word' id='word_1_53' title='bbox 983 800 1249 854; x_wconf 86' lang='lat' dir='ltr'><strong><em>adversus</em></strong></span> <span class='ocrx_word' id='word_1_54' title='bbox 1296 796 1564 851; x_wconf 87' lang='lat' dir='ltr'><strong><em>Joannem</em></strong></span> <span class='ocrx_word' id='word_1_55' title='bbox 1620 795 2128 868; x_wconf 85' lang='lat' dir='ltr'><strong><em>Scythopolitanum</em></strong></span> 
     </span>
    </p>
   </div>
   <div class='ocr_carea' id='block_1_9' title="bbox 2233 792 3823 863">
    <p class='ocr_par' dir='ltr' id='par_1_9' title="bbox 2233 792 3823 863">
     <span class='ocr_line' id='line_1_9' title="bbox 2233 792 3823 863; baseline 0.001 -16"><span class='ocrx_word' id='word_1_56' title='bbox 2233 802 2398 863; x_wconf 89' lang='lat' dir='ltr'><strong><em>atque</em></strong></span> <span class='ocrx_word' id='word_1_57' title='bbox 2446 794 2725 858; x_wconf 83' lang='lat' dir='ltr'><strong><em>convitiis,</em></strong></span> <span class='ocrx_word' id='word_1_58' title='bbox 2770 805 2830 848; x_wconf 90' lang='lat' dir='ltr'><strong><em>ut</em></strong></span> <span class='ocrx_word' id='word_1_59' title='bbox 2882 794 3043 860; x_wconf 83' lang='lat' dir='ltr'><strong><em>solet,</em></strong></span> <span class='ocrx_word' id='word_1_60' title='bbox 3101 792 3513 848; x_wconf 90' lang='lat' dir='ltr'><strong><em>sanctissimum</em></strong></span> <span class='ocrx_word' id='word_1_61' title='bbox 3566 793 3823 849; x_wconf 83' lang='lat' dir='ltr'><strong><em>doctissi-</em></strong></span> 
     </span>
    </p>
   </div>
   <div class='ocr_carea' id='block_1_10' title="bbox 542 883 3821 959">
    <p class='ocr_par' dir='ltr' id='par_1_10' title="bbox 542 883 3821 959">
     <span class='ocr_line' id='line_1_10' title="bbox 542 883 3821 959; baseline -0.001 -17"><span class='ocrx_word' id='word_1_62' title='bbox 542 898 670 944; x_wconf 85' lang='lat' dir='ltr'><strong><em>aute</em></strong></span> <span class='ocrx_word' id='word_1_63' title='bbox 694 906 898 943; x_wconf 87' lang='lat' dir='ltr'><strong><em>annum</em></strong></span> <span class='ocrx_word' id='word_1_64' title='bbox 930 889 1144 959; x_wconf 90' lang='lat' dir='ltr'><strong><em>imperii</em></strong></span> <span class='ocrx_word' id='word_1_65' title='bbox 1188 887 1539 942; x_wconf 87' lang='lat' dir='ltr'><strong><em>Anastasiani</em></strong></span> <span class='ocrx_word' id='word_1_66' title='bbox 1569 888 1661 954; x_wconf 73' lang='grc'><strong><em>21,</em></strong></span> <span class='ocrx_word' id='word_1_67' title='bbox 1701 904 1811 958; x_wconf 84' lang='lat' dir='ltr'><strong><em>quo</em></strong></span> <span class='ocrx_word' id='word_1_68' title='bbox 1838 904 1984 942; x_wconf 89' lang='lat' dir='ltr'><strong><em>anno</em></strong></span> <span class='ocrx_word' id='word_1_69' title='bbox 2006 887 2131 941; x_wconf 88' lang='lat' dir='ltr'><strong><em>Fla-</em></strong></span> <span class='ocrx_word' id='word_1_70' title='bbox 2230 900 2492 954; x_wconf 88' lang='lat' dir='ltr'><strong><em>mumque</em></strong></span> <span class='ocrx_word' id='word_1_71' title='bbox 2519 883 2813 939; x_wconf 81' lang='lat' dir='ltr'><strong><em>Maximum</em></strong></span> <span class='ocrx_word' id='word_1_72' title='bbox 2848 887 3069 949; x_wconf 80' lang='lat' dir='ltr'><strong><em>lacerat,</em></strong></span> <span class='ocrx_word' id='word_1_73' title='bbox 3113 883 3412 939; x_wconf 80' lang='lat' dir='ltr'><strong><em>Maximum</em></strong></span> <span class='ocrx_word' id='word_1_74' title='bbox 3449 887 3629 950; x_wconf 92' lang='lat' dir='ltr'><strong><em>illum,</em></strong></span> <span class='ocrx_word' id='word_1_75' title='bbox 3659 902 3821 956; x_wconf 80' lang='lat' dir='ltr'><strong><em>quem</em></strong></span> 
     </span>
    </p>
   </div>
   <div class='ocr_carea' id='block_1_11' title="bbox 540 976 2126 1049">
    <p class='ocr_par' dir='ltr' id='par_1_11' title="bbox 540 976 2126 1049">
     <span class='ocr_line' id='line_1_11' title="bbox 540 976 2126 1049; baseline 0.002 -21"><span class='ocrx_word' id='word_1_76' title='bbox 540 979 738 1034; x_wconf 82' lang='lat' dir='ltr'><strong><em>vianus</em></strong></span> <span class='ocrx_word' id='word_1_77' title='bbox 778 979 1031 1033; x_wconf 82' lang='lat' dir='ltr'><strong><em>exsilium</em></strong></span> <span class='ocrx_word' id='word_1_78' title='bbox 1080 994 1279 1049; x_wconf 89' lang='lat' dir='ltr'><strong><em>passus</em></strong></span> <span class='ocrx_word' id='word_1_79' title='bbox 1311 987 1414 1040; x_wconf 88' lang='lat' dir='ltr'><strong><em>est.</em></strong></span> <span class='ocrx_word' id='word_1_80' title='bbox 1467 986 1604 1033; x_wconf 84' lang='lat' dir='ltr'><strong><em>teste</em></strong></span> <span class='ocrx_word' id='word_1_81' title='bbox 1636 978 1989 1049; x_wconf 84' lang='lat' dir='ltr'><strong><em>Theophane.</em></strong></span> <span class='ocrx_word' id='word_1_82' title='bbox 2030 976 2126 1033; x_wconf 83' lang='lat' dir='ltr'><strong><em>Vel</em></strong></span> 
     </span>
    </p>
   </div>
   <div class='ocr_carea' id='block_1_12' title="bbox 542 1071 2126 1141">
    <p class='ocr_par' dir='ltr' id='par_1_12' title="bbox 542 1071 2126 1141">
     <span class='ocr_line' id='line_1_12' title="bbox 542 1071 2126 1141; baseline -0.001 -15"><span class='ocrx_word' id='word_1_83' title='bbox 542 1071 711 1141; x_wconf 83' lang='lat' dir='ltr'><strong><em>igitur</em></strong></span> <span class='ocrx_word' id='word_1_84' title='bbox 764 1081 890 1126; x_wconf 87' lang='lat' dir='ltr'><strong><em>ante</em></strong></span> <span class='ocrx_word' id='word_1_85' title='bbox 938 1080 1157 1126; x_wconf 84' lang='lat' dir='ltr'><strong><em>sextum</em></strong></span> <span class='ocrx_word' id='word_1_86' title='bbox 1208 1071 1493 1138; x_wconf 64' lang='lat' dir='ltr'><strong><em>saeculum,</em></strong></span> <span class='ocrx_word' id='word_1_87' title='bbox 1545 1071 1629 1125; x_wconf 85' lang='lat' dir='ltr'><strong><em>vel</em></strong></span> <span class='ocrx_word' id='word_1_88' title='bbox 1666 1086 1732 1126; x_wconf 85' lang='lat' dir='ltr'><strong><em>eo</em></strong></span> <span class='ocrx_word' id='word_1_89' title='bbox 1757 1072 1870 1141; x_wconf 82' lang='lat' dir='ltr'><strong><em>jam</em></strong></span> <span class='ocrx_word' id='word_1_90' title='bbox 1904 1071 2126 1125; x_wconf 84' lang='lat' dir='ltr'><strong><em>ineunte</em></strong></span> 
     </span>
    </p>
   </div>
   <div class='ocr_carea' id='block_1_13' title="bbox 539 1160 2123 1233">
    <p class='ocr_par' dir='ltr' id='par_1_13' title="bbox 539 1160 2123 1233">
     <span class='ocr_line' id='line_1_13' title="bbox 539 1160 2123 1233; baseline -0.001 -16"><span class='ocrx_word' id='word_1_91' title='bbox 539 1162 763 1233; x_wconf 84' lang='lat' dir='ltr'><strong><em>scripsit</em></strong></span> <span class='ocrx_word' id='word_1_92' title='bbox 787 1160 1032 1219; x_wconf 83' lang='lat' dir='ltr'><strong><em>Joannes</em></strong></span> <span class='ocrx_word' id='word_1_93' title='bbox 1059 1161 1564 1233; x_wconf 86' lang='lat' dir='ltr'><strong><em>Scythopolitanus.</em></strong></span> <span class='ocrx_word' id='word_1_94' title='bbox 1599 1161 1705 1229; x_wconf 84' lang='lat' dir='ltr'><strong><em>Qui</em></strong></span> <span class='ocrx_word' id='word_1_95' title='bbox 1736 1171 1920 1217; x_wconf 88' lang='lat' dir='ltr'><strong><em>autem</em></strong></span> <span class='ocrx_word' id='word_1_96' title='bbox 1956 1163 2123 1217; x_wconf 84' lang='lat' dir='ltr'><strong><em>scho-</em></strong></span> 
     </span>
    </p>
   </div>
   <div class='ocr_carea' id='block_1_14' title="bbox 536 1254 2125 1325">
    <p class='ocr_par' dir='ltr' id='par_1_14' title="bbox 536 1254 2125 1325">
     <span class='ocr_line' id='line_1_14' title="bbox 536 1254 2125 1325; baseline 0.001 -17"><span class='ocrx_word' id='word_1_97' title='bbox 536 1254 614 1309; x_wconf 87' lang='lat' dir='ltr'><strong><em>lia</em></strong></span> <span class='ocrx_word' id='word_1_98' title='bbox 646 1255 702 1309; x_wconf 90' lang='lat' dir='ltr'><strong><em>in</em></strong></span> <span class='ocrx_word' id='word_1_99' title='bbox 742 1265 1024 1311; x_wconf 88' lang='lat' dir='ltr'><strong><em>auctorem</em></strong></span> <span class='ocrx_word' id='word_1_100' title='bbox 1068 1255 1336 1322; x_wconf 88' lang='lat' dir='ltr'><strong><em>scribunt,</em></strong></span> <span class='ocrx_word' id='word_1_101' title='bbox 1394 1270 1521 1310; x_wconf 91' lang='lat' dir='ltr'><strong><em>eum</em></strong></span> <span class='ocrx_word' id='word_1_102' title='bbox 1567 1271 1667 1325; x_wconf 91' lang='lat' dir='ltr'><strong><em>pro</em></strong></span> <span class='ocrx_word' id='word_1_103' title='bbox 1719 1254 1888 1310; x_wconf 81' lang='lat' dir='ltr'><strong><em>veteri</em></strong></span> <span class='ocrx_word' id='word_1_104' title='bbox 1940 1254 2125 1325; x_wconf 90' lang='lat' dir='ltr'><strong><em>aliquo</em></strong></span> 
     </span>
    </p>
   </div>
   <div class='ocr_carea' id='block_1_15' title="bbox 535 1347 2122 1421">
    <p class='ocr_par' dir='ltr' id='par_1_15' title="bbox 535 1347 2122 1421">
     <span class='ocr_line' id='line_1_15' title="bbox 535 1347 2122 1421; baseline -0.001 -18"><span class='ocrx_word' id='word_1_105' title='bbox 535 1348 780 1411; x_wconf 84' lang='lat' dir='ltr'><strong><em>habent,</em></strong></span> <span class='ocrx_word' id='word_1_106' title='bbox 809 1349 904 1403; x_wconf 92' lang='lat' dir='ltr'><strong><em>diu</em></strong></span> <span class='ocrx_word' id='word_1_107' title='bbox 935 1350 1121 1421; x_wconf 85' lang='lat' dir='ltr'><strong><em>itaque</em></strong></span> <span class='ocrx_word' id='word_1_108' title='bbox 1152 1357 1279 1403; x_wconf 87' lang='lat' dir='ltr'><strong><em>ante</em></strong></span> <span class='ocrx_word' id='word_1_109' title='bbox 1302 1356 1519 1404; x_wconf 91' lang='lat' dir='ltr'><strong><em>sextum</em></strong></span> <span class='ocrx_word' id='word_1_110' title='bbox 1547 1348 1807 1404; x_wconf 69' lang='lat' dir='ltr'><strong><em>saeculum</em></strong></span> <span class='ocrx_word' id='word_1_111' title='bbox 1837 1348 1958 1403; x_wconf 89' lang='lat' dir='ltr'><strong><em>libri</em></strong></span> <span class='ocrx_word' id='word_1_112' title='bbox 1992 1347 2122 1402; x_wconf 87' lang='lat' dir='ltr'><strong><em>Dio-</em></strong></span> 
     </span>
    </p>
   </div>
   <div class='ocr_carea' id='block_1_16' title="bbox 536 1440 1022 1513">
    <p class='ocr_par' dir='ltr' id='par_1_16' title="bbox 536 1440 1022 1513">
     <span class='ocr_line' id='line_1_16' title="bbox 536 1440 1022 1513; baseline -0.002 -18"><span class='ocrx_word' id='word_1_113' title='bbox 536 1441 683 1513; x_wconf 86' lang='lat' dir='ltr'><strong><em>nysii</em></strong></span> <span class='ocrx_word' id='word_1_114' title='bbox 716 1440 846 1496; x_wconf 88' lang='lat' dir='ltr'><strong><em>editi</em></strong></span> <span class='ocrx_word' id='word_1_115' title='bbox 871 1448 1022 1494; x_wconf 89' lang='lat' dir='ltr'><strong><em>sunt.</em></strong></span> 
     </span>
    </p>
   </div>
   <div class='ocr_carea' id='block_1_17' title="bbox 608 1530 2121 1603">
    <p class='ocr_par' dir='ltr' id='par_1_17' title="bbox 608 1530 2121 1603">
     <span class='ocr_line' id='line_1_17' title="bbox 608 1530 2121 1603; baseline -0.001 -16"><span class='ocrx_word' id='word_1_116' title='bbox 608 1533 882 1589; x_wconf 83' lang='lat' dir='ltr'><strong><em>Maximus</em></strong></span> <span class='ocrx_word' id='word_1_117' title='bbox 910 1533 1075 1587; x_wconf 91' lang='lat' dir='ltr'><strong><em>etiam</em></strong></span> <span class='ocrx_word' id='word_1_118' title='bbox 1109 1532 1315 1587; x_wconf 90' lang='lat' dir='ltr'><strong><em>indicat</em></strong></span> <span class='ocrx_word' id='word_1_119' title='bbox 1340 1533 1526 1603; x_wconf 87' lang='lat' dir='ltr'><strong><em>plures</em></strong></span> <span class='ocrx_word' id='word_1_120' title='bbox 1549 1542 1675 1587; x_wconf 90' lang='lat' dir='ltr'><strong><em>ante</em></strong></span> <span class='ocrx_word' id='word_1_121' title='bbox 1713 1549 1771 1588; x_wconf 93' lang='lat' dir='ltr'><strong><em>se</em></strong></span> <span class='ocrx_word' id='word_1_122' title='bbox 1812 1532 1865 1586; x_wconf 90' lang='lat' dir='ltr'><strong><em>in</em></strong></span> <span class='ocrx_word' id='word_1_123' title='bbox 1917 1530 2121 1603; x_wconf 84' lang='lat' dir='ltr'><strong><em>Diony-</em></strong></span> 
     </span>
    </p>
   </div>
   <div class='ocr_carea' id='block_1_18' title="bbox 534 1626 2120 1697">
    <p class='ocr_par' dir='ltr' id='par_1_18' title="bbox 534 1626 2120 1697">
     <span class='ocr_line' id='line_1_18' title="bbox 534 1626 2120 1697; baseline -0.003 -14"><span class='ocrx_word' id='word_1_124' title='bbox 534 1628 683 1683; x_wconf 84' lang='lat' dir='ltr'><strong><em>sium</em></strong></span> <span class='ocrx_word' id='word_1_125' title='bbox 716 1626 1142 1683; x_wconf 85' lang='lat' dir='ltr'><strong><em>commentarios</em></strong></span> <span class='ocrx_word' id='word_1_126' title='bbox 1168 1626 1482 1697; x_wconf 84' lang='lat' dir='ltr'><strong><em>scripsisse,</em></strong></span> <span class='ocrx_word' id='word_1_127' title='bbox 1532 1642 1599 1681; x_wconf 90' lang='lat' dir='ltr'><strong><em>ac</em></strong></span> <span class='ocrx_word' id='word_1_128' title='bbox 1640 1626 1810 1680; x_wconf 88' lang='lat' dir='ltr'><strong><em>variis</em></strong></span> <span class='ocrx_word' id='word_1_129' title='bbox 1853 1626 2120 1694; x_wconf 90' lang='lat' dir='ltr'><strong><em>interpre-</em></strong></span> 
     </span>
    </p>
   </div>
   <div class='ocr_carea' id='block_1_19' title="bbox 530 1718 2119 1789">
    <p class='ocr_par' dir='ltr' id='par_1_19' title="bbox 530 1718 2119 1789">
     <span class='ocr_line' id='line_1_19' title="bbox 530 1718 2119 1789; baseline -0.001 -16"><span class='ocrx_word' id='word_1_130' title='bbox 530 1719 836 1773; x_wconf 85' lang='lat' dir='ltr'><strong><em>tationibus</em></strong></span> <span class='ocrx_word' id='word_1_131' title='bbox 868 1719 1209 1785; x_wconf 85' lang='lat' dir='ltr'><strong><em>illustrasse;</em></strong></span> <span class='ocrx_word' id='word_1_132' title='bbox 1238 1727 1299 1773; x_wconf 90' lang='lat' dir='ltr'><strong><em>ut</em></strong></span> <span class='ocrx_word' id='word_1_133' title='bbox 1321 1720 1389 1773; x_wconf 91' lang='lat' dir='ltr'><strong><em>ad</em></strong></span> <span class='ocrx_word' id='word_1_134' title='bbox 1425 1729 1591 1789; x_wconf 90' lang='lat' dir='ltr'><strong><em>caput</em></strong></span> <span class='ocrx_word' id='word_1_135' title='bbox 1616 1720 1967 1775; x_wconf 84' lang='lat' dir='ltr'><strong><em>undecimum</em></strong></span> <span class='ocrx_word' id='word_1_136' title='bbox 1995 1718 2119 1774; x_wconf 89' lang='lat' dir='ltr'><strong><em>libri</em></strong></span> 
     </span>
    </p>
   </div>
   <div class='ocr_carea' id='block_1_20' title="bbox 532 1811 2116 1883">
    <p class='ocr_par' dir='ltr' id='par_1_20' title="bbox 532 1811 2116 1883">
     <span class='ocr_line' id='line_1_20' title="bbox 532 1811 2116 1883; baseline -0.001 -18"><span class='ocrx_word' id='word_1_137' title='bbox 532 1812 613 1866; x_wconf 89' lang='lat' dir='ltr'><strong><em>De</em></strong></span> <span class='ocrx_word' id='word_1_138' title='bbox 644 1811 852 1865; x_wconf 78' lang='lat' dir='ltr'><strong><em>Divinis</em></strong></span> <span class='ocrx_word' id='word_1_139' title='bbox 904 1811 1207 1865; x_wconf 85' lang='lat' dir='ltr'><strong><em>nominibus</em></strong></span> <span class='ocrx_word' id='word_1_140' title='bbox 1245 1826 1263 1863; x_wconf 92' lang='lat'><strong><em>:</em></strong></span> <span class='ocrx_word' id='word_1_141' title='bbox 1316 1811 1484 1882; x_wconf 86' lang='grc' dir='ltr'><strong><em>Ὅλην</em></strong></span> <span class='ocrx_word' id='word_1_142' title='bbox 1517 1812 1744 1882; x_wconf 80' lang='grc' dir='ltr'><strong><em>ἑνότητα</em></strong></span> <span class='ocrx_word' id='word_1_143' title='bbox 1778 1814 1826 1865; x_wconf 80' lang='lat' dir='ltr'><strong><em>oi</em></strong></span> <span class='ocrx_word' id='word_1_144' title='bbox 1864 1813 1961 1883; x_wconf 79' lang='grc' dir='ltr'><strong><em>μὲν</em></strong></span> <span class='ocrx_word' id='word_1_145' title='bbox 1995 1811 2116 1864; x_wconf 78' lang='grc' dir='ltr'>ἐλα-</span> 
     </span>
    </p>
   </div>
   <div class='ocr_carea' id='block_1_21' title="bbox 2227 976 3824 1047">
    <p class='ocr_par' dir='ltr' id='par_1_21' title="bbox 2227 976 3824 1047">
     <span class='ocr_line' id='line_1_21' title="bbox 2227 976 3824 1047; baseline 0.003 -19"><span class='ocrx_word' id='word_1_146' title='bbox 2227 976 2285 1028; x_wconf 89' lang='lat' dir='ltr'><strong><em>in</em></strong></span> <span class='ocrx_word' id='word_1_147' title='bbox 2310 993 2503 1046; x_wconf 87' lang='lat' dir='ltr'><strong><em>magna</em></strong></span> <span class='ocrx_word' id='word_1_148' title='bbox 2531 977 2695 1045; x_wconf 80' lang='lat' dir='ltr'><strong><em>fuisse</em></strong></span> <span class='ocrx_word' id='word_1_149' title='bbox 2734 979 2875 1047; x_wconf 89' lang='lat' dir='ltr'><strong><em>apud</em></strong></span> <span class='ocrx_word' id='word_1_150' title='bbox 2903 979 3193 1033; x_wconf 83' lang='lat' dir='ltr'><strong><em>catholicos</em></strong></span> <span class='ocrx_word' id='word_1_151' title='bbox 3242 980 3557 1034; x_wconf 85' lang='lat' dir='ltr'><strong><em>eruditionis</em></strong></span> <span class='ocrx_word' id='word_1_152' title='bbox 3600 988 3649 1032; x_wconf 90' lang='lat' dir='ltr'><strong><em>et</em></strong></span> <span class='ocrx_word' id='word_1_153' title='bbox 3697 996 3824 1032; x_wconf 85' lang='lat' dir='ltr'><strong><em>san-</em></strong></span> 
     </span>
    </p>
   </div>
   <div class='ocr_carea' id='block_1_22' title="bbox 2228 1066 3820 1142">
    <p class='ocr_par' dir='ltr' id='par_1_22' title="bbox 2228 1066 3820 1142">
     <span class='ocr_line' id='line_1_22' title="bbox 2228 1066 3820 1142; baseline 0.002 -21"><span class='ocrx_word' id='word_1_154' title='bbox 2228 1070 2435 1121; x_wconf 89' lang='lat' dir='ltr'><strong><em>ctitatis</em></strong></span> <span class='ocrx_word' id='word_1_155' title='bbox 2459 1070 2706 1137; x_wconf 85' lang='lat' dir='ltr'><strong><em>opinione</em></strong></span> <span class='ocrx_word' id='word_1_156' title='bbox 2730 1070 2845 1139; x_wconf 88' lang='lat' dir='ltr'><strong><em>ipse</em></strong></span> <span class='ocrx_word' id='word_1_157' title='bbox 2870 1068 3161 1127; x_wconf 80' lang='lat' dir='ltr'><strong><em>confessus</em></strong></span> <span class='ocrx_word' id='word_1_158' title='bbox 3198 1080 3281 1127; x_wconf 87' lang='lat' dir='ltr'><strong><em>est</em></strong></span> <span class='ocrx_word' id='word_1_159' title='bbox 3311 1090 3325 1125; x_wconf 87' lang='lat'><strong>:</strong></span> <span class='ocrx_word' id='word_1_160' title='bbox 3364 1070 3561 1142; x_wconf 86' lang='grc' dir='ltr'>Ἐχρῆν</span> <span class='ocrx_word' id='word_1_161' title='bbox 3601 1066 3697 1126; x_wconf 82' lang='grc' dir='ltr'><strong><em>οὖν</em></strong></span> <span class='ocrx_word' id='word_1_162' title='bbox 3729 1070 3820 1124; x_wconf 77' lang='grc' dir='ltr'>εὑ·</span> 
     </span>
    </p>
   </div>
   <div class='ocr_carea' id='block_1_23' title="bbox 2225 1159 3820 1237">
    <p class='ocr_par' dir='ltr' id='par_1_23' title="bbox 2225 1159 3820 1237">
     <span class='ocr_line' id='line_1_23' title="bbox 2225 1159 3820 1237; baseline 0.004 -25"><span class='ocrx_word' id='word_1_163' title='bbox 2225 1159 2407 1223; x_wconf 78' lang='grc' dir='ltr'>λαϐὧς</span> <span class='ocrx_word' id='word_1_164' title='bbox 2439 1164 2552 1225; x_wconf 82' lang='grc' dir='ltr'>τοῖς</span> <span class='ocrx_word' id='word_1_165' title='bbox 2584 1161 2692 1215; x_wconf 83' lang='grc' dir='ltr'><strong><em>τῶν</em></strong></span> <span class='ocrx_word' id='word_1_166' title='bbox 2727 1162 2982 1233; x_wconf 83' lang='grc' dir='ltr'><strong><em>πατέρων</em></strong></span> <span class='ocrx_word' id='word_1_167' title='bbox 3016 1164 3202 1228; x_wconf 81' lang='grc' dir='ltr'><strong><em>πόνοις</em></strong></span> <span class='ocrx_word' id='word_1_168' title='bbox 3237 1165 3546 1237; x_wconf 85' lang='grc' dir='ltr'>προσέχειν·</span> <span class='ocrx_word' id='word_1_169' title='bbox 3583 1164 3721 1218; x_wconf 77' lang='grc' dir='ltr'>ἀλλὰ</span> <span class='ocrx_word' id='word_1_170' title='bbox 3746 1165 3820 1237; x_wconf 82' lang='grc' dir='ltr'>μὴ</span> 
     </span>
    </p>
   </div>
   <div class='ocr_carea' id='block_1_24' title="bbox 2223 1251 3818 1327">
    <p class='ocr_par' dir='ltr' id='par_1_24' title="bbox 2223 1251 3818 1327">
     <span class='ocr_line' id='line_1_24' title="bbox 2223 1251 3818 1327; baseline 0.006 -24"><span class='ocrx_word' id='word_1_171' title='bbox 2223 1251 2361 1323; x_wconf 76' lang='grc' dir='ltr'>πρὸς</span> <span class='ocrx_word' id='word_1_172' title='bbox 2391 1252 2644 1325; x_wconf 75' lang='grc' dir='ltr'>διαϐολὴν</span> <span class='ocrx_word' id='word_1_173' title='bbox 2682 1254 2803 1307; x_wconf 76' lang='grc' dir='ltr'>ἀντὶ</span> <span class='ocrx_word' id='word_1_174' title='bbox 2847 1254 2940 1307; x_wconf 80' lang='grc' dir='ltr'>τοῦ</span> <span class='ocrx_word' id='word_1_175' title='bbox 2975 1255 3339 1327; x_wconf 76' lang='grc' dir='ltr'>εὐγνωμονεῖν</span> <span class='ocrx_word' id='word_1_176' title='bbox 3372 1256 3623 1327; x_wconf 79' lang='grc' dir='ltr'><strong><em>ἑτοίμους</em></strong></span> <span class='ocrx_word' id='word_1_177' title='bbox 3655 1252 3818 1312; x_wconf 83' lang='grc' dir='ltr'>εἶναι.</span> 
     </span>
    </p>
   </div>
   <div class='ocr_carea' id='block_1_25' title="bbox 2226 1342 3815 1412">
    <p class='ocr_par' dir='ltr' id='par_1_25' title="bbox 2226 1342 3815 1412">
     <span class='ocr_line' id='line_1_25' title="bbox 2226 1342 3815 1412; baseline 0.004 -15"><span class='ocrx_word' id='word_1_178' title='bbox 2226 1342 2446 1412; x_wconf 83' lang='lat' dir='ltr'><strong><em>Oportet</em></strong></span> <span class='ocrx_word' id='word_1_179' title='bbox 2482 1353 2659 1397; x_wconf 84' lang='lat' dir='ltr'><strong><em>autent</em></strong></span> <span class='ocrx_word' id='word_1_180' title='bbox 2703 1343 2929 1398; x_wconf 90' lang='lat' dir='ltr'><strong><em>Patrum</em></strong></span> <span class='ocrx_word' id='word_1_181' title='bbox 2980 1346 3254 1401; x_wconf 81' lang='lat' dir='ltr'><strong><em>laboribus</em></strong></span> <span class='ocrx_word' id='word_1_182' title='bbox 3304 1358 3594 1403; x_wconf 83' lang='lat' dir='ltr'><strong><em>reverenter</em></strong></span> <span class='ocrx_word' id='word_1_183' title='bbox 3640 1359 3815 1404; x_wconf 28' lang='lat' dir='ltr'><strong><em>atten‘</em></strong></span> 
     </span>
    </p>
   </div>
   <div class='ocr_carea' id='block_1_26' title="bbox 2224 1436 3817 1510">
    <p class='ocr_par' dir='ltr' id='par_1_26' title="bbox 2224 1436 3817 1510">
     <span class='ocr_line' id='line_1_26' title="bbox 2224 1436 3817 1510; baseline 0.006 -22"><span class='ocrx_word' id='word_1_184' title='bbox 2224 1436 2370 1500; x_wconf 87' lang='lat' dir='ltr'><strong><em>dere,</em></strong></span> <span class='ocrx_word' id='word_1_185' title='bbox 2408 1451 2569 1507; x_wconf 86' lang='lat' dir='ltr'><strong><em>neque</em></strong></span> <span class='ocrx_word' id='word_1_186' title='bbox 2598 1436 2668 1489; x_wconf 90' lang='lat' dir='ltr'><strong><em>ad</em></strong></span> <span class='ocrx_word' id='word_1_187' title='bbox 2706 1436 3146 1493; x_wconf 87' lang='lat' dir='ltr'><strong><em>calumniandum</em></strong></span> <span class='ocrx_word' id='word_1_188' title='bbox 3174 1443 3374 1510; x_wconf 84' lang='lat' dir='ltr'><strong><em>potius,</em></strong></span> <span class='ocrx_word' id='word_1_189' title='bbox 3404 1458 3562 1510; x_wconf 89' lang='lat' dir='ltr'><strong><em>quam</em></strong></span> <span class='ocrx_word' id='word_1_190' title='bbox 3590 1442 3660 1497; x_wconf 84' lang='lat' dir='ltr'><strong><em>ad</em></strong></span> <span class='ocrx_word' id='word_1_191' title='bbox 3693 1442 3817 1497; x_wconf 82' lang='lat' dir='ltr'><strong><em>bene</em></strong></span> 
     </span>
    </p>
   </div>
   <div class='ocr_carea' id='block_1_27' title="bbox 2221 1526 3819 1602">
    <p class='ocr_par' dir='ltr' id='par_1_27' title="bbox 2221 1526 3819 1602">
     <span class='ocr_line' id='line_1_27' title="bbox 2221 1526 3819 1602; baseline 0.006 -24"><span class='ocrx_word' id='word_1_192' title='bbox 2221 1526 2286 1579; x_wconf 85' lang='lat' dir='ltr'><strong><em>de</em></strong></span> <span class='ocrx_word' id='word_1_193' title='bbox 2308 1526 2418 1579; x_wconf 91' lang='lat' dir='ltr'><strong><em>illis</em></strong></span> <span class='ocrx_word' id='word_1_194' title='bbox 2446 1528 2777 1580; x_wconf 85' lang='lat' dir='ltr'><strong><em>sentiendum</em></strong></span> <span class='ocrx_word' id='word_1_195' title='bbox 2818 1540 3089 1599; x_wconf 88' lang='lat' dir='ltr'><strong><em>promptos</em></strong></span> <span class='ocrx_word' id='word_1_196' title='bbox 3113 1548 3249 1598; x_wconf 88' lang='lat' dir='ltr'><strong><em>esse,</em></strong></span> <span class='ocrx_word' id='word_1_197' title='bbox 3281 1541 3341 1586; x_wconf 90' lang='lat' dir='ltr'><strong><em>ut</em></strong></span> <span class='ocrx_word' id='word_1_198' title='bbox 3373 1533 3646 1602; x_wconf 86' lang='lat' dir='ltr'><strong><em>sapienter</em></strong></span> <span class='ocrx_word' id='word_1_199' title='bbox 3680 1533 3819 1588; x_wconf 90' lang='lat' dir='ltr'><strong><em>dixit</em></strong></span> 
     </span>
    </p>
   </div>
   <div class='ocr_carea' id='block_1_28' title="bbox 2222 1614 3817 1687">
    <p class='ocr_par' dir='ltr' id='par_1_28' title="bbox 2222 1614 3817 1687">
     <span class='ocr_line' id='line_1_28' title="bbox 2222 1614 3817 1687; baseline 0.007 -18"><span class='ocrx_word' id='word_1_200' title='bbox 2222 1614 2485 1687; x_wconf 79' lang='lat' dir='ltr'><strong><em>Eulogius</em></strong></span> <span class='ocrx_word' id='word_1_201' title='bbox 2545 1618 2859 1687; x_wconf 88' lang='lat' dir='ltr'><strong><em>patriarcha</em></strong></span> <span class='ocrx_word' id='word_1_202' title='bbox 2909 1621 3338 1677; x_wconf 83' lang='lat' dir='ltr'><strong><em>Alexandrinus.</em></strong></span> <span class='ocrx_word' id='word_1_203' title='bbox 3374 1622 3444 1677; x_wconf 87' lang='lat' dir='ltr'><strong><em>At</em></strong></span> <span class='ocrx_word' id='word_1_204' title='bbox 3489 1632 3637 1679; x_wconf 89' lang='lat' dir='ltr'><strong><em>certe</em></strong></span> <span class='ocrx_word' id='word_1_205' title='bbox 3669 1623 3817 1680; x_wconf 77' lang='lat' dir='ltr'><strong><em>Cho-</em></strong></span> 
     </span>
    </p>
   </div>
   <div class='ocr_carea' id='block_1_29' title="bbox 2222 1710 3814 1787">
    <p class='ocr_par' dir='ltr' id='par_1_29' title="bbox 2222 1710 3814 1787">
     <span class='ocr_line' id='line_1_29' title="bbox 2222 1710 3814 1787; baseline 0.008 -24"><span class='ocrx_word' id='word_1_206' title='bbox 2222 1710 2425 1765; x_wconf 87' lang='lat' dir='ltr'><strong><em>niatem</em></strong></span> <span class='ocrx_word' id='word_1_207' title='bbox 2462 1722 2771 1781; x_wconf 86' lang='lat' dir='ltr'><strong><em>pervertere</em></strong></span> <span class='ocrx_word' id='word_1_208' title='bbox 2812 1712 3085 1771; x_wconf 82' lang='lat' dir='ltr'><strong><em>Maximus</em></strong></span> <span class='ocrx_word' id='word_1_209' title='bbox 3108 1732 3218 1771; x_wconf 93' lang='lat' dir='ltr'><strong><em>non</em></strong></span> <span class='ocrx_word' id='word_1_210' title='bbox 3252 1716 3451 1786; x_wconf 91' lang='lat' dir='ltr'><strong><em>potuit,</em></strong></span> <span class='ocrx_word' id='word_1_211' title='bbox 3479 1718 3573 1787; x_wconf 91' lang='lat' dir='ltr'><strong><em>qui</em></strong></span> <span class='ocrx_word' id='word_1_212' title='bbox 3601 1727 3684 1773; x_wconf 91' lang='lat' dir='ltr'><strong><em>tot</em></strong></span> <span class='ocrx_word' id='word_1_213' title='bbox 3712 1734 3814 1775; x_wconf 67' lang='lat' dir='ltr'><strong><em>saa-</em></strong></span> 
     </span>
    </p>
   </div>
   <div class='ocr_carea' id='block_1_30' title="bbox 2222 1802 3816 1874">
    <p class='ocr_par' dir='ltr' id='par_1_30' title="bbox 2222 1802 3816 1874">
     <span class='ocr_line' id='line_1_30' title="bbox 2222 1802 3816 1874; baseline 0.006 -17"><span class='ocrx_word' id='word_1_214' title='bbox 2222 1802 2363 1858; x_wconf 91' lang='lat' dir='ltr'><strong><em>culis</em></strong></span> <span class='ocrx_word' id='word_1_215' title='bbox 2393 1814 2518 1873; x_wconf 91' lang='lat' dir='ltr'><strong><em>post</em></strong></span> <span class='ocrx_word' id='word_1_216' title='bbox 2551 1804 2729 1874; x_wconf 89' lang='lat' dir='ltr'><strong><em>ipsum</em></strong></span> <span class='ocrx_word' id='word_1_217' title='bbox 2760 1806 2915 1872; x_wconf 86' lang='lat' dir='ltr'><strong><em>vixit,</em></strong></span> <span class='ocrx_word' id='word_1_218' title='bbox 2950 1816 3005 1863; x_wconf 91' lang='lat' dir='ltr'><strong><em>et</em></strong></span> <span class='ocrx_word' id='word_1_219' title='bbox 3033 1809 3395 1864; x_wconf 89' lang='lat' dir='ltr'><strong><em>vetustiorum</em></strong></span> <span class='ocrx_word' id='word_1_220' title='bbox 3430 1812 3593 1867; x_wconf 85' lang='lat' dir='ltr'><strong><em>verba</em></strong></span> <span class='ocrx_word' id='word_1_221' title='bbox 3635 1822 3816 1867; x_wconf 90' lang='lat' dir='ltr'><strong><em>muta-</em></strong></span> 
     </span>
    </p>
   </div>
   <div class='ocr_carea' id='block_1_31' title="bbox 528 1878 2113 1975">
    <p class='ocr_par' dir='ltr' id='par_1_31' title="bbox 528 1878 2113 1975">
     <span class='ocr_line' id='line_1_31' title="bbox 528 1878 2113 1975; baseline 0.001 -21"><span class='ocrx_word' id='word_1_222' title='bbox 528 1902 628 1955; x_wconf 73' lang='grc' dir='ltr'>’θον</span> <span class='ocrx_word' id='word_1_223' title='bbox 657 1902 756 1973; x_wconf 84' lang='grc' dir='ltr'>τὴν</span> <span class='ocrx_word' id='word_1_224' title='bbox 792 1901 965 1975; x_wconf 81' lang='grc' dir='ltr'>ἁπλῆν</span> <span class='ocrx_word' id='word_1_225' title='bbox 999 1901 1091 1955; x_wconf 77' lang='grc' dir='ltr'>καὶ</span> <span class='ocrx_word' id='word_1_226' title='bbox 1125 1901 1310 1973; x_wconf 80' lang='grc' dir='ltr'><strong>ἀμερῆ</strong></span> <span class='ocrx_word' id='word_1_227' title='bbox 1360 1878 1469 1955; x_wconf 80' lang='grc' dir='ltr'><strong><em>τῶν</em></strong></span> <span class='ocrx_word' id='word_1_228' title='bbox 1518 1878 1689 1956; x_wconf 72' lang='grc' dir='ltr'>ὄντων</span> <span class='ocrx_word' id='word_1_229' title='bbox 1732 1878 1932 1966; x_wconf 79' lang='grc' dir='ltr'>αἰτίαν,</span> <span class='ocrx_word' id='word_1_230' title='bbox 1982 1902 2113 1974; x_wconf 85' lang='grc' dir='ltr'>πρὸς</span> 
     </span>
    </p>
   </div>
   <div class='ocr_carea' id='block_1_32' title="bbox 2214 1878 3814 1975">
    <p class='ocr_par' dir='ltr' id='par_1_32' title="bbox 2226 1895 3814 1974">
     <span class='ocr_line' id='line_1_32' title="bbox 2226 1895 3814 1974; baseline 0.008 -25"><span class='ocrx_word' id='word_1_231' title='bbox 2226 1896 2317 1949; x_wconf 90' lang='lat' dir='ltr'><strong><em>vit.</em></strong></span> <span class='ocrx_word' id='word_1_232' title='bbox 2343 1895 2707 1951; x_wconf 80' lang='lat' dir='ltr'><strong><em>Anastasium</em></strong></span> <span class='ocrx_word' id='word_1_233' title='bbox 2732 1900 3086 1955; x_wconf 86' lang='lat' dir='ltr'><strong><em>vetustiorem</em></strong></span> <span class='ocrx_word' id='word_1_234' title='bbox 3116 1902 3237 1971; x_wconf 91' lang='lat' dir='ltr'><strong><em>ipso</em></strong></span> <span class='ocrx_word' id='word_1_235' title='bbox 3265 1918 3373 1957; x_wconf 89' lang='lat' dir='ltr'><strong><em>non</em></strong></span> <span class='ocrx_word' id='word_1_236' title='bbox 3404 1906 3689 1974; x_wconf 89' lang='lat' dir='ltr'><strong><em>pervertit,</em></strong></span> <span class='ocrx_word' id='word_1_237' title='bbox 3723 1906 3814 1961; x_wconf 89' lang='lat' dir='ltr'><strong><em>sed</em></strong></span> 
     </span>
    </p>
   </div>
   <div class='ocr_carea' id='block_1_33' title="bbox 533 1993 2119 2067">
    <p class='ocr_par' dir='ltr' id='par_1_33' title="bbox 533 1993 2119 2067">
     <span class='ocr_line' id='line_1_33' title="bbox 533 1993 2119 2067; baseline 0.002 -21"><span class='ocrx_word' id='word_1_238' title='bbox 533 1994 613 2064; x_wconf 78' lang='grc' dir='ltr'>ἢν</span> <span class='ocrx_word' id='word_1_239' title='bbox 647 1993 715 2047; x_wconf 82' lang='grc' dir='ltr'>τὰ</span> <span class='ocrx_word' id='word_1_240' title='bbox 748 1996 925 2048; x_wconf 87' lang='grc' dir='ltr'>πάντα</span> <span class='ocrx_word' id='word_1_241' title='bbox 968 1995 1347 2067; x_wconf 81' lang='grc' dir='ltr'><strong><em>ἀπέστραπται</em></strong></span> <span class='ocrx_word' id='word_1_242' title='bbox 1392 1995 1469 2058; x_wconf 81' lang='grc' dir='ltr'>ὡς</span> <span class='ocrx_word' id='word_1_243' title='bbox 1500 1997 1559 2048; x_wconf 85' lang='grc' dir='ltr'>ὲν</span> <span class='ocrx_word' id='word_1_244' title='bbox 1604 1996 1743 2067; x_wconf 79' lang='grc' dir='ltr'>αὐτῇ</span> <span class='ocrx_word' id='word_1_245' title='bbox 1791 1994 2119 2066; x_wconf 68' lang='grc' dir='ltr'>συνιστάμε-</span> 
     </span>
    </p>
   </div>
   <div class='ocr_carea' id='block_1_34' title="bbox 526 2088 2119 2162">
    <p class='ocr_par' dir='ltr' id='par_1_34' title="bbox 526 2088 2119 2162">
     <span class='ocr_line' id='line_1_34' title="bbox 526 2088 2119 2162; baseline 0.002 -22"><span class='ocrx_word' id='word_1_246' title='bbox 526 2102 617 2140; x_wconf 82' lang='grc' dir='ltr'>να’</span> <span class='ocrx_word' id='word_1_247' title='bbox 670 2090 719 2141; x_wconf 88' lang='grc' dir='ltr'><strong><em>οί</em></strong></span> <span class='ocrx_word' id='word_1_248' title='bbox 770 2089 846 2153; x_wconf 87' lang='grc' dir='ltr'>δὲ,</span> <span class='ocrx_word' id='word_1_249' title='bbox 892 2088 989 2160; x_wconf 83' lang='grc' dir='ltr'>τὴν</span> <span class='ocrx_word' id='word_1_250' title='bbox 1034 2090 1127 2143; x_wconf 69' lang='grc' dir='ltr'>τοῦ</span> <span class='ocrx_word' id='word_1_251' title='bbox 1170 2092 1370 2155; x_wconf 83' lang='grc' dir='ltr'>παντὸς</span> <span class='ocrx_word' id='word_1_252' title='bbox 1404 2091 1669 2162; x_wconf 84' lang='grc' dir='ltr'>ἁρμονίαν</span> <span class='ocrx_word' id='word_1_253' title='bbox 1710 2089 1770 2155; x_wconf 73' lang='grc' dir='ltr'><strong><em>ἐξ</em></strong></span> <span class='ocrx_word' id='word_1_254' title='bbox 1814 2090 2119 2162; x_wconf 81' lang='grc' dir='ltr'>ὲτεροφυῶν</span> 
     </span>
    </p>
   </div>
   <div class='ocr_carea' id='block_1_35' title="bbox 526 2179 2118 2253">
    <p class='ocr_par' dir='ltr' id='par_1_35' title="bbox 526 2179 2118 2253">
     <span class='ocr_line' id='line_1_35' title="bbox 526 2179 2118 2253; baseline 0.003 -20"><span class='ocrx_word' id='word_1_255' title='bbox 526 2179 639 2233; x_wconf 82' lang='grc' dir='ltr'><strong><em>τῶν</em></strong></span> <span class='ocrx_word' id='word_1_256' title='bbox 673 2182 957 2251; x_wconf 81' lang='grc' dir='ltr'>στοιχείων</span> <span class='ocrx_word' id='word_1_257' title='bbox 992 2182 1471 2253; x_wconf 85' lang='grc' dir='ltr'>συγκεκραμένην.</span> <span class='ocrx_word' id='word_1_258' title='bbox 1503 2180 1604 2235; x_wconf 85' lang='lat' dir='ltr'><strong><em>Per</em></strong></span> <span class='ocrx_word' id='word_1_259' title='bbox 1642 2189 1813 2237; x_wconf 83' lang='lat' dir='ltr'><strong><em>totam</em></strong></span> <span class='ocrx_word' id='word_1_260' title='bbox 1852 2184 2118 2237; x_wconf 83' lang='lat' dir='ltr'><strong><em>unitatem</em></strong></span> 
     </span>
    </p>
   </div>
   <div class='ocr_carea' id='block_1_36' title="bbox 527 2273 2119 2344">
    <p class='ocr_par' dir='ltr' id='par_1_36' title="bbox 527 2273 2119 2344">
     <span class='ocr_line' id='line_1_36' title="bbox 527 2273 2119 2344; baseline 0.002 -18"><span class='ocrx_word' id='word_1_261' title='bbox 527 2273 628 2326; x_wconf 82' lang='lat' dir='ltr'><strong><em>alii</em></strong></span> <span class='ocrx_word' id='word_1_262' title='bbox 673 2274 887 2342; x_wconf 88' lang='lat' dir='ltr'><strong><em>quidem</em></strong></span> <span class='ocrx_word' id='word_1_263' title='bbox 932 2275 1309 2329; x_wconf 72' lang='lat' dir='ltr'><strong><em>intellexerunt</em></strong></span> <span class='ocrx_word' id='word_1_264' title='bbox 1352 2274 1647 2344; x_wconf 83' lang='lat' dir='ltr'><strong><em>simplicem</em></strong></span> <span class='ocrx_word' id='word_1_265' title='bbox 1694 2284 1746 2328; x_wconf 88' lang='lat' dir='ltr'><strong><em>et</em></strong></span> <span class='ocrx_word' id='word_1_266' title='bbox 1783 2275 2119 2329; x_wconf 89' lang='lat' dir='ltr'><strong><em>individuam</em></strong></span> 
     </span>
    </p>
   </div>
   <div class='ocr_carea' id='block_1_37' title="bbox 524 2371 2120 2442">
    <p class='ocr_par' dir='ltr' id='par_1_37' title="bbox 524 2371 2120 2442">
     <span class='ocr_line' id='line_1_37' title="bbox 524 2371 2120 2442; baseline 0.002 -19"><span class='ocrx_word' id='word_1_267' title='bbox 524 2387 703 2425; x_wconf 87' lang='lat' dir='ltr'><strong><em>rerum</em></strong></span> <span class='ocrx_word' id='word_1_268' title='bbox 730 2388 967 2437; x_wconf 86' lang='lat' dir='ltr'><strong><em>causam,</em></strong></span> <span class='ocrx_word' id='word_1_269' title='bbox 1006 2372 1075 2424; x_wconf 90' lang='lat' dir='ltr'><strong><em>ad</em></strong></span> <span class='ocrx_word' id='word_1_270' title='bbox 1107 2388 1268 2442; x_wconf 90' lang='lat' dir='ltr'><strong><em>quam</em></strong></span> <span class='ocrx_word' id='word_1_271' title='bbox 1313 2371 1493 2425; x_wconf 87' lang='lat' dir='ltr'><strong><em>omnia</em></strong></span> <span class='ocrx_word' id='word_1_272' title='bbox 1536 2386 1787 2424; x_wconf 85' lang='lat' dir='ltr'><strong><em>conversa</em></strong></span> <span class='ocrx_word' id='word_1_273' title='bbox 1841 2380 1985 2435; x_wconf 90' lang='lat' dir='ltr'><strong><em>sunt,</em></strong></span> <span class='ocrx_word' id='word_1_274' title='bbox 2031 2382 2120 2426; x_wconf 90' lang='lat' dir='ltr'><strong><em>ut-</em></strong></span> 
     </span>
    </p>
   </div>
   <div class='ocr_carea' id='block_1_38' title="bbox 524 2464 2119 2534">
    <p class='ocr_par' dir='ltr' id='par_1_38' title="bbox 524 2464 2119 2534">
     <span class='ocr_line' id='line_1_38' title="bbox 524 2464 2119 2534; baseline 0.001 -17"><span class='ocrx_word' id='word_1_275' title='bbox 524 2473 644 2534; x_wconf 85' lang='lat' dir='ltr'><strong><em>pote</em></strong></span> <span class='ocrx_word' id='word_1_276' title='bbox 682 2465 740 2517; x_wconf 89' lang='lat' dir='ltr'><strong><em>in</em></strong></span> <span class='ocrx_word' id='word_1_277' title='bbox 771 2465 889 2534; x_wconf 89' lang='lat' dir='ltr'><strong><em>ipsa</em></strong></span> <span class='ocrx_word' id='word_1_278' title='bbox 923 2466 1305 2531; x_wconf 87' lang='lat' dir='ltr'><strong><em>consistentia;</em></strong></span> <span class='ocrx_word' id='word_1_279' title='bbox 1356 2466 1454 2519; x_wconf 88' lang='lat' dir='ltr'><strong><em>alii</em></strong></span> <span class='ocrx_word' id='word_1_280' title='bbox 1490 2480 1609 2519; x_wconf 89' lang='lat' dir='ltr'><strong><em>vero</em></strong></span> <span class='ocrx_word' id='word_1_281' title='bbox 1638 2464 1971 2518; x_wconf 84' lang='lat' dir='ltr'><strong><em>harmoniam</em></strong></span> <span class='ocrx_word' id='word_1_282' title='bbox 1998 2466 2119 2519; x_wconf 89' lang='lat' dir='ltr'><strong><em>uni-</em></strong></span> 
     </span>
    </p>
   </div>
   <div class='ocr_carea' id='block_1_39' title="bbox 523 2555 2117 2612">
    <p class='ocr_par' dir='ltr' id='par_1_39' title="bbox 523 2555 2117 2612">
     <span class='ocr_line' id='line_1_39' title="bbox 523 2555 2117 2612; baseline 0.001 -3"><span class='ocrx_word' id='word_1_283' title='bbox 523 2556 660 2609; x_wconf 88' lang='lat' dir='ltr'><strong><em>versi</em></strong></span> <span class='ocrx_word' id='word_1_284' title='bbox 692 2571 757 2608; x_wconf 77' lang='lat' dir='ltr'><strong><em>ex</em></strong></span> <span class='ocrx_word' id='word_1_285' title='bbox 779 2555 1047 2610; x_wconf 89' lang='lat' dir='ltr'><strong><em>elementis</em></strong></span> <span class='ocrx_word' id='word_1_286' title='bbox 1080 2557 1304 2612; x_wconf 80' lang='lat' dir='ltr'><strong><em>diversa:</em></strong></span> <span class='ocrx_word' id='word_1_287' title='bbox 1336 2566 1547 2610; x_wconf 80' lang='lat' dir='ltr'><strong><em>natura:</em></strong></span> <span class='ocrx_word' id='word_1_288' title='bbox 1576 2556 1931 2609; x_wconf 89' lang='lat' dir='ltr'><strong><em>commistam.</em></strong></span> <span class='ocrx_word' id='word_1_289' title='bbox 1966 2556 2031 2610; x_wconf 90' lang='lat' dir='ltr'><strong><em>Et</em></strong></span> <span class='ocrx_word' id='word_1_290' title='bbox 2060 2557 2117 2611; x_wconf 90' lang='lat' dir='ltr'><strong><em>in</em></strong></span> 
     </span>
    </p>
   </div>
   <div class='ocr_carea' id='block_1_40' title="bbox 524 2646 2117 2720">
    <p class='ocr_par' dir='ltr' id='par_1_40' title="bbox 524 2646 2117 2720">
     <span class='ocr_line' id='line_1_40' title="bbox 524 2646 2117 2720; baseline 0.002 -19"><span class='ocrx_word' id='word_1_291' title='bbox 524 2647 663 2717; x_wconf 85' lang='lat' dir='ltr'><strong><em>ipsis</em></strong></span> <span class='ocrx_word' id='word_1_292' title='bbox 698 2646 920 2702; x_wconf 79' lang='lat' dir='ltr'><strong><em>Maximi</em></strong></span> <span class='ocrx_word' id='word_1_293' title='bbox 963 2649 1383 2717; x_wconf 80' lang='lat' dir='ltr'><strong><em>commentariis</em></strong></span> <span class='ocrx_word' id='word_1_294' title='bbox 1427 2649 1659 2703; x_wconf 73' lang='lat' dir='ltr'><strong><em>diversa:</em></strong></span> <span class='ocrx_word' id='word_1_295' title='bbox 1701 2662 1845 2718; x_wconf 74' lang='lat' dir='ltr'><strong><em>saepe</em></strong></span> <span class='ocrx_word' id='word_1_296' title='bbox 1899 2649 2117 2720; x_wconf 82' lang='lat' dir='ltr'><strong><em>exposi-</em></strong></span> 
     </span>
    </p>
   </div>
   <div class='ocr_carea' id='block_1_41' title="bbox 522 2739 2118 2811">
    <p class='ocr_par' dir='ltr' id='par_1_41' title="bbox 522 2739 2118 2811">
     <span class='ocr_line' id='line_1_41' title="bbox 522 2739 2118 2811; baseline 0.001 -17"><span class='ocrx_word' id='word_1_297' title='bbox 522 2741 704 2795; x_wconf 85' lang='lat' dir='ltr'><strong><em>tiones</em></strong></span> <span class='ocrx_word' id='word_1_298' title='bbox 741 2749 891 2804; x_wconf 92' lang='lat' dir='ltr'><strong><em>sunt,</em></strong></span> <span class='ocrx_word' id='word_1_299' title='bbox 924 2756 955 2794; x_wconf 92' lang='lat' dir='ltr'><strong><em>a</em></strong></span> <span class='ocrx_word' id='word_1_300' title='bbox 990 2740 1224 2796; x_wconf 86' lang='lat' dir='ltr'><strong><em>diversis</em></strong></span> <span class='ocrx_word' id='word_1_301' title='bbox 1263 2741 1386 2797; x_wconf 86' lang='lat' dir='ltr'><strong><em>sine</em></strong></span> <span class='ocrx_word' id='word_1_302' title='bbox 1427 2741 1598 2796; x_wconf 90' lang='lat' dir='ltr'><strong><em>dubio</em></strong></span> <span class='ocrx_word' id='word_1_303' title='bbox 1640 2739 1955 2796; x_wconf 89' lang='lat' dir='ltr'><strong><em>scholiastis</em></strong></span> <span class='ocrx_word' id='word_1_304' title='bbox 2002 2742 2118 2811; x_wconf 90' lang='lat' dir='ltr'><strong><em>pri-</em></strong></span> 
     </span>
    </p>
   </div>
   <div class='ocr_carea' id='block_1_42' title="bbox 524 2831 2115 2902">
    <p class='ocr_par' dir='ltr' id='par_1_42' title="bbox 524 2831 2115 2902">
     <span class='ocr_line' id='line_1_42' title="bbox 524 2831 2115 2902; baseline 0.003 -17"><span class='ocrx_word' id='word_1_305' title='bbox 524 2847 678 2886; x_wconf 82' lang='lat' dir='ltr'><strong><em>mum</em></strong></span> <span class='ocrx_word' id='word_1_306' title='bbox 709 2831 1001 2902; x_wconf 70' lang='lat' dir='ltr'><strong><em>profectas;</em></strong></span> <span class='ocrx_word' id='word_1_307' title='bbox 1038 2833 1182 2888; x_wconf 89' lang='lat' dir='ltr'><strong><em>inter</em></strong></span> <span class='ocrx_word' id='word_1_308' title='bbox 1230 2833 1331 2887; x_wconf 89' lang='lat' dir='ltr'><strong><em>hos</em></strong></span> <span class='ocrx_word' id='word_1_309' title='bbox 1358 2842 1539 2887; x_wconf 90' lang='lat' dir='ltr'><strong><em>autem</em></strong></span> <span class='ocrx_word' id='word_1_310' title='bbox 1568 2834 1749 2888; x_wconf 89' lang='lat' dir='ltr'><strong><em>varios</em></strong></span> <span class='ocrx_word' id='word_1_311' title='bbox 1786 2833 2115 2891; x_wconf 80' lang='lat' dir='ltr'><strong><em>scholiastas</em></strong></span> 
     </span>
    </p>
   </div>
   <div class='ocr_carea' id='block_1_43' title="bbox 524 2924 2116 2994">
    <p class='ocr_par' dir='ltr' id='par_1_43' title="bbox 524 2924 2116 2994">
     <span class='ocr_line' id='line_1_43' title="bbox 524 2924 2116 2994; baseline 0.003 -17"><span class='ocrx_word' id='word_1_312' title='bbox 524 2938 695 2977; x_wconf 78' lang='lat' dir='ltr'><strong><em>unum</em></strong></span> <span class='ocrx_word' id='word_1_313' title='bbox 728 2925 997 2994; x_wconf 60' lang='lat' dir='ltr'><strong><em>praecipue</em></strong></span> <span class='ocrx_word' id='word_1_314' title='bbox 1025 2924 1255 2979; x_wconf 86' lang='lat' dir='ltr'><strong><em>honoris</em></strong></span> <span class='ocrx_word' id='word_1_315' title='bbox 1270 2939 1440 2979; x_wconf 90' lang='lat' dir='ltr'><strong><em>causa</em></strong></span> <span class='ocrx_word' id='word_1_316' title='bbox 1465 2924 1734 2992; x_wconf 89' lang='lat' dir='ltr'><strong><em>nominat,</em></strong></span> <span class='ocrx_word' id='word_1_317' title='bbox 1755 2927 1875 2981; x_wconf 89' lang='lat' dir='ltr'><strong><em>sine</em></strong></span> <span class='ocrx_word' id='word_1_318' title='bbox 1894 2934 2116 2981; x_wconf 90' lang='lat' dir='ltr'><strong><em>contro-</em></strong></span> 
     </span>
    </p>
   </div>
   <div class='ocr_carea' id='block_1_44' title="bbox 521 3016 2119 3086">
    <p class='ocr_par' dir='ltr' id='par_1_44' title="bbox 521 3016 2119 3086">
     <span class='ocr_line' id='line_1_44' title="bbox 521 3016 2119 3086; baseline 0.003 -17"><span class='ocrx_word' id='word_1_319' title='bbox 521 3016 701 3070; x_wconf 87' lang='lat' dir='ltr'><strong><em>versia</em></strong></span> <span class='ocrx_word' id='word_1_320' title='bbox 726 3026 1025 3083; x_wconf 87' lang='lat' dir='ltr'><strong><em>vetustum,</em></strong></span> <span class='ocrx_word' id='word_1_321' title='bbox 1057 3017 1125 3071; x_wconf 92' lang='lat' dir='ltr'><strong><em>ad</em></strong></span> <span class='ocrx_word' id='word_1_322' title='bbox 1175 3024 1339 3086; x_wconf 87' lang='lat' dir='ltr'><strong><em>caput</em></strong></span> <span class='ocrx_word' id='word_1_323' title='bbox 1379 3017 1633 3086; x_wconf 88' lang='lat' dir='ltr'><strong><em>quintum</em></strong></span> <span class='ocrx_word' id='word_1_324' title='bbox 1674 3016 1915 3073; x_wconf 76' lang='lat' dir='ltr'><strong><em>Ctelestis</em></strong></span> <span class='ocrx_word' id='word_1_325' title='bbox 1978 3020 2119 3073; x_wconf 79' lang='lat' dir='ltr'><strong><em>hier-</em></strong></span> 
     </span>
    </p>
   </div>
   <div class='ocr_carea' id='block_1_45' title="bbox 522 3108 2113 3185">
    <p class='ocr_par' dir='ltr' id='par_1_45' title="bbox 522 3108 2113 3185">
     <span class='ocr_line' id='line_1_45' title="bbox 522 3108 2113 3185; baseline 0.004 -24"><span class='ocrx_word' id='word_1_326' title='bbox 522 3108 721 3161; x_wconf 73' lang='lat' dir='ltr'><strong><em>archia:</em></strong></span> <span class='ocrx_word' id='word_1_327' title='bbox 756 3124 772 3160; x_wconf 91' lang='lat'><strong><em>:</em></strong></span> <span class='ocrx_word' id='word_1_328' title='bbox 814 3108 873 3162; x_wconf 84' lang='grc' dir='ltr'><strong>Ὀ</strong></span> <span class='ocrx_word' id='word_1_329' title='bbox 926 3108 1058 3177; x_wconf 84' lang='grc' dir='ltr'>γοῦν</span> <span class='ocrx_word' id='word_1_330' title='bbox 1104 3109 1277 3179; x_wconf 85' lang='grc' dir='ltr'>μέγας</span> <span class='ocrx_word' id='word_1_331' title='bbox 1309 3110 1602 3173; x_wconf 81' lang='grc' dir='ltr'>Διονύσιος,</span> <span class='ocrx_word' id='word_1_332' title='bbox 1634 3110 1663 3161; x_wconf 87' lang='grc' dir='ltr'><strong><em>ό</em></strong></span> <span class='ocrx_word' id='word_1_333' title='bbox 1708 3110 2113 3185; x_wconf 81' lang='grc' dir='ltr'>Ἀλεξανδρείας</span> 
     </span>
    </p>
   </div>
   <div class='ocr_carea' id='block_1_46' title="bbox 534 3200 2180 3293">
    <p class='ocr_par' dir='ltr' id='par_1_46' title="bbox 534 3200 2180 3293">
     <span class='ocr_line' id='line_1_46' title="bbox 534 3200 2180 3293; baseline 0.001 -34"><span class='ocrx_word' id='word_1_334' title='bbox 534 3206 882 3270; x_wconf 86' lang='grc' dir='ltr'>Ἐπίσκοπος,</span> <span class='ocrx_word' id='word_1_335' title='bbox 925 3206 953 3257; x_wconf 84' lang='grc' dir='ltr'>ὁ</span> <span class='ocrx_word' id='word_1_336' title='bbox 1004 3206 1110 3275; x_wconf 69' lang='grc' dir='ltr'><strong><em>ἀπὸ</em></strong></span> <span class='ocrx_word' id='word_1_337' title='bbox 1157 3206 1424 3277; x_wconf 80' lang='grc' dir='ltr'>ρητόρων,</span> <span class='ocrx_word' id='word_1_338' title='bbox 1478 3208 1536 3260; x_wconf 83' lang='grc' dir='ltr'>ὲν</span> <span class='ocrx_word' id='word_1_339' title='bbox 1581 3208 1693 3271; x_wconf 82' lang='grc' dir='ltr'>τοῖς</span> <span class='ocrx_word' id='word_1_340' title='bbox 1740 3206 1972 3277; x_wconf 88' lang='grc' dir='ltr'>σχολίοις</span> <span class='ocrx_word' id='word_1_341' title='bbox 2030 3200 2112 3270; x_wconf 74' lang='grc' dir='ltr'><strong><em>οἷς</em></strong></span> <span class='ocrx_word' id='word_1_342' title='bbox 2137 3234 2180 3293; x_wconf 73' lang='lat' dir='ltr'><strong><em>C</em></strong></span> 
     </span>
    </p>
   </div>
   <div class='ocr_carea' id='block_1_47' title="bbox 520 3297 2112 3371">
    <p class='ocr_par' dir='ltr' id='par_1_47' title="bbox 520 3297 2112 3371">
     <span class='ocr_line' id='line_1_47' title="bbox 520 3297 2112 3371; baseline -0.002 -17"><span class='ocrx_word' id='word_1_343' title='bbox 520 3298 821 3369; x_wconf 75' lang='grc' dir='ltr'>πεποίηκεν</span> <span class='ocrx_word' id='word_1_344' title='bbox 872 3299 954 3361; x_wconf 88' lang='grc' dir='ltr'><strong><em>είς</em></strong></span> <span class='ocrx_word' id='word_1_345' title='bbox 1000 3298 1093 3351; x_wconf 85' lang='grc' dir='ltr'><strong><em>τὸν</em></strong></span> <span class='ocrx_word' id='word_1_346' title='bbox 1148 3298 1416 3371; x_wconf 84' lang='grc' dir='ltr'>μακάριον</span> <span class='ocrx_word' id='word_1_347' title='bbox 1450 3298 1720 3353; x_wconf 89' lang='grc' dir='ltr'>Διονύσιον</span> <span class='ocrx_word' id='word_1_348' title='bbox 1752 3299 1841 3353; x_wconf 81' lang='grc' dir='ltr'><strong><em>τὸν</em></strong></span> <span class='ocrx_word' id='word_1_349' title='bbox 1876 3297 2112 3353; x_wconf 82' lang='grc' dir='ltr'>συνώνυ-</span> 
     </span>
    </p>
   </div>
   <div class='ocr_carea' id='block_1_48' title="bbox 525 3390 2112 3463">
    <p class='ocr_par' dir='ltr' id='par_1_48' title="bbox 525 3390 2112 3463">
     <span class='ocr_line' id='line_1_48' title="bbox 525 3390 2112 3463; baseline 0 -18"><span class='ocrx_word' id='word_1_350' title='bbox 525 3409 645 3463; x_wconf 87' lang='grc' dir='ltr'>μον,</span> <span class='ocrx_word' id='word_1_351' title='bbox 680 3390 824 3445; x_wconf 78' lang='grc' dir='ltr'>οὒτω</span> <span class='ocrx_word' id='word_1_352' title='bbox 855 3390 1028 3460; x_wconf 79' lang='grc' dir='ltr'>λέγει.</span> <span class='ocrx_word' id='word_1_353' title='bbox 1066 3390 1293 3462; x_wconf 78' lang='lat' dir='ltr'><strong><em>Magnus</em></strong></span> <span class='ocrx_word' id='word_1_354' title='bbox 1332 3393 1498 3463; x_wconf 87' lang='lat' dir='ltr'><strong><em>igitur</em></strong></span> <span class='ocrx_word' id='word_1_355' title='bbox 1532 3391 1843 3463; x_wconf 81' lang='lat' dir='ltr'><strong><em>Dionysius,</em></strong></span> <span class='ocrx_word' id='word_1_356' title='bbox 1874 3392 2112 3446; x_wconf 70' lang='lat' dir='ltr'><strong><em>Alexan-</em></strong></span> 
     </span>
    </p>
   </div>
   <div class='ocr_carea' id='block_1_49' title="bbox 520 3484 2111 3554">
    <p class='ocr_par' dir='ltr' id='par_1_49' title="bbox 520 3484 2111 3554">
     <span class='ocr_line' id='line_1_49' title="bbox 520 3484 2111 3554; baseline 0.001 -17"><span class='ocrx_word' id='word_1_357' title='bbox 520 3485 656 3539; x_wconf 77' lang='lat' dir='ltr'><strong><em>dria:</em></strong></span> <span class='ocrx_word' id='word_1_358' title='bbox 685 3484 981 3554; x_wconf 87' lang='lat' dir='ltr'><strong><em>episcopus,</em></strong></span> <span class='ocrx_word' id='word_1_359' title='bbox 1004 3499 1032 3537; x_wconf 91' lang='lat' dir='ltr'><strong><em>e</em></strong></span> <span class='ocrx_word' id='word_1_360' title='bbox 1067 3484 1387 3553; x_wconf 81' lang='lat' dir='ltr'><strong><em>rhetoribus,</em></strong></span> <span class='ocrx_word' id='word_1_361' title='bbox 1416 3485 1471 3538; x_wconf 89' lang='lat' dir='ltr'><strong><em>in</em></strong></span> <span class='ocrx_word' id='word_1_362' title='bbox 1502 3484 1718 3540; x_wconf 89' lang='lat' dir='ltr'><strong><em>scholiis</em></strong></span> <span class='ocrx_word' id='word_1_363' title='bbox 1744 3500 1863 3551; x_wconf 73' lang='lat' dir='ltr'><strong><em>quis</em></strong></span> <span class='ocrx_word' id='word_1_364' title='bbox 1900 3484 1957 3537; x_wconf 91' lang='lat' dir='ltr'><strong><em>in</em></strong></span> <span class='ocrx_word' id='word_1_365' title='bbox 1987 3485 2111 3539; x_wconf 86' lang='lat' dir='ltr'><strong><em>bea-</em></strong></span> 
     </span>
    </p>
   </div>
   <div class='ocr_carea' id='block_1_50' title="bbox 522 3575 2111 3647">
    <p class='ocr_par' dir='ltr' id='par_1_50' title="bbox 522 3575 2111 3647">
     <span class='ocr_line' id='line_1_50' title="bbox 522 3575 2111 3647; baseline 0.002 -19"><span class='ocrx_word' id='word_1_366' title='bbox 522 3584 633 3629; x_wconf 87' lang='lat' dir='ltr'><strong><em>tum</em></strong></span> <span class='ocrx_word' id='word_1_367' title='bbox 670 3575 983 3645; x_wconf 86' lang='lat' dir='ltr'><strong><em>Dionysium</em></strong></span> <span class='ocrx_word' id='word_1_368' title='bbox 1017 3576 1119 3630; x_wconf 84' lang='lat' dir='ltr'><strong><em>sibi</em></strong></span> <span class='ocrx_word' id='word_1_369' title='bbox 1164 3578 1710 3647; x_wconf 59' lang='lat' dir='ltr'><strong><em>cognominem‘fecit,</em></strong></span> <span class='ocrx_word' id='word_1_370' title='bbox 1754 3578 1831 3631; x_wconf 88' lang='lat' dir='ltr'><strong><em>ita</em></strong></span> <span class='ocrx_word' id='word_1_371' title='bbox 1863 3578 2016 3631; x_wconf 86' lang='lat' dir='ltr'><strong><em>dicit.</em></strong></span> <span class='ocrx_word' id='word_1_372' title='bbox 2045 3576 2111 3631; x_wconf 88' lang='lat' dir='ltr'><strong><em>Et</em></strong></span> 
     </span>
    </p>
   </div>
   <div class='ocr_carea' id='block_1_51' title="bbox 517 3661 2110 3741">
    <p class='ocr_par' dir='ltr' id='par_1_51' title="bbox 517 3661 2110 3741">
     <span class='ocr_line' id='line_1_51' title="bbox 517 3661 2110 3741; baseline 0.003 -18"><span class='ocrx_word' id='word_1_373' title='bbox 517 3661 761 3724; x_wconf 74' lang='lat' dir='ltr'><strong><em>J&#39;oannes</em></strong></span> <span class='ocrx_word' id='word_1_374' title='bbox 800 3669 1231 3740; x_wconf 82' lang='lat' dir='ltr'><strong><em>Cyparissiotus,</em></strong></span> <span class='ocrx_word' id='word_1_375' title='bbox 1281 3669 1486 3726; x_wconf 90' lang='lat' dir='ltr'><strong><em>decade</em></strong></span> <span class='ocrx_word' id='word_1_376' title='bbox 1518 3670 1571 3734; x_wconf 83' lang='grc'>1,</span> <span class='ocrx_word' id='word_1_377' title='bbox 1596 3686 1718 3741; x_wconf 90' lang='lat' dir='ltr'><strong><em>cap.</em></strong></span> <span class='ocrx_word' id='word_1_378' title='bbox 1748 3671 1801 3736; x_wconf 78' lang='grc'>1,</span> <span class='ocrx_word' id='word_1_379' title='bbox 1830 3686 1959 3725; x_wconf 90' lang='lat' dir='ltr'><strong><em>cum</em></strong></span> <span class='ocrx_word' id='word_1_380' title='bbox 1985 3685 2110 3728; x_wconf 77' lang='lat' dir='ltr'><strong><em>seu-</em></strong></span> 
     </span>
    </p>
   </div>
   <div class='ocr_carea' id='block_1_52' title="bbox 514 3760 2108 3833">
    <p class='ocr_par' dir='ltr' id='par_1_52' title="bbox 514 3760 2108 3833">
     <span class='ocr_line' id='line_1_52' title="bbox 514 3760 2108 3833; baseline 0.001 -17"><span class='ocrx_word' id='word_1_381' title='bbox 514 3762 748 3817; x_wconf 78' lang='lat' dir='ltr'><strong><em>tentiam</em></strong></span> <span class='ocrx_word' id='word_1_382' title='bbox 796 3760 1184 3833; x_wconf 90' lang='lat' dir='ltr'><strong><em>Dionysianam</em></strong></span> <span class='ocrx_word' id='word_1_383' title='bbox 1249 3779 1317 3819; x_wconf 89' lang='lat' dir='ltr'><strong><em>ex</em></strong></span> <span class='ocrx_word' id='word_1_384' title='bbox 1365 3764 1600 3832; x_wconf 89' lang='lat' dir='ltr'><strong><em>epistola</em></strong></span> <span class='ocrx_word' id='word_1_385' title='bbox 1662 3764 1730 3818; x_wconf 90' lang='lat' dir='ltr'><strong><em>ad</em></strong></span> <span class='ocrx_word' id='word_1_386' title='bbox 1785 3762 1970 3817; x_wconf 88' lang='lat' dir='ltr'><strong><em>Titum</em></strong></span> <span class='ocrx_word' id='word_1_387' title='bbox 2014 3764 2108 3818; x_wconf 80' lang='lat' dir='ltr'><strong><em>sd-</em></strong></span> 
     </span>
    </p>
   </div>
   <div class='ocr_carea' id='block_1_53' title="bbox 519 3853 2110 3922">
    <p class='ocr_par' dir='ltr' id='par_1_53' title="bbox 519 3853 2110 3922">
     <span class='ocr_line' id='line_1_53' title="bbox 519 3853 2110 3922; baseline 0.001 -14"><span class='ocrx_word' id='word_1_388' title='bbox 519 3854 791 3918; x_wconf 85' lang='lat' dir='ltr'><strong><em>duxisset,</em></strong></span> <span class='ocrx_word' id='word_1_389' title='bbox 824 3854 979 3909; x_wconf 89' lang='lat' dir='ltr'><strong><em>addit</em></strong></span> <span class='ocrx_word' id='word_1_390' title='bbox 1012 3872 1026 3909; x_wconf 90' lang='lat'><strong>:</strong></span> <span class='ocrx_word' id='word_1_391' title='bbox 1061 3853 1179 3909; x_wconf 85' lang='lat' dir='ltr'><strong><em>Hoc</em></strong></span> <span class='ocrx_word' id='word_1_392' title='bbox 1220 3855 1426 3909; x_wconf 83' lang='lat' dir='ltr'><strong><em>dictum</em></strong></span> <span class='ocrx_word' id='word_1_393' title='bbox 1477 3854 1537 3910; x_wconf 93' lang='lat' dir='ltr'><strong><em>S.</em></strong></span> <span class='ocrx_word' id='word_1_394' title='bbox 1576 3854 1870 3922; x_wconf 74' lang='lat' dir='ltr'><strong><em>Maximus,</em></strong></span> <span class='ocrx_word' id='word_1_395' title='bbox 1895 3865 1943 3909; x_wconf 90' lang='lat' dir='ltr'><strong><em>et</em></strong></span> <span class='ocrx_word' id='word_1_396' title='bbox 1977 3855 2110 3910; x_wconf 89' lang='lat' dir='ltr'><strong><em>Dio-</em></strong></span> 
     </span>
    </p>
   </div>
   <div class='ocr_carea' id='block_1_54' title="bbox 515 3947 2110 4018">
    <p class='ocr_par' dir='ltr' id='par_1_54' title="bbox 515 3947 2110 4018">
     <span class='ocr_line' id='line_1_54' title="bbox 515 3947 2110 4018; baseline 0.003 -16"><span class='ocrx_word' id='word_1_397' title='bbox 515 3949 703 4018; x_wconf 76' lang='lat' dir='ltr'><strong><em>nysius</em></strong></span> <span class='ocrx_word' id='word_1_398' title='bbox 735 3947 1131 4003; x_wconf 70' lang='lat' dir='ltr'><strong><em>Alexandrinus</em></strong></span> <span class='ocrx_word' id='word_1_399' title='bbox 1156 3950 1501 4005; x_wconf 86' lang='lat' dir='ltr'><strong><em>adnotarunt.</em></strong></span> <span class='ocrx_word' id='word_1_400' title='bbox 1536 3949 1600 4005; x_wconf 90' lang='lat' dir='ltr'><strong><em>Et</em></strong></span> <span class='ocrx_word' id='word_1_401' title='bbox 1634 3966 1758 4006; x_wconf 88' lang='lat' dir='ltr'><strong><em>cum</em></strong></span> <span class='ocrx_word' id='word_1_402' title='bbox 1794 3952 1957 4006; x_wconf 90' lang='lat' dir='ltr'><strong><em>aliam</em></strong></span> <span class='ocrx_word' id='word_1_403' title='bbox 1983 3967 2110 4007; x_wconf 90' lang='lat' dir='ltr'><strong><em>sen-</em></strong></span> 
     </span>
    </p>
   </div>
   <div class='ocr_carea' id='block_1_55' title="bbox 508 4042 2109 4115">
    <p class='ocr_par' dir='ltr' id='par_1_55' title="bbox 508 4042 2109 4115">
     <span class='ocr_line' id='line_1_55' title="bbox 508 4042 2109 4115; baseline 0.004 -20"><span class='ocrx_word' id='word_1_404' title='bbox 508 4043 745 4095; x_wconf 65' lang='lat' dir='ltr'><strong><em>tentiam</em></strong></span> <span class='ocrx_word' id='word_1_405' title='bbox 778 4057 844 4097; x_wconf 91' lang='lat' dir='ltr'><strong><em>ex</em></strong></span> <span class='ocrx_word' id='word_1_406' title='bbox 880 4042 1071 4097; x_wconf 90' lang='lat' dir='ltr'><strong><em>eadem</em></strong></span> <span class='ocrx_word' id='word_1_407' title='bbox 1101 4044 1357 4113; x_wconf 88' lang='lat' dir='ltr'><strong><em>epistola,</em></strong></span> <span class='ocrx_word' id='word_1_408' title='bbox 1387 4044 1593 4099; x_wconf 86' lang='lat' dir='ltr'><strong><em>decade</em></strong></span> <span class='ocrx_word' id='word_1_409' title='bbox 1618 4044 1673 4108; x_wconf 71' lang='grc'>2,</span> <span class='ocrx_word' id='word_1_410' title='bbox 1701 4059 1822 4115; x_wconf 83' lang='lat' dir='ltr'><strong><em>cap.</em></strong></span> <span class='ocrx_word' id='word_1_411' title='bbox 1848 4044 1905 4111; x_wconf 74' lang='lat'><strong><em>2,</em></strong></span> <span class='ocrx_word' id='word_1_412' title='bbox 1941 4044 2109 4102; x_wconf 88' lang='lat' dir='ltr'><strong><em>citas-</em></strong></span> 
     </span>
    </p>
   </div>
   <div class='ocr_carea' id='block_1_56' title="bbox 517 4132 2106 4206">
    <p class='ocr_par' dir='ltr' id='par_1_56' title="bbox 517 4132 2106 4206">
     <span class='ocr_line' id='line_1_56' title="bbox 517 4132 2106 4206; baseline 0.001 -17"><span class='ocrx_word' id='word_1_413' title='bbox 517 4143 603 4189; x_wconf 70' lang='grc' dir='ltr'><strong><em>εει</em></strong></span> <span class='ocrx_word' id='word_1_414' title='bbox 634 4151 650 4188; x_wconf 89' lang='lat'><strong>:</strong></span> <span class='ocrx_word' id='word_1_415' title='bbox 683 4132 831 4187; x_wconf 88' lang='lat' dir='ltr'><strong><em>Alter</em></strong></span> <span class='ocrx_word' id='word_1_416' title='bbox 861 4150 1003 4199; x_wconf 90' lang='lat' dir='ltr'><strong><em>vero,</em></strong></span> <span class='ocrx_word' id='word_1_417' title='bbox 1055 4135 1269 4205; x_wconf 85' lang='lat' dir='ltr'><strong><em>inquit.</em></strong></span> <span class='ocrx_word' id='word_1_418' title='bbox 1322 4135 1607 4206; x_wconf 78' lang='lat' dir='ltr'><strong><em>Dionysius</em></strong></span> <span class='ocrx_word' id='word_1_419' title='bbox 1659 4135 1770 4189; x_wconf 62' lang='lat' dir='ltr'><strong><em>haec</em></strong></span> <span class='ocrx_word' id='word_1_420' title='bbox 1817 4135 2106 4191; x_wconf 86' lang='lat' dir='ltr'><strong><em>edisserens</em></strong></span> 
     </span>
    </p>
   </div>
   <div class='ocr_carea' id='block_1_57' title="bbox 518 4221 2109 4293">
    <p class='ocr_par' dir='ltr' id='par_1_57' title="bbox 518 4221 2109 4293">
     <span class='ocr_line' id='line_1_57' title="bbox 518 4221 2109 4293; baseline 0.003 -21"><span class='ocrx_word' id='word_1_421' title='bbox 518 4221 620 4285; x_wconf 89' lang='lat' dir='ltr'><strong><em>ait,</em></strong></span> <span class='ocrx_word' id='word_1_422' title='bbox 650 4236 736 4273; x_wconf 90' lang='lat' dir='ltr'><strong><em>eos</em></strong></span> <span class='ocrx_word' id='word_1_423' title='bbox 759 4222 851 4291; x_wconf 86' lang='lat' dir='ltr'><strong><em>qui</em></strong></span> <span class='ocrx_word' id='word_1_424' title='bbox 885 4232 1126 4291; x_wconf 88' lang='lat' dir='ltr'><strong><em>apertam</em></strong></span> <span class='ocrx_word' id='word_1_425' title='bbox 1159 4223 1478 4293; x_wconf 84' lang='lat' dir='ltr'><strong><em>theologiam</em></strong></span> <span class='ocrx_word' id='word_1_426' title='bbox 1512 4233 1561 4277; x_wconf 86' lang='lat' dir='ltr'><strong><em>et</em></strong></span> <span class='ocrx_word' id='word_1_427' title='bbox 1595 4222 1723 4277; x_wconf 88' lang='lat' dir='ltr'><strong><em>velis</em></strong></span> <span class='ocrx_word' id='word_1_428' title='bbox 1775 4224 1977 4277; x_wconf 90' lang='lat' dir='ltr'><strong><em>nudam</em></strong></span> <span class='ocrx_word' id='word_1_429' title='bbox 2010 4241 2109 4277; x_wconf 84' lang='lat' dir='ltr'><strong><em>au-</em></strong></span> 
     </span>
    </p>
   </div>
   <div class='ocr_carea' id='block_1_58' title="bbox 517 4312 2108 4383">
    <p class='ocr_par' dir='ltr' id='par_1_58' title="bbox 517 4312 2108 4383">
     <span class='ocr_line' id='line_1_58' title="bbox 517 4312 2108 4383; baseline 0.004 -21"><span class='ocrx_word' id='word_1_430' title='bbox 517 4312 770 4375; x_wconf 86' lang='lat' dir='ltr'><strong><em>dierunt;</em></strong></span> <span class='ocrx_word' id='word_1_431' title='bbox 812 4324 960 4382; x_wconf 83' lang='lat' dir='ltr'><strong><em>typos</em></strong></span> <span class='ocrx_word' id='word_1_432' title='bbox 1009 4314 1330 4383; x_wconf 87' lang='lat' dir='ltr'><strong><em>cogitatione</em></strong></span> <span class='ocrx_word' id='word_1_433' title='bbox 1363 4330 1464 4368; x_wconf 89' lang='lat' dir='ltr'><strong><em>sua</em></strong></span> <span class='ocrx_word' id='word_1_434' title='bbox 1503 4314 1759 4383; x_wconf 84' lang='lat' dir='ltr'><strong><em>formare,</em></strong></span> <span class='ocrx_word' id='word_1_435' title='bbox 1796 4316 1887 4383; x_wconf 91' lang='lat' dir='ltr'><strong><em>qui</em></strong></span> <span class='ocrx_word' id='word_1_436' title='bbox 1922 4315 1991 4367; x_wconf 89' lang='lat' dir='ltr'><strong><em>ad</em></strong></span> <span class='ocrx_word' id='word_1_437' title='bbox 2023 4316 2108 4368; x_wconf 92' lang='lat' dir='ltr'><strong><em>in-</em></strong></span> 
     </span>
    </p>
   </div>
   <div class='ocr_carea' id='block_1_59' title="bbox 520 4404 2105 4475">
    <p class='ocr_par' dir='ltr' id='par_1_59' title="bbox 520 4404 2105 4475">
     <span class='ocr_line' id='line_1_59' title="bbox 520 4404 2105 4475; baseline 0.003 -18"><span class='ocrx_word' id='word_1_438' title='bbox 520 4404 868 4473; x_wconf 81' lang='lat' dir='ltr'><strong><em>telligentiam</em></strong></span> <span class='ocrx_word' id='word_1_439' title='bbox 898 4405 1168 4460; x_wconf 87' lang='lat' dir='ltr'><strong><em>auditores</em></strong></span> <span class='ocrx_word' id='word_1_440' title='bbox 1206 4407 1476 4475; x_wconf 84' lang='lat' dir='ltr'><strong><em>adjuvent.</em></strong></span> <span class='ocrx_word' id='word_1_441' title='bbox 1518 4404 1675 4462; x_wconf 88' lang='lat' dir='ltr'><strong><em>Unde</em></strong></span> <span class='ocrx_word' id='word_1_442' title='bbox 1716 4408 1851 4463; x_wconf 83' lang='lat' dir='ltr'><strong><em>satis</em></strong></span> <span class='ocrx_word' id='word_1_443' title='bbox 1895 4415 2105 4463; x_wconf 87' lang='lat' dir='ltr'><strong><em>certum</em></strong></span> 
     </span>
    </p>
   </div>
   <div class='ocr_carea' id='block_1_60' title="bbox 516 4494 2106 4569">
    <p class='ocr_par' dir='ltr' id='par_1_60' title="bbox 516 4494 2106 4569">
     <span class='ocr_line' id='line_1_60' title="bbox 516 4494 2106 4569; baseline 0.004 -20"><span class='ocrx_word' id='word_1_444' title='bbox 516 4504 621 4562; x_wconf 90' lang='lat' dir='ltr'><strong><em>est,</em></strong></span> <span class='ocrx_word' id='word_1_445' title='bbox 657 4494 976 4567; x_wconf 80' lang='lat' dir='ltr'><strong><em>Dionysium</em></strong></span> <span class='ocrx_word' id='word_1_446' title='bbox 998 4497 1429 4552; x_wconf 87' lang='lat' dir='ltr'><strong><em>Alexandrinum</em></strong></span> <span class='ocrx_word' id='word_1_447' title='bbox 1454 4498 1506 4551; x_wconf 91' lang='lat' dir='ltr'><strong><em>in</em></strong></span> <span class='ocrx_word' id='word_1_448' title='bbox 1532 4497 1913 4569; x_wconf 83' lang='lat' dir='ltr'><strong><em>Areopagitam</em></strong></span> <span class='ocrx_word' id='word_1_449' title='bbox 1946 4500 2106 4555; x_wconf 86' lang='lat' dir='ltr'><strong><em>scho-</em></strong></span> 
     </span>
    </p>
   </div>
   <div class='ocr_carea' id='block_1_61' title="bbox 514 4582 3292 4662">
    <p class='ocr_par' dir='ltr' id='par_1_61' title="bbox 514 4582 3292 4662">
     <span class='ocr_line' id='line_1_61' title="bbox 514 4582 3292 4662; baseline 0.002 -19"><span class='ocrx_word' id='word_1_450' title='bbox 514 4589 590 4643; x_wconf 80' lang='lat' dir='ltr'><strong><em>lia</em></strong></span> <span class='ocrx_word' id='word_1_451' title='bbox 635 4590 948 4659; x_wconf 88' lang='lat' dir='ltr'><strong><em>scripsisse,</em></strong></span> <span class='ocrx_word' id='word_1_452' title='bbox 1006 4604 1118 4644; x_wconf 91' lang='lat' dir='ltr'><strong><em>non</em></strong></span> <span class='ocrx_word' id='word_1_453' title='bbox 1172 4590 1229 4644; x_wconf 89' lang='lat' dir='ltr'><strong><em>in</em></strong></span> <span class='ocrx_word' id='word_1_454' title='bbox 1284 4590 1700 4645; x_wconf 87' lang='lat' dir='ltr'><strong><em>Corinthiorum</em></strong></span> <span class='ocrx_word' id='word_1_455' title='bbox 1759 4592 2101 4662; x_wconf 89' lang='lat' dir='ltr'><strong><em>episcopum,</em></strong></span> <span class='ocrx_word' id='word_1_456' title='bbox 2137 4582 2594 4655; x_wconf 73' lang='lat' dir='ltr'><strong><em>DAl‘eopagilam</em></strong></span> <span class='ocrx_word' id='word_1_457' title='bbox 2652 4583 2885 4653; x_wconf 71' lang='lat' dir='ltr'><strong><em>dictum,</em></strong></span> <span class='ocrx_word' id='word_1_458' title='bbox 2937 4585 3230 4655; x_wconf 68' lang='lat' dir='ltr'><strong><em>scripsisse</em></strong></span> <span class='ocrx_word' id='word_1_459' title='bbox 3279 4605 3292 4641; x_wconf 85' lang='lat'>:</span> 
     </span>
    </p>
   </div>
   <div class='ocr_carea' id='block_1_62' title="bbox 512 4677 2104 4749">
    <p class='ocr_par' dir='ltr' id='par_1_62' title="bbox 512 4677 2104 4749">
     <span class='ocr_line' id='line_1_62' title="bbox 512 4677 2104 4749; baseline -0.001 -15"><span class='ocrx_word' id='word_1_460' title='bbox 512 4679 663 4749; x_wconf 87' lang='lat' dir='ltr'><strong><em>quod</em></strong></span> <span class='ocrx_word' id='word_1_461' title='bbox 691 4688 797 4734; x_wconf 88' lang='lat' dir='ltr'><strong><em>tam</em></strong></span> <span class='ocrx_word' id='word_1_462' title='bbox 826 4678 1040 4733; x_wconf 80' lang='lat' dir='ltr'><strong><em>inﬁcete</em></strong></span> <span class='ocrx_word' id='word_1_463' title='bbox 1069 4689 1470 4734; x_wconf 87' lang='lat' dir='ltr'><strong><em>commentatus</em></strong></span> <span class='ocrx_word' id='word_1_464' title='bbox 1496 4677 1923 4735; x_wconf 87' lang='lat' dir='ltr'><strong><em>estHalloixius.</em></strong></span> <span class='ocrx_word' id='word_1_465' title='bbox 1944 4678 2104 4733; x_wconf 85' lang='lat' dir='ltr'><strong><em>Hunc</em></strong></span> 
     </span>
    </p>
   </div>
   <div class='ocr_carea' id='block_1_63' title="bbox 514 4770 2105 4843">
    <p class='ocr_par' dir='ltr' id='par_1_63' title="bbox 514 4770 2105 4843">
     <span class='ocr_line' id='line_1_63' title="bbox 514 4770 2105 4843; baseline 0.001 -17"><span class='ocrx_word' id='word_1_466' title='bbox 514 4772 738 4841; x_wconf 88' lang='lat' dir='ltr'><strong><em>quidem</em></strong></span> <span class='ocrx_word' id='word_1_467' title='bbox 790 4770 1151 4841; x_wconf 85' lang='lat' dir='ltr'><strong><em>Dionysium,</em></strong></span> <span class='ocrx_word' id='word_1_468' title='bbox 1211 4786 1374 4840; x_wconf 92' lang='lat' dir='ltr'><strong><em>quem</em></strong></span> <span class='ocrx_word' id='word_1_469' title='bbox 1436 4771 1504 4824; x_wconf 77' lang='grc' dir='ltr'>ἐκ</span> <span class='ocrx_word' id='word_1_470' title='bbox 1556 4772 1801 4843; x_wconf 77' lang='grc' dir='ltr'>ρητόρων</span> <span class='ocrx_word' id='word_1_471' title='bbox 1854 4772 2105 4843; x_wconf 88' lang='lat' dir='ltr'><strong><em>indigitat</em></strong></span> 
     </span>
    </p>
   </div>
   <div class='ocr_carea' id='block_1_64' title="bbox 514 4860 2104 4932">
    <p class='ocr_par' dir='ltr' id='par_1_64' title="bbox 514 4860 2104 4932">
     <span class='ocr_line' id='line_1_64' title="bbox 514 4860 2104 4932; baseline -0.001 -15"><span class='ocrx_word' id='word_1_472' title='bbox 514 4862 809 4930; x_wconf 82' lang='lat' dir='ltr'><strong><em>Maximus,</em></strong></span> <span class='ocrx_word' id='word_1_473' title='bbox 850 4864 996 4917; x_wconf 87' lang='lat' dir='ltr'><strong><em>haud</em></strong></span> <span class='ocrx_word' id='word_1_474' title='bbox 1025 4863 1190 4917; x_wconf 87' lang='lat' dir='ltr'><strong><em>credo</em></strong></span> <span class='ocrx_word' id='word_1_475' title='bbox 1223 4860 1397 4917; x_wconf 81' lang='lat' dir='ltr'><strong><em>fuisse</em></strong></span> <span class='ocrx_word' id='word_1_476' title='bbox 1438 4862 1868 4916; x_wconf 82' lang='lat' dir='ltr'><strong><em>Alexandrinum</em></strong></span> <span class='ocrx_word' id='word_1_477' title='bbox 1893 4862 2104 4932; x_wconf 90' lang='lat' dir='ltr'><strong><em>episco-</em></strong></span> 
     </span>
    </p>
   </div>
   <div class='ocr_carea' id='block_1_65' title="bbox 512 4954 2104 5027">
    <p class='ocr_par' dir='ltr' id='par_1_65' title="bbox 512 4954 2104 5027">
     <span class='ocr_line' id='line_1_65' title="bbox 512 4954 2104 5027; baseline -0.001 -16"><span class='ocrx_word' id='word_1_478' title='bbox 512 4970 666 5027; x_wconf 90' lang='lat' dir='ltr'><strong><em>pum,</em></strong></span> <span class='ocrx_word' id='word_1_479' title='bbox 705 4956 838 5026; x_wconf 87' lang='lat' dir='ltr'><strong><em>quia</em></strong></span> <span class='ocrx_word' id='word_1_480' title='bbox 870 4955 924 5009; x_wconf 92' lang='lat' dir='ltr'><strong><em>in</em></strong></span> <span class='ocrx_word' id='word_1_481' title='bbox 951 4954 1101 5009; x_wconf 87' lang='lat' dir='ltr'><strong><em>illius</em></strong></span> <span class='ocrx_word' id='word_1_482' title='bbox 1130 4954 1278 5009; x_wconf 87' lang='lat' dir='ltr'><strong><em>sedis</em></strong></span> <span class='ocrx_word' id='word_1_483' title='bbox 1307 4955 1694 5025; x_wconf 87' lang='lat' dir='ltr'><strong><em>episcoporum</em></strong></span> <span class='ocrx_word' id='word_1_484' title='bbox 1730 4955 1974 5011; x_wconf 89' lang='lat' dir='ltr'><strong><em>indiculo</em></strong></span> <span class='ocrx_word' id='word_1_485' title='bbox 2004 4969 2104 5009; x_wconf 94' lang='lat' dir='ltr'><strong><em>ne-</em></strong></span> 
     </span>
    </p>
   </div>
   <div class='ocr_carea' id='block_1_66' title="bbox 510 5045 2103 5119">
    <p class='ocr_par' dir='ltr' id='par_1_66' title="bbox 510 5045 2103 5119">
     <span class='ocr_line' id='line_1_66' title="bbox 510 5045 2103 5119; baseline -0.002 -16"><span class='ocrx_word' id='word_1_486' title='bbox 510 5049 721 5104; x_wconf 87' lang='lat' dir='ltr'><strong><em>minem</em></strong></span> <span class='ocrx_word' id='word_1_487' title='bbox 752 5055 881 5103; x_wconf 76' lang='lat' dir='ltr'><strong><em>ante</em></strong></span> <span class='ocrx_word' id='word_1_488' title='bbox 903 5045 1201 5101; x_wconf 85' lang='lat' dir='ltr'><strong><em>Maximum</em></strong></span> <span class='ocrx_word' id='word_1_489' title='bbox 1234 5047 1449 5116; x_wconf 88' lang='lat' dir='ltr'><strong><em>reperio</em></strong></span> <span class='ocrx_word' id='word_1_490' title='bbox 1479 5048 1586 5104; x_wconf 91' lang='lat' dir='ltr'><strong><em>isto</em></strong></span> <span class='ocrx_word' id='word_1_491' title='bbox 1610 5048 1834 5103; x_wconf 89' lang='lat' dir='ltr'><strong><em>nomine</em></strong></span> <span class='ocrx_word' id='word_1_492' title='bbox 1868 5046 2103 5119; x_wconf 87' lang='lat' dir='ltr'><strong><em>insigni-</em></strong></span> 
     </span>
    </p>
   </div>
   <div class='ocr_carea' id='block_1_67' title="bbox 510 5138 2104 5210">
    <p class='ocr_par' dir='ltr' id='par_1_67' title="bbox 510 5138 2104 5210">
     <span class='ocr_line' id='line_1_67' title="bbox 510 5138 2104 5210; baseline -0.001 -16"><span class='ocrx_word' id='word_1_493' title='bbox 510 5149 654 5207; x_wconf 85' lang='lat' dir='ltr'><strong><em>tum,</em></strong></span> <span class='ocrx_word' id='word_1_494' title='bbox 695 5146 893 5210; x_wconf 71' lang='lat' dir='ltr'><strong><em>preter</em></strong></span> <span class='ocrx_word' id='word_1_495' title='bbox 943 5153 1115 5192; x_wconf 90' lang='lat' dir='ltr'><strong><em>unum</em></strong></span> <span class='ocrx_word' id='word_1_496' title='bbox 1168 5138 1323 5192; x_wconf 90' lang='lat' dir='ltr'><strong><em>illum</em></strong></span> <span class='ocrx_word' id='word_1_497' title='bbox 1360 5138 1506 5194; x_wconf 89' lang='lat' dir='ltr'><strong><em>tertii</em></strong></span> <span class='ocrx_word' id='word_1_498' title='bbox 1533 5140 1738 5207; x_wconf 68' lang='lat' dir='ltr'><strong><em>saculi,</em></strong></span> <span class='ocrx_word' id='word_1_499' title='bbox 1764 5155 1928 5210; x_wconf 87' lang='lat' dir='ltr'><strong><em>quem</em></strong></span> <span class='ocrx_word' id='word_1_500' title='bbox 1962 5138 2104 5209; x_wconf 89' lang='lat' dir='ltr'><strong><em>opti-</em></strong></span> 
     </span>
    </p>
   </div>
   <div class='ocr_carea' id='block_1_68' title="bbox 511 5229 2104 5304">
    <p class='ocr_par' dir='ltr' id='par_1_68' title="bbox 511 5229 2104 5304">
     <span class='ocr_line' id='line_1_68' title="bbox 511 5229 2104 5304; baseline 0.001 -17"><span class='ocrx_word' id='word_1_501' title='bbox 511 5246 666 5288; x_wconf 85' lang='lat' dir='ltr'><strong><em>mum</em></strong></span> <span class='ocrx_word' id='word_1_502' title='bbox 694 5238 971 5286; x_wconf 77' lang='lat' dir='ltr'><strong><em>oratorem</em></strong></span> <span class='ocrx_word' id='word_1_503' title='bbox 996 5229 1215 5300; x_wconf 88' lang='lat' dir='ltr'><strong><em>quidem</em></strong></span> <span class='ocrx_word' id='word_1_504' title='bbox 1248 5229 1421 5287; x_wconf 85' lang='lat' dir='ltr'><strong><em>fuisse</em></strong></span> <span class='ocrx_word' id='word_1_505' title='bbox 1442 5248 1702 5304; x_wconf 88' lang='lat' dir='ltr'><strong><em>agnosco,</em></strong></span> <span class='ocrx_word' id='word_1_506' title='bbox 1730 5234 1825 5290; x_wconf 91' lang='lat' dir='ltr'><strong><em>sed</em></strong></span> <span class='ocrx_word' id='word_1_507' title='bbox 1852 5234 1907 5287; x_wconf 92' lang='lat' dir='ltr'><strong><em>in</em></strong></span> <span class='ocrx_word' id='word_1_508' title='bbox 1936 5234 2104 5288; x_wconf 85' lang='lat' dir='ltr'><strong><em>Areo-</em></strong></span> 
     </span>
    </p>
   </div>
   <div class='ocr_carea' id='block_1_69' title="bbox 511 5323 2102 5396">
    <p class='ocr_par' dir='ltr' id='par_1_69' title="bbox 511 5323 2102 5396">
     <span class='ocr_line' id='line_1_69' title="bbox 511 5323 2102 5396; baseline 0.003 -21"><span class='ocrx_word' id='word_1_509' title='bbox 511 5323 774 5396; x_wconf 79' lang='lat' dir='ltr'><strong><em>pagitica,</em></strong></span> <span class='ocrx_word' id='word_1_510' title='bbox 827 5336 951 5390; x_wconf 63' lang='lat' dir='ltr'><strong><em>quae</em></strong></span> <span class='ocrx_word' id='word_1_511' title='bbox 1003 5329 1138 5377; x_wconf 89' lang='lat' dir='ltr'><strong><em>tunc</em></strong></span> <span class='ocrx_word' id='word_1_512' title='bbox 1181 5324 1445 5394; x_wconf 88' lang='lat' dir='ltr'><strong><em>temporis</em></strong></span> <span class='ocrx_word' id='word_1_513' title='bbox 1501 5334 1718 5382; x_wconf 80' lang='lat' dir='ltr'><strong><em>exstare</em></strong></span> <span class='ocrx_word' id='word_1_514' title='bbox 1765 5342 1876 5381; x_wconf 91' lang='lat' dir='ltr'><strong><em>non</em></strong></span> <span class='ocrx_word' id='word_1_515' title='bbox 1908 5335 2102 5396; x_wconf 87' lang='lat' dir='ltr'><strong><em>potue-</em></strong></span> 
     </span>
    </p>
   </div>
   <div class='ocr_carea' id='block_1_70' title="bbox 514 5415 2099 5488">
    <p class='ocr_par' dir='ltr' id='par_1_70' title="bbox 514 5415 2099 5488">
     <span class='ocr_line' id='line_1_70' title="bbox 514 5415 2099 5488; baseline 0.002 -17"><span class='ocrx_word' id='word_1_516' title='bbox 514 5423 666 5480; x_wconf 90' lang='lat' dir='ltr'><strong><em>runt,</em></strong></span> <span class='ocrx_word' id='word_1_517' title='bbox 701 5415 909 5472; x_wconf 87' lang='lat' dir='ltr'><strong><em>scholia</em></strong></span> <span class='ocrx_word' id='word_1_518' title='bbox 935 5415 1224 5486; x_wconf 88' lang='lat' dir='ltr'><strong><em>scripsisse</em></strong></span> <span class='ocrx_word' id='word_1_519' title='bbox 1254 5433 1363 5473; x_wconf 91' lang='lat' dir='ltr'><strong><em>non</em></strong></span> <span class='ocrx_word' id='word_1_520' title='bbox 1387 5427 1542 5488; x_wconf 91' lang='lat' dir='ltr'><strong><em>puto.</em></strong></span> <span class='ocrx_word' id='word_1_521' title='bbox 1568 5418 1678 5474; x_wconf 88' lang='lat' dir='ltr'><strong><em>Nec</em></strong></span> <span class='ocrx_word' id='word_1_522' title='bbox 1704 5428 1889 5475; x_wconf 88' lang='lat' dir='ltr'><strong><em>tamen</em></strong></span> <span class='ocrx_word' id='word_1_523' title='bbox 1913 5419 2099 5475; x_wconf 74' lang='lat' dir='ltr'><strong><em>Dallaei</em></strong></span> 
     </span>
    </p>
   </div>
   <div class='ocr_carea' id='block_1_71' title="bbox 512 5506 2101 5581">
    <p class='ocr_par' dir='ltr' id='par_1_71' title="bbox 512 5506 2101 5581">
     <span class='ocr_line' id='line_1_71' title="bbox 512 5506 2101 5581; baseline 0.003 -18"><span class='ocrx_word' id='word_1_524' title='bbox 512 5506 677 5563; x_wconf 84' lang='lat' dir='ltr'><strong><em>solita</em></strong></span> <span class='ocrx_word' id='word_1_525' title='bbox 715 5506 939 5563; x_wconf 88' lang='lat' dir='ltr'><strong><em>libertas</em></strong></span> <span class='ocrx_word' id='word_1_526' title='bbox 980 5508 1071 5563; x_wconf 88' lang='lat' dir='ltr'><strong><em>hic</em></strong></span> <span class='ocrx_word' id='word_1_527' title='bbox 1124 5510 1322 5579; x_wconf 89' lang='lat' dir='ltr'><strong><em>placet,</em></strong></span> <span class='ocrx_word' id='word_1_528' title='bbox 1376 5512 1468 5581; x_wconf 88' lang='lat' dir='ltr'><strong><em>qui</em></strong></span> <span class='ocrx_word' id='word_1_529' title='bbox 1511 5510 1809 5567; x_wconf 89' lang='lat' dir='ltr'><strong><em>Maximum</em></strong></span> <span class='ocrx_word' id='word_1_530' title='bbox 1846 5513 2101 5567; x_wconf 90' lang='lat' dir='ltr'><strong><em>volentem</em></strong></span> 
     </span>
    </p>
   </div>
   <div class='ocr_carea' id='block_1_72' title="bbox 454 5576 2102 5675">
    <p class='ocr_par' dir='ltr' id='par_1_72' title="bbox 454 5576 2102 5675">
     <span class='ocr_line' id='line_1_72' title="bbox 454 5576 2102 5675; baseline 0.004 -24"><span class='ocrx_word' id='word_1_531' title='bbox 454 5576 475 5616; x_wconf 35' lang='lat'><strong><em>‘7</em></strong></span> <span class='ocrx_word' id='word_1_532' title='bbox 510 5595 788 5669; x_wconf 84' lang='lat' dir='ltr'><strong><em>deceptum</em></strong></span> <span class='ocrx_word' id='word_1_533' title='bbox 816 5614 937 5656; x_wconf 87' lang='lat' dir='ltr'><strong><em>esse</em></strong></span> <span class='ocrx_word' id='word_1_534' title='bbox 956 5600 1109 5668; x_wconf 82' lang='lat' dir='ltr'><strong><em>dicit,</em></strong></span> <span class='ocrx_word' id='word_1_535' title='bbox 1135 5618 1271 5658; x_wconf 78' lang='lat' dir='ltr'><strong><em>cteco</em></strong></span> <span class='ocrx_word' id='word_1_536' title='bbox 1300 5605 1467 5657; x_wconf 86' lang='lat' dir='ltr'><strong><em>animi</em></strong></span> <span class='ocrx_word' id='word_1_537' title='bbox 1499 5606 1584 5659; x_wconf 82' lang='lat' dir='ltr'><strong><em>sui</em></strong></span> <span class='ocrx_word' id='word_1_538' title='bbox 1618 5605 1796 5659; x_wconf 88' lang='lat' dir='ltr'><strong><em>studio</em></strong></span> <span class='ocrx_word' id='word_1_539' title='bbox 1826 5605 2102 5675; x_wconf 86' lang='lat' dir='ltr'><strong><em>obsequen-</em></strong></span> 
     </span>
    </p>
   </div>
   <div class='ocr_carea' id='block_1_73' title="bbox 516 5692 2100 5766">
    <p class='ocr_par' dir='ltr' id='par_1_73' title="bbox 516 5692 2100 5766">
     <span class='ocr_line' id='line_1_73' title="bbox 516 5692 2100 5766; baseline 0.005 -22"><span class='ocrx_word' id='word_1_540' title='bbox 516 5699 659 5757; x_wconf 71' lang='lat' dir='ltr'><strong><em>rem;</em></strong></span> <span class='ocrx_word' id='word_1_541' title='bbox 715 5692 809 5763; x_wconf 86' lang='lat' dir='ltr'><strong><em>qui</em></strong></span> <span class='ocrx_word' id='word_1_542' title='bbox 860 5693 1150 5748; x_wconf 78' lang='lat' dir='ltr'><strong><em>versutiam</em></strong></span> <span class='ocrx_word' id='word_1_543' title='bbox 1198 5696 1320 5765; x_wconf 87' lang='lat' dir='ltr'><strong><em>ejus</em></strong></span> <span class='ocrx_word' id='word_1_544' title='bbox 1364 5703 1548 5763; x_wconf 83' lang='lat' dir='ltr'><strong><em>notat;</em></strong></span> <span class='ocrx_word' id='word_1_545' title='bbox 1605 5697 1700 5766; x_wconf 89' lang='lat' dir='ltr'><strong><em>qui</em></strong></span> <span class='ocrx_word' id='word_1_546' title='bbox 1751 5698 2100 5752; x_wconf 88' lang='lat' dir='ltr'><strong><em>vetustiorum</em></strong></span> 
     </span>
    </p>
   </div>
   <div class='ocr_carea' id='block_1_74' title="bbox 512 5787 2099 5859">
    <p class='ocr_par' dir='ltr' id='par_1_74' title="bbox 512 5787 2099 5859">
     <span class='ocr_line' id='line_1_74' title="bbox 512 5787 2099 5859; baseline 0.006 -23"><span class='ocrx_word' id='word_1_547' title='bbox 512 5792 737 5839; x_wconf 79' lang='lat' dir='ltr'><strong><em>mentem</em></strong></span> <span class='ocrx_word' id='word_1_548' title='bbox 785 5796 1073 5855; x_wconf 79' lang='lat' dir='ltr'><strong><em>pervertere</em></strong></span> <span class='ocrx_word' id='word_1_549' title='bbox 1118 5802 1245 5843; x_wconf 90' lang='lat' dir='ltr'><strong><em>eum</em></strong></span> <span class='ocrx_word' id='word_1_550' title='bbox 1294 5787 1528 5855; x_wconf 88' lang='lat' dir='ltr'><strong><em>asserit;</em></strong></span> <span class='ocrx_word' id='word_1_551' title='bbox 1573 5788 1803 5859; x_wconf 89' lang='lat' dir='ltr'><strong><em>quiquo</em></strong></span> <span class='ocrx_word' id='word_1_552' title='bbox 1834 5792 2099 5846; x_wconf 86' lang='lat' dir='ltr'><strong><em>somnium</em></strong></span> 
     </span>
    </p>
   </div>
   <div class='ocr_carea' id='block_1_75' title="bbox 508 5876 2092 5953">
    <p class='ocr_par' dir='ltr' id='par_1_75' title="bbox 508 5876 2092 5953">
     <span class='ocr_line' id='line_1_75' title="bbox 508 5876 2092 5953; baseline 0.004 -23"><span class='ocrx_word' id='word_1_553' title='bbox 508 5892 664 5931; x_wconf 77' lang='lat' dir='ltr'><strong><em>suum</em></strong></span> <span class='ocrx_word' id='word_1_554' title='bbox 712 5876 834 5935; x_wconf 84' lang='lat' dir='ltr'><strong><em>aliis</em></strong></span> <span class='ocrx_word' id='word_1_555' title='bbox 870 5879 1229 5951; x_wconf 77' lang='lat' dir='ltr'><strong><em>persuaderet,</em></strong></span> <span class='ocrx_word' id='word_1_556' title='bbox 1282 5895 1385 5937; x_wconf 83' lang='lat' dir='ltr'><strong><em>non</em></strong></span> <span class='ocrx_word' id='word_1_557' title='bbox 1432 5878 1745 5950; x_wconf 80' lang='lat' dir='ltr'><strong><em>simpliciter</em></strong></span> <span class='ocrx_word' id='word_1_558' title='bbox 1779 5879 2092 5953; x_wconf 78' lang='lat' dir='ltr'><strong><em>Dionysium</em></strong></span> 
     </span>
    </p>
   </div>
   <div class='ocr_carea' id='block_1_76' title="bbox 2223 1988 3815 2064">
    <p class='ocr_par' dir='ltr' id='par_1_76' title="bbox 2223 1988 3815 2064">
     <span class='ocr_line' id='line_1_76' title="bbox 2223 1988 3815 2064; baseline 0.008 -23"><span class='ocrx_word' id='word_1_559' title='bbox 2223 1988 2345 2058; x_wconf 86' lang='lat' dir='ltr'><strong><em>ejus</em></strong></span> <span class='ocrx_word' id='word_1_560' title='bbox 2367 1989 2531 2043; x_wconf 89' lang='lat' dir='ltr'><strong><em>verba</em></strong></span> <span class='ocrx_word' id='word_1_561' title='bbox 2572 1988 2801 2045; x_wconf 82' lang='lat' dir='ltr'><strong><em>fideliter</em></strong></span> <span class='ocrx_word' id='word_1_562' title='bbox 2842 1992 3112 2049; x_wconf 87' lang='lat' dir='ltr'><strong><em>recitavit.</em></strong></span> <span class='ocrx_word' id='word_1_563' title='bbox 3146 1992 3265 2064; x_wconf 90' lang='lat' dir='ltr'><strong><em>lpse</em></strong></span> <span class='ocrx_word' id='word_1_564' title='bbox 3300 1996 3446 2050; x_wconf 84' lang='lat' dir='ltr'><strong><em>enim</em></strong></span> <span class='ocrx_word' id='word_1_565' title='bbox 3488 1997 3815 2053; x_wconf 82' lang='lat' dir='ltr'><strong><em>Anastasius</em></strong></span> 
     </span>
    </p>
   </div>
   <div class='ocr_carea' id='block_1_77' title="bbox 2224 2077 3813 2158">
    <p class='ocr_par' dir='ltr' id='par_1_77' title="bbox 2224 2077 3813 2158">
     <span class='ocr_line' id='line_1_77' title="bbox 2224 2077 3813 2158; baseline 0.009 -26"><span class='ocrx_word' id='word_1_566' title='bbox 2224 2077 2546 2150; x_wconf 82' lang='lat' dir='ltr'><strong><em>Dionysium</em></strong></span> <span class='ocrx_word' id='word_1_567' title='bbox 2586 2082 2737 2135; x_wconf 89' lang='lat' dir='ltr'><strong><em>illum</em></strong></span> <span class='ocrx_word' id='word_1_568' title='bbox 2770 2097 2879 2137; x_wconf 90' lang='lat' dir='ltr'><strong><em>non</em></strong></span> <span class='ocrx_word' id='word_1_569' title='bbox 2912 2084 3229 2155; x_wconf 88' lang='lat' dir='ltr'><strong><em>simpliciter</em></strong></span> <span class='ocrx_word' id='word_1_570' title='bbox 3274 2086 3591 2158; x_wconf 84' lang='lat' dir='ltr'><strong><em>Dionysium</em></strong></span> <span class='ocrx_word' id='word_1_571' title='bbox 3636 2092 3813 2146; x_wconf 88' lang='lat' dir='ltr'><strong><em>rheto-</em></strong></span> 
     </span>
    </p>
   </div>
   <div class='ocr_carea' id='block_1_78' title="bbox 2221 2171 3814 2247">
    <p class='ocr_par' dir='ltr' id='par_1_78' title="bbox 2221 2171 3814 2247">
     <span class='ocr_line' id='line_1_78' title="bbox 2221 2171 3814 2247; baseline 0.008 -23"><span class='ocrx_word' id='word_1_572' title='bbox 2221 2187 2335 2225; x_wconf 86' lang='lat' dir='ltr'><strong><em>rem</em></strong></span> <span class='ocrx_word' id='word_1_573' title='bbox 2360 2171 2806 2242; x_wconf 75' lang='lat' dir='ltr'><strong><em>Alexandrinum,</em></strong></span> <span class='ocrx_word' id='word_1_574' title='bbox 2847 2187 2908 2231; x_wconf 92' lang='lat' dir='ltr'><strong><em>ut</em></strong></span> <span class='ocrx_word' id='word_1_575' title='bbox 2932 2176 3067 2233; x_wconf 83' lang='lat' dir='ltr'><strong><em>falso</em></strong></span> <span class='ocrx_word' id='word_1_576' title='bbox 3094 2179 3254 2235; x_wconf 89' lang='lat' dir='ltr'><strong><em>docet</em></strong></span> <span class='ocrx_word' id='word_1_577' title='bbox 3287 2179 3543 2247; x_wconf 64' lang='lat' dir='ltr'><strong><em>Dallaaus,</em></strong></span> <span class='ocrx_word' id='word_1_578' title='bbox 3578 2183 3675 2237; x_wconf 90' lang='lat' dir='ltr'><strong><em>sed</em></strong></span> <span class='ocrx_word' id='word_1_579' title='bbox 3703 2200 3814 2236; x_wconf 85' lang='lat' dir='ltr'><strong><em>ma-</em></strong></span> 
     </span>
    </p>
   </div>
   <div class='ocr_carea' id='block_1_79' title="bbox 2219 2262 3813 2345">
    <p class='ocr_par' dir='ltr' id='par_1_79' title="bbox 2219 2262 3813 2345">
     <span class='ocr_line' id='line_1_79' title="bbox 2219 2262 3813 2345; baseline 0.009 -30"><span class='ocrx_word' id='word_1_580' title='bbox 2219 2279 2379 2333; x_wconf 88' lang='lat' dir='ltr'><strong><em>gnum</em></strong></span> <span class='ocrx_word' id='word_1_581' title='bbox 2408 2262 2724 2335; x_wconf 80' lang='lat' dir='ltr'><strong><em>Dionysium</em></strong></span> <span class='ocrx_word' id='word_1_582' title='bbox 2753 2268 3176 2325; x_wconf 75' lang='lat' dir='ltr'><strong><em>Alexandrinum</em></strong></span> <span class='ocrx_word' id='word_1_583' title='bbox 3195 2288 3260 2325; x_wconf 79' lang='lat' dir='ltr'><strong><em>ea:</em></strong></span> <span class='ocrx_word' id='word_1_584' title='bbox 3282 2273 3578 2327; x_wconf 89' lang='lat' dir='ltr'><strong><em>rhetoribus</em></strong></span> <span class='ocrx_word' id='word_1_585' title='bbox 3607 2277 3813 2345; x_wconf 46' lang='lat' dir='ltr'><strong><em>episco-</em></strong></span> 
     </span>
    </p>
   </div>
   <div class='ocr_carea' id='block_1_80' title="bbox 2217 2356 3815 2436">
    <p class='ocr_par' dir='ltr' id='par_1_80' title="bbox 2217 2356 3815 2436">
     <span class='ocr_line' id='line_1_80' title="bbox 2217 2356 3815 2436; baseline 0.01 -30"><span class='ocrx_word' id='word_1_586' title='bbox 2217 2370 2345 2423; x_wconf 89' lang='lat' dir='ltr'><strong><em>pum</em></strong></span> <span class='ocrx_word' id='word_1_587' title='bbox 2377 2356 2701 2425; x_wconf 86' lang='lat' dir='ltr'><strong><em>appellavit.</em></strong></span> <span class='ocrx_word' id='word_1_588' title='bbox 2747 2359 2921 2415; x_wconf 83' lang='lat' dir='ltr'><strong><em>Verba</em></strong></span> <span class='ocrx_word' id='word_1_589' title='bbox 2958 2361 3081 2431; x_wconf 86' lang='lat' dir='ltr'><strong><em>ejus</em></strong></span> <span class='ocrx_word' id='word_1_590' title='bbox 3118 2372 3251 2418; x_wconf 90' lang='lat' dir='ltr'><strong><em>sunt</em></strong></span> <span class='ocrx_word' id='word_1_591' title='bbox 3279 2363 3333 2419; x_wconf 91' lang='lat' dir='ltr'><strong><em>in</em></strong></span> <span class='ocrx_word' id='word_1_592' title='bbox 3362 2379 3527 2434; x_wconf 91' lang='lat' dir='ltr'><strong><em>opere</em></strong></span> <span class='ocrx_word' id='word_1_593' title='bbox 3557 2368 3703 2436; x_wconf 90' lang='lat' dir='ltr'><strong><em>quod</em></strong></span> <span class='ocrx_word' id='word_1_594' title='bbox 3735 2368 3815 2421; x_wconf 86' lang='lat' dir='ltr'><strong><em>in-</em></strong></span> 
     </span>
    </p>
   </div>
   <div class='ocr_carea' id='block_1_81' title="bbox 2218 2447 3811 2525">
    <p class='ocr_par' dir='ltr' id='par_1_81' title="bbox 2218 2447 3811 2525">
     <span class='ocr_line' id='line_1_81' title="bbox 2218 2447 3811 2525; baseline 0.007 -24"><span class='ocrx_word' id='word_1_595' title='bbox 2218 2447 2479 2503; x_wconf 85' lang='lat' dir='ltr'><strong><em>scribitur</em></strong></span> <span class='ocrx_word' id='word_1_596' title='bbox 2561 2450 2821 2525; x_wconf 75' lang='grc' dir='ltr'><strong><em>Ὁὸηγός·</em></strong></span> <span class='ocrx_word' id='word_1_597' title='bbox 2860 2453 2916 2506; x_wconf 84' lang='lat'><strong><em>&#39;0</em></strong></span> <span class='ocrx_word' id='word_1_598' title='bbox 2932 2453 3061 2522; x_wconf 83' lang='grc' dir='ltr'>γοῦν</span> <span class='ocrx_word' id='word_1_599' title='bbox 3085 2456 3256 2525; x_wconf 87' lang='grc' dir='ltr'>μέγας</span> <span class='ocrx_word' id='word_1_600' title='bbox 3272 2458 3564 2522; x_wconf 77' lang='grc' dir='ltr'>Διονύσιος,</span> <span class='ocrx_word' id='word_1_601' title='bbox 3587 2461 3615 2513; x_wconf 87' lang='grc' dir='ltr'>ὁ</span> <span class='ocrx_word' id='word_1_602' title='bbox 3632 2459 3811 2525; x_wconf 65' lang='grc' dir='ltr'>Ἀλεξα</span> 
     </span>
    </p>
   </div>
   <div class='ocr_carea' id='block_1_82' title="bbox 2218 2538 3814 2621">
    <p class='ocr_par' dir='ltr' id='par_1_82' title="bbox 2218 2538 3814 2621">
     <span class='ocr_line' id='line_1_82' title="bbox 2218 2538 3814 2621; baseline 0.008 -30"><span class='ocrx_word' id='word_1_603' title='bbox 2218 2538 2468 2613; x_wconf 84' lang='grc' dir='ltr'>ανδρείας</span> <span class='ocrx_word' id='word_1_604' title='bbox 2514 2542 2875 2611; x_wconf 85' lang='grc' dir='ltr'>Ἐπίσκοπος,</span> <span class='ocrx_word' id='word_1_605' title='bbox 2912 2547 2942 2599; x_wconf 90' lang='grc' dir='ltr'>ὁ</span> <span class='ocrx_word' id='word_1_606' title='bbox 2983 2547 3092 2601; x_wconf 82' lang='grc' dir='ltr'>ἀπὸ</span> <span class='ocrx_word' id='word_1_607' title='bbox 3126 2549 3391 2620; x_wconf 81' lang='grc' dir='ltr'>ρητόρων,</span> <span class='ocrx_word' id='word_1_608' title='bbox 3429 2553 3488 2603; x_wconf 80' lang='grc' dir='ltr'><strong><em>ἐν</em></strong></span> <span class='ocrx_word' id='word_1_609' title='bbox 3532 2554 3646 2614; x_wconf 82' lang='grc' dir='ltr'>τοῖς</span> <span class='ocrx_word' id='word_1_610' title='bbox 3687 2568 3814 2621; x_wconf 84' lang='grc' dir='ltr'>σχο-</span> 
     </span>
    </p>
   </div>
   <div class='ocr_carea' id='block_1_83' title="bbox 2218 2626 3814 2713">
    <p class='ocr_par' dir='ltr' id='par_1_83' title="bbox 2218 2626 3814 2713">
     <span class='ocr_line' id='line_1_83' title="bbox 2218 2626 3814 2713; baseline 0.007 -32"><span class='ocrx_word' id='word_1_611' title='bbox 2218 2627 2352 2694; x_wconf 82' lang='grc' dir='ltr'>λίοις</span> <span class='ocrx_word' id='word_1_612' title='bbox 2402 2626 2483 2696; x_wconf 74' lang='grc' dir='ltr'>οἷς</span> <span class='ocrx_word' id='word_1_613' title='bbox 2540 2635 2843 2708; x_wconf 82' lang='grc' dir='ltr'>πεποίηκεν</span> <span class='ocrx_word' id='word_1_614' title='bbox 2897 2639 2977 2701; x_wconf 87' lang='grc' dir='ltr'><strong><em>είς</em></strong></span> <span class='ocrx_word' id='word_1_615' title='bbox 3030 2637 3120 2691; x_wconf 84' lang='grc' dir='ltr'><strong><em>τὸν</em></strong></span> <span class='ocrx_word' id='word_1_616' title='bbox 3166 2639 3434 2711; x_wconf 84' lang='grc' dir='ltr'>μακάριον</span> <span class='ocrx_word' id='word_1_617' title='bbox 3498 2640 3814 2713; x_wconf 82' lang='grc' dir='ltr'>συνώνυμον</span> 
     </span>
    </p>
   </div>
   <div class='ocr_carea' id='block_1_84' title="bbox 2218 2722 3813 2798">
    <p class='ocr_par' dir='ltr' id='par_1_84' title="bbox 2218 2722 3813 2798">
     <span class='ocr_line' id='line_1_84' title="bbox 2218 2722 3813 2798; baseline 0.005 -21"><span class='ocrx_word' id='word_1_618' title='bbox 2218 2722 2383 2777; x_wconf 82' lang='grc' dir='ltr'>αὐτοῦ</span> <span class='ocrx_word' id='word_1_619' title='bbox 2416 2724 2713 2792; x_wconf 84' lang='grc' dir='ltr'>Διονύσιον,</span> <span class='ocrx_word' id='word_1_620' title='bbox 2748 2727 2891 2781; x_wconf 76' lang='grc' dir='ltr'>οὕτω</span> <span class='ocrx_word' id='word_1_621' title='bbox 2927 2727 3095 2798; x_wconf 86' lang='grc' dir='ltr'>λέγει.</span> <span class='ocrx_word' id='word_1_622' title='bbox 3145 2728 3272 2786; x_wconf 56' lang='lat' dir='ltr'><strong><em>Haec</em></strong></span> <span class='ocrx_word' id='word_1_623' title='bbox 3302 2731 3619 2787; x_wconf 83' lang='lat' dir='ltr'><strong><em>ﬁdelissime</em></strong></span> <span class='ocrx_word' id='word_1_624' title='bbox 3661 2742 3813 2786; x_wconf 87' lang='lat' dir='ltr'><strong><em>trau-</em></strong></span> 
     </span>
    </p>
   </div>
   <div class='ocr_carea' id='block_1_85' title="bbox 2218 2813 3812 2892">
    <p class='ocr_par' dir='ltr' id='par_1_85' title="bbox 2218 2813 3812 2892">
     <span class='ocr_line' id='line_1_85' title="bbox 2218 2813 3812 2892; baseline 0.005 -24"><span class='ocrx_word' id='word_1_625' title='bbox 2218 2813 2441 2883; x_wconf 89' lang='lat' dir='ltr'><strong><em>scripsit</em></strong></span> <span class='ocrx_word' id='word_1_626' title='bbox 2486 2814 2781 2884; x_wconf 86' lang='lat' dir='ltr'><strong><em>Maximus,</em></strong></span> <span class='ocrx_word' id='word_1_627' title='bbox 2828 2834 2897 2873; x_wconf 93' lang='lat' dir='ltr'><strong><em>ne</em></strong></span> <span class='ocrx_word' id='word_1_628' title='bbox 2939 2820 3168 2877; x_wconf 87' lang='lat' dir='ltr'><strong><em>verbulo</em></strong></span> <span class='ocrx_word' id='word_1_629' title='bbox 3208 2822 3429 2892; x_wconf 87' lang='lat' dir='ltr'><strong><em>quidem</em></strong></span> <span class='ocrx_word' id='word_1_630' title='bbox 3474 2822 3684 2890; x_wconf 80' lang='lat' dir='ltr'><strong><em>addito,</em></strong></span> <span class='ocrx_word' id='word_1_631' title='bbox 3722 2833 3812 2877; x_wconf 89' lang='lat' dir='ltr'><strong><em>aut</em></strong></span> 
     </span>
    </p>
   </div>
   <div class='ocr_carea' id='block_1_86' title="bbox 2215 2906 3813 2985">
    <p class='ocr_par' dir='ltr' id='par_1_86' title="bbox 2215 2906 3813 2985">
     <span class='ocr_line' id='line_1_86' title="bbox 2215 2906 3813 2985; baseline 0.006 -23"><span class='ocrx_word' id='word_1_632' title='bbox 2215 2906 2485 2978; x_wconf 88' lang='lat' dir='ltr'><strong><em>detracto,</em></strong></span> <span class='ocrx_word' id='word_1_633' title='bbox 2512 2920 2609 2965; x_wconf 88' lang='lat' dir='ltr'><strong><em>aut</em></strong></span> <span class='ocrx_word' id='word_1_634' title='bbox 2641 2913 2969 2982; x_wconf 89' lang='lat' dir='ltr'><strong><em>immutato;</em></strong></span> <span class='ocrx_word' id='word_1_635' title='bbox 2998 2924 3057 2969; x_wconf 92' lang='lat' dir='ltr'><strong><em>ut</em></strong></span> <span class='ocrx_word' id='word_1_636' title='bbox 3077 2930 3145 2970; x_wconf 89' lang='lat' dir='ltr'><strong><em>ex</em></strong></span> <span class='ocrx_word' id='word_1_637' title='bbox 3168 2924 3403 2985; x_wconf 88' lang='lat' dir='ltr'><strong><em>utroque</em></strong></span> <span class='ocrx_word' id='word_1_638' title='bbox 3430 2916 3553 2971; x_wconf 83' lang='lat' dir='ltr'><strong><em>loco</em></strong></span> <span class='ocrx_word' id='word_1_639' title='bbox 3588 2930 3619 2969; x_wconf 88' lang='lat' dir='ltr'><strong><em>a</em></strong></span> <span class='ocrx_word' id='word_1_640' title='bbox 3654 2916 3813 2972; x_wconf 81' lang='lat' dir='ltr'><strong><em>nobis</em></strong></span> 
     </span>
    </p>
   </div>
   <div class='ocr_carea' id='block_1_87' title="bbox 2215 3003 3811 3083">
    <p class='ocr_par' dir='ltr' id='par_1_87' title="bbox 2215 3003 3811 3083">
     <span class='ocr_line' id='line_1_87' title="bbox 2215 3003 3811 3083; baseline 0.006 -25"><span class='ocrx_word' id='word_1_641' title='bbox 2215 3003 2449 3061; x_wconf 81' lang='lat' dir='ltr'><strong><em>ﬁdeliter</em></strong></span> <span class='ocrx_word' id='word_1_642' title='bbox 2480 3021 2547 3061; x_wconf 90' lang='lat' dir='ltr'><strong><em>ex</em></strong></span> <span class='ocrx_word' id='word_1_643' title='bbox 2586 3008 2721 3077; x_wconf 91' lang='lat' dir='ltr'><strong><em>ipsis</em></strong></span> <span class='ocrx_word' id='word_1_644' title='bbox 2756 3011 3079 3066; x_wconf 89' lang='lat' dir='ltr'><strong><em>auctoribus</em></strong></span> <span class='ocrx_word' id='word_1_645' title='bbox 3116 3012 3417 3082; x_wconf 86' lang='lat' dir='ltr'><strong><em>descripto,</em></strong></span> <span class='ocrx_word' id='word_1_646' title='bbox 3457 3014 3673 3083; x_wconf 86' lang='lat' dir='ltr'><strong><em>liquido</em></strong></span> <span class='ocrx_word' id='word_1_647' title='bbox 3719 3029 3811 3082; x_wconf 90' lang='lat' dir='ltr'><strong><em>ap-</em></strong></span> 
     </span>
    </p>
   </div>
   <div class='ocr_carea' id='block_1_88' title="bbox 2215 3096 3807 3166">
    <p class='ocr_par' dir='ltr' id='par_1_88' title="bbox 2215 3096 3807 3166">
     <span class='ocr_line' id='line_1_88' title="bbox 2215 3096 3807 3166; baseline 0.004 -14"><span class='ocrx_word' id='word_1_648' title='bbox 2215 3106 2389 3166; x_wconf 87' lang='lat' dir='ltr'><strong><em>paret.</em></strong></span> <span class='ocrx_word' id='word_1_649' title='bbox 2425 3096 2581 3155; x_wconf 88' lang='lat' dir='ltr'><strong><em>Unde</em></strong></span> <span class='ocrx_word' id='word_1_650' title='bbox 2611 3100 2777 3155; x_wconf 91' lang='lat' dir='ltr'><strong><em>simul</em></strong></span> <span class='ocrx_word' id='word_1_651' title='bbox 2811 3110 2866 3156; x_wconf 90' lang='lat' dir='ltr'><strong><em>et</em></strong></span> <span class='ocrx_word' id='word_1_652' title='bbox 2903 3100 3175 3159; x_wconf 86' lang='lat' dir='ltr'><strong><em>Maximus</em></strong></span> <span class='ocrx_word' id='word_1_653' title='bbox 3206 3120 3237 3159; x_wconf 91' lang='lat' dir='ltr'><strong><em>a</em></strong></span> <span class='ocrx_word' id='word_1_654' title='bbox 3278 3105 3576 3160; x_wconf 91' lang='lat' dir='ltr'><strong><em>calumniis</em></strong></span> <span class='ocrx_word' id='word_1_655' title='bbox 3621 3104 3807 3161; x_wconf 65' lang='lat' dir='ltr'><strong><em>Dallaai</em></strong></span> 
     </span>
    </p>
   </div>
   <div class='ocr_carea' id='block_1_89' title="bbox 2215 3187 3808 3268">
    <p class='ocr_par' dir='ltr' id='par_1_89' title="bbox 2215 3187 3808 3268">
     <span class='ocr_line' id='line_1_89' title="bbox 2215 3187 3808 3268; baseline 0.004 -26"><span class='ocrx_word' id='word_1_656' title='bbox 2215 3187 2502 3257; x_wconf 89' lang='lat' dir='ltr'><strong><em>liberatur,</em></strong></span> <span class='ocrx_word' id='word_1_657' title='bbox 2533 3201 2587 3246; x_wconf 89' lang='lat' dir='ltr'><strong><em>et</em></strong></span> <span class='ocrx_word' id='word_1_658' title='bbox 2624 3190 2918 3265; x_wconf 88' lang='lat' dir='ltr'><strong><em>Dionysius</em></strong></span> <span class='ocrx_word' id='word_1_659' title='bbox 2945 3196 3272 3252; x_wconf 84' lang='lat' dir='ltr'><strong><em>scholiastes</em></strong></span> <span class='ocrx_word' id='word_1_660' title='bbox 3300 3198 3808 3268; x_wconf 84' lang='lat' dir='ltr'><strong><em>Areopagiticorum</em></strong></span> 
     </span>
    </p>
   </div>
   <div class='ocr_carea' id='block_1_90' title="bbox 2213 3283 3807 3358">
    <p class='ocr_par' dir='ltr' id='par_1_90' title="bbox 2213 3283 3807 3358">
     <span class='ocr_line' id='line_1_90' title="bbox 2213 3283 3807 3358; baseline 0.004 -21"><span class='ocrx_word' id='word_1_661' title='bbox 2213 3283 2477 3340; x_wconf 90' lang='lat' dir='ltr'><strong><em>adversus</em></strong></span> <span class='ocrx_word' id='word_1_662' title='bbox 2504 3283 2764 3341; x_wconf 84' lang='lat' dir='ltr'><strong><em>Halloixii</em></strong></span> <span class='ocrx_word' id='word_1_663' title='bbox 2801 3287 3145 3358; x_wconf 88' lang='lat' dir='ltr'><strong><em>conjecturas</em></strong></span> <span class='ocrx_word' id='word_1_664' title='bbox 3182 3291 3509 3345; x_wconf 90' lang='lat' dir='ltr'><strong><em>ostenditur.</em></strong></span> <span class='ocrx_word' id='word_1_665' title='bbox 3552 3289 3609 3345; x_wconf 91' lang='lat' dir='ltr'><strong><em>Si</em></strong></span> <span class='ocrx_word' id='word_1_666' title='bbox 3635 3291 3807 3357; x_wconf 89' lang='lat' dir='ltr'><strong><em>enim,</em></strong></span> 
     </span>
    </p>
   </div>
   <div class='ocr_carea' id='block_1_91' title="bbox 2213 3378 3808 3454">
    <p class='ocr_par' dir='ltr' id='par_1_91' title="bbox 2213 3378 3808 3454">
     <span class='ocr_line' id='line_1_91' title="bbox 2213 3378 3808 3454; baseline 0.003 -21"><span class='ocrx_word' id='word_1_667' title='bbox 2213 3378 2393 3449; x_wconf 90' lang='lat' dir='ltr'><strong><em>inquit</em></strong></span> <span class='ocrx_word' id='word_1_668' title='bbox 2424 3380 2536 3446; x_wconf 91' lang='lat' dir='ltr'><strong><em>ille,</em></strong></span> <span class='ocrx_word' id='word_1_669' title='bbox 2572 3381 2945 3453; x_wconf 78' lang='lat' dir='ltr'><strong><em>Areopagitam</em></strong></span> <span class='ocrx_word' id='word_1_670' title='bbox 2969 3382 3342 3450; x_wconf 79' lang='lat' dir='ltr'><strong><em>intellexisset,</em></strong></span> <span class='ocrx_word' id='word_1_671' title='bbox 3374 3385 3574 3453; x_wconf 87' lang='lat' dir='ltr'><strong><em>potius,</em></strong></span> <span class='ocrx_word' id='word_1_672' title='bbox 3608 3395 3669 3439; x_wconf 91' lang='lat' dir='ltr'><strong><em>ut</em></strong></span> <span class='ocrx_word' id='word_1_673' title='bbox 3708 3385 3808 3454; x_wconf 82' lang='lat' dir='ltr'><strong><em>fert</em></strong></span> 
     </span>
    </p>
   </div>
   <div class='ocr_carea' id='block_1_92' title="bbox 2212 3474 3810 3548">
    <p class='ocr_par' dir='ltr' id='par_1_92' title="bbox 2212 3474 3810 3548">
     <span class='ocr_line' id='line_1_92' title="bbox 2212 3474 3810 3548; baseline 0.004 -21"><span class='ocrx_word' id='word_1_674' title='bbox 2212 3474 2533 3545; x_wconf 90' lang='lat' dir='ltr'><strong><em>scriptorum</em></strong></span> <span class='ocrx_word' id='word_1_675' title='bbox 2560 3477 2908 3541; x_wconf 88' lang='lat' dir='ltr'><strong><em>consuetudo,</em></strong></span> <span class='ocrx_word' id='word_1_676' title='bbox 2946 3478 3024 3531; x_wconf 86' lang='lat' dir='ltr'><strong><em>sic</em></strong></span> <span class='ocrx_word' id='word_1_677' title='bbox 3071 3479 3281 3533; x_wconf 87' lang='lat' dir='ltr'><strong><em>locutus</em></strong></span> <span class='ocrx_word' id='word_1_678' title='bbox 3323 3480 3531 3548; x_wconf 73' lang='lat' dir='ltr'><strong><em>luisset,</em></strong></span> <span class='ocrx_word' id='word_1_679' title='bbox 3563 3478 3618 3533; x_wconf 92' lang='lat' dir='ltr'><strong><em>in</em></strong></span> <span class='ocrx_word' id='word_1_680' title='bbox 3662 3481 3810 3535; x_wconf 90' lang='lat' dir='ltr'><strong><em>notis</em></strong></span> 
     </span>
    </p>
   </div>
   <div class='ocr_carea' id='block_1_93' title="bbox 2211 3566 3810 3641">
    <p class='ocr_par' dir='ltr' id='par_1_93' title="bbox 2211 3566 3810 3641">
     <span class='ocr_line' id='line_1_93' title="bbox 2211 3566 3810 3641; baseline 0.002 -22"><span class='ocrx_word' id='word_1_681' title='bbox 2211 3581 2350 3635; x_wconf 90' lang='lat' dir='ltr'><strong><em>quas</em></strong></span> <span class='ocrx_word' id='word_1_682' title='bbox 2410 3567 2634 3637; x_wconf 88' lang='lat' dir='ltr'><strong><em>scripsit</em></strong></span> <span class='ocrx_word' id='word_1_683' title='bbox 2682 3567 2737 3621; x_wconf 94' lang='lat' dir='ltr'><strong><em>in</em></strong></span> <span class='ocrx_word' id='word_1_684' title='bbox 2780 3566 2929 3622; x_wconf 90' lang='lat' dir='ltr'><strong><em>hunc</em></strong></span> <span class='ocrx_word' id='word_1_685' title='bbox 2970 3568 3153 3638; x_wconf 85' lang='lat' dir='ltr'><strong><em>ipsum</em></strong></span> <span class='ocrx_word' id='word_1_686' title='bbox 3200 3567 3554 3639; x_wconf 88' lang='lat' dir='ltr'><strong><em>Dionysium;</em></strong></span> <span class='ocrx_word' id='word_1_687' title='bbox 3617 3571 3810 3641; x_wconf 84' lang='lat' dir='ltr'><strong><em>agebat</em></strong></span> 
     </span>
    </p>
   </div>
   <div class='ocr_carea' id='block_1_94' title="bbox 2210 3658 3807 3730">
    <p class='ocr_par' dir='ltr' id='par_1_94' title="bbox 2210 3658 3807 3730">
     <span class='ocr_line' id='line_1_94' title="bbox 2210 3658 3807 3730; baseline 0.002 -19"><span class='ocrx_word' id='word_1_688' title='bbox 2210 3658 2350 3711; x_wconf 87' lang='lat' dir='ltr'><strong><em>enim</em></strong></span> <span class='ocrx_word' id='word_1_689' title='bbox 2377 3667 2489 3711; x_wconf 90' lang='lat' dir='ltr'><strong><em>tum</em></strong></span> <span class='ocrx_word' id='word_1_690' title='bbox 2518 3658 2582 3712; x_wconf 90' lang='lat' dir='ltr'><strong><em>de</em></strong></span> <span class='ocrx_word' id='word_1_691' title='bbox 2618 3658 2875 3730; x_wconf 82' lang='lat' dir='ltr'><strong><em>Dionysio</em></strong></span> <span class='ocrx_word' id='word_1_692' title='bbox 2904 3659 3251 3730; x_wconf 86' lang='lat' dir='ltr'><strong><em>Areopagita.</em></strong></span> <span class='ocrx_word' id='word_1_693' title='bbox 3282 3659 3353 3713; x_wconf 85' lang='lat' dir='ltr'><strong><em>At</em></strong></span> <span class='ocrx_word' id='word_1_694' title='bbox 3387 3658 3663 3714; x_wconf 82' lang='lat' dir='ltr'><strong><em>Maximus</em></strong></span> <span class='ocrx_word' id='word_1_695' title='bbox 3699 3678 3807 3715; x_wconf 87' lang='lat' dir='ltr'><strong><em>non</em></strong></span> 
     </span>
    </p>
   </div>
   <div class='ocr_carea' id='block_1_95' title="bbox 2211 3750 3808 3821">
    <p class='ocr_par' dir='ltr' id='par_1_95' title="bbox 2211 3750 3808 3821">
     <span class='ocr_line' id='line_1_95' title="bbox 2211 3750 3808 3821; baseline -0.001 -16"><span class='ocrx_word' id='word_1_696' title='bbox 2211 3751 2327 3806; x_wconf 90' lang='lat' dir='ltr'><strong><em>suis</em></strong></span> <span class='ocrx_word' id='word_1_697' title='bbox 2377 3750 2561 3806; x_wconf 84' lang='lat' dir='ltr'><strong><em>verbis</em></strong></span> <span class='ocrx_word' id='word_1_698' title='bbox 2608 3750 2875 3821; x_wconf 89' lang='lat' dir='ltr'><strong><em>loquitur,</em></strong></span> <span class='ocrx_word' id='word_1_699' title='bbox 2948 3751 3041 3807; x_wconf 92' lang='lat' dir='ltr'><strong><em>sed</em></strong></span> <span class='ocrx_word' id='word_1_700' title='bbox 3098 3751 3295 3807; x_wconf 85' lang='lat' dir='ltr'><strong><em>alienis</em></strong></span> <span class='ocrx_word' id='word_1_701' title='bbox 3324 3761 3379 3806; x_wconf 91' lang='lat' dir='ltr'><strong><em>et</em></strong></span> <span class='ocrx_word' id='word_1_702' title='bbox 3410 3766 3479 3806; x_wconf 87' lang='lat' dir='ltr'><strong><em>ex</em></strong></span> <span class='ocrx_word' id='word_1_703' title='bbox 3507 3752 3808 3807; x_wconf 81' lang='lat' dir='ltr'><strong><em>Anastasio</em></strong></span> 
     </span>
    </p>
   </div>
   <div class='ocr_carea' id='block_1_96' title="bbox 2209 3843 3807 3917">
    <p class='ocr_par' dir='ltr' id='par_1_96' title="bbox 2209 3843 3807 3917">
     <span class='ocr_line' id='line_1_96' title="bbox 2209 3843 3807 3917; baseline 0 -19"><span class='ocrx_word' id='word_1_704' title='bbox 2209 3844 2556 3914; x_wconf 89' lang='lat' dir='ltr'><strong><em>transcriptis</em></strong></span> <span class='ocrx_word' id='word_1_705' title='bbox 2591 3844 2940 3917; x_wconf 82' lang='lat' dir='ltr'><strong><em>(Anastasius</em></strong></span> <span class='ocrx_word' id='word_1_706' title='bbox 2962 3854 3143 3899; x_wconf 89' lang='lat' dir='ltr'><strong><em>autem</em></strong></span> <span class='ocrx_word' id='word_1_707' title='bbox 3166 3844 3232 3899; x_wconf 87' lang='lat' dir='ltr'><strong><em>de</em></strong></span> <span class='ocrx_word' id='word_1_708' title='bbox 3262 3843 3527 3916; x_wconf 90' lang='lat' dir='ltr'><strong><em>Dionysio</em></strong></span> <span class='ocrx_word' id='word_1_709' title='bbox 3556 3844 3807 3915; x_wconf 79' lang='lat' dir='ltr'><strong><em>Areopa-</em></strong></span> 
     </span>
    </p>
   </div>
   <div class='ocr_carea' id='block_1_97' title="bbox 2210 3935 3805 4009">
    <p class='ocr_par' dir='ltr' id='par_1_97' title="bbox 2210 3935 3805 4009">
     <span class='ocr_line' id='line_1_97' title="bbox 2210 3935 3805 4009; baseline 0.001 -18"><span class='ocrx_word' id='word_1_710' title='bbox 2210 3936 2322 4007; x_wconf 89' lang='lat' dir='ltr'><strong><em>gita</em></strong></span> <span class='ocrx_word' id='word_1_711' title='bbox 2373 3950 2486 3991; x_wconf 92' lang='lat' dir='ltr'><strong><em>non</em></strong></span> <span class='ocrx_word' id='word_1_712' title='bbox 2535 3936 2773 4009; x_wconf 78' lang='lat' dir='ltr'><strong><em>agebat),</em></strong></span> <span class='ocrx_word' id='word_1_713' title='bbox 2817 3935 3057 4009; x_wconf 89' lang='lat' dir='ltr'><strong><em>ideoque</em></strong></span> <span class='ocrx_word' id='word_1_714' title='bbox 3089 3935 3332 3993; x_wconf 81' lang='lat' dir='ltr'><strong><em>Joannes</em></strong></span> <span class='ocrx_word' id='word_1_715' title='bbox 3364 3937 3805 4009; x_wconf 86' lang='lat' dir='ltr'><strong><em>Cyparissiotus,</em></strong></span> 
     </span>
    </p>
   </div>
   <div class='ocr_carea' id='block_1_98' title="bbox 2209 4027 3807 4100">
    <p class='ocr_par' dir='ltr' id='par_1_98' title="bbox 2209 4027 3807 4100">
     <span class='ocr_line' id='line_1_98' title="bbox 2209 4027 3807 4100; baseline 0.001 -17"><span class='ocrx_word' id='word_1_716' title='bbox 2209 4028 2330 4085; x_wconf 90' lang='lat' dir='ltr'><strong><em>dec.</em></strong></span> <span class='ocrx_word' id='word_1_717' title='bbox 2357 4028 2412 4093; x_wconf 90' lang='lat'><strong><em>8,</em></strong></span> <span class='ocrx_word' id='word_1_718' title='bbox 2452 4043 2575 4100; x_wconf 88' lang='lat' dir='ltr'><strong><em>cap.</em></strong></span> <span class='ocrx_word' id='word_1_719' title='bbox 2609 4027 2698 4097; x_wconf 85' lang='lat' dir='ltr'><strong><em>lO,</em></strong></span> <span class='ocrx_word' id='word_1_720' title='bbox 2744 4028 3087 4100; x_wconf 64' lang='lat' dir='ltr'><strong><em>Areopagitae</em></strong></span> <span class='ocrx_word' id='word_1_721' title='bbox 3123 4028 3307 4084; x_wconf 90' lang='lat' dir='ltr'><strong><em>locum</em></strong></span> <span class='ocrx_word' id='word_1_722' title='bbox 3344 4029 3545 4094; x_wconf 89' lang='lat' dir='ltr'><strong><em>citans,</em></strong></span> <span class='ocrx_word' id='word_1_723' title='bbox 3582 4030 3677 4084; x_wconf 89' lang='lat' dir='ltr'><strong><em>ubi</em></strong></span> <span class='ocrx_word' id='word_1_724' title='bbox 3709 4044 3807 4085; x_wconf 84' lang='lat' dir='ltr'><strong><em>vo-</em></strong></span> 
     </span>
    </p>
   </div>
   <div class='ocr_carea' id='block_1_99' title="bbox 2210 4120 3803 4193">
    <p class='ocr_par' dir='ltr' id='par_1_99' title="bbox 2210 4120 3803 4193">
     <span class='ocr_line' id='line_1_99' title="bbox 2210 4120 3803 4193; baseline 0 -18"><span class='ocrx_word' id='word_1_725' title='bbox 2210 4135 2329 4175; x_wconf 90' lang='lat' dir='ltr'><strong><em>cem</em></strong></span> <span class='ocrx_word' id='word_1_726' title='bbox 2372 4121 2665 4193; x_wconf 83' lang='grc' dir='ltr'>ἀγέννητος</span> <span class='ocrx_word' id='word_1_727' title='bbox 2710 4129 2959 4192; x_wconf 88' lang='lat' dir='ltr'><strong><em>usurpat,</em></strong></span> <span class='ocrx_word' id='word_1_728' title='bbox 3008 4120 3254 4188; x_wconf 85' lang='lat' dir='ltr'><strong><em>Maximi,</em></strong></span> <span class='ocrx_word' id='word_1_729' title='bbox 3294 4130 3355 4175; x_wconf 92' lang='lat' dir='ltr'><strong><em>ut</em></strong></span> <span class='ocrx_word' id='word_1_730' title='bbox 3382 4121 3542 4187; x_wconf 89' lang='lat' dir='ltr'><strong><em>solet,</em></strong></span> <span class='ocrx_word' id='word_1_731' title='bbox 3572 4136 3803 4191; x_wconf 70' lang='lat' dir='ltr'><strong><em>exposu-</em></strong></span> 
     </span>
    </p>
   </div>
   <div class='ocr_carea' id='block_1_100' title="bbox 2211 4214 3803 4285">
    <p class='ocr_par' dir='ltr' id='par_1_100' title="bbox 2211 4214 3803 4285">
     <span class='ocr_line' id='line_1_100' title="bbox 2211 4214 3803 4285; baseline 0.001 -18"><span class='ocrx_word' id='word_1_732' title='bbox 2211 4214 2417 4268; x_wconf 87' lang='lat' dir='ltr'><strong><em>tionem</em></strong></span> <span class='ocrx_word' id='word_1_733' title='bbox 2448 4215 2790 4283; x_wconf 89' lang='lat' dir='ltr'><strong><em>transcribit,</em></strong></span> <span class='ocrx_word' id='word_1_734' title='bbox 2822 4215 2916 4271; x_wconf 91' lang='lat' dir='ltr'><strong><em>illa</em></strong></span> <span class='ocrx_word' id='word_1_735' title='bbox 2966 4230 3097 4271; x_wconf 89' lang='lat' dir='ltr'><strong><em>vero</em></strong></span> <span class='ocrx_word' id='word_1_736' title='bbox 3142 4214 3388 4285; x_wconf 87' lang='lat' dir='ltr'><strong><em>Dionysii</em></strong></span> <span class='ocrx_word' id='word_1_737' title='bbox 3440 4214 3803 4270; x_wconf 88' lang='lat' dir='ltr'><strong><em>Alexandrini</em></strong></span> 
     </span>
    </p>
   </div>
   <div class='ocr_carea' id='block_1_101' title="bbox 2211 4306 3804 4376">
    <p class='ocr_par' dir='ltr' id='par_1_101' title="bbox 2211 4306 3804 4376">
     <span class='ocr_line' id='line_1_101' title="bbox 2211 4306 3804 4376; baseline 0.003 -17"><span class='ocrx_word' id='word_1_738' title='bbox 2211 4322 2322 4360; x_wconf 93' lang='lat' dir='ltr'><strong><em>non</em></strong></span> <span class='ocrx_word' id='word_1_739' title='bbox 2350 4321 2417 4361; x_wconf 90' lang='lat' dir='ltr'><strong><em>ex</em></strong></span> <span class='ocrx_word' id='word_1_740' title='bbox 2457 4306 2718 4376; x_wconf 86' lang='lat' dir='ltr'><strong><em>Maximo,</em></strong></span> <span class='ocrx_word' id='word_1_741' title='bbox 2751 4308 2845 4364; x_wconf 89' lang='lat' dir='ltr'><strong><em>sed</em></strong></span> <span class='ocrx_word' id='word_1_742' title='bbox 2880 4323 2949 4363; x_wconf 91' lang='lat' dir='ltr'><strong><em>ex</em></strong></span> <span class='ocrx_word' id='word_1_743' title='bbox 2986 4308 3149 4364; x_wconf 89' lang='lat' dir='ltr'><strong><em>beato</em></strong></span> <span class='ocrx_word' id='word_1_744' title='bbox 3187 4308 3482 4363; x_wconf 85' lang='lat' dir='ltr'><strong><em>Anastasio</em></strong></span> <span class='ocrx_word' id='word_1_745' title='bbox 3512 4308 3691 4363; x_wconf 83' lang='lat' dir='ltr'><strong><em>all&#39;ert.</em></strong></span> <span class='ocrx_word' id='word_1_746' title='bbox 3734 4308 3804 4363; x_wconf 85' lang='lat' dir='ltr'><strong><em>Et</em></strong></span> 
     </span>
    </p>
   </div>
   <div class='ocr_carea' id='block_1_102' title="bbox 2208 4396 3802 4473">
    <p class='ocr_par' dir='ltr' id='par_1_102' title="bbox 2208 4396 3802 4473">
     <span class='ocr_line' id='line_1_102' title="bbox 2208 4396 3802 4473; baseline 0.004 -24"><span class='ocrx_word' id='word_1_747' title='bbox 2208 4396 2536 4453; x_wconf 81' lang='lat' dir='ltr'><strong><em>Anastasius</em></strong></span> <span class='ocrx_word' id='word_1_748' title='bbox 2566 4398 2731 4469; x_wconf 79' lang='lat' dir='ltr'><strong><em>igitur</em></strong></span> <span class='ocrx_word' id='word_1_749' title='bbox 2759 4408 2813 4454; x_wconf 87' lang='lat' dir='ltr'><strong><em>et</em></strong></span> <span class='ocrx_word' id='word_1_750' title='bbox 2841 4398 3117 4456; x_wconf 85' lang='lat' dir='ltr'><strong><em>Maximus</em></strong></span> <span class='ocrx_word' id='word_1_751' title='bbox 3147 4409 3443 4468; x_wconf 89' lang='lat' dir='ltr'><strong><em>testantur,</em></strong></span> <span class='ocrx_word' id='word_1_752' title='bbox 3475 4400 3802 4473; x_wconf 82' lang='lat' dir='ltr'><strong><em>Dionysium</em></strong></span> 
     </span>
    </p>
   </div>
   <div class='ocr_carea' id='block_1_103' title="bbox 2209 4488 3803 4565">
    <p class='ocr_par' dir='ltr' id='par_1_103' title="bbox 2209 4488 3803 4565">
     <span class='ocr_line' id='line_1_103' title="bbox 2209 4488 3803 4565; baseline 0.004 -22"><span class='ocrx_word' id='word_1_753' title='bbox 2209 4488 2505 4560; x_wconf 89' lang='lat' dir='ltr'><strong><em>quemdam</em></strong></span> <span class='ocrx_word' id='word_1_754' title='bbox 2556 4491 2835 4548; x_wconf 87' lang='lat' dir='ltr'><strong><em>rhetorem</em></strong></span> <span class='ocrx_word' id='word_1_755' title='bbox 2875 4492 3087 4548; x_wconf 88' lang='lat' dir='ltr'><strong><em>scholia</em></strong></span> <span class='ocrx_word' id='word_1_756' title='bbox 3131 4494 3187 4547; x_wconf 92' lang='lat' dir='ltr'><strong><em>in</em></strong></span> <span class='ocrx_word' id='word_1_757' title='bbox 3236 4492 3581 4565; x_wconf 85' lang='lat' dir='ltr'><strong><em>Dionysium,</em></strong></span> <span class='ocrx_word' id='word_1_758' title='bbox 3635 4495 3803 4565; x_wconf 79' lang='lat' dir='ltr'><strong><em>vulgo</em></strong></span> 
     </span>
    </p>
   </div>
   <div class='ocr_carea' id='block_1_104' title="bbox 3341 4586 3800 4657">
    <p class='ocr_par' dir='ltr' id='par_1_104' title="bbox 3341 4586 3800 4657">
     <span class='ocr_line' id='line_1_104' title="bbox 3341 4586 3800 4657; baseline 0.004 -16"><span class='ocrx_word' id='word_1_759' title='bbox 3341 4587 3504 4642; x_wconf 88' lang='lat' dir='ltr'><strong><em>verba</em></strong></span> <span class='ocrx_word' id='word_1_760' title='bbox 3548 4586 3800 4657; x_wconf 89' lang='lat' dir='ltr'><strong><em>ejusdem</em></strong></span> 
     </span>
    </p>
   </div>
   <div class='ocr_carea' id='block_1_105' title="bbox 2208 4678 3800 4753">
    <p class='ocr_par' dir='ltr' id='par_1_105' title="bbox 2208 4678 3800 4753">
     <span class='ocr_line' id='line_1_105' title="bbox 2208 4678 3800 4753; baseline 0.003 -20"><span class='ocrx_word' id='word_1_761' title='bbox 2208 4678 2471 4733; x_wconf 90' lang='lat' dir='ltr'><strong><em>nonnulla</em></strong></span> <span class='ocrx_word' id='word_1_762' title='bbox 2503 4695 2569 4733; x_wconf 93' lang='lat' dir='ltr'><strong><em>ex</em></strong></span> <span class='ocrx_word' id='word_1_763' title='bbox 2599 4693 2666 4735; x_wconf 90' lang='lat' dir='ltr'><strong><em>eo</em></strong></span> <span class='ocrx_word' id='word_1_764' title='bbox 2696 4679 2868 4735; x_wconf 89' lang='lat' dir='ltr'><strong><em>citant</em></strong></span> <span class='ocrx_word' id='word_1_765' title='bbox 2900 4680 3027 4750; x_wconf 91' lang='lat' dir='ltr'><strong><em>ipsi,</em></strong></span> <span class='ocrx_word' id='word_1_766' title='bbox 3068 4681 3227 4751; x_wconf 92' lang='lat' dir='ltr'><strong><em>plura</em></strong></span> <span class='ocrx_word' id='word_1_767' title='bbox 3265 4679 3507 4737; x_wconf 82' lang='lat' dir='ltr'><strong><em>Joannes</em></strong></span> <span class='ocrx_word' id='word_1_768' title='bbox 3531 4681 3800 4753; x_wconf 82' lang='lat' dir='ltr'><strong><em>Cyparis-</em></strong></span> 
     </span>
    </p>
   </div>
   <div class='ocr_carea' id='block_1_106' title="bbox 2208 4768 3799 4844">
    <p class='ocr_par' dir='ltr' id='par_1_106' title="bbox 2208 4768 3799 4844">
     <span class='ocr_line' id='line_1_106' title="bbox 2208 4768 3799 4844; baseline 0.004 -21"><span class='ocrx_word' id='word_1_769' title='bbox 2208 4768 2413 4837; x_wconf 90' lang='lat' dir='ltr'><strong><em>siotus;</em></strong></span> <span class='ocrx_word' id='word_1_770' title='bbox 2457 4770 2534 4824; x_wconf 92' lang='lat' dir='ltr'><strong><em>illi</em></strong></span> <span class='ocrx_word' id='word_1_771' title='bbox 2559 4771 2723 4826; x_wconf 90' lang='lat' dir='ltr'><strong><em>etiam</em></strong></span> <span class='ocrx_word' id='word_1_772' title='bbox 2752 4771 2917 4827; x_wconf 87' lang='lat' dir='ltr'><strong><em>ambo</em></strong></span> <span class='ocrx_word' id='word_1_773' title='bbox 2952 4787 3081 4827; x_wconf 88' lang='lat' dir='ltr'><strong><em>eum</em></strong></span> <span class='ocrx_word' id='word_1_774' title='bbox 3113 4774 3433 4844; x_wconf 89' lang='lat' dir='ltr'><strong><em>episcopum</em></strong></span> <span class='ocrx_word' id='word_1_775' title='bbox 3464 4775 3799 4830; x_wconf 82' lang='lat' dir='ltr'><strong><em>Alexandri-</em></strong></span> 
     </span>
    </p>
   </div>
   <div class='ocr_carea' id='block_1_107' title="bbox 2207 4864 3799 4935">
    <p class='ocr_par' dir='ltr' id='par_1_107' title="bbox 2207 4864 3799 4935">
     <span class='ocr_line' id='line_1_107' title="bbox 2207 4864 3799 4935; baseline 0.004 -18"><span class='ocrx_word' id='word_1_776' title='bbox 2207 4878 2340 4917; x_wconf 90' lang='lat' dir='ltr'><strong><em>num</em></strong></span> <span class='ocrx_word' id='word_1_777' title='bbox 2371 4874 2571 4919; x_wconf 88' lang='lat' dir='ltr'><strong><em>vocant</em></strong></span> <span class='ocrx_word' id='word_1_778' title='bbox 2603 4882 2617 4920; x_wconf 88' lang='lat'><strong>:</strong></span> <span class='ocrx_word' id='word_1_779' title='bbox 2646 4864 2763 4935; x_wconf 88' lang='lat' dir='ltr'><strong><em>qui,</em></strong></span> <span class='ocrx_word' id='word_1_780' title='bbox 2790 4864 3046 4935; x_wconf 87' lang='lat' dir='ltr'><strong><em>quamvis</em></strong></span> <span class='ocrx_word' id='word_1_781' title='bbox 3083 4865 3284 4922; x_wconf 82' lang='lat' dir='ltr'><strong><em>nobilis</em></strong></span> <span class='ocrx_word' id='word_1_782' title='bbox 3310 4867 3401 4921; x_wconf 86' lang='lat' dir='ltr'><strong><em>ille</em></strong></span> <span class='ocrx_word' id='word_1_783' title='bbox 3428 4868 3575 4922; x_wconf 91' lang='lat' dir='ltr'><strong><em>tertii</em></strong></span> <span class='ocrx_word' id='word_1_784' title='bbox 3608 4868 3799 4923; x_wconf 63' lang='lat' dir='ltr'><strong><em>saeculi</em></strong></span> 
     </span>
    </p>
   </div>
   <div class='ocr_carea' id='block_1_108' title="bbox 2206 4954 3803 5027">
    <p class='ocr_par' dir='ltr' id='par_1_108' title="bbox 2206 4954 3803 5027">
     <span class='ocr_line' id='line_1_108' title="bbox 2206 4954 3803 5027; baseline 0.003 -18"><span class='ocrx_word' id='word_1_785' title='bbox 2206 4955 2499 5025; x_wconf 89' lang='lat' dir='ltr'><strong><em>episcopus</em></strong></span> <span class='ocrx_word' id='word_1_786' title='bbox 2524 4970 2648 5011; x_wconf 88' lang='lat' dir='ltr'><strong><em>esse</em></strong></span> <span class='ocrx_word' id='word_1_787' title='bbox 2671 4970 2783 5011; x_wconf 91' lang='lat' dir='ltr'><strong><em>non</em></strong></span> <span class='ocrx_word' id='word_1_788' title='bbox 2813 4956 3011 5027; x_wconf 91' lang='lat' dir='ltr'><strong><em>potuit,</em></strong></span> <span class='ocrx_word' id='word_1_789' title='bbox 3037 4954 3144 5009; x_wconf 75' lang='lat' dir='ltr'><strong><em>fuit</em></strong></span> <span class='ocrx_word' id='word_1_790' title='bbox 3171 4964 3355 5012; x_wconf 88' lang='lat' dir='ltr'><strong><em>tamen</em></strong></span> <span class='ocrx_word' id='word_1_791' title='bbox 3383 4958 3518 5013; x_wconf 88' lang='lat' dir='ltr'><strong><em>satis</em></strong></span> <span class='ocrx_word' id='word_1_792' title='bbox 3545 4966 3803 5013; x_wconf 85' lang='lat' dir='ltr'><strong><em>vetustus</em></strong></span> 
     </span>
    </p>
   </div>
   <div class='ocr_carea' id='block_1_109' title="bbox 2207 5046 3800 5121">
    <p class='ocr_par' dir='ltr' id='par_1_109' title="bbox 2207 5046 3800 5121">
     <span class='ocr_line' id='line_1_109' title="bbox 2207 5046 3800 5121; baseline 0.003 -21"><span class='ocrx_word' id='word_1_793' title='bbox 2207 5056 2421 5114; x_wconf 89' lang='lat' dir='ltr'><strong><em>auctor,</em></strong></span> <span class='ocrx_word' id='word_1_794' title='bbox 2483 5058 2537 5103; x_wconf 91' lang='lat' dir='ltr'><strong><em>et</em></strong></span> <span class='ocrx_word' id='word_1_795' title='bbox 2578 5048 2965 5118; x_wconf 87' lang='lat' dir='ltr'><strong><em>antiquitatem</em></strong></span> <span class='ocrx_word' id='word_1_796' title='bbox 3013 5046 3258 5120; x_wconf 88' lang='lat' dir='ltr'><strong><em>Dionysii</em></strong></span> <span class='ocrx_word' id='word_1_797' title='bbox 3312 5049 3500 5120; x_wconf 88' lang='lat' dir='ltr'><strong><em>hujus,</em></strong></span> <span class='ocrx_word' id='word_1_798' title='bbox 3533 5050 3587 5104; x_wconf 93' lang='lat' dir='ltr'><strong><em>in</em></strong></span> <span class='ocrx_word' id='word_1_799' title='bbox 3628 5066 3800 5121; x_wconf 78' lang='lat' dir='ltr'><strong><em>quem</em></strong></span> 
     </span>
    </p>
   </div>
   <div class='ocr_carea' id='block_1_110' title="bbox 2207 5139 3798 5213">
    <p class='ocr_par' dir='ltr' id='par_1_110' title="bbox 2207 5139 3798 5213">
     <span class='ocr_line' id='line_1_110' title="bbox 2207 5139 3798 5213; baseline 0.003 -19"><span class='ocrx_word' id='word_1_800' title='bbox 2207 5139 2421 5194; x_wconf 90' lang='lat' dir='ltr'><strong><em>scholia</em></strong></span> <span class='ocrx_word' id='word_1_801' title='bbox 2458 5148 2717 5210; x_wconf 91' lang='lat' dir='ltr'><strong><em>tanquam</em></strong></span> <span class='ocrx_word' id='word_1_802' title='bbox 2746 5141 2802 5195; x_wconf 90' lang='lat' dir='ltr'><strong><em>in</em></strong></span> <span class='ocrx_word' id='word_1_803' title='bbox 2838 5149 3080 5197; x_wconf 85' lang='lat' dir='ltr'><strong><em>veterem</em></strong></span> <span class='ocrx_word' id='word_1_804' title='bbox 3104 5150 3388 5197; x_wconf 88' lang='lat' dir='ltr'><strong><em>auctorem</em></strong></span> <span class='ocrx_word' id='word_1_805' title='bbox 3424 5143 3665 5213; x_wconf 90' lang='lat' dir='ltr'><strong><em>scripsit,</em></strong></span> <span class='ocrx_word' id='word_1_806' title='bbox 3698 5158 3798 5199; x_wconf 84' lang='lat' dir='ltr'><strong><em>sa-</em></strong></span> 
     </span>
    </p>
   </div>
   <div class='ocr_carea' id='block_1_111' title="bbox 2206 5232 2673 5288">
    <p class='ocr_par' dir='ltr' id='par_1_111' title="bbox 2206 5232 2673 5288">
     <span class='ocr_line' id='line_1_111' title="bbox 2206 5232 2673 5288; baseline -0.002 -2"><span class='ocrx_word' id='word_1_807' title='bbox 2206 5232 2278 5287; x_wconf 86' lang='lat' dir='ltr'><strong><em>tis</em></strong></span> <span class='ocrx_word' id='word_1_808' title='bbox 2312 5232 2673 5288; x_wconf 89' lang='lat' dir='ltr'><strong><em>demonstrat.</em></strong></span> 
     </span>
    </p>
   </div>
   <div class='ocr_carea' id='block_1_112' title="bbox 2276 5322 3799 5397">
    <p class='ocr_par' dir='ltr' id='par_1_112' title="bbox 2276 5322 3799 5397">
     <span class='ocr_line' id='line_1_112' title="bbox 2276 5322 3799 5397; baseline 0.005 -20"><span class='ocrx_word' id='word_1_809' title='bbox 2276 5322 2545 5380; x_wconf 68' lang='lat' dir='ltr'><strong><em>Prasterea</em></strong></span> <span class='ocrx_word' id='word_1_810' title='bbox 2577 5324 2777 5381; x_wconf 87' lang='lat' dir='ltr'><strong><em>Suidas</em></strong></span> <span class='ocrx_word' id='word_1_811' title='bbox 2813 5325 2870 5380; x_wconf 93' lang='lat' dir='ltr'><strong><em>in</em></strong></span> <span class='ocrx_word' id='word_1_812' title='bbox 2898 5326 3250 5384; x_wconf 90' lang='lat' dir='ltr'><strong><em>collectaneis</em></strong></span> <span class='ocrx_word' id='word_1_813' title='bbox 3289 5342 3359 5383; x_wconf 87' lang='lat' dir='ltr'><strong><em>ex</em></strong></span> <span class='ocrx_word' id='word_1_814' title='bbox 3394 5326 3565 5383; x_wconf 89' lang='lat' dir='ltr'><strong><em>veteri</em></strong></span> <span class='ocrx_word' id='word_1_815' title='bbox 3607 5326 3799 5397; x_wconf 87' lang='lat' dir='ltr'><strong><em>aliquo</em></strong></span> 
     </span>
    </p>
   </div>
   <div class='ocr_carea' id='block_1_113' title="bbox 2203 5418 3798 5488">
    <p class='ocr_par' dir='ltr' id='par_1_113' title="bbox 2203 5418 3798 5488">
     <span class='ocr_line' id='line_1_113' title="bbox 2203 5418 3798 5488; baseline -0.001 -13"><span class='ocrx_word' id='word_1_816' title='bbox 2203 5418 2471 5488; x_wconf 89' lang='lat' dir='ltr'><strong><em>scriptore</em></strong></span> <span class='ocrx_word' id='word_1_817' title='bbox 2496 5419 2613 5473; x_wconf 66' lang='lat' dir='ltr'><strong><em>haec</em></strong></span> <span class='ocrx_word' id='word_1_818' title='bbox 2638 5418 2802 5473; x_wconf 92' lang='lat' dir='ltr'><strong><em>tradit</em></strong></span> <span class='ocrx_word' id='word_1_819' title='bbox 2851 5435 2865 5474; x_wconf 89' lang='lat'><strong>:</strong></span> <span class='ocrx_word' id='word_1_820' title='bbox 2925 5420 3122 5473; x_wconf 84' lang='grc' dir='ltr'>Ἰστέον</span> <span class='ocrx_word' id='word_1_821' title='bbox 3170 5419 3228 5473; x_wconf 82' lang='grc' dir='ltr'><strong><em>δὲ</em></strong></span> <span class='ocrx_word' id='word_1_822' title='bbox 3258 5419 3336 5485; x_wconf 83' lang='grc' dir='ltr'>ὦς</span> <span class='ocrx_word' id='word_1_823' title='bbox 3368 5436 3515 5484; x_wconf 83' lang='grc' dir='ltr'>τινες</span> <span class='ocrx_word' id='word_1_824' title='bbox 3546 5419 3656 5473; x_wconf 81' lang='grc' dir='ltr'><strong><em>τῶν</em></strong></span> <span class='ocrx_word' id='word_1_825' title='bbox 3686 5420 3798 5487; x_wconf 75' lang='grc' dir='ltr'><strong><em>ἔξω</em></strong></span> 
     </span>
    </p>
   </div>
   <div class='ocr_carea' id='block_1_114' title="bbox 2203 5511 3795 5586">
    <p class='ocr_par' dir='ltr' id='par_1_114' title="bbox 2203 5511 3795 5586">
     <span class='ocr_line' id='line_1_114' title="bbox 2203 5511 3795 5586; baseline 0.001 -20"><span class='ocrx_word' id='word_1_826' title='bbox 2203 5513 2403 5583; x_wconf 82' lang='grc' dir='ltr'>σοφῶν,</span> <span class='ocrx_word' id='word_1_827' title='bbox 2439 5511 2532 5566; x_wconf 80' lang='grc' dir='ltr'>καὶ</span> <span class='ocrx_word' id='word_1_828' title='bbox 2568 5511 2805 5583; x_wconf 82' lang='grc' dir='ltr'>μάλιστα</span> <span class='ocrx_word' id='word_1_829' title='bbox 2852 5512 3115 5585; x_wconf 83' lang='grc' dir='ltr'>Πρόκλος,</span> <span class='ocrx_word' id='word_1_830' title='bbox 3161 5512 3481 5586; x_wconf 85' lang='grc' dir='ltr'>θεωρήμασι</span> <span class='ocrx_word' id='word_1_831' title='bbox 3532 5513 3795 5579; x_wconf 77' lang='grc' dir='ltr'>πολλάκις</span> 
     </span>
    </p>
   </div>
   <div class='ocr_carea' id='block_1_115' title="bbox 2200 5601 3794 5675">
    <p class='ocr_par' dir='ltr' id='par_1_115' title="bbox 2200 5601 3794 5675">
     <span class='ocr_line' id='line_1_115' title="bbox 2200 5601 3794 5675; baseline 0.002 -19"><span class='ocrx_word' id='word_1_832' title='bbox 2200 5602 2294 5657; x_wconf 82' lang='grc' dir='ltr'>τοῦ</span> <span class='ocrx_word' id='word_1_833' title='bbox 2348 5601 2622 5675; x_wconf 85' lang='grc' dir='ltr'>μαγαρίου</span> <span class='ocrx_word' id='word_1_834' title='bbox 2672 5603 2950 5656; x_wconf 86' lang='grc' dir='ltr'>Διονυσίου</span> <span class='ocrx_word' id='word_1_835' title='bbox 2998 5604 3287 5675; x_wconf 87' lang='grc' dir='ltr'>κέχρηται,</span> <span class='ocrx_word' id='word_1_836' title='bbox 3340 5605 3435 5658; x_wconf 77' lang='grc' dir='ltr'>καὶ</span> <span class='ocrx_word' id='word_1_837' title='bbox 3480 5605 3671 5669; x_wconf 82' lang='grc' dir='ltr'>αὑταῖς</span> <span class='ocrx_word' id='word_1_838' title='bbox 3736 5605 3794 5659; x_wconf 66' lang='grc' dir='ltr'><strong><em>δὲ</em></strong></span> 
     </span>
    </p>
   </div>
   <div class='ocr_carea' id='block_1_116' title="bbox 2201 5691 3792 5767">
    <p class='ocr_par' dir='ltr' id='par_1_116' title="bbox 2201 5691 3792 5767">
     <span class='ocr_line' id='line_1_116' title="bbox 2201 5691 3792 5767; baseline 0.001 -18"><span class='ocrx_word' id='word_1_839' title='bbox 2201 5692 2390 5767; x_wconf 79' lang='grc' dir='ltr'>ξηραῖς</span> <span class='ocrx_word' id='word_1_840' title='bbox 2425 5696 2547 5759; x_wconf 86' lang='grc' dir='ltr'>ταῖς</span> <span class='ocrx_word' id='word_1_841' title='bbox 2598 5693 2777 5758; x_wconf 81' lang='grc' dir='ltr'>λέξεσι</span> <span class='ocrx_word' id='word_1_842' title='bbox 2838 5712 2853 5748; x_wconf 88' lang='lat'><strong>:</strong></span> <span class='ocrx_word' id='word_1_843' title='bbox 2905 5691 3193 5749; x_wconf 86' lang='lat' dir='ltr'><strong><em>Sciendum</em></strong></span> <span class='ocrx_word' id='word_1_844' title='bbox 3242 5706 3419 5751; x_wconf 88' lang='lat' dir='ltr'><strong><em>autem</em></strong></span> <span class='ocrx_word' id='word_1_845' title='bbox 3465 5695 3677 5766; x_wconf 72' lang='lat' dir='ltr'><strong><em>aliquos</em></strong></span> <span class='ocrx_word' id='word_1_846' title='bbox 3727 5714 3792 5751; x_wconf 78' lang='lat' dir='ltr'><strong><em>ea</em></strong></span> 
     </span>
    </p>
   </div>
   <div class='ocr_carea' id='block_1_117' title="bbox 2199 5786 3784 5859">
    <p class='ocr_par' dir='ltr' id='par_1_117' title="bbox 2199 5786 3784 5859">
     <span class='ocr_line' id='line_1_117' title="bbox 2199 5786 3784 5859; baseline -0.001 -17"><span class='ocrx_word' id='word_1_847' title='bbox 2199 5788 2473 5859; x_wconf 89' lang='lat' dir='ltr'><strong><em>gentilium</em></strong></span> <span class='ocrx_word' id='word_1_848' title='bbox 2493 5786 2840 5857; x_wconf 88' lang='lat' dir='ltr'><strong><em>sapientibus,</em></strong></span> <span class='ocrx_word' id='word_1_849' title='bbox 2865 5802 2930 5842; x_wconf 88' lang='lat' dir='ltr'><strong><em>ac</em></strong></span> <span class='ocrx_word' id='word_1_850' title='bbox 2953 5789 3249 5857; x_wconf 70' lang='lat' dir='ltr'><strong><em>prmsertim</em></strong></span> <span class='ocrx_word' id='word_1_851' title='bbox 3274 5787 3529 5843; x_wconf 77' lang='lat' dir='ltr'><strong><em>Proclum</em></strong></span> <span class='ocrx_word' id='word_1_852' title='bbox 3558 5788 3626 5845; x_wconf 92' lang='lat' dir='ltr'><strong><em>B.</em></strong></span> <span class='ocrx_word' id='word_1_853' title='bbox 3658 5787 3784 5841; x_wconf 88' lang='lat' dir='ltr'><strong><em>Dio-</em></strong></span> 
     </span>
    </p>
   </div>
   <div class='ocr_carea' id='block_1_118' title="bbox 2199 5868 3788 5959">
    <p class='ocr_par' dir='ltr' id='par_1_118' title="bbox 2199 5868 3788 5959">
     <span class='ocr_line' id='line_1_118' title="bbox 2199 5868 3788 5959; baseline 0.001 -23"><span class='ocrx_word' id='word_1_854' title='bbox 2199 5882 2336 5954; x_wconf 77' lang='lat' dir='ltr'><strong><em>nysii</em></strong></span> <span class='ocrx_word' id='word_1_855' title='bbox 2374 5868 2801 5959; x_wconf 63' lang='lat' dir='ltr'><strong><em>theor?matibii’s&#39;_</em></strong></span> <span class='ocrx_word' id='word_1_856' title='bbox 2829 5897 3010 5954; x_wconf 80' lang='lat' dir='ltr'><strong><em>usum,</em></strong></span> <span class='ocrx_word' id='word_1_857' title='bbox 3044 5892 3200 5954; x_wconf 83' lang='lat' dir='ltr'><strong><em>atque</em></strong></span> <span class='ocrx_word' id='word_1_858' title='bbox 3240 5882 3371 5939; x_wconf 84' lang='lat' dir='ltr'><strong><em>adeo</em></strong></span> <span class='ocrx_word' id='word_1_859' title='bbox 3420 5884 3583 5939; x_wconf 86' lang='lat' dir='ltr'><strong><em>etiam</em></strong></span> <span class='ocrx_word' id='word_1_860' title='bbox 3628 5884 3788 5938; x_wconf 68' lang='lat' dir='ltr'><strong><em>merit</em></strong></span> 
     </span>
    </p>
   </div>
  </div>
