4078 6394
312 414 436 468 205

1087 417 1134 474 ι.
1179 406 1543 473 PEARSONll
1584 402 1909 473 Vmorem
1954 406 2373 473 lGNA'l‘lAN/E.
2416 448 2486 460 -
2522 414 2708 475 PARS
2743 420 2781 473 ι.

3507 425 3615 480 206

310 541 453 607 ipsis
509 539 856 593 dictionibus.
915 536 1049 603 Quae
1093 538 1255 592 verba
1304 540 1471 591 etiam
1524 538 1579 590 in
1639 536 1920 590 Prommiis
1955 548 1999 601 Α
2025 554 2146 592 rus.
2196 537 2293 594 Est
2333 547 2513 593 autem
2554 541 2709 611 σορός
2740 542 2875 595 nihil
2905 542 3049 595 aliud
3089 558 3251 611 quam
3281 544 3489 598 loculus
3537 539 3626 599 vel

313 632 549 686 Maximi
590 643 645 685 et
686 631 909 701 Georgii
956 629 1309 701 Pachymerm
1352 630 1728 683 inveniuntur.
1769 628 1923 683 Scri-

310 724 430 793 psit
473 734 661 777 autem
708 722 941 776 Proetus
989 722 1092 776 sub
1128 720 1314 775 Leone
1338 720 1574 782 Thrace,
1618 721 1765 775 circa
1809 735 1926 774 me-

310 814 470 866 dium
498 812 681 881 quinti
706 813 914 867 saeculi.
946 811 1026 865 Eo
1055 812 1222 880 igitur
1250 811 1530 881 antiquior
1559 810 1664 865 fuit
1686 810 1929 865 Pseudo-

311 906 645 977 Dionysius.
678 906 745 960 Et
780 904 1023 960 Ioannes
1051 904 1303 959 Morinus
1334 904 1411 958 De
1436 906 1603 958 sacris
1627 906 1927 959 ordinatio-

312 996 474 1048 nibus
514 1012 533 1047 :
570 993 777 1050 Saltem
800 998 987 1067 igitur,
1013 997 1210 1067 inquit,
1240 998 1500 1051 librorum
1530 1000 1755 1052 istorum
1793 1000 1927 1052 scri-

309 1088 423 1155 ptio
457 1088 621 1139 initio
657 1088 832 1157 quinti
883 1089 1091 1155 swculi,
1134 1100 1182 1143 et
1219 1100 1340 1142 ante
1372 1090 1589 1143 concilii
1635 1089 1928 1144 Chalcedo-

312 1182 495 1233 nensis
522 1181 931 1236 celebrationem
959 1183 1283 1253 assignanda
1312 1194 1427 1246 est;
1452 1200 1543 1237 nec
1566 1182 1682 1237 ulla
1721 1186 1927 1236 ratione

309 1272 591 1340 probabili
648 1274 717 1326 ad
760 1275 985 1343 inferius
1030 1290 1197 1329 aevum
1257 1276 1458 1329 devolvi
1508 1287 1697 1346 potest.
1756 1276 1827 1331 Ut
1874 1286 1927 1331 et

310 1360 568 1421 Ioannes
607 1365 890 1422 Launoius
940 1387 953 1420 :
1011 1366 1077 1421 Ut
1128 1384 1221 1437 ego
1270 1368 1449 1421 dicam
1504 1370 1728 1425 breviter
1787 1374 1926 1441 quod

312 1461 513 1521 sentio,
562 1476 596 1511 a
651 1471 882 1528 tempore
933 1459 1214 1529 Ephesinte
1263 1464 1453 1531 synodi
1497 1466 1685 1532 primae
1732 1467 1927 1521 vixisse

313 1553 449 1604 mihi
472 1546 709 1607 videtur.
742 1551 852 1607 Nec
878 1554 948 1608 ab
980 1555 1066 1608 his
1101 1554 1353 1609 dissentit
1382 1553 1612 1611 Vossius
1645 1555 1790 1615 Hist.
1818 1555 1925 1613 Pe-

312 1644 575 1715 lagianae.
610 1646 651 1699 Ι.
682 1662 780 1711 vn,
812 1646 953 1700 thesi
979 1647 1012 1700 4
1038 1666 1050 1700 :
1084 1645 1372 1716 Dionysius
1401 1660 1745 1717 cognomento
1769 1651 1929 1707 Areo-

320 1737 545 1806 pagita,
578 1754 737 1806 quem
780 1747 839 1790 ut
878 1738 1091 1791 credam
1134 1736 1411 1792 Theodosii
1443 1738 1688 1794 Iunioris
1726 1750 1928 1810 tempo-

315 1828 471 1882 ribus
509 1830 733 1894 vixisse,
764 1828 1141 1884 verisimilibus
1174 1830 1411 1885 adducor
1439 1833 1776 1902 conjecturis.
1808 1829 1928 1889 Huc

316 1935 507 1992 usque
538 1931 793 1976 veterum
826 1922 1183 1987 testimoniis,
1219 1932 1272 1977 et
1303 1922 1757 1981 doctissimorum
1783 1927 1929 1981 viro-
1962 1906 2002 1959 Β

314 2031 445 2069 rum
493 2013 781 2084 suffragiis
834 2014 902 2069 ad
957 2014 1175 2069 initium
1220 2016 1398 2085 quinti
1448 2015 1634 2073 saeculi
1680 2020 1926 2088 provecti

316 2126 547 2177 sumus,
571 2126 688 2182 quo
720 2112 787 2166 ad
818 2120 1078 2181 quartum
1104 2109 1215 2182 jam
1245 2111 1463 2169 facilius
1490 2115 1576 2169 via
1606 2116 1890 2171 sternitur.

386 2200 631 2257 Michael
664 2201 862 2275 Clycas
905 2204 961 2257 in
1007 2202 1252 2259 Historia
1282 2218 1689 2263 commemorat
1717 2224 1779 2263 ea
1808 2226 1930 2280 qua:

310 2288 461 2345 facta
492 2299 630 2347 sunt
659 2293 729 2347 ab
760 2292 1023 2363 apostolis
1051 2296 1106 2349 in
1150 2296 1560 2354 obdormitione
1596 2299 1655 2354 S.
1697 2299 1929 2370 virginis

306 2381 530 2446 Mariae,
556 2402 627 2440 ex
672 2384 938 2457 Dionysio
981 2388 1087 2441 hoc
1126 2390 1401 2460 prtecipue
1456 2403 1623 2461 atque
1668 2388 1931 2448 Iuvenale

308 2476 831 2548 Ilierosolymitano
855 2481 1192 2549 patriarcha.
1220 2480 1560 2553 Nicephorus
1596 2496 1778 2540 autem
1810 2484 1933 2540 Cal-

308 2569 485 2624 listus
550 2570 689 2625 illud
744 2571 813 2626 de
856 2571 1122 2629 Iuvenale
1168 2576 1336 2630 latius
1380 2578 1732 2646 persequitur
1758 2578 1796 2631 l.
1836 2594 1926 2641 xv,

308 2680 363 2716 σε.
406 2663 495 2716 Η.
539 2662 712 2720 Docet
750 2664 1097 2721 Pulcheriam
1143 2668 1449 2739 Augustam
1481 2670 1659 2735 illum,
1703 2686 1827 2726 cum
1861 2673 1928 2727 ad

304 2757 714 2812 celebrandam
749 2760 1023 2830 synodum
1066 2758 1466 2817 Cbaleedonem
1509 2764 1770 2831 venisset,
1806 2751 1930 2834 per-

306 2859 609 2904 conlatam
642 2862 786 2915 esse,
814 2866 883 2904 an
916 2845 974 2904 S.
1008 2849 1253 2923 Virginis
1278 2868 1481 2923 corpus
1507 2854 1649 2923 apud
1681 2847 1931 2909 Palaesti-

306 2958 424 2997 nos
470 2942 862 2997 inveniretur?
903 2941 1209 3014 Respondit
1244 2944 1333 2999 ille
1365 2953 1482 3000 tum
1515 2960 1579 3000 ex
1614 2947 1927 3011 traditione,

306 3042 436 3086 tium
476 3048 548 3087 ex
577 3032 865 3104 Dionysio,
895 3034 1029 3105 quid
1067 3034 1134 3089 de
1182 3036 1463 3106 sepultura
1496 3034 1739 3107 Virginis
1766 3054 1932 3092 nove—

305 3126 417 3179 rit.
446 3123 587 3179 Erat
609 3124 780 3193 igitur
819 3124 1069 3196 Dionysii
1093 3126 1233 3181 liber
1275 3125 1353 3181 De
1398 3127 1591 3181 divinis
1631 3128 1929 3182 nominibus

306 3216 461 3271 satis
487 3225 679 3283 notus,
708 3216 856 3271 unde
898 3231 999 3270 sua
1036 3214 1222 3272 hausit
1262 3208 1568 3273 Iuvenalis.
1612 3216 1929 3287 Respondet
1956 3255 1999 3312 Ο

309 3308 569 3364 uallatus
598 3310 826 3378 primo:
871 3307 1040 3362 Verba
1087 3326 1151 3363 ex
1197 3310 1395 3363 nostris
1448 3304 1794 3380 Dionysianis
1842 3310 1928 3364 de-

306 3400 529 3470 scripta
563 3399 900 3471 Nicephorus
932 3401 1141 3454 videtur
1171 3403 1282 3471 ipse
1311 3404 1489 3472 potius
1538 3402 1602 3456 de
1643 3418 1739 3456 suo
1779 3402 1929 3471 adje-

308 3494 458 3546 εἰπε
491 3493 565 3546 ad
594 3488 873 3546 Iuvenalis
898 3495 1262 3547 narrationem
1292 3493 1737 3564 conﬁrmandam,
1767 3508 1929 3563 quam

306 3602 380 3639 ea
413 3583 674 3639 Iuvenali
709 3584 977 3638 tribuisse.
1025 3583 1140 3638 lmo
1183 3600 1312 3639 vero
1360 3583 1705 3655 Nicephorus
1745 3592 1932 3655 aperte

310 3687 586 3743 testatur,
620 3673 945 3733 Iuvenalem
979 3677 1161 3748 ipsum
1193 3678 1302 3734 hoc
1336 3677 1585 3750 Dionysii
1612 3678 1932 3733 testimonio

313 3789 496 3827 usum
543 3787 692 3839 esse,
744 3786 987 3843 eumque
1044 3771 1162 3827 haec
1210 3774 1469 3829 eitantem
1519 3772 1750 3826 inducit.
1802 3764 1934 3825 Post

310 3867 474 3921 enim
506 3866 811 3920 verborum
843 3864 1090 3936 Dionysii
1113 3865 1493 3921 recitationem
1524 3865 1708 3919 statim
1740 3862 1928 3919 addit:

310 3957 518 4012 Ταῦτα
551 3956 914 4023 διεξελθόντος
960 3955 1337 4022 Ἰουὸεναλίου,
1373 3959 1420 4010 οἱ
1472 3956 1801 4028 κρατοῦντες
1834 3955 1933 4026 τὴν

310 4049 490 4117 ἁγίαν
526 4046 745 4119 ἐκείνην
776 4049 985 4104 ἐδέοντο
1019 4049 1258 4120 πέμπειν
1307 4049 1467 4122 σορὸν
1521 4050 1663 4121 μετὰ
1713 4048 1822 4102 τῶν
1858 4050 1933 4101 ἱε-

316 4142 439 4213 ρῶν
476 4141 706 4194 ἐκείνων
740 4142 980 4213 ἁμφίων.
1023 4140 1153 4197 Htec
1191 4158 1311 4195 cum
1364 4141 1638 4195 Juvenalis
1684 4157 1933 4212 peroras—

315 4242 402 4288 set
433 4232 706 4303 principes
735 4250 855 4287 eum
884 4245 1163 4304 rogarunt,
1194 4246 1251 4288 ut
1276 4244 1521 4289 sanctum
1549 4250 1669 4288 eum
1696 4228 1934 4288 loculum

320 4343 437 4380 una
467 4338 593 4379 cum
624 4326 796 4380 sacris
826 4327 1056 4381 vestibus
1082 4328 1331 4405 mitteret.
1369 4322 1502 4391 Quae
1526 4327 1747 4396 quidem
1767 4324 1933 4380 verba

318 4419 494 4489 paulo
525 4418 844 4473 accuratius
870 4419 1215 4474 observanda
1243 4422 1395 4486 sunt,
1421 4419 1567 4489 quod
1591 4419 1680 4474 hic
1706 4420 1933 4489 ﬁgmen-

324 4520 445 4564 tum
486 4508 765 4562 notaverit
824 4509 1182 4574 Albertinus,
1236 4510 1386 4579 quod
1441 4510 1607 4564 etiam
1659 4508 1932 4567 Baronius

2032 630 2201 694 theca,
2239 637 2293 682 et
2324 631 2631 701 σοροπηγὸς
2664 647 2772 684 non
2822 641 2909 686 est
2952 632 3205 703 λατόμος,
3245 636 3337 704 qui
3369 637 3621 704 sepulcra

2029 718 2343 775 Iudaeorum
2385 722 2493 774 ritu
2527 736 2595 775 ex
2634 722 2803 791 petris
2835 721 3058 788 excidit,
3093 724 3186 777 sed
3233 726 3330 794 qui
3363 728 3497 781 tales
3529 743 3621 778 ar—

2030 815 2183 869 culas
2220 815 2520 883 compingit
2563 823 2618 867 et
2653 815 2893 869 coniicit.
2946 813 3117 870 Vetus
3158 816 3499 872 Glossarium
3532 821 3624 872 Σο-

2037 907 2154 978 ρός,
2193 922 2320 959 arca
2362 906 2617 975 funebris.
2658 905 2836 961 Iulius
2867 906 3057 962 Pollux
3089 908 3181 963 lib.
3220 926 3320 975 vn,
3349 926 3468 980 cap.
3504 914 3573 966 35
3605 932 3618 966 :

2031 1000 2340 1071 Σοροποιός,
2396 999 2720 1070 σοροπηγός,
2776 1003 3125 1071 σοροπήγιον,
3172 1003 3350 1073 σορός·
3406 1006 3623 1059 καλοῖτο

2028 1089 2072 1142 δ’
2107 1089 2172 1143 ἂν
2206 1089 2346 1159 αὕτη
2380 1090 2473 1142 καὶ
2507 1089 2723 1153 πύελος,
2760 1091 2853 1143 καὶ
2888 1092 3137 1155 κιϐωτὸς,
3175 1094 3268 1145 καὶ
3301 1094 3478 1164 ληνός.
3514 1095 3623 1148 Ar-

2032 1195 2152 1234 cam
2200 1181 2366 1250 igitur
2415 1180 2725 1247 funebrem,
2769 1190 2824 1235 et
2866 1180 3068 1237 fascias
3100 1193 3194 1238 aut
3228 1196 3408 1242 vestes
3440 1189 3623 1256 sepul-

2038 1272 2213 1327 crales
2241 1272 2774 1341 Constantinopolim
2801 1271 3196 1345 Hierosolymis
3223 1277 3372 1331 misit
3396 1281 3624 1347 patriar-

2032 1364 2133 1417 cha
2166 1362 2467 1429 Iuvenalis,
2510 1377 2800 1434 postquam
2844 1364 3148 1422 Pulcheriae
3193 1378 3306 1422 tum
3340 1385 3405 1423 ex
3446 1372 3622 1425 tradi-

2031 1457 2201 1521 tione,
2232 1465 2345 1509 tum
2377 1472 2442 1509 ex
2485 1456 2803 1511 testimonio
2842 1457 3089 1529 Dionysii
3119 1474 3213 1515 eas
3244 1461 3311 1513 ad
3345 1460 3402 1514 S.
3440 1459 3621 1530 Virgis

2030 1562 2155 1601 nem
2189 1548 2523 1616 pertinuisse
2547 1549 2936 1617 persuasisset.
2968 1549 3094 1605 Haec
3122 1551 3290 1619 igitur
3323 1566 3447 1605 cum
3484 1553 3624 1607 nihil

2030 1640 2266 1694 valitura
2309 1640 2644 1711 perspiceret
2698 1640 2951 1707 Dallaaus,
3002 1644 3284 1713 respondit
3333 1645 3575 1699 secundo
3605 1664 3622 1699 ;

2033 1731 2336 1787 Historicos
2387 1732 2556 1787 solere
2583 1734 2821 1788 homines
2864 1753 2926 1789 ea
2958 1736 3191 1790 dicentes
3223 1737 3491 1803 inducere,
3519 1754 3624 1791 non

2032 1842 2149 1896 qua:
2172 1842 2287 1879 vere
2312 1841 2376 1879 ac
2407 1836 2549 1879 certo
2576 1828 2852 1894 dixerunt,
2894 1828 2985 1882 sed
3021 1846 3141 1898 qua:
3168 1829 3288 1883 illos
3315 1831 3418 1898 ipsi
3450 1831 3624 1884 dicere

2031 1920 2265 1989 potuisse
2305 1929 2520 1988 putant.
2564 1918 2697 1985 Quae
2725 1920 2944 1989 quidem
2976 1922 3265 1991 responsio
3296 1925 3342 1977 si
3374 1923 3429 1975 in
3459 1924 3625 1979 rebus

2034 2010 2349 2081 hujusmodi
2383 2012 2727 2070 admittatur.
2766 2014 2977 2068 tollitur
3008 2013 3188 2068 omnis
3217 2013 3331 2069 fere
3362 2015 3501 2069 ratio
3528 2030 3624 2069 vea-

2033 2112 2212 2158 terum
2246 2105 2562 2160 testimonia
2603 2105 2952 2161 admittendi.
2986 2107 3214 2171 Quoties
3247 2107 3395 2161 enim
3431 2117 3626 2161 auctor

2033 2194 2233 2262 aliquis
2258 2194 2584 2263 scriptorem
2612 2196 2783 2250 alium
2819 2196 3031 2251 inducit
3054 2196 3281 2251 alterius
3313 2197 3517 2265 scripta
3547 2197 3627 2250 ci-

2034 2294 2262 2349 tantem,
2296 2285 2444 2338 nulla
2488 2286 2538 2339 ei
2586 2286 2722 2341 satis
2767 2296 2916 2341 certa
2948 2288 3081 2341 lides
3112 2287 3363 2341 adhiberi
3390 2288 3624 2356 poterit;

2033 2376 2162 2446 quia
2186 2391 2294 2431 non
2330 2378 2380 2431 id
2408 2394 2532 2432 eum
2572 2394 2699 2433 vere
2736 2379 2943 2434 dixisse
2971 2389 3069 2434 aut
3098 2380 3322 2447 citasse,
3367 2381 3460 2435 sed
3506 2391 3627 2435 tan-

2034 2468 2320 2522 tummodo
2349 2468 2402 2521 id
2428 2484 2495 2522 ex
2534 2470 2805 2524 sententia
2835 2468 3125 2524 referentis
3152 2486 3277 2525 eum
3321 2471 3503 2525 dicere
3531 2486 3629 2539 pc-

2035 2561 2205 2614 tuisse
2228 2560 2410 2630 colligi
2447 2563 2642 2629 possit.
2685 2561 2907 2616 Interim
2955 2563 3305 2617 notissimum
3337 2574 3442 2629 est,
3475 2562 3633 2617 Nice-

2033 2653 2209 2721 phoro
2271 2654 2515 2709 solemne
2562 2671 2683 2710 esse
2734 2670 2842 2709 non
2900 2672 3001 2711 sua
3051 2657 3174 2711 aliis
3222 2655 3501 2727 allingere,
3531 2659 3629 2712 sed

2035 2746 2213 2800 aliena
2248 2762 2347 2801 sua
2395 2746 2599 2814 facere,
2642 2759 2696 2803 et
2750 2766 2814 2803 ex
2844 2751 3121 2806 veteribus
3157 2751 3437 2808 historicis
3470 2769 3628 2808 suam

2037 2838 2333 2894 Historiam
2365 2842 2686 2911 compilare,
2726 2842 2945 2896 illorum
2985 2845 3151 2898 etiam
3196 2846 3379 2899 verbis
3413 2862 3502 2901 res
3538 2862 3631 2917 ge-

2036 2940 2150 2986 stas
2181 2932 2415 2997 tradere,
2449 2941 2509 2987 ut
2529 2949 2595 2987 ex
2628 2934 2697 2988 iis
2731 2935 2825 3003 qui
2864 2935 3045 2991 adhuc
3067 2940 3304 3002 exstant,
3328 2937 3474 2992 clare
3501 2954 3628 3007 per-

2036 3025 2295 3094 spicitur;
2328 3026 2472 3080 unde
2500 3041 2642 3096 saepe
2686 3027 2746 3081 ﬁt
2788 3037 2846 3082 ut
2886 3037 3099 3083 veteres
3128 3030 3488 3085 ecclesiastici
3520 3031 3633 3085 hisd-

2039 3117 2197 3172 torici
2227 3132 2293 3172 ex
2320 3133 2385 3172 eo
2414 3118 2495 3171 vel
2520 3118 2886 3185 illustrantur,
2918 3120 3005 3173 vel
3037 3122 3200 3187 etiam
3232 3122 3628 3189 emendentur;

2034 3208 2292 3280 idemque
2322 3212 2475 3265 illum
2503 3212 2555 3265 in
2576 3212 2696 3266 aliis
2722 3213 2816 3281 qui
2848 3214 3151 3283 perierunt,
3186 3213 3383 3270 fecisse
3404 3231 3633 3285 prorsus

2035 3303 2299 3356 credibile
2332 3313 2435 3367 est,
2468 3314 2522 3357 et
2549 3305 2689 3358 hanc
2718 3305 2892 3373 ipsam
2920 3306 3207 3360 historiam
3232 3324 3299 3361 ex
3343 3307 3633 3363 Theodoro

2034 3393 2241 3450 lectore
2256 3396 2637 3465 exscripsissc.
2664 3394 2791 3451 Haec
2808 3406 2992 3451 autem
3010 3399 3055 3451 si
3072 3412 3201 3452 vera
3225 3399 3355 3465 sint,
3375 3399 3503 3469 quis
3520 3417 3631 3455 non

2035 3489 2298 3542 concedet
2329 3487 2572 3558 Dionysii
2607 3490 2806 3559 scripta
2842 3499 3042 3559 quarto
3092 3491 3294 3545 saeculo
3319 3488 3635 3546 exstitisse?

2109 3579 2267 3633 Certe
2295 3578 2579 3645 Erasmus,
2604 3592 2754 3633 torno
2776 3579 2837 3642 V,
2867 3580 2942 3634 De
2967 3582 3273 3650 compendio
3297 3585 3632 3652 perveniendi

2037 3672 2105 3725 ad
2134 3686 2311 3725 veram
2350 3672 2689 3743 theologiam,
2718 3682 2876 3742 putat
2923 3674 3245 3745 Dionysium
3279 3676 3428 3731 hunc
3458 3676 3635 3732 fuisse

2039 3762 2097 3818 S.
2129 3764 2436 3831 Augustino
2480 3765 2775 3820 seniorem.
2822 3765 3078 3833 Tametsi,
3113 3768 3312 3837 inquit,
3354 3769 3421 3823 D.
3455 3771 3632 3824 Aure-

2035 3856 2141 3911 lius
2172 3858 2501 3927 Augustinus
2555 3869 2803 3912 accurate
2851 3860 3012 3913 simul
3055 3869 3104 3913 et
3154 3864 3363 3929 copiose
3399 3874 3635 3932 quatuor

2035 3946 2211 4009 libris,
2251 3949 2443 4017 quibus
2493 3950 2708 4003 titulum
2738 3952 2862 4021 fecit
2902 3950 2977 4006 De
3013 3953 3262 4008 doctrina
3295 3954 3632 4023 Christiana,

2036 4058 2190 4112 super
2220 4043 2315 4095 hoc
2343 4045 2723 4114 propemodum
2761 4057 3073 4115 argumento
3123 4047 3360 4103 disserit.
3402 4049 3469 4104 Et
3511 4062 3635 4105 ante

2036 4132 2194 4198 hunc,
2223 4136 2429 4203 opinor,
2461 4134 2744 4205 Dionysius
2788 4140 3007 4208 quidam
3058 4142 3113 4193 in
3161 4159 3314 4211 opere
3362 4144 3504 4214 quod
3545 4145 3632 4197 in-

2036 4224 2251 4291 scripsit
2282 4222 2358 4277 De
2380 4226 2582 4280 divinis
2607 4228 2958 4295 nominibus;
2996 4248 3180 4285 rursus
3211 4234 3265 4286 in
3324 4235 3502 4287 libello
3546 4236 3635 4288 cui

2039 4314 2257 4367 titulum
2298 4316 2423 4384 fecit
2450 4316 2525 4372 De
2550 4321 2783 4389 mystica
2812 4321 3107 4393 theologia.
3145 4325 3231 4378 An
3272 4326 3509 4393 Dallgcus
3541 4343 3635 4383 no-

2037 4408 2179 4461 verit
2211 4408 2355 4463 hanc
2390 4409 2562 4465 fuisse
2589 4410 2804 4466 Erasmi
2831 4417 3185 4483 sententiam,
3218 4419 3411 4474 nescio
3456 4439 3466 4472 :
3510 4398 3636 4476 eam

2038 4509 2185 4553 certe
2214 4501 2496 4556 levissima
2528 4504 2844 4573 conjectura
2873 4506 3073 4562 ductus
3114 4520 3414 4587 Oppugnat,
3455 4513 3636 4582 capite

323 4599 623 4658 confessus
650 4608 769 4666 est;
805 4601 901 4670 qui
944 4601 1204 4657 observat
1238 4601 1538 4671 sepulcrum
1568 4602 1665 4657 Dei
1695 4602 1930 4657 Genitri-

2035 4588 2127 4642 22.
2160 4590 2298 4645 Cum
2350 4592 2496 4647 enim
2552 4602 2606 4649 et
2640 4593 2935 4668 Dionysius
2991 4606 3046 4653 et
3085 4596 3144 4653 S.
3190 4598 3533 4670 Augustinus
3565 4604 3635 4659 de

326 4696 404 4748 cis
430 4693 487 4746 in
512 4700 670 4761 petra
708 4693 946 4745 excisum
985 4709 1118 4761 esse,
1155 4703 1205 4748 et
1258 4692 1434 4749 instar
1476 4693 1705 4764 sepulcri
1752 4694 1934 4749 Domi-

326 4787 439 4841 uici
471 4784 643 4837 nativi
666 4782 864 4853 lapidis
894 4786 1217 4840 cohmrentia
1244 4787 1360 4840 loco
1390 4784 1739 4840 immobiliter
1766 4787 1933 4842 inita:-

330 4895 467 4933 τινι.
504 4876 663 4933 Unde
702 4879 961 4947 miratur,
990 4881 1254 4950 quomodo
1296 4877 1431 4934 illud
1481 4880 1933 4947 Constantinopo—

329 4972 411 5027 lin
457 4970 664 5024 dicitur
706 4970 872 5039 fuisse
929 4972 1277 5025 translatum.
1331 4971 1570 5041 Indeque
1616 4970 1932 5025 Albertinus

329 5068 472 5121 mire
499 5065 853 5135 triumphans
881 5065 959 5119 ait
996 5084 1010 5117 :
1039 5061 1217 5136 Eque
1244 5080 1372 5119 sane
1416 5081 1617 5131 verum,
1671 5066 1933 5119 narratio-

330 5173 453 5210 nem
476 5172 645 5225 supra
682 5166 1030 5209 memoratam
1064 5154 1344 5209 Iuvenalis
1373 5172 1506 5221 esse,
1532 5172 1594 5209 ac
1628 5172 1807 5209 verum
1829 5165 1930 5222 est,

333 5249 637 5318 sepulcrum
661 5246 899 5319 Virginis
928 5247 993 5299 ab
1019 5242 1114 5300 illo
1139 5244 1656 5316 Constantinopolim
1686 5246 1928 5300 missum.

333 5341 471 5395 Cum
500 5336 688 5409 potius
714 5337 1266 5393 animadvertendum
1296 5347 1462 5405 esset,
1499 5336 1798 5392 Baronium
1832 5351 1930 5391 sua

333 5448 400 5486 ex
456 5429 658 5485 Latino
708 5423 1025 5499 Nicephoro
1082 5429 1407 5499 sumpsisse,
1458 5437 1514 5484 et
1561 5428 1629 5483 de
1688 5426 1930 5496 sepulcro

334 5519 879 5592 ConstantinOpolim
922 5517 1097 5576 misso
1124 5520 1252 5577 inde
1282 5521 1623 5587 somniasse;
1654 5518 1931 5590 Nicepho-

336 5629 455 5669 rum
511 5623 695 5668 autem
754 5612 1136 5668 tantummodo
1180 5612 1281 5685 τὴν
1335 5611 1515 5683 σορὸν,
1550 5620 1607 5667 et
1646 5611 1715 5665 τὰ
1748 5610 1930 5681 ductu

336 5707 464 5762 illuc
513 5706 844 5763 transmissa
902 5721 1276 5774 memorasse;
1323 5709 1502 5777 ἄμφια
1549 5714 1733 5759 autem
1763 5704 1926 5759 etiam

337 5801 563 5869 ἐντάφια
597 5800 893 5873 σπάργανα
925 5798 1249 5869 sepulcrales
1280 5800 1479 5868 fascias
1502 5798 1760 5869 appellat.
1795 5795 1927 5851 Solo

340 5900 517 5949 autem
542 5894 765 5951 nomine
791 5893 891 5964 τῆς
928 5891 1090 5963 σοροῦ
1128 5893 1184 5947 in
1227 5889 1332 5947 hac
1368 5907 1427 5949 re
1460 5890 1631 5948 utitur
1663 5889 1928 5962 Nicepho-

2037 4684 2452 4753 suseeptoribus
2502 4686 2710 4756 pariter
2764 4688 3028 4759 egissent,
3078 4699 3134 4745 et
3167 4691 3232 4745 ad
3262 4692 3633 4761 objectionem

2036 4775 2104 4829 de
2127 4776 2309 4831 verbis
2342 4792 2442 4846 pro
2484 4778 2693 4835 infante
2736 4780 2793 4835 in
2834 4781 3110 4851 baptismo
3143 4783 3372 4851 prolatis
3400 4800 3630 4855 respon-

2035 4864 2285 4921 dissent:
2317 4867 2441 4922 Non
2471 4870 2759 4935 immerito,
2810 4873 2991 4942 inquit
3027 4872 3281 4940 Dallteus,
3328 4876 3464 4929 hunc
3508 4890 3631 4931 sus-
3694 4872 3697 4919 Ῐ

2033 4960 2182 5028 picor
2233 4960 2556 5031 Augustino,
2595 4976 2821 5034 quocum
2855 4982 2991 5019 unus
3046 4966 3152 5020 ista
3193 4976 3411 5033 tractat,
3459 4968 3633 5021 haud-

2033 5069 2302 5123 quaquam
2334 5056 2676 5110 vetustiorem
2715 5057 2901 5126 fuisse.
2948 5058 3068 5112 lino
3098 5073 3224 5113 vere
3254 5058 3413 5127 plane
3442 5061 3632 5113 imme-

2036 5138 2141 5197 rﬂo
2194 5156 2384 5201 exorta
2428 5157 2515 5203 est
2562 5149 2679 5203 haec
2711 5149 2977 5220 suspicio.
3013 5148 3204 5216 Qualis
3226 5151 3375 5205 enim
3403 5151 3519 5206 haec
3548 5165 3634 5207 ra-

2036 5237 2317 5293 tiocinatio
2362 5240 2479 5295 est?
2526 5238 2823 5310 Dionysius
2873 5240 3312 5312 eLAugustiuus
3363 5244 3644 5301 vetustior

2034 5347 2159 5390 esse
2190 5351 2300 5389 non
2330 5343 2530 5404 potest.
2574 5334 2734 5390 Certe
2774 5333 2821 5389 si
2866 5334 2984 5391 haec
3025 5337 3170 5391 ratio
3213 5337 3393 5393 valeat
3436 5347 3645 5395 contra

2034 5422 2348 5491 Erasmum,
2411 5426 2614 5481 valebit
2661 5428 2824 5483 etiam
2875 5434 3070 5484 contra
3127 5428 3390 5484 Dallzeum
3442 5449 3455 5485 :
3508 5446 3644 5503 ergo

2033 5518 2376 5589 Augustinus
2432 5516 2698 5592 Dionysio
2754 5522 3025 5577 vetustior
3085 5536 3209 5578 esse
3262 5539 3373 5577 non
3428 5533 3640 5594 potest.

2034 5611 2174 5667 Eum
2206 5613 2377 5670 .enim
2421 5610 2660 5669 Dallzeus
2715 5615 2909 5669 statuit
2960 5623 3073 5669 toto
3116 5616 3318 5670 saeculo
3366 5615 3645 5687 Dionysio

2032 5703 2412 5762 vetustiorem.
2450 5702 2671 5762 Valeret
2698 5703 3182 5787 quidemaliquid,
3223 5708 3268 5762 si
3313 5706 3632 5778 praxisEc-

2032 5798 2235 5865 clesiae,
2270 5797 2337 5853 de
2366 5816 2474 5870 qua
2520 5801 2588 5855 ab
2627 5811 2863 5871 utroque
2907 5802 3248 5872 disputatum
3278 5811 3382 5868 est,
3427 5800 3485 5854 S.
3514 5800 3634 5880 Anc.

2035 5891 2253 5961 gustino
2276 5891 2557 5963 antiquior
2595 5906 2704 5949 non
2748 5892 2975 5961 fuisset;
3015 5892 3111 5950 sed
3141 5902 3351 5949 morem
3385 5907 3513 5948 eum
3535 5891 3637 5965 diu,
