4078 6384
522 404 627 458 207

1516 391 1582 445 S.
1626 384 1969 444 lGNATlUS.
2010 416 2069 424 ——
2112 377 2650 436 PHOLEGOMENA.

3673 366 3779 421 5.08

518 534 651 577 ante
685 520 925 591 viguisse
958 524 1165 573 certum
1206 522 1309 579 est,
1354 512 1515 582 idque
1546 508 1859 564 Bonifacius
1885 508 1938 560 in
1978 505 2094 574 ipsa
2127 508 2171 563 Α
2196 499 2507 563 leuciensis,
2558 494 2890 564 Hieronymo
2949 490 3296 562 synchronus
3322 530 3337 554 ,
3393 487 3641 545 oratione
3686 486 3778 549 39,

523 614 613 667 illa
642 609 934 682 Augustini
969 604 1200 677 epistola
1232 605 1323 669 25,
1359 604 1445 657 his
1482 603 1660 657 verbis
1707 601 1851 654 clare
1890 596 2095 667 signiﬁ-

520 716 612 760 cat
642 724 655 759 :
690 703 770 758 Ad
807 704 938 757 istas
970 717 1092 773 ergo
1136 698 1447 768 quaestiones
1487 705 1602 764 peto
1630 694 1851 747 breviter
1880 706 2093 758 respon-

521 798 646 851 dere
670 796 924 865 digneris,
957 794 1035 846 ita
1066 801 1123 845 ut
1164 808 1265 844 non
1297 789 1426 842 mihi
1450 789 1513 840 de
1551 784 1924 840 consuetudine
1955 798 2093 850 prae-

524 888 748 951 scribas,
776 885 869 939 sed
907 884 1167 937 rationem
1194 880 1405 938 reddas.
1442 878 1580 932 Cum
1620 878 1784 948 igitur
1806 884 1963 929 :etate
1990 874 2099 927 Au-

522 977 732 1048 gustini
798 984 955 1031 vetus
1015 974 1182 1029 fuerit
1229 972 1344 1027 haec
1391 968 1751 1034 consuetudo,
1795 967 1971 1037 potuit
2013 967 2097 1018 vel

525 1068 841 1140 Dionysius,
876 1066 960 1121 vel
996 1064 1178 1134 quivis
1209 1064 1371 1127 alius,
1409 1060 1716 1130 Augustino
1750 1058 1923 1112 multo
1952 1056 2098 1110 anti-

522 1163 706 1231 quior,
743 1160 809 1214 de
834 1159 1022 1213 eadem
1053 1172 1111 1210 re
1145 1156 1434 1211 disserere.
1467 1152 1740 1207 Hactenus
1766 1151 1928 1220 igitur
1952 1160 2098 1203 sarta

523 1263 665 1307 tecta
693 1261 776 1306 est
797 1249 1009 1303 Erasmi
1035 1248 1320 1303 sententia.

595 1345 710 1413 Ego
752 1358 881 1397 vero
920 1355 1028 1395 non
1068 1349 1280 1395 tantum
1322 1348 1449 1393 ante
1482 1338 1870 1408 Augustinum,
1907 1335 2000 1391 sed
2045 1341 2100 1389 et

523 1443 651 1491 ante
684 1433 1072 1504 Hieronymum
1122 1431 1409 1501 scripsisse
1448 1429 1769 1500 Dionysium
1816 1436 1949 1499 puto
1985 1445 1998 1481 :
2046 1435 2101 1482 et

517 1526 717 1581 eodem
746 1524 1105 1579 fundamento
1134 1531 1261 1579 utor
1309 1536 1409 1593 pro
1449 1521 1776 1591 antiquitate
1817 1520 1958 1587 ejus,
1990 1532 2099 1588 quo

522 1618 758 1672 Dallaeus
793 1630 893 1686 pro
930 1615 1171 1671 novitate
1198 1612 1627 1670 demonstranda
1678 1611 1870 1677 utitur,
1903 1624 2101 1679 nempe

520 1709 708 1764 verbis
730 1706 937 1763 Petavii
964 1725 979 1761 :
1009 1705 1227 1761 Primus
1252 1703 1539 1774 Dionysius
1578 1719 1759 1757 novem
1789 1700 2098 1771 angelorum

514 1802 737 1857 ordines
760 1810 809 1856 et
840 1799 1035 1871 gradus
1075 1798 1329 1853 distincte
1367 1814 1430 1851 ac
1481 1796 1696 1865 definite
1738 1796 1946 1864 posuit;
1996 1803 2051 1850 et
2083 1814 2096 1850 :

527 1893 655 1949 Non
677 1906 866 1948 temere
901 1892 1045 1961 apud
1081 1890 1434 1960 antiquiorem
1469 1887 1697 1958 aliquem
1741 1887 1831 1959 (de
1885 1887 2101 1943 saeculis

518 1985 876 2057 quaerendum
906 1984 1011 2054 est)
1058 1983 1396 2036 novenarium
1444 1980 1582 2033 hunc
1623 1979 1869 2032 ordinum
1916 1994 2101 2031 nume-

518 2095 644 2132 rum
672 2078 930 2143 invenias,
963 2091 1082 2129 cum
1105 2073 1337 2128 nondum
1376 2081 1645 2126 exstarent
1673 2071 1873 2138 scripta
1903 2068 2103 2139 Diony-

518 2174 614 2235 sii,
652 2188 684 2224 a
713 2186 814 2241 quo
839 2170 1071 2239 primum
1096 2166 1187 2221 ille
1214 2164 1460 2236 proditus
1488 2172 1587 2219 est;
1623 2161 1750 2217 Haec
1771 2162 1883 2228 ille,
1908 2170 1962 2216 et
1982 2160 2105 2231 qui-

521 2262 643 2316 dem
678 2261 969 2327 verissime,
987 2258 1171 2329 judice
1195 2256 1416 2311 Dallaeo.
1452 2254 1546 2310 llle
1585 2263 1767 2310 autem
1803 2251 2100 2323 Dionysius

519 2368 551 2406 a
602 2368 711 2422 quo
757 2352 1095 2407 novenarius
1148 2349 1405 2404 ordinum
1446 2344 1805 2402 invisibilium
1839 2358 2103 2399 numerus

518 2445 757 2514 primum
788 2444 1036 2513 proditus
1059 2449 1162 2506 est,
1191 2448 1336 2495 certe
1362 2448 1487 2493 ante
1510 2436 1905 2508 Hieronymum
1931 2435 2101 2501 vixit,

521 2535 674 2587 illum
701 2533 847 2588 enim
891 2532 1100 2588 scimus
1146 2529 1401 2584 eumdem
1448 2541 1739 2583 numerum
1770 2524 2101 2595 prodidisse.

520 2624 757 2679 Exstant
793 2624 896 2680 sub
920 2622 1041 2692 ejus
1064 2620 1300 2675 nomine
1325 2619 1380 2674 in
1403 2618 1662 2677 'Psalmos
1700 2612 2105 2676 commentarii,

506 2716 577 2770 lin
610 2716 810 2786 quibus
839 2714 905 2768 ad
932 2713 1207 2783 psalmum
1238 2726 1371 2773 cxn,
1409 2710 1525 2764 haec
1551 2707 1784 2777 legimus
1811 2722 1825 2759 :
1870 2702 2108 2758 Colloca-

521 2810 597 2863 vit
631 2808 768 2862 Deus
795 2806 961 2860 Pater
999 2804 1045 2857 F
1052 2804 1207 2858 ilium
1244 2803 1300 2856 in
1323 2800 1616 2855 cmlestibus
1650 2800 1704 2852 in
1727 2798 1947 2851 dextera
1968 2810 2105 2858 sua;

506 2910 570 2955 et
615 2900 924 2952 dominatur
969 2912 1123 2966 super
1162 2894 1445 2964 principes,
1496 2890 1552 2944 id
1592 2900 1690 2953 est,
1730 2904 1888 2957 super
1927 2902 2106 2940 novem

506 2991 733 3046 ordines
764 2986 1094 3059 angelorum,
1132 2985 1417 3039 secundum
1450 2981 1587 3035 illud
1613 2996 1631 3035 :
1668 2978 1933 3049 Princeps
1965 2978 2108 3032 mili-

520 3083 632 3147 tia},
663 3080 739 3133 vel
764 3081 1020 3148 princeps
1053 3077 1318 3130 virtutum
1343 3090 1443 3146 ego
1474 3089 1617 3127 sum.
1648 3071 1717 3125 Et
1743 3072 1957 3137 insuper
1981 3086 2107 3125 san-

506 3185 632 3229 lctos
656 3184 705 3227 et
728 3173 782 3225 in
811 3189 909 3225 sua
931 3174 1166 3223 membra
1188 3168 1465 3221 collocavit
1486 3182 1608 3219 cum
1639 3165 1770 3236 ipsis
1808 3179 1989 3218 novem
2018 3176 2106 3215 or-

520 3264 733 3319 dinibus
771 3262 1097 3334 angelorum.
1140 3260 1245 3314 Sed
1295 3273 1404 3313 non
1438 3267 1522 3313 est
1547 3258 1650 3312 hoc
1680 3271 1821 3327 opus
1848 3253 2106 3325 Hierony-

521 3360 619 3423 mi,
651 3356 906 3426 inquiunt
943 3372 956 3408 :
996 3362 1049 3408 et
1073 3351 1291 3423 quidem
1319 3359 1491 3405 totum
1520 3348 1639 3419 ejus
1666 3363 1790 3403 esse
1819 3362 1930 3402 non
1955 3345 2108 3400 vide-

506 3460 609 3505 tur
647 3468 659 3504 :
695 3446 1098 3520 quamplurima
1136 3453 1317 3498 tamen
1356 3441 1408 3495 in
1446 3457 1510 3495 eo
1537 3449 1790 3494 contenta
1831 3452 1959 3493 vere
1989 3435 2109 3493 Hie-

512 3541 845 3612 ronymiana
874 3554 1016 3603 esse,
1043 3550 1243 3607 negare
1268 3549 1428 3588 nemo
1453 3541 1634 3603 potest
1669 3549 1683 3585 :
1716 3540 1769 3585 et
1794 3545 1965 3600 quare
1990 3530 2107 3584 haec

510 3634 637 3703 ipsa
661 3632 712 3687 ei
766 3632 1105 3701 dmegenlur
1154 3628 1424 3682 rationem
1474 3624 1681 3679 nullam
1737 3623 1917 3678 video.
1969 3621 2103 3678 Nam

510 3724 667 3795 [quod
705 3720 1116 3777 memorabilem
1149 3717 1463 3789 Hieronymi
1506 3717 1688 3770 locum
1723 3730 1789 3770 ex
1835 3729 2109 3769 commen-

523 3816 677 3869 tariis
732 3815 785 3869 in
838 3813 1122 3883 epistolam
1168 3811 1236 3866 ad
1276 3809 1545 3881 Ephesios
1574 3809 1796 3863 adducit
1826 3807 2103 3871 Petavius,

506 3909 651 3963 illud
684 3908 843 3978 plane
869 3907 1023 3959 nihili
1050 3914 1133 3959 est
1167 3923 1178 3957 :
1222 3913 1353 3959 sunt
1384 3918 1532 3958 enim
1564 3902 1645 3955 illi
1688 3901 1793 3971 ipsi
1828 3915 2106 3955 commen-

520 3998 645 4051 tarii
686 3997 823 4050 nihil
851 3995 998 4049 aliud
1034 3992 1224 4058 ferme,
1259 4008 1425 4063 quam
1474 4007 1541 4043 ex
1581 3999 1826 4045 veterum
1877 3989 2104 4059 scriptis

518 4094 798 4155 excerpta,
830 4092 891 4139 ut
938 4082 1139 4137 fatetur
1188 4082 1304 4151 ipse
1353 4079 1725 4151 Hieronymus
1787 4097 1801 4133 :
1852 4088 1906 4133 et
1950 4080 2106 4135 locus

520 4177 638 4245 ipse
662 4177 756 4245 qui
798 4174 1109 4237 adducitur,
1140 4172 1357 4227 videtur
1386 4187 1509 4226 esse
1553 4171 1711 4240 plane
1758 4169 2102 4241 Origenicus.

518 4266 708 4336 Neque
733 4265 865 4319 illud
896 4280 983 4319 me
1015 4273 1217 4330 movet,
1245 4263 1394 4335 quod
1437 4271 1645 4332 septem
1695 4262 1915 4317 ordines
1965 4276 2105 4316 enu-

520 4367 695 4413 nieret
737 4359 832 4413 lib.
878 4375 952 4424 ιι,
1009 4365 1201 4413 contra
1248 4355 1631 4418 Jovinianum,
1679 4370 1841 4425 quem
1887 4354 2106 4426 juvenis

520 4453 769 4521 scripsit;
802 4452 1016 4506 tametsi
1055 4452 1178 4505 inde
1204 4450 1423 4520 colligat
1444 4448 1720 4511 Petavius,
1750 4447 1883 4502 satis
1911 4447 2103 4501 incon-

2198 594 2414 647 eosdem
2438 603 2633 644 novem
2671 588 2915 649 ordines,
2947 594 3206 653 tanquam
3248 596 3350 637 suo
3396 591 3641 650 tempore
3682 594 3782 632 no-

2199 683 2459 746 lissimos,
2486 688 2771 733 enumeret
2802 694 2815 729 :
2855 675 2966 737 Τάς
2998 691 3056 726 τε
3089 672 3197 725 τῶν
3243 670 3487 740 ἀγγέλων
3521 686 3784 741 χοροστα-

2200 775 2320 837 σίας
2352 770 2749 843 παραδραμεῖν,
2784 767 2879 820 καὶ
2928 767 3052 829 τοὺς
3085 764 3263 818 αὐτῶν
3314 762 3611 835 ταξιάρχας
3663 763 3782 833 μετ’

2199 866 2379 920 αὐτῶν
2412 862 2753 925 καταλιπεῖν,
2790 858 3198 930 ὑπεραναϐἦναι
3232 856 3287 908 δὲ
3322 856 3413 909 καὶ
3446 855 3652 927 θρόνων
3684 852 3783 923 τὴν

2199 957 2551 1029 φαιδρότητα,
2603 954 2695 1007 καὶ
2728 953 2825 1024 τὴν
2861 951 3075 1022 ἔντιμον
3106 949 3215 1003 τῶν
3250 950 3585 1020 κυριοτήτων
3621 948 3786 1020 ὑπερ-

2198 1050 2350 1122 οχὴν,
2408 1050 2508 1120 τήν
2558 1066 2617 1101 τε
2651 1046 2759 1100 τῶν
2791 1046 2976 1118 ἀρχῶν
3026 1044 3339 1115 ἠγεμονίαν,
3384 1042 3476 1096 καὶ
3525 1042 3621 1113 τὴν
3672 1041 3784 1097 τῶν

2200 1140 2454 1208 ἐξουσιῶν
2517 1139 2892 1211 περιφάνειαν·
2960 1137 3041 1189 ἔτι
3105 1137 3160 1188 δὲ
3184 1130 3276 1182 καὶ
3295 1132 3628 1206 τὺκραταιὺν
3672 1134 3783 1187 τῶν

2201 1232 2359 1285 θείων
2390 1231 2670 1302 δυνάμεων
2690 1270 2704 1295 ,
2740 1230 2800 1282 τό
2845 1245 2903 1281 τε
2936 1226 3237 1299 διορατικὸν
3271 1227 3367 1296 τῆς
3400 1226 3507 1278 τῶν
3552 1224 3787 1296 πολυομ-

2204 1323 2387 1392 μάτων
2420 1320 2687 1393 χερουὸὶμ
2720 1318 3109 1390 καθαρότητος,
3145 1317 3367 1369 καὶτῶν
3398 1315 3786 1387 ὲξαπτερύγων

2201 1412 2445 1485 σεραφὶμ
2494 1413 2591 1483 τὴν
2638 1410 2780 1465 κατὰ
2830 1412 2939 1463 πᾶν
3002 1409 3167 1480 μέρος
3216 1407 3493 1462 ἀκώλυτον
3548 1409 3783 1479 κίνησιν.

2202 1502 2403 1559 Choros
2454 1504 2764 1576 angelorum
2809 1517 3143 1572 percurram,
3198 1511 3248 1555 et
3303 1519 3486 1556 eorum
3535 1503 3787 1556 ordinum

2201 1602 2462 1671 principes
2520 1598 2898 1668 (archangelos
2957 1597 3175 1668 nempe)
3226 1596 3554 1666 relinquam;
3598 1597 3789 1652 evehar

2202 1708 2363 1761 supra
2396 1691 2704 1745 thronorum
2724 1689 3077 1759 splendorem,
3116 1688 3433 1742 honoratam
3457 1688 3787 1741 dominatio-

2202 1801 2331 1839 num
2365 1783 2752 1848 celsitudinem,
2792 1783 3189 1852 principatuum
3231 1782 3509 1847 ducatum,
3554 1788 3790 1851 potesta—

2206 1885 2416 1946 tumque
2437 1875 2771 1937 claritatem;
2793 1884 3051 1945 prwterea
3074 1890 3237 1945 supra
3263 1873 3553 1945 potentiam
3586 1872 3790 1926 divina-

2204 1985 2323 2022 rum
2344 1968 2625 2031 virtutum,
2653 1984 2817 2035 supra
2846 1967 3229 2037 perspicaciam
3257 1965 3661 2019 cherubinorum
3690 1981 3791 2034 pu-

2205 2062 2410 2125 ritatis,
2451 2067 2500 2112 et
2540 2058 2940 2127 seraphinorum
2973 2072 3065 2112 sea:
3091 2056 3299 2111 alarum
3343 2056 3628 2111 motionem
3657 2072 3792 2125 qua-

2203 2166 2486 2221 quaversus
2510 2149 2829 2219 eapeditam.

2274 2241 2544 2297 Praeterea
2577 2256 2687 2295 non
2723 2248 2935 2294 tantum
2964 2237 3298 2293 Laurentius
3352 2234 3510 2292 Valla
3583 2237 3792 2292 iudicat

2204 2333 2379 2390 fuisse
2414 2346 2529 2387 suae
2548 2332 2726 2387 aetatis
2754 2331 2903 2385 viros
2945 2330 3320 2397 doctissimos,
3353 2330 3448 2399 qui
3498 2329 3790 2399 judicave-

2206 2414 2449 2494 rintfhos
2472 2424 2644 2479 libros
2676 2438 2800 2479 esse
2820 2405 3177 2492 Apollinaris,
3210 2422 3307 2477 sed
3335 2422 3499 2477 etiam
3525 2436 3592 2475 ex
3634 2429 3789 2474 vete-

2204 2514 2662 2577 ribusnonnulli,
2693 2512 2788 2583 qui
2818 2512 3161 2583 Areopagitae
3188 2512 3362 2568 fuisse
3386 2511 3788 2582 pernegabant,

2206 2618 2300 2662 aut
2344 2606 2646 2677 Apollinari
2691 2615 2786 2660 aut
2843 2605 3075 2676 Didymo
3108 2604 3493 2670 ascribebant;
3544 2614 3598 2659 et
3634 2620 3794 2659 reve-

2207 2698 2410 2754 rendus
2433 2695 2693 2753 Usserius
2717 2698 2940 2753 eosdem
2972 2713 3080 2752 non
3115 2697 3402 2752 dubitabat
3432 2696 3671 2752 tribuere
3695 2706 3794 2752 aut

2206 2789 2533 2860 Apollinari,
2559 2797 2654 2843 aut
2695 2797 2843 2844 certe
2892 2789 3209 2861 synchrono
3254 2787 3517 2860 Dionysio
3543 2789 3789 2852 cuidam,

2208 2881 2308 2944 illi,
2340 2896 2555 2951 nempe,
2588 2880 2657 2935 ad
2697 2897 2860 2951 quem
2916 2880 3252 2951 Apollinaris
3303 2880 3545 2950 scripsit,
3577 2880 3645 2935 de
3680 2896 3791 2950 quo

2208 2972 2439 3044 legimus
2465 2973 2517 3026 in
2552 2972 2844 3028 collatione
2863 2987 3049 3026 coram
3082 2970 3316 3041 Hypatio
3342 2973 3445 3027 sub
3473 2970 3790 3027 Iustiniano

2210 3064 2432 3119 habita:
2470 3062 2613 3117 Nam
2634 3073 2685 3117 et
2716 3062 3013 3118 beatilulii
3039 3063 3305 3132 famosam
3332 3063 3482 3116 illam
3506 3062 3792 3132 epistolam

2210 3156 2490 3225 manifeste
2514 3155 2845 3225 Apollinaris
2869 3156 3192 3209 ostendimus
3229 3155 3393 3224 fuisse
3419 3156 3678 3225 scriptam
3722 3155 3791 3207 ad

2210 3249 2545 3318 Dionysium.
2580 3248 2662 3301 Ah
2686 3247 3001 3317 Apollinare
3049 3246 3267 3317 quidem
3309 3248 3512 3318 scripta
3544 3250 3793 3319 Areopa-

2209 3340 2372 3411 gitica
2399 3355 2508 3393 non
2534 3347 2686 3409 puto,
2710 3339 2869 3407 cujus
2899 3337 3068 3393 libelli
3096 3352 3244 3393 nunc
3273 3337 3597 3404 Athanasio,
3637 3355 3792 3395 nunc

2206 3429 2353 3487 Julio
2376 3446 2548 3501 papae,
2574 3446 2720 3485 nunc
2748 3429 3433 3501 GregorioThaumaturgo
3479 3430 3547 3485 ab
3570 3431 3793 3486 haereti-

2208 3524 2289 3579 cis
2311 3523 2751 3589 ascribebantur,
2786 3530 2924 3577 teste
2983 3521 3212 3577 Leontio
3262 3521 3618 3593 Neapolitano
3669 3524 3793 3593 epi-

2209 3630 2409 3685 scopo;
2446 3623 2560 3669 tum
2604 3614 2751 3685 quod
2796 3613 3122 3686 fragmentis
3144 3615 3264 3685 ejus
3295 3630 3419 3684 qua:
3461 3626 3788 3684 supersunt,

2208 3707 2409 3762 similia
2433 3722 2543 3761 non
2580 3706 2726 3771 sint;
2780 3714 2896 3760 tum
2928 3707 3073 3777 quod
3114 3707 3461 3775 degmatibus
3506 3707 3626 3779 ejus
3681 3708 3790 3761 mi-

2207 3800 2356 3853 nime
2382 3808 2754 3853 consentanea
2793 3798 2924 3863 sint,
2958 3798 3105 3868 quod
3146 3814 3288 3868 saepe
3332 3799 3586 3853 observat
3609 3798 3792 3855 Maxi-

2207 3908 2352 3951 mus.
2388 3889 2575 3961 Neque
2602 3906 2731 3946 vero
2764 3890 2992 3963 Didymo
3032 3891 3354 3946 ascribenda
3377 3892 3635 3959 arbitror,
3693 3895 3791 3963 qui

2205 4000 2330 4039 cum
2364 3982 2674 4055 Origenista
2703 3991 2871 4050 esset,
2895 4000 2960 4039 ea
2991 3983 3279 4052 scripsisse
3311 3984 3538 4040 minime
3584 3995 3791 4055 putan—

2206 4078 2330 4133 dus.
2368 4076 2605 4133 Tantum
2631 4078 2755 4133 inde
2782 4078 2981 4148 colligo
3010 4078 3469 4133 verisimillimum
3519 4094 3643 4135 esse
3674 4122 3690 4147 ,
3722 4096 3789 4137 ea

2205 4180 2361 4225 actate
2383 4178 2663 4226 auctorem
2692 4171 2917 4237 vixisse,
2943 4186 3050 4241 qua
3074 4170 3408 4241 Apollinaris
3439 4179 3493 4226 et
3515 4170 3788 4244 Didymus

2205 4263 2491 4330 florebant,
2517 4266 2623 4320 hoc
2650 4276 2735 4319 est
2765 4273 2964 4335 quarto
2997 4266 3218 4321 saeculo.

2277 4356 2421 4423 Quid
2447 4357 2593 4426 quod
2625 4360 2694 4411 ab
2719 4358 2841 4412 aliis
2869 4358 3032 4411 etiam
3056 4358 3404 4425 observatum
3445 4369 3549 4426 est,
3575 4358 3787 4430 Grego-

2205 4450 2349 4503 rium
2374 4447 2797 4515 Nazianzenum,
2839 4450 3092 4519 quiante
3140 4449 3302 4503 finem
3354 4452 3537 4520 quarti
3597 4452 3784 4509 saeculi

521 4554 833 4615 sequenter,
874 4542 1126 4597 Nondum
1174 4541 1496 4613 Hieronymo
1533 4541 1829 4595 constitisse
1861 4539 1925 4593 de
1952 4538 2102 4591 ordi-
2134 4535 2178 4591 D
2208 4548 2459 4596 mortuus
2487 4549 2607 4606 est,
2651 4540 2818 4609 hujus
2871 4538 3118 4612 Dionysii
3159 4544 3568 4612 quamplurima
3618 4560 3787 4599 usur-

518 4654 646 4691 num
675 4652 891 4691 numero
921 4645 971 4689 et
999 4634 1367 4706 appellatione.
1401 4633 1547 4689 Satis
1586 4631 1731 4689 enim
1774 4630 2100 4701 Hieronymo

520 4730 812 4785 constabat
849 4728 916 4783 de
947 4728 1244 4783 novenario
1275 4725 1533 4781 ordinum
1572 4738 1801 4778 numero
1835 4732 1891 4778 et
1920 4722 2100 4793 appel-

510 4821 748 4879 latione.
772 4835 896 4874 cum
936 4818 1156 4888 scripsit
1200 4816 1505 4887 apologiam
1534 4817 1797 4870 adversus
1824 4814 2098 4869 Bullinum

518 4911 841 4977 secundam,
886 4909 941 4964 in
984 4925 1093 4979 qua
1123 4906 1375 4979 Origenis
1410 4908 1662 4962 haeretica
1708 4908 1977 4962 rhetorice
2005 4909 2101 4964 de-

519 5004 692 5074 pingit
727 5020 741 5055 :
775 5000 841 5055 In
866 5001 1197 5054 restitutione
1227 5001 1483 5060 omnium,
1521 4999 1729 5067 quando
1770 4999 2100 5069 indulgentia

520 5089 835 5161 principalis
882 5089 1101 5155 venerit,
1150 5087 1418 5140 cherubim
1457 5096 1506 5139 et
1540 5086 1821 5155 semp/tim,
1861 5086 2097 5151 thronos,

512 5185 877 5256 principatus,
917 5178 1329 5244 dominationes,
1372 5179 1610 5245 virtutes,
1660 5189 1965 5248 potestates,
2018 5198 2101 5234 ar-

521 5274 825 5345 changelos,
856 5270 1091 5342 angelos,
1124 5271 1415 5337 diabolum,
1447 5271 1728 5337 daemones,
1765 5273 1971 5326 animus
1995 5290 2101 5326 om-

522 5373 672 5425 nium
707 5368 998 5434 hominum,
1048 5375 1155 5421 tam
1206 5366 1627 5422 Christianorum
1675 5385 1831 5439 quam
1883 5367 2101 5425 Iudaeo-

521 5479 644 5515 rum
670 5472 718 5515 et
750 5459 1022 5530 gentilium
1044 5460 1206 5513 unius
1230 5459 1550 5512 conditionis
1590 5468 1639 5513 et
1669 5475 1927 5514 mensura:
1963 5460 2097 5530 fore.

522 5552 893 5608 Novenarium
916 5552 1082 5621 igitur
1111 5551 1364 5605 ordinum
1398 5567 1690 5607 numerum
1722 5552 1974 5606 distincte
2006 5567 2101 5606 ex-

521 5646 725 5716 pressit
755 5644 1141 5715 Hieronymus,
1176 5659 1336 5714 quem
1369 5641 1663 5713 Dionysius
1696 5644 1933 5712 primum
1975 5658 2101 5713 pro-

523 5738 661 5793 didit
691 5755 704 5791 :
739 5746 856 5792 erat
885 5737 1069 5806 itaque
1108 5734 1402 5809 Dionysius
1436 5733 1766 5806 Hieronymo
1801 5735 2094 5804 antiquior.

522 5827 708 5899 Neque
741 5831 842 5885 hoc
885 5830 1081 5886 mirum
1134 5830 1300 5885 videri
1344 5828 1538 5896 debet,
1576 5844 1698 5884 cum
1744 5828 1978 5885 Basilius
2010 5827 2100 5887 Se-

2202 4633 2399 4702 passe?
2423 4631 2579 4686 Haud
2611 4647 2787 4701 pauca
2825 4647 2957 4687 sane
2980 4633 3101 4688 loca
3134 4631 3325 4688 Billius
3355 4636 3409 4689 in
3441 4636 3786 4692 observatio-

2202 4727 2366 4781 nibus
2395 4741 2461 4779 ex
2483 4724 2833 4780 Nazianzeno
2865 4726 3164 4794 congessit,
3193 4736 3247 4780 et
3274 4742 3398 4781 cum
3436 4727 3786 4799 Dionysianis

2201 4818 2454 4872 contulit.
2494 4816 2676 4871 Unum
2707 4817 2874 4871 etiam
2903 4815 3138 4871 Dallaaus
3183 4817 3299 4887 ipse
3358 4820 3493 4874 satis
3536 4822 3785 4889 apposite

2200 4910 2536 4975 observavit;
2584 4918 2635 4964 et
2669 4925 2767 4978 ego
2798 4910 3202 4980 quamplurima
3246 4913 3391 4981 apud
3420 4927 3507 4966 me
3538 4913 3593 4967 in
3627 4929 3782 4968 eam-

2199 5002 2321 5057 dem
2356 5017 2468 5055 rcm
2512 5002 2799 5055 observata
2854 5000 3049 5056 habeo.
3106 5000 3209 5055 Sed
3244 5005 3505 5072 quwritur
3527 5045 3541 5070 ,
3576 5004 3781 5075 inquit,

2199 5104 2316 5148 uter
2342 5094 2405 5146 ab
2437 5103 2557 5147 ntro
2586 5095 2656 5148 sit
2682 5102 2975 5149 mutuatus.
2997 5094 3062 5148 Et
3081 5110 3181 5166 ego
3206 5096 3428 5164 quidem
3456 5095 3782 5167 Dionysium

2200 5203 2229 5240 a
2261 5185 2525 5255 Gregorio
2554 5201 2618 5239 ea
2651 5186 2878 5241 minime
2907 5195 3219 5241 mutuatum
3249 5203 3372 5242 esse
3397 5189 3597 5255 credo;
3649 5190 3782 5259 quia

2200 5279 2441 5347 scriptor
2472 5278 2562 5332 ille
2596 5278 2666 5331 ah
2680 5278 2812 5333 aliis
2840 5279 3099 5334 omnibus
3125 5279 3518 5335 ecclesiasticis
3544 5283 3782 5351 scripto-

2198 5370 2353 5423 ribus
2391 5370 2550 5439 plane
2574 5370 2823 5425 diversus
2845 5379 2948 5436 est,
2974 5380 3027 5425 et
3048 5370 3132 5425 sui
3157 5380 3370 5424 tantum
3395 5372 3612 5426 similis.
3648 5372 3783 5427 0m-

2200 5462 2289 5514 nia
2337 5459 2505 5515 ferme
2552 5461 2617 5515 ad
2673 5460 3017 5516 Neotericam
3064 5461 3496 5518 Platonistarum
3530 5467 3779 5520 scholam

2199 5551 2580 5619 conformavit,
2606 5562 2660 5607 et
2692 5569 2721 5607 a
2749 5553 2930 5609 verbis
2970 5561 3026 5607 et
3048 5568 3079 5608 a
3111 5555 3430 5611 notionibus
3458 5566 3778 5613 sanctorum

2200 5644 2421 5699 Patrum
2456 5647 2692 5699 maxime
2719 5645 3027 5699 abhorruit.
3087 5644 3352 5716 Quisquis
3394 5656 3565 5703 totam
3591 5651 3781 5719 operis

2199 5739 2318 5809 ejus
2347 5754 2686 5808 compagem,
2719 5738 3095 5794 admirandam
3124 5742 3519 5796 sententiarum
3550 5757 3617 5796 ex
3655 5743 3782 5812 phi-

2200 5828 2446 5899 losophia
2501 5828 2794 5898 petitarum
2832 5831 3245 5897 rotunditatem,
3287 5841 3343 5889 et
3370 5834 3666 5891 verborum
3718 5835 3778 5888 in
