4078 6414
322 384 441 440 299

1080 386 1132 443 J.
1166 388 1538 444 PEARSONII
1578 389 1901 445 VINDICUE
1943 390 2372 447 IGNATIAN/E.
2414 425 2480 436 —
2513 393 2694 449 PARS
2728 393 2773 449 1..

3486 396 3591 448 ξω

322 506 525 559 eadem
559 505 757 561 incude
782 506 1144 563 formatorum
1168 520 1486 581 perpetuam
1528 514 1917 584 scaturiginem
1950 525 1993 578 Α
2022 532 2209 569 eorum
2247 516 2429 585 aliqua
2458 514 2647 579 refert,
2687 531 2927 586 semper,
2947 517 3161 585 opinor,
3207 513 3426 569 silentio
3460 530 3593 583 snp—

321 597 612 664 observat,
650 616 933 670 nunquam
992 616 1061 656 ex
1092 601 1381 672 Gregorio,
1412 615 1508 661 aut
1536 607 1646 661 alio
1669 623 1917 675 quocun-

321 708 433 761 que
469 690 795 748 Christiano
826 710 954 748 cum
997 710 1097 750 sua
1130 695 1389 751 hausisse
1432 700 1759 754 antumabit.
1811 700 1916 767 Qui

320 792 509 835 autem
538 780 878 839 Nazianzeni
898 785 1179 841 orationes
1203 787 1463 842 omnibus
1488 789 1687 843 nativa:
1732 791 1916 843 rheto-

321 874 450 927 ricre
492 876 781 930 coloribus
810 876 1077 945 depictas,
1105 887 1159 932 et
1209 878 1420 947 optimo
1462 880 1679 935 dicendi
1719 896 1917 951 genere

321 968 606 1036 praecipue
643 968 1055 1038 triumphantes
1099 970 1312 1039 legerit,
1342 972 1559 1040 quoties
1601 973 1667 1025 ad
1718 973 1917 1027 obscu-

319 1060 466 1112 riora
502 1061 761 1129 qnzedam
794 1070 849 1115 et
884 1061 1062 1131 magis
1081 1062 1460 1131 philosophica
1497 1062 1776 1125 deﬂectit,
1836 1063 1915 1117 fa-

318 1151 419 1205 cile
450 1166 582 1205 eum
617 1152 841 1207 aliunde
872 1153 1128 1207 notiones
1154 1169 1251 1208 eas
1307 1154 1612 1221 derivasse,
1644 1165 1699 1211 et
1747 1171 1913 1224 quam

318 1245 494 1311 potuit
520 1244 871 1300 lucidissime
904 1246 1196 1301 tradidisse
1230 1245 1511 1301 fatebitur.
1569 1247 1638 1302 Et
1663 1249 1762 1304 has
1787 1249 1913 1318 qni-

314 1337 438 1389 dem
462 1352 871 1406 nonnunquam
905 1353 974 1392 ex
1008 1338 1254 1407 antiquis
1289 1339 1665 1409 philosophis,
1713 1342 1914 1409 saepius

315 1438 502 1483 autem
528 1445 596 1484 ex
628 1429 895 1500 Dionysio
921 1441 1229 1486 mutuatum
1273 1448 1397 1488 esse
1432 1434 1727 1489 credimus.
1768 1433 1913 1489 Con-

314 1532 395 1575 tra
434 1520 685 1577 Dallazus
717 1523 936 1577 duobus
968 1525 1330 1594 argumentis,
1357 1523 1676 1596 Dionysium
1709 1542 1773 1579 ex
1800 1525 1913 1580 Na-

314 1614 588 1668 zianzeno
628 1630 730 1669 sua
775 1624 1086 1670 mutuatum
1136 1632 1258 1671 esse
1286 1617 1610 1673 contendit:
1673 1634 1910 1689 quorum

312 1706 557 1774 primum
585 1705 882 1761 manifesta
913 1708 1167 1778 principii
1203 1708 1461 1778 petitione
1488 1708 1720 1775 laborat,
1747 1719 1798 1764 et
1828 1711 1902 1764 le-

313 1799 607 1853 vissimam
636 1800 1015 1870 conjecturam
1035 1802 1104 1856 ab
1133 1802 1255 1872 ipso
1276 1803 1642 1871 excogitatam
1671 1820 1768 1873 pro
1787 1805 1910 1857 l'un-

311 1892 578 1946 damento
611 1892 795 1947 habet.
823 1895 895 1947 At
921 1910 1063 1960 vero,
1091 1894 1287 1965 inquit,
1313 1913 1434 1949 cum
1460 1896 1623 1951 claris
1650 1900 1909 1968 certisque

312 1985 651 2052 argumentis
684 2001 846 2054 supra
872 1986 945 2039 sit
968 2003 999 2038 a
1032 1986 1178 2040 nobis
1206 1987 1647 2051 demonstratum,
1674 1990 1909 2059 Areopa-

311 2078 478 2145 gitica
512 2077 729 2130 nonnisi
781 2086 897 2146 post
937 2080 1180 2148 quintum
1237 2081 1493 2135 sarculum
1548 2084 1712 2151 fuisse
1766 2086 1909 2138 edita

311 2184 374 2219 ac
404 2169 649 2236 cognita,
678 2169 905 2223 stultum
931 2180 982 2223 et
1017 2170 1308 2226 absurdum
1356 2183 1458 2241 est,
1509 2173 1820 2246 Gregorium
1854 2193 1904 2232 a.

311 2259 372 2313 D.
401 2262 513 2316 389
552 2272 824 2315 mortuum
850 2264 943 2317 hos
970 2264 1133 2319 libros
1154 2267 1532 2335 pervolutasse,
1561 2270 1652 2339 qui
1697 2280 1906 2324 centum

306 2364 357 2405 et
384 2354 626 2420 amplius
653 2365 770 2423 post
799 2356 914 2424 ejus
958 2367 1183 2411 mortem
1232 2361 1388 2413 annis
1420 2369 1573 2413 erant
1618 2362 1902 2416 nascituri.

307 2446 471 2501 Certe
499 2449 545 2502 si
588 2448 792 2503 Dallteo
840 2451 1157 2514 credimus,
1212 2450 1317 2505 150
1349 2453 1478 2506 anni
1524 2468 1649 2523 post
1696 2454 1903 2509 obitum

309 2538 567 2609 Gregorii
597 2541 772 2610 elapsi
802 2551 950 2607 sunt,
990 2544 1309 2613 priusquam
1359 2544 1739 2616 Areopagitica
1779 2546 1906 2601 ede-

308 2644 552 2698 rentur;
612 2633 710 2688 sed
758 2634 861 2688 hoc
900 2634 971 2689 ab
999 2650 1067 2689 eo
1110 2646 1324 2691 tantum
1370 2637 1598 2701 dictum,
1630 2654 1902 2707 nusquam

305 2725 761 2782 demonstratum
789 2737 893 2782 est.
935 2727 1043 2794 Qui
1084 2730 1231 2783 enim
1287 2732 1566 2785 variarum
1603 2732 1901 2787 lectionum

307 2817 363 2871 in
394 2818 595 2873 codice
619 2818 959 2890 Dionysiano
996 2836 1287 2875 numerum
1332 2832 1493 2877 aetate
1526 2823 1751 2878 Maximi
1804 2826 1903 2880 ob-

308 2913 623 2965 servaverit
649 2930 663 2978 ;
693 2912 789 2982 qui
822 2914 1006 2969 varios
1033 2915 1381 2978 scholiastas,
1416 2931 1556 2985 quos
1580 2925 1706 2971 ante
1733 2916 1905 2971 Maxi-

306 3018 466 3055 mum
501 3004 559 3056 in
590 3003 848 3058 eumdem
876 3015 1041 3061 notas
1089 3008 1483 3077 conscripsisse
1514 3017 1775 3077 apparet;
1808 3010 1902 3079 qui

303 3094 548 3150 Joannis
572 3095 1018 3168 Scythopolitani
1049 3109 1268 3154 aetatem
1293 3109 1523 3166 certam,
1572 3109 1627 3156 et
1661 3100 1901 3173 Dionysii

304 3188 679 3243 Alexandrini
738 3189 1036 3286 incertam,
1090 3192 1341 3262 ideoque,
1402 3200 1462 3246 ut
1506 3193 1767 3248 credibile
1797 3202 1899 3255 est,
1932 3231 1972 3286 ϐ

305 3280 492 3333 multo
518 3280 743 3349 longius
770 3280 841 3334 ab
868 3281 958 3333 illa
987 3279 1210 3335 Maximi
1242 3292 1536 3347 remotam;
1567 3283 1660 3353 qui
1687 3293 1903 3338 sancto-

303 3386 436 3424 rum
476 3370 707 3426 Patrum
743 3372 884 3426 sexti
935 3373 1122 3427 saeculi
1184 3374 1250 3428 de
1282 3389 1410 3429 vero
1444 3372 1802 3444 Arcopagita,
1849 3383 1902 3427 et

307 3464 553 3519 aliorum
579 3466 649 3519 de
672 3464 871 3533 Magno
916 3476 972 3521 et
1014 3466 1173 3522 beato
1225 3466 1486 3539 Dionysio
1535 3468 1899 3531 sententiam;

306 3557 408 3625 qui
441 3556 658 3626 reliqua
690 3572 815 3627 qua:
843 3557 910 3611 de
934 3558 1129 3627 quinto
1153 3558 1355 3614 saeculo
1393 3558 1757 3623 adduximus;
1808 3560 1901 3628 qui

303 3648 552 3717 denique
579 3664 713 3704 mss.
737 3650 1016 3715 codicum,
1035 3665 1175 3720 quos
1201 3650 1295 3704 alii
1314 3658 1642 3717 memorant,
1666 3658 1720 3705 et
1738 3666 1899 3720 quem

304 3739 448 3791 mihi
485 3738 571 3791 vir
593 3755 786 3793 earum
818 3756 1026 3805 rerum,
1050 3742 1182 3796 dum
1213 3742 1443 3807 viveret,
1475 3741 1901 3797 callentissimus

303 3828 563 3898 mihique
578 3830 945 3885 cbarissimus
968 3847 1075 3885 non
1095 3833 1331 3886 minoris
1349 3833 1711 3903 antiquitatis,
1736 3849 1900 3903 quam

302 3920 759 3991 sitSeptuaginla
791 3921 1156 3992 lnterpretum
1189 3925 1241 3978 in
1267 3924 1599 3981 bibliotheca
1624 3927 1767 3996 regis
1805 3943 1903 3982 no-

300 4014 411 4067 stri
433 4012 637 4076 codex,
670 4031 791 4070 esse
822 4017 1083 4081 asseruit,
1124 4025 1454 4073 vetustatem
1479 4019 1693 4073 noverit
1718 4036 1733 4084 ;
1762 4035 1903 4072 nun-

300 4120 479 4174 quam
513 4106 631 4161 haec
653 4106 721 4161 de
740 4107 880 4161 sexti
905 4109 1091 4163 saeculi
1120 4109 1363 4163 editione
1380 4108 1526 4164 dicta
1553 4124 1653 4178 pro
1675 4110 1903 4164 demon-

302 4194 531 4256 stratis,
563 4195 659 4247 sed
687 4198 1074 4252 tantummodo
1132 4213 1231 4268 pro
1267 4214 1419 4253 mera
1472 4215 1537 4253 ex
1587 4201 1901 4269 conjectura

302 4294 477 4352 atque
499 4295 878 4354 prazconcepta
914 4289 1172 4357 opinione
1210 4290 1437 4359 prolatis
1480 4290 1718 4345 habebit.
1744 4290 1900 4344 Nulla

304 4376 498 4443 itaque
519 4376 611 4429 hic
644 4376 1001 4433 ineluctabilis
1028 4387 1319 4448 temporum
1346 4380 1486 4433 ratio
1521 4382 1680 4435 nobis
1710 4381 1895 4436 oliicit.

306 4465 577 4521 Secundo
609 4467 825 4537 inquit:
856 4468 966 4524 Cur
1008 4468 1316 4541 Gregorius,
1355 4473 1401 4525 si
1428 4474 1536 4526 ista
1581 4490 1615 4527 α
1645 4472 1900 4543 Dionysio

2020 607 2225 675 primit.
2269 606 2547 677 Ingratum
2578 608 2681 662 hoc
2717 606 2991 661 silentiam
3039 622 3141 677 ego
3181 622 3293 663 non
3344 605 3587 675 appello:

2019 704 2225 761 utatur,
2253 712 2347 766 per
2383 714 2468 751 me
2491 698 2638 763 licet,
2698 712 2765 753 eo
2803 698 3025 753 dicendi
3078 714 3276 769 genere
3304 697 3455 768 quod
3485 696 3591 768 ipsi

2018 789 2394 857 maximOpcre
2444 789 2716 858 placebat,
2766 805 3017 845 summus
3046 799 3247 845 orator.
3284 789 3443 849 Certe
3476 803 3589 842 non

2018 881 2193 949 magis
2221 896 2347 950 erga
2380 879 2695 952 Dionysium
2716 897 2879 950 quam
2904 896 3034 951 erga
3059 882 3301 951 reliquos
3342 880 3591 949 ingratus

2018 970 2137 1025 fuit.
2182 970 2316 1027 Eum
2354 972 2499 1025 enim
2538 988 2637 1042 pro
2663 989 2812 1026 more
2832 988 2933 1026 suo
2961 988 3071 1025 non
3095 974 3263 1027 semel
3296 972 3462 1026 tacito
3489 987 3588 1025 no—

2017 1062 2185 1127 mine,
2229 1072 2284 1115 ut
2318 1063 2451 1115 mihi
2480 1063 2715 1129 videtur,
2741 1063 3089 1133 signiﬁcavit.
3124 1062 3261 1115 TUm
3291 1063 3435 1117 enim
3464 1076 3588 1114 ora-

2017 1153 2163 1207 tione
2217 1152 2285 1207 58
2319 1154 2370 1206 in
2403 1151 2745 1223 Theophania
2773 1196 2787 1213 .
2811 1134 2953 1208 .tum
2985 1155 3145 1209 etiam
3179 1153 3251 1207 42
3292 1154 3345 1207 in
3376 1152 3587 1207 Pascha

2015 1245 2132 1300 haec
2156 1245 2320 1298 verba
2356 1245 2548 1299 habet:
2574 1244 2729 1299 Οὕτω
2766 1246 2862 1316 μὲν
2887 1239 2980 1298 οὖν
3000 1244 3068 1299 τὰ
3087 1244 3221 1313 ἆγια
3252 1244 3358 1297 τῶν
3393 1244 3583 1312 ἁγίων,

2012 1332 2048 1386 ἃ
2081 1334 2174 1387 καὶ
2217 1337 2329 1396 τοῖς
2378 1334 2629 1404 Σεραφὶμ
2675 1332 3110 1400 συγκαλύπτεται
3162 1332 3256 1385 καὶν
3307 1329 3586 1394 δοξάζεται

2013 1424 2189 1496 τρισὶν
2222 1426 2514 1495 ἀγιασμοῖς
2562 1426 2642 1487 εἰς
2670 1424 2797 1495 μίαν
2849 1423 3089 1478 συνιοῦσι
3139 1422 3436 1493 κυριότητα
3490 1421 3586 1473 καὶ

2015 1515 2263 1586 θεότητα,
2299 1517 2326 1571 ὃ
2360 1517 2452 1570 καὶ
2486 1516 2628 1586 ἄλλῳ
2660 1516 2765 1569 τινὶ
2798 1515 2907 1570 τῶν
2940 1515 3046 1587 πρὸ
3094 1518 3126 1585 ἡ
3138 1514 3253 1585 μῶν
3304 1511 3587 1582 πεφιλοσό-

2013 1627 2177 1681 φηται
2200 1609 2462 1665 κάλλιστά
2482 1627 2540 1662 τε
2574 1609 2666 1662 καὶ
2691 1607 3018 1681 ὑψηλότατα.
3052 1606 3142 1661 Sic
3166 1608 3418 1660 nimirum
3445 1604 3555 1659 Sa::
3572 1634 3589 1646 ο

2012 1714 2098 1757 cta
2131 1713 2431 1757 sanctorum
2457 1719 2571 1774 qua:
2599 1704 2762 1756 etiam
2796 1718 2827 1755 α
2851 1701 3146 1770 seraphinis
3188 1704 3504 1769 obteguntur
3524 1715 3586 1753 ac

2014 1799 2181 1853 tribus
2208 1798 2719 1868 sanctiﬁcationibus
2748 1796 3096 1864 celebrantur,
3127 1798 3181 1851 in
3218 1812 3375 1850 unam
3410 1794 3586 1848 domi-

1944 1873 1984 1930 Β
2012 1888 2285 1941 nationem
2315 1897 2361 1941 et
2395 1888 2655 1941 Deitatem
2683 1886 3009 1952 coeuntibus,
3037 1886 3484 1956 quemadmodum
3536 1893 3589 1937 et

2011 1979 2150 2033 alius
2182 1981 2399 2050 quidam
2426 1990 2548 2034 ante
2572 1996 2663 2032 nos
2711 1978 3057 2048 pulcherrime
3101 1988 3154 2032 et
3212 1976 3587 2031 sublimissime

2008 2074 2409 2143 philosophatus
2438 2082 2536 2126 est.
2565 2071 2723 2127 Hunc
2747 2071 2915 2125 alium
2955 2072 3231 2141 quemdam
3264 2070 3583 2141 Dionysium

2010 2165 2342 2235 signiﬁcare,
2381 2164 2464 2217 vir
2489 2164 2541 2218 in
2564 2163 2749 2234 lingua
2777 2162 2963 2219 Grieca
2987 2178 3237 2217 summus
3258 2161 3585 2216 Guillelmus

2009 2255 2244 2311 Budaeus
2272 2256 2613 2311 observavit:
2670 2255 2920 2324 quamvis
2975 2254 3030 2307 S.
3076 2253 3441 2307 Athanasium
3492 2252 3583 2307 hic

2010 2348 2341 2417 subintelligi
2398 2348 2672 2402 notaverit
2706 2346 2853 2402 Elias
2877 2345 3175 2401 Cretensis.
3224 2344 3330 2400 Sed
3361 2344 3587 2414 quomi~

2010 2458 2113 2496 nus
2136 2442 2253 2496 haec
2283 2441 2348 2495 de
2380 2440 2680 2494 Athanasio
2709 2439 3005 2509 intelligam
3037 2480 3050 2503 ,
3087 2439 3197 2492 duo
3234 2437 3585 2506 potissimum

2009 2542 2213 2599 vetant,
2244 2541 2359 2587 tum
2392 2531 2655 2601 temporis
2682 2532 2845 2597 ratio,
2880 2540 2994 2584 tum
3020 2545 3192 2599 genus
3246 2529 3579 2597 scriptionis.

2007 2625 2165 2681 Hunc
2205 2625 2352 2679 enim
2405 2624 2586 2693 primo
2632 2621 2934 2693 Gregorius
2972 2630 3131 2675 vocat
3181 2620 3304 2675 τινὰ
3335 2620 3443 2674 τῶν
3477 2620 3584 2691 πρὸ

2006 2717 2185 2790 ἡμῶν,
2221 2716 2327 2771 hoc
2368 2727 2452 2770 est
2480 2718 2759 2785 quemdam
2793 2716 2884 2786 qui
2914 2724 3037 2768 ante
3084 2714 3257 2782 ipsum
3280 2711 3445 2778 vixit;
3474 2727 3586 2782 quo

2006 2808 2267 2879 loquendi
2288 2822 2485 2878 genere
2509 2806 2586 2861 uti
2615 2806 2795 2862 solent
2845 2804 3019 2861 Graeci
3071 2804 3365 2874 scriptores
3390 2845 3407 2871 ,
3456 2818 3583 2859 cum

2005 2900 2285 2955 hominem
2308 2899 2613 2969 intelligunt
2648 2905 2943 2967 antequam
2990 2897 3089 2967 ipsi
3122 2896 3235 2952 nati
3284 2895 3437 2963 sint,
3489 2906 3585 2951 aut

2004 2992 2198 3046 saltem
2227 2991 2493 3045 memoria
2532 2989 2819 3059 pollerent,
2848 2997 3145 3045 mortuum.
3205 2985 3585 3044 Nazianzenus

2006 3091 2189 3137 autem
2221 3081 2521 3138 maximam
2545 3081 2673 3135 vita:
2698 3090 2908 3150 partem
2940 3095 3065 3136 cum
3088 3079 3394 3135 Athanasio
3419 3079 3585 3134 simul

2006 3173 2388 3243 consumpsit:
2440 3173 2541 3229 has
2589 3173 2740 3244 ipsas
2787 3172 3065 3228 orationes
3103 3171 3584 3241 Constantinopoli

2005 3267 2214 3325 dixisse
2270 3266 2486 3321 videtur
2540 3273 2667 3333 ante
2708 3264 3053 3336 septennium
3115 3272 3239 3335 post
3295 3263 3583 3318 Athanasii

2006 3369 2238 3415 mortem
2263 3376 2277 3425 ;
2307 3360 2528 3429 scripsit
2556 3369 2761 3423 autem,
2788 3374 2912 3413 cum
2944 3359 3012 3413 de
3042 3357 3200 3413 statis
3247 3356 3583 3413 solemnibus

2006 3461 2189 3523 agant,
2215 3450 2357 3507 forte
2394 3452 2558 3506 etiam
2607 3460 2901 3519 antequam
2938 3450 3277 3504 Athanasius
3322 3449 3577 3504 decessit.

2005 3544 2109 3612 Qui
2136 3554 2320 3599 autem
2353 3544 2543 3599 eadem
2585 3553 2742 3599 aetate
2780 3543 2940 3608 vixit,
2988 3544 3118 3597 licet
3157 3549 3284 3596 ante
3326 3556 3452 3596 eum
3486 3542 3581 3611 qui

2004 3638 2216 3704 scribit,
2242 3648 2296 3693 et
2318 3646 2612 3707 antequam
2646 3637 2871 3702 scribat,
2891 3635 3004 3705 jam
3030 3633 3320 3689 defunctus
3361 3634 3450 3698 sit,
3474 3633 3581 3689 dici

2006 3730 2145 3786 solet
2170 3728 2356 3784 Graece
2378 3728 2463 3794 τὶς
2496 3728 2619 3783 καθ’
2658 3729 2824 3799 ἡμᾶς,
2859 3727 3077 3798 quidam
3100 3728 3190 3797 qui
3222 3735 3403 3779 nostra
3427 3735 3583 3780 aztate

2004 3821 2137 3875 vixit
2161 3860 2176 3885 ,
2213 3827 2274 3873 ut
2313 3818 2428 3888 ipse
2468 3818 2715 3888 loquitur
2736 3817 2986 3872 oratione
3038 3816 3139 3870 '56:
3194 3814 3283 3877 Ὧς
3315 3813 3423 3867 τῶν
3458 3812 3582 3866 καθ’

2007 3913 2159 3983 ἡμᾶς
2193 3910 2490 3981 φιλολόγων
2523 3928 2624 3974 τις,
2663 3908 2849 3965 Graece
2884 3908 3031 3962 enim
3069 3907 3129 3960 τὸ
3162 3906 3290 3961 καθ’
3314 3905 3493 3975 ἡμᾶς,
3529 3913 3584 3959 et

2004 4004 2103 4057 ἐπὶ
2125 4002 2242 4057 τῶν
2259 4003 2559 4073 ἡμετέρων
2572 4002 2806 4072 χρόνων
2821 4002 2961 4057 idem
2980 3999 3264 4066 sonantyrb
3284 3998 3397 4068 πρὸ
3414 3996 3584 4066 ἡμῶν

2005 4099 2175 4170 igitur
2203 4097 2420 4169 proprie
2452 4096 2595 4151 idem
2638 4095 2787 4168 quod
2825 4093 2940 4163 πρὸ
2982 4092 3284 4164 ἡμετέρων
3324 4092 3579 4160 χρόνων,

2004 4200 2127 4245 ante
2161 4198 2373 4245 aztatem
2398 4199 2655 4242 nostram.
2693 4188 2775 4242 Ita
2802 4185 3099 4257 Gregorius
3136 4185 3253 4256 ipse
3288 4193 3433 4241 orat.
3467 4185 3578 4238 ιιι

2004 4282 2202 4346 Καθὼς
2233 4282 2333 4354 ἠδη
2368 4282 2508 4344 τινὲς
2524 4280 2635 4333 τῶν
2646 4279 2752 4353 πρὸ
2769 4277 2925 4355 ἡμῶν
2939 4278 2998 4332 τὸ
3013 4275 3327 4349 Σολομώντε
3335 4294 3410 4330 ιον
3444 4275 3529 4344 ὲξε
3539 4295 3581 4328 ι-

2002 4377 2253 4447 λὴφασιν.
2315 4373 2466 4429 Orat.
2523 4373 2621 4429 98:
2673 4371 2745 4427 Τὸ
2804 4373 3021 4443 ἕτοιμον
3081 4374 3163 4436 εἰς
3216 4370 3465 4438 ἐξουσίαν
3484 4372 3582 4443 ἀρ-

2004 4470 2099 4537 γὸν
2132 4472 2212 4532 εἰς
2246 4467 2563 4538 ἐπιθυμίαν,
2598 4466 2674 4530 ὥς
2722 4483 2804 4528 τις
2845 4464 2947 4537 ἔφη
3001 4465 3108 4519 τῶν
3151 4465 3259 4536 πρὸ
3300 4463 3489 4539 ἡμῶν·
3527 4473 3581 4518 et

302 4568 444 4611 esset
469 4568 770 4624 mutuatus,
796 4570 1069 4614 auctorem
1098 4564 1308 4632 ingrato
1349 4563 1561 4618 silentio
1587 4565 1897 4619 dissimula-

2005 4574 2141 4617 orat.
2169 4561 2269 4615 56:
2304 4560 2521 4613 Τούτων
2553 4558 2707 4612 οὐδέν
2741 4574 2940 4629 φαμεν,
2976 4560 3023 4613 ei
3057 4559 3151 4611 καί
3185 4574 3296 4610 τισι
3330 4556 3438 4610 τῶν
3472 4557 3579 4627 πρὸ

303 4650 429 4702 ret?
451 4650 565 4703 Cur
594 4666 697 4702 non
722 4651 837 4719 ejus
862 4666 1051 4704 nautea
1079 4653 1253 4706 ederet
1282 4654 1421 4721 apud
1463 4668 1638 4708 omnes
1679 4671 1894 4708 venera—

304 4739 456 4792 bile?
494 4740 824 4808 Respondeo
854 4742 1055 4810 primo,
1111 4756 1312 4795 nomen
1343 4741 1463 4810 ejus
1500 4750 1657 4795 (etate
1693 4740 1897 4810 Grego-

308 4832 379 4884 rii
420 4847 533 4885 non
556 4833 696 4885 adeo
717 4832 1029 4887 venerabile
1056 4831 1262 4898 fuisse;
1313 4830 1716 4886 Nazianzenum
1771 4849 1896 4887 eum

307 4938 417 4991 pro
438 4938 572 4977 vero
595 4924 921 4993 Areopagita
972 4938 1082 4976 non
1120 4924 1443 4993 agnovisse;
1497 4935 1781 4980 auctorem
1832 4942 1896 4979 co

306 5033 427 5087 quo
459 5016 914 5085 scripsitsaculo
950 5032 1050 5085 pro
1097 5017 1217 5071 viro
1247 5017 1467 5087 quidem
1518 5033 1737 5086 magno,
1803 5019 1896 5071 sed

306 5123 414 5161 sua
474 5107 582 5160 sub
620 5107 802 5162 alieno
857 5108 1087 5161 nomine
1123 5109 1317 5163 edente
1360 5117 1643 5179 acceptum
1704 5111 1891 5162 fuisse.

308 5200 645 5271 Respondeo
681 5203 964 5268 secundo,
1024 5198 1432 5256 Nazianzennm
1474 5204 1769 5270 scriptores
1807 5220 1894 5257 ec-

309 5295 630 5350 lcsiastieos
662 5296 953 5349 nominare
1002 5310 1110 5348 non
1169 5295 1369 5357 solere,
1408 5296 1453 5349 si
1511 5294 1650 5349 forte
1705 5311 1895 5350 eorum

308 5388 617 5441 sententias
654 5388 909 5441 adducat.
968 5386 1172 5440 Saltem
1212 5401 1335 5456 ego,
1378 5386 1508 5440 dum
1552 5386 1698 5440 illius
1730 5401 1895 5456 opera

309 5480 673 5547 poi-volutari,
708 5480 985 5533 neminem
1016 5478 1085 5531 ab
1101 5494 1168 5532 eo
1186 5494 1252 5532 ex
1276 5478 1565 5533 catholicis
1609 5479 1684 5532 ita
1719 5479 1895 5532 nomi-

309 5580 503 5624 natum
533 5571 921 5625 anltnadverti.
961 5569 1181 5639 Orphea
1212 5570 1459 5639 quidem,
1512 5568 1807 5625 Homerum
1845 5580 1897 5624 et

310 5660 629 5726 Hesiodum,
678 5660 1071 5733 Pythagoram,
1116 5659 1490 5728 Herodotum,
1517 5660 1813 5716 Pindarum
1843 5673 1896 5718 et

310 5755 617 5821 Platonem,
651 5756 913 5826 Aquilam
954 5755 1119 5809 etiam
1152 5765 1318 5825 atque
1351 5755 1741 5822 Symmachum
1791 5771 1891 5810 no-

312 5848 523 5913 minat;
556 5848 1004 5904 Christianorum
1041 5849 1372 5917 scriptorum
1400 5849 1645 5916 nomina,
1678 5860 1891 5918 quoties

1999 4656 2032 4724 ή
2041 4653 2155 4723 μῶν
2172 4654 2246 4716 ὡς
2262 4654 2455 4724 ισχυρὰ
2472 4652 2725 4706 τέθειται.
2742 4651 2991 4721 Aliquem
3019 4650 3183 4721 igitur
3201 4648 3577 4703 Nazianzenus

1999 4745 2227 4809 indicat,
2251 4760 2413 4814 quem
2443 4746 2557 4814 ipse
2584 4760 2695 4815 pra:
2741 4752 2901 4799 atate
2940 4758 3050 4797 non
3101 4742 3285 4797 novit:
3331 4742 3474 4810 quod
3510 4742 3577 4795 de

1998 4838 2298 4891 Athanasio
2323 4836 2426 4890 dici
2461 4853 2565 4888 non
2589 4845 2790 4905 potest.
2817 4835 3091 4899 Secundo,
3122 4834 3211 4888 illa
3247 4834 3412 4889 verba
3433 4834 3574 4904 ὑψη-

1998 4928 2194 4981 λότατα
2230 4928 2657 4998 πεφιλοσόςρηται
2679 4968 2692 4991 ,
2730 4929 2974 4982 indicare
3010 4927 3265 4982 videntur
3312 4926 3574 4996 aliquem,

1996 5021 2090 5089 qui
2111 5020 2385 5074 locutione
2410 5020 2644 5089 quadam
2667 5020 2855 5091 grandi
2881 5028 3046 5089 atque
3071 5018 3291 5077 sublimi
3316 5033 3435 5072 eam
3456 5033 3574 5071 rem

1998 5122 2323 5182 prosecutus
2359 5113 2473 5167 sit:
2518 5113 2569 5165 id
2609 5129 2740 5167 vero
2786 5112 3088 5166 Athanasio
3138 5125 3419 5181 nunquam
3476 5110 3573 5163 tri-

1998 5206 2167 5260 buere
2186 5206 2357 5260 voluit
2386 5203 2792 5273 Nazianzenus,
2822 5208 2982 5275 cujus
3013 5205 3133 5275 styli
3165 5203 3574 5274 simplicitatem

1999 5297 2117 5365 ipse
2146 5297 2351 5365 optime
2388 5296 2557 5363 novit,
2587 5297 2746 5366 cujus
2789 5296 3055 5352 orationis
3094 5294 3485 5350 sublimitatem
3518 5294 3573 5347 in

1999 5389 2328 5459 panegyrico
2354 5404 2635 5457 nunquam
2671 5388 2929 5451 laudavit,
2967 5404 3129 5459 quem
3155 5395 3365 5442 tantum
3408 5386 3573 5456 σοφὸν

1999 5480 2086 5533 τὸν
2118 5480 2275 5549 λόγον
2294 5522 2310 5546 ,
2356 5480 2662 5553 σοφώτερον
2686 5481 2783 5551 τὴν
2815 5481 3051 5535 διάνοιαν
3087 5479 3244 5534 dixit.
3304 5477 3573 5551 Neutrum

1999 5572 2162 5641 igitur
2182 5572 2505 5637 Athanasio,
2527 5573 2689 5625 ambo
2718 5572 2977 5643 Dionysio
3003 5572 3366 5637 conveniunt;
3406 5587 3572 5642 quem

1999 5664 2291 5735 postremis
2320 5663 2539 5719 Eusebii
2579 5664 2917 5733 temporibus
2946 5664 3236 5734 scripsisse
3257 5672 3443 5717 nostra
3470 5662 3573 5719 l‘ert

1999 5759 2284 5813 sententia.
2313 5757 2472 5811 Certe
2497 5758 2643 5827 quod
2680 5758 2812 5810 mihi
2840 5772 3076 5811 maxime
3097 5757 3394 5812 verisimile
3416 5757 3570 5811 vide.-

1998 5852 2158 5907 batur
2193 5850 2334 5907 dixi:
2362 5858 2413 5906 et
2432 5866 2543 5906 rem
2561 5859 2727 5907 totam
2742 5848 3261 5921 doctioruinjudicio
3285 5850 3565 5907 submitte.
