4078 6390
534 368 635 430 3H

1135 491 1366 547 CAPUT
1416 491 1507 547 XI.

530 586 947 656 Argumentunt_
980 586 1281 654 negativum
1335 586 1623 654 refutatur.
1682 586 1807 639 Non
1874 588 2113 656 rejiritur

640 655 741 725 uad
772 654 1072 724 negativum
1096 658 1188 717 sit,
1215 656 1306 709 sed
1328 658 1465 725 quod
1491 660 1545 709 in
1569 658 1665 709 hac
1696 675 1750 710 re
1774 660 1877 711 vim
1908 654 2112 710 nullam

641 724 811 777 abeat.
836 725 1225 796 Argumentum
1277 744 1309 778 a
1342 724 1675 780 testimoniis
1729 730 2112 796 afﬁrmatirum

606 796 1169 867 negatieumflestruit.
1204 795 1356 849 Intra
1389 814 1556 850 annos
1590 795 1801 851 circiter
1851 798 1956 851 200
1987 808 2113 867 quat

604 874 845 918 auctores
898 864 1200 935 Ignatianis
1256 869 1611 921 testimonium
1662 868 1912 935 prwbent.
1945 864 2111 935 lgna-

584 935 751 1008 ,ti_ana
783 952 885 988 non
918 927 1129 1004 fuerunt
1160 938 1534 1008 Alexandrinis
1598 927 1888 1008 incognita.
1942 927 2114 1008 Euty-

601 1004 707 1060 chii
734 1009 977 1079 narratio
1006 1008 1297 1079 excutitur.
1334 1007 1525 1062 Plures
1563 1004 1831 1079 episcopos
1856 1011 1911 1061 in
1938 1004 2110 1079 digg-

598 1084 688 1134 pta
720 1078 883 1143 fuisse
912 1089 1033 1131 ante
1068 1078 1391 1131 Demetrium
1421 1079 1696 1147 probatur.
1740 1078 1832 1133 De
1890 1078 2111 1133 Ait/iia-

599 1148 731 1219 picw
754 1147 1003 1201 Ecclesia:
1030 1149 1231 1219 origine
1268 1159 1318 1201 et
1344 1150 1598 1219 episcopis
1640 1150 1756 1219 fuse
1784 1152 2107 1219 disputatur.

599 1216 682 1267 Ad
711 1228 1079 1285 argumentum
1097 1216 1160 1271 de
1196 1216 1527 1273 Janensibus'
1547 1229 1597 1273 et
1628 1216 2109 1287 Baiariis—respon-

598 1288 870 1360 detur;_et
902 1290 965 1341 de
990 1288 1316 1360 Hieronymo
1348 1302 1506 1360 atque
1544 1290 1866 1359 Epiphania.
1916 1290 2109 1360 Ignota

599 1358 765 1429 [uisse
799 1358 1132 1429 Tertulliana
1174 1358 1461 1429 [gnatian‘a
1482 1358 1838 1414 demonstrari
1873 1358 1975 1415 non
2015 1378 2108 1429 po-

600 1428 699 1481 test
724 1443 741 1489 ;
783 1438 839 1480 ut
865 1445 1025 1498 neque
1049 1428 1221 1493 Caio,
1244 1447 1405 1499 neque
1436 1432 1691 1484 Clementi
1717 1428 2106 1496 Alexandrina,

596 1515 766 1572 neque
803 1498 1022 1568 Origeni
1046 1542 1086 1572 ,_
1103 1516 1264 1569 neque
1289 1498 1439 1553 Julia
1464 1502 1722 1569 Africano
1746 1544 1759 1567 ,
1804 1520 1964 1572 neque
2002 1501 2109 1554 La-

596 1570 838 1643 ctantio,
872 1586 1032 1639 neque
1059 1570 1311 1640 Dionysia
1353 1572 1738 1627 Alexandrina.
1794 1570 2108 1643 Argumenti

595 1639 838 1692 collectio
879 1639 1279 1709 responsionum
1304 1643 1609 1696 collectione
1638 1639 1978 1714 expungitur.

594 1755 733 1809 Cum
759 1756 813 1809 in
842 1757 1012 1825 priori
1046 1756 1413 1812 Vindiciarum
1436 1769 1591 1828 parte
1613 1760 1679 1813 de
1700 1760 1958 1814 omnibus
1985 1775 2106 1829 quae

524 1849 593 1903 ad
619 1857 912 1904 externum
964 1860 1355 1921 argumentum
1407 1868 1437 1905 a
1492 1854 1821 1907 testimoniis
1873 1853 2102 1921 petitum
2139 1846 2181 1904 Β

522 1943 818 2010 pertinent,
860 1944 1142 2013 disputare
1173 1946 1307 1999 mihi
1339 1946 1701 2000 constitutum
1744 1945 1834 2011 sit,
1882 1946 2107 2015 jamque

523 2036 772 2106 singulos
801 2046 968 2092 testes
1001 2038 1067 2092 ad
1100 2037 1379 2107 lgnatiana
1419 2039 1793 2093 conﬁrmanda
1840 2039 2106 2093 adductos

521 2127 592 2180 ab
651 2129 953 2184 adversarii
1006 2130 1413 2199 objectionibus
1462 2132 1839 2196 liberaverim;
1881 2146 2107 2185 necesse

520 2229 604 2275 est
638 2230 699 2275 ut
736 2224 925 2278 eadem
960 2239 1127 2294 opera
1182 2237 1569 2295 argumentum
1602 2226 1757 2291 illud,
1788 2227 1936 2295 quod
1983 2242 2105 2281 om-

520 2312 674 2367 nium
709 2317 873 2371 simul
896 2319 1336 2373 testimoniorum
1380 2320 1490 2373 vim
1514 2330 1830 2373 enervatum
1862 2321 1933 2384 it,
1970 2335 2101 2373 exa-

520 2406 748 2469 minem,
781 2420 836 2462 et
866 2408 1266 2463 formidandam
1292 2411 1386 2463 alti
1418 2426 1482 2464 ac
1510 2410 1753 2466 diuturni
1775 2410 1977 2464 silentii
2001 2427 2105 2463 nu-

522 2500 646 2551 bem
677 2497 1010 2569 dispergam.
1060 2501 1202 2556 Ecce
1227 2504 1375 2556 enim
1431 2502 1667 2559 Dallaeus
1717 2513 2100 2574 argumentum

520 2590 823 2644 fabricatus
851 2599 936 2644 est
980 2600 1034 2645 et
1060 2602 1357 2661 exposuit,
1395 2596 1542 2663 quod
1582 2610 1751 2649 unum
1809 2596 1911 2649 sibi
1967 2597 2102 2649 satis

520 2697 644 2747 esse
675 2681 999 2746 conﬁtetur;
1030 2683 1166 2737 adeo
1199 2692 1260 2737 ut
1286 2684 1497 2753 reliqua
1522 2684 1706 2738 omnia
1734 2684 1856 2738 ideo
1890 2692 2100 2738 tantum

521 2774 733 2838 all‘erat,
768 2784 828 2828 ut
861 2775 928 2828 iis
954 2774 1278 2839 satisfaciat,
1312 2776 1405 2845 qui
1455 2776 1584 2830 huic
1609 2792 1718 2830 non
1755 2786 2100 2845 argumento,

522 2867 615 2919 sed
642 2866 1060 2935 argumentandi
1106 2869 1287 2933 generi
1328 2867 1597 2921 ditiidunt.
1652 2867 1945 2937 llocigilur
1983 2866 2103 2923 fuse

522 2958 769 3026 quinque
802 2957 1033 3026 integris
1050 2958 1343 3025 capitibus,
1374 2976 1402 3013 a
1436 2960 1939 3028 injiiintoineipiens,
1974 2975 2101 3028 pro—
2132 2966 2143 2989 ‘

522 3051 793 3117 sequitur.
832 3050 1100 3112 Primum,
1143 3051 1344 3120 inquit,
1371 3062 1419 3105 et
1443 3052 1655 3121 quidem
1694 3053 1942 3105 adversus
1988 3053 2103 3105 uni-

1567 367 1626 423 S.
1670 365 2017 423 IGNATIUS.
2052 398 2121 407 —
2169 364 2704 422 PROLEGOMENA.

2141 503 2189 556 Α
2222 502 2386 562 atque
2412 493 2697 562 explorato
2729 488 3112 545 tantummodo
3147 487 3330 552 habet,
3376 486 3521 541 unde
3577 486 3645 539 ab
3672 486 3801 541 aliis

3691 360 3805 420 2η

2217 595 2405 656 postea
2445 593 2701 654 receptus
2732 592 2837 638 est.
2886 582 3112 637 Certum
3146 590 3329 636 autem
3369 590 3453 634 est
3499 578 3797 633 Eusebium

2217 695 2319 734 nec
2355 680 2527 733 ullum
2564 678 2765 731 librum
2801 676 2943 729 inter
2965 674 3288 739 canonicos,
3314 688 3417 728 nec
3452 673 3596 726 inter
3626 671 3800 726 eccle-

2217 772 2471 827 siasticos
2501 785 2598 840 pro
2627 769 2934 823 indubitate
2965 782 3097 821 vero
3122 766 3415 835 recepisse,
3456 779 3620 834 quem
3652 762 3797 818 seri-

2214 872 2432 933 ptorum
2464 859 2962 916 ecclesiasticarum
2996 867 3121 911 ante
3161 871 3221 911 se
3274 854 3499 909 silentio
3548 851 3799 923 praeteri-

2212 964 2329 1009 tum
2383 962 2439 1009 et
2490 960 2739 1007 veterum
2794 950 3126 1005 testimoniis
3181 948 3403 1018 penitus
3462 946 3795 1000 destitutum

2214 1044 2637 1109 animadvertit;
2680 1059 2858 1113 neque
2898 1058 2997 1112 pro
3020 1040 3326 1096 indubitate
3355 1038 3493 1093 falso
3532 1037 3798 1106 rejecisse

2212 1148 2377 1210 atque
2398 1139 2816 1199 condemnasse,
2843 1135 2951 1190 nisi
2978 1142 3173 1205 praeter
3214 1131 3653 1187 testimoniorum
3698 1128 3797 1182 de-

2213 1229 2414 1283 fectum
2444 1228 2651 1298 aliquid
2690 1228 2745 1281 in
2772 1226 2897 1280 libri
2930 1224 3162 1278 materia
3184 1222 3444 1275 vitiosum
3486 1218 3797 1289 deprehen-

2210 1321 2371 1387 derit,
2405 1322 2548 1375 utin
2577 1319 2722 1373 Petri
2770 1327 2825 1373 et
2869 1316 3100 1386 Apionis
3124 1313 3354 1383 dialogis
3402 1311 3505 1366 sub
3569 1311 3795 1364 nomine

2209 1412 2508 1468 Clementis
2543 1411 2837 1482 publicatis
2863 1430 2874 1462 :
2908 1402 3008 1461 ’Ὧν
3026 1406 3132 1460 οὐδ’
3154 1407 3291 1469 ὅλως
3316 1405 3503 1475 μνήμη
3536 1421 3619 1466 τις
3639 1403 3794 1474 παρὰ

2210 1508 2320 1568 τοῖς
2353 1504 2604 1567 παλαιοῖς
2637 1503 2861 1575 φέρεται
2885 1517 2899 1530 ο
2935 1500 3184 1571 οὐδὲγὰρ
3216 1497 3456 1568 καθαρὸν
3489 1498 3588 1568 τῆς
3634 1498 3796 1550 Ἀπος

2212 1600 2459 1669 στολικῆς
2493 1596 2801 1669 ὁρθοδοξίας
2835 1592 3108 1657 ἀποσώζει
3140 1592 3232 1646 τὸν
3277 1592 3621 1663 χαρακτῆρα.
3645 1590 3795 1654 Qua-

2210 1706 2330 1743 rum
2362 1689 2503 1759 apud
2543 1689 2794 1758 antiquas
2820 1686 2969 1740 nulla
3000 1686 3213 1739 omnino
3236 1694 3409 1738 exstat
3437 1686 3666 1741 mentio:
3704 1700 3796 1737 ne-

2209 1799 2306 1852 que
2330 1783 2469 1835 enim
2488 1782 2697 1834 sincera
2727 1789 2883 1833 rectrc
2910 1779 3034 1848 fidei
3060 1777 3123 1831 ab
3146 1777 3401 1847 apostolis
3433 1776 3795 1829 traditcnata

2209 1878 2264 1929 in
2294 1874 2406 1928 illis
2441 1890 2691 1943 expressa
2747 1871 3033 1941 reperitur.
3084 1870 3482 1939 Argumentum
3548 1867 3721 1936 igitur
3762 1884 3793 1923 a

2208 1967 2529 2023 testimonio
2567 1965 2883 2035 negativum
2907 1978 3015 2017 non
3046 1961 3297 2016 absolute
3330 1959 3793 2029 subterfugimus;

2210 2063 2303 2117 sed
2338 2062 2428 2115 ubi
2458 2062 2567 2114 vim
2607 2060 2849 2129 aliquam
2893 2057 3077 2122 habet,
3126 2056 3364 2110 libenter
3423 2055 3794 2121 admittimus,

2210 2157 2323 2210 imo
2347 2162 2401 2208 et
2425 2167 2705 2222 urgemus.
2740 2150 2798 2203 In
2830 2149 3077 2219 epistolis
3122 2148 3332 2218 lgnatio
3378 2148 3652 2216 ascriptis,
3695 2146 3793 2201 sed

2207 2263 2309 2302 nec
2337 2247 2407 2301 ab
2442 2244 2705 2310 Eusebio,
2740 2258 2841 2297 nec
2876 2243 2944 2295 ab
2968 2240 3300 2312 Hieronymo
3331 2240 3648 2295 memoratis
3692 2239 3796 2292 ad-

2208 2338 2514 2401 mittimus;
2554 2344 2763 2390 etcum
2797 2349 2960 2387 nemo
2996 2348 3093 2403 per
3131 2340 3371 2402 quatuor
3421 2332 3619 2386 saecula
3663 2340 3796 2400 post

2208 2430 2400 2500 lgnatii
2456 2438 2688 2483 mortem
2726 2442 2915 2481 earum
2958 2425 3296 2487 meminerit,
3340 2424 3566 2478 omnino
3606 2424 3794 2493 rejici-

2206 2538 2353 2577 mus.
2391 2520 2451 2574 In
2482 2520 2732 2591 epistolis
2764 2533 2996 2588 prorsus
3034 2526 3159 2571 ante
3190 2517 3295 2570 hoc
3326 2517 3588 2571 szeculum
3622 2515 3792 2569 inau-

2206 2616 2357 2679 ditis,
2386 2629 2449 2668 ac
2480 2628 2547 2667 ne
2570 2628 2717 2666 nunc
2740 2610 2960 2681 quidem
2989 2609 3335 2663 exstantibus
3363 2648 3377 2670 ,
3431 2608 3526 2663 sed
3580 2608 3794 2662 solum-

2207 2707 2373 2760 modo
2399 2706 2465 2759 ad
2500 2704 2830 2759 eludendum
2865 2701 2923 2756 S.
2950 2701 3237 2772 Polycarpi
3283 2700 3659 2755 testimonium
3688 2714 3791 2755 ex-

2206 2800 2460 2867 cogitatis
2511 2798 2677 2852 etiam
2736 2811 3028 2865 urgemus;
3074 2803 3129 2848 et
3184 2809 3309 2849 cum
3358 2792 3493 2846 nulli
3542 2808 3789 2863 unquam

2206 2893 2406 2946 szeculo
2425 2893 2654 2961 cognita:
2683 2888 2909 2954 fuerint,
2929 2903 3030 2959 pro
3050 2888 3306 2958 ﬁgmento
3328 2887 3615 2941 habemus.
3642 2886 3791 2942 Iden.

2204 2986 2440 3055 denique
2491 2998 2697 3053 negans
2726 2990 3142 3053 argumentum,
3200 2980 3247 3035 si
3300 2980 3441 3034 forte
3503 2978 3789 3046 oﬂeratur,

2204 3081 2384 3150 primo
2413 3078 2773 3143 discutimus;
2802 3076 3140 3140 discussum,
3170 3073 3215 3128 si
3247 3073 3454 3127 nullam
3499 3074 3554 3126 in
3588 3087 3649 3127 se
3679 3074 3790 3126 vim

519 3161 697 3199 versas
723 3146 855 3199 istas
886 3148 1139 3216 epistolas
1170 3164 1445 3201 commune
1474 3158 1844 3217 argumentum
1887 3165 1919 3200 a
1967 3148 2101 3200 scri-
2128 3189 2174 3250 Ο
2205 3146 2408 3226 habere
2439 3171 2599 3226 nobis
2628 3170 2900 3235 videatur,
2930 3181 3236 3237 negamus;
3270 3174 3324 3219 ει
3360 3165 3674 3234 negationis
3702 3179 3794 3219 η,

519 3245 733 3305 plerum
760 3238 1237 3292 ecclesiasticarum
1274 3242 1487 3294 silentia
1532 3240 1750 3293 ducitur
1777 3281 1791 3306 ,
1833 3241 1924 3309 qui
1979 3249 2102 3293 ante

521 3329 811 3384 Eusebium
834 3334 977 3401 apud
1007 3350 1099 3386 nas
1128 3334 1447 3401 ﬂoruerunt.

592 3422 711 3477 Non
740 3441 887 3481 nunc
917 3426 985 3480 de
1014 3427 1066 3480 vi
1101 3430 1409 3497 argumenti
1444 3444 1473 3483 a
1500 3430 1818 3485 testimonio
1841 3430 2101 3496 negativi,

521 3520 637 3573 sive
665 3535 693 3573 a
722 3521 943 3575 silentio
968 3521 1300 3591 scriptorum
1328 3521 1482 3593 petiti
1520 3524 1741 3592 disputo
1769 3541 1782 3585 ;
1828 3539 1935 3577 non
1962 3537 2102 3593 nego

520 3611 742 3680 aliquod
770 3612 1085 3683 hujusmodi
1109 3614 1407 3683 aliquando
1427 3614 1592 3668 etiam
1625 3615 1691 3669 de
1725 3615 2103 3684 suppositione

519 3704 756 3772 alicujus
810 3705 995 3775 scripti
1028 3708 1242 3763 valere:
1303 3709 1416 3763 imo
1463 3708 1694 3763 libenter
1726 3727 1834 3765 non
1892 3719 2102 3765 tantum

519 3798 785 3862 concedo,
847 3799 943 3854 sed
997 3808 1053 3853 et
1104 3801 1378 3857 contendo
1409 3803 1503 3857 tali
1534 3814 1859 3873 argumento
1910 3805 2099 3859 nixum

517 3906 919 3960 nonnunquam
978 3891 1279 3949 Eusebium
1321 3896 1527 3965 ipsum,
1584 3912 1746 3965 quem
1792 3897 2098 3966 sequimur,

517 3987 829 4055 aliquorum
855 3986 1120 4040 librorum
1151 3991 1533 4044 auctoritatem
1558 3990 1873 4060 respuisse;
1906 4000 1963 4044 ut
1993 3991 2105 4044 An-

512 4078 661 4131 ‘drea':
686 4088 743 4131 et
768 4076 1000 4132 Joannis
1018 4087 1072 4132 et
1096 4080 1329 4135 aliorum
1354 4082 1726 4152 apostolorum
1751 4081 1920 4137 Actus
1948 4098 2105 4150 repu-

422 4188 423 4191 ‘
516 4170 722 4235 diabat,
751 4162 827 4223 ὧν
861 4171 1012 4224 οὐδὲν
1045 4172 1293 4243 οὐδαμῶς
1314 4176 1373 4227 ὲν
1410 4174 1803 4245 συγγράμματι
1836 4175 1943 4227 τῶν
1965 4176 2105 4229 κατὰ

515 4264 768 4334 διαδοχὰς
808 4264 1311 4336 Ἐκκλησιαστικῶν
1333 4285 1416 4330 τις
1448 4267 1587 4339 ἀνὴρ
1607 4271 1687 4331 εἰς
1724 4270 1943 4339 μνήμην
1962 4269 2103 4335 ἁγα-

516 4361 635 4427 γεῖν
666 4357 888 4428 ἠξίωσε.
927 4360 1071 4423 Quas
1102 4360 1280 4416 nullus
1310 4378 1545 4431 unquam
1584 4363 1674 4432 qui
1699 4364 2009 4415 continuata
2037 4361 2102 4414 ab

517 4451 773 4513 apostolis
799 4454 1126 4506 successione
1152 4454 1207 4506 in
1260 4452 1503 4508 Ecclesia
1537 4455 1739 4520 docuit,
1789 4456 1845 4508 in
1887 4452 2102 4525 scriptis

2206 3265 2410 3320 tionem
2446 3262 2747 3317 reddimus.

2277 3356 2391 3427 Ego
2421 3372 2561 3421 vero,
2592 3353 2772 3423 inquit
2815 3352 2900 3406 vir
2938 3351 3315 3417 doctissimus,
3346 3367 3449 3404 non
3492 3350 3789 3419 negaverit:

2206 3452 2445 3523 quwdam
2476 3465 2585 3503 esse
2619 3446 2947 3517 hujusmodi,
2970 3446 3023 3498 in
3060 3445 3247 3513 quibus
3276 3459 3549 3513 perperam
3574 3442 3676 3496 hac
3701 3457 3794 3495 cro

2206 3543 2438 3615 gumenti
2473 3557 2632 3611 genus
2661 3538 2933 3593 adhibeas.
2960 3536 3028 3593 Et
3062 3552 3163 3608 ego
3186 3536 3456 3590 allirmare
3484 3550 3593 3589 non
3623 3534 3791 3588 dubi-

2206 3635 2460 3700 laverim,
2492 3647 2716 3688 causam
2759 3639 3006 3687 nostram
3047 3628 3321 3699 ejusmodi
3358 3643 3506 3690 esse,
3539 3635 3595 3681 ut
3638 3626 3699 3679 in
3726 3640 3794 3681 ea

2206 3730 2310 3783 rite
2333 3726 2580 3783 adhiberi
2612 3723 2834 3779 minime
2860 3723 3055 3792 possit.
3090 3721 3147 3775 Si
3171 3722 3317 3776 enim
3348 3735 3592 3790 unquam
3623 3735 3793 3789 argu-

2206 3832 2449 3877 mentum
2496 3836 2525 3873 a
2572 3817 2891 3874 testimonio
2937 3815 3247 3886 negativum
3300 3813 3437 3867 nihil
3490 3813 3690 3877 valeat,
3736 3812 3790 3867 id

2207 3924 2319 3969 tum
2360 3913 2633 3984 pracipue
2675 3911 2753 3977 ﬁt,
2785 3926 2908 3964 cum
2960 3909 3120 3961 datur
3159 3915 3543 3977 argumentum
3574 3921 3605 3958 a
3631 3906 3793 3959 testi-

2205 4007 2390 4061 monio
2439 4002 2859 4067 alﬁrmativum,
2906 3999 3052 4070 quod
3097 3998 3174 4051 illi
3224 3998 3387 4066 plane
3443 3997 3790 4051 contrarium

2207 4098 2470 4154 asseritet
2487 4096 2711 4152 evincit.
2730 4094 2934 4156 Contra
2957 4094 3100 4147 enim
3128 4088 3541 4144 amrmationem
3565 4087 3793 4142 testium

2206 4190 2356 4245 omni
2390 4188 2495 4243 ﬁde
2524 4188 2846 4259 dignorum,
2880 4185 3143 4253 nullaque
3188 4180 3445 4237 falsitatis
3480 4187 3577 4233 aut
3621 4180 3795 4234 imbe-

2207 4282 2446 4336 cillitatis
2474 4280 2789 4349 suspicione
2810 4277 3203 4341 laborantium,
3225 4274 3360 4327 nihil
3383 4273 3527 4327 valet
3548 4272 3790 4325 aliorum

2207 4372 2447 4435 negatio,
2477 4371 2651 4424 multo
2698 4370 2883 4423 minus
2915 4367 3215 4422 silentium.
3248 4364 3361 4419 Hoc
3392 4364 3617 4433 quidem
3651 4379 3790 4418 casu

2208 4474 2587 4535 argumentum
2619 4478 2822 4533 negans
2848 4460 3089 4529 seipsum
3114 4465 3304 4529 negat;
3336 4457 3602 4511 fundatur
3637 4458 3788 4511 enim

516 4544 629 4596 suis
657 4559 1066 4598 commemorare
1091 4547 1343 4617 dignatus
1380 4555 1476 4599 est.
1515 4546 1664 4599 Hist.
1690 4547 1817 4602 eccl.
1858 4548 1894 4602 l.
1933 4562 2018 4605 ιιι.
2050 4564 2099 4603 c.
2135 4552 2179 4607 D
2211 4559 2262 4611 in
2311 4558 2548 4628 generali
2596 4556 2814 4611 silentio
2849 4573 2860 4606 :
2891 4564 2944 4607 at
2981 4569 3107 4608 cum
3143 4552 3226 4606 vel
3268 4552 3454 4621 plures
3496 4551 3585 4605 vel
3615 4550 3790 4604 etiam

515 4638 608 4694 25.
650 4636 949 4693 Clementis
985 4640 1152 4694 etiam
1197 4640 1486 4710 epistolam
1536 4640 1835 4695 secundam
1885 4640 2098 4708 reiecit,

518 4731 664 4785 hanc
694 4731 913 4785 unicam
940 4732 1209 4787 rationem
1236 4733 1501 4788 reddens:
1539 4733 1613 4786 Οὐ
1652 4734 1757 4805 μὴν
1790 4733 1867 4786 ἔθ’
1900 4735 2102 4805 ὁμοίως

514 4825 580 4893 τῇ
618 4823 864 4895 προτέρᾳ
896 4823 990 4875 καὶ
1023 4822 1228 4893 ταύτην
1261 4822 1537 4895 γνώριμον
1588 4823 1930 4895 ἐπιστάμεθα
1954 4864 1968 4887 ,
2020 4808 2102 4877 ὂέι

518 4914 653 4984 μηδὲ
687 4915 813 4978 τοὺς
846 4916 1107 4988 ἀρχαίους
1132 4917 1268 4987 αὐτῇ
1297 4916 1668 4989 κεχρημένους
1705 4917 1878 4988 ἴσμεν.
1911 4916 2101 4971 Verum

514 5007 649 5060 hanc
673 5023 777 5061 non
810 4996 1025 5076 perinde
1048 5017 1311 5077 receptam
1364 5018 1519 5078 atque
1549 5008 1897 5078 approbatam
1935 5010 2101 5079 fuisse

513 5113 611 5166 pro
633 5108 774 5151 certa
800 5098 1073 5166 habemus,
1101 5099 1526 5169 quandoquidem
1547 5102 1853 5154 vetustiores
1886 5101 1999 5169 ejus
2027 5109 2101 5153 te-

515 5192 767 5244 stimonia
799 5208 1128 5262 nequaquam
1158 5210 1279 5246 usas
1300 5210 1411 5247 esse
1460 5196 1829 5265 comperimus,
1865 5196 1899 5248 Ι.
1930 5210 2013 5259 ιιι,
2047 5210 2098 5249 c.

515 5286 605 5350 58.
640 5283 743 5340 Ubi
780 5285 1069 5356 diligenter
1098 5287 1503 5342 observandum
1552 5298 1655 5355 est,
1688 5289 1984 5345 discrimen
2046 5288 2101 5342 in

514 5377 603 5432 his
629 5377 765 5447 ipsis
796 5378 954 5433 libris
985 5378 1354 5449 dijudicandis
1381 5383 1451 5437 ab
1478 5382 1719 5438 Eusebio
1745 5382 2052 5437 adhibitum
2084 5400 2098 5448 ;

514 5472 727 5557 priores
759 5487 985 5541 prorsus
1015 5485 1069 5530 et
1113 5479 1331 5547 penitus
1363 5480 1709 5545 condemnat,
1744 5496 1851 5533 non
1890 5488 2101 5533 tantum

515 5566 588 5620 ob
647 5567 1093 5624 testimoniorum
1131 5570 1404 5627 defectum
1433 5612 1448 5635 ,
1506 5574 1599 5628 sed
1631 5581 1687 5627 et
1713 5574 1785 5628 ob
1814 5574 2101 5627 materiam

516 5660 841 5743 apostolicis
873 5664 1096 5733 scriptis
1123 5665 1349 5720 minime
1377 5675 1829 5733 consentaneam,
1857 5675 1912 5721 et
1940 5667 2103 5737 plane

518 5753 872 5823 haereticam;
910 5760 1271 5827 posteriorem
1307 5768 1514 5825 autem,
1550 5761 1698 5830 quod
1734 5760 2099 5815 vetustiorum

516 5849 851 5914 testimoniis
897 5852 1192 5917 destitutus
1243 5863 1409 5927 esset,
1450 5871 1549 5930 pro
1582 5871 1687 5915 non
1715 5856 1850 5915 adeo
1885 5864 2101 5933 recepto

2206 4667 2351 4706 unus
2379 4649 2643 4720 loquitur,
2668 4646 2918 4718 generale
2950 4646 3231 4702 silentium
3259 4660 3370 4697 non
3405 4653 3507 4698 est.
3543 4643 3648 4708 Qui
3676 4642 3789 4694 vim

2205 4745 2325 4813 ejus
2364 4742 2600 4797 maxime
2646 4738 2967 4804 defendunt,
3005 4746 3136 4790 tunc
3178 4743 3389 4789 tantum
3440 4732 3630 4788 etIicax
3663 4748 3789 4787 esse

2204 4836 2463 4898 fatentur,
2509 4849 2634 4888 cum
2690 4831 2868 4885 nullus
2910 4831 3122 4883 omnino
3166 4829 3393 4897 scriptor
3436 4826 3656 4897 aequalis
3710 4824 3792 4878 vel

2204 4945 2403 4998 suppar
2442 4934 2664 4996 prmstat
2709 4923 3103 4985 testimonium;
3138 4921 3233 4975 ubi
3278 4928 3461 4974 autem
3486 4917 3573 4971 vel
3600 4918 3793 4986 plures

2202 5023 2288 5077 vel
2321 5022 2486 5076 etiam
2514 5035 2660 5074 unus
2686 5025 2938 5080 testatur,
2967 5015 3071 5070 dici
3104 5029 3210 5068 non
3235 5020 3415 5082 potest
3438 5010 3645 5064 nullum
3670 5025 3794 5062 om—

2206 5116 2329 5168 nino
2363 5112 2722 5166 testimonium
2750 5119 3025 5179 prazstare.
3058 5105 3237 5160 Causa
3269 5104 3438 5175 igitur
3461 5111 3652 5157 nostra
3683 5102 3795 5156 hoc

2206 5212 2589 5276 argumentum
2637 5200 2862 5255 minime
2907 5198 3169 5253 admittit.
3217 5194 3337 5250 Non
3382 5195 3528 5249 enim
3572 5201 3794 5247 tantum

2203 5295 2525 5358 Eusebium,
2556 5294 2649 5363 qui
2691 5295 2830 5347 intra
2862 5291 3131 5345 ducentos
3178 5296 3304 5359 post
3341 5287 3554 5341 obitum
3591 5284 3794 5354 lgnatii

2204 5402 2382 5443 annos
2412 5386 2577 5451 vixit,
2610 5384 2822 5441 ﬂoruit.
2858 5392 2911 5438 et
2940 5382 3223 5452 presbyter
3255 5378 3381 5443 fuit,
3420 5376 3796 5445 locupletissi-

2205 5497 2355 5536 mum
2396 5489 2587 5535 testem
2630 5479 2925 5541 habemus,
2958 5476 3052 5530 sed
3093 5484 3147 5528 et
3186 5481 3313 5527 ante
3350 5487 3476 5526 eum
3509 5471 3671 5525 etiam
3721 5469 3795 5520 ab

2205 5576 2325 5644 ipsa
2374 5572 2709 5627 sanctissimi
2756 5568 3011 5640 martyris
3056 5567 3315 5638 passione
3348 5564 3682 5634 complures.
3726 5558 3791 5613 S.

2207 5667 2542 5737 Polycarpus
2575 5666 2673 5720 has
2705 5666 2852 5733 ipsas
2875 5661 3157 5732 epistolas,
3184 5675 3295 5714 non
3322 5659 3459 5713 alias
3485 5666 3578 5712 aut
3606 5656 3795 5709 diver-

2207 5777 2318 5823 sas,
2352 5760 2541 5829 eodem
2579 5773 2689 5828 quo
2732 5757 2948 5825 scripta:
2979 5762 3110 5811 sunt
3144 5768 3290 5807 anno
3326 5750 3564 5821 collegit,
3590 5747 3789 5815 edidit,

2205 5852 2519 5929 posteritati
2561 5850 3000 5918 commendavit,
3046 5856 3103 5903 ut
3152 5846 3270 5903 fuse
3333 5846 3619 5921 probatum
3678 5848 3785 5901 est»
