  <div class='ocr_page' id='page_1' title='image "/cluster/home/n/w/nwhite01/storage/ocr_20150623/5/coo.31924054872845/114.png"; bbox 0 0 4078 6468; ppageno 0'>
   <div class='ocr_carea' id='block_1_1' title="bbox 303 336 1920 418">
    <p class='ocr_par' dir='ltr' id='par_1_1' title="bbox 303 350 1920 415">
     <span class='ocr_line' id='line_1_1' title="bbox 303 350 1920 415; baseline 0.006 -10"><span class='ocrx_word' id='word_1_1' title='bbox 303 351 447 406; x_wconf 71' lang='grc'><strong>⁸313</strong></span> <span class='ocrx_word' id='word_1_2' title='bbox 1133 351 1182 407; x_wconf 78' lang='lat' dir='ltr'><strong>J.</strong></span> <span class='ocrx_word' id='word_1_3' title='bbox 1216 350 1583 411; x_wconf 80' lang='lat' dir='ltr'><strong>PEARSONH</strong></span> <span class='ocrx_word' id='word_1_4' title='bbox 1619 353 1920 415; x_wconf 72' lang='lat' dir='ltr'><strong>YINDICIA</strong></span> 
     </span>
    </p>
   </div>
   <div class='ocr_carea' id='block_1_2' title="bbox 2023 336 3619 418">
    <p class='ocr_par' dir='ltr' id='par_1_2' title="bbox 2023 336 3619 418">
     <span class='ocr_line' id='line_1_2' title="bbox 2023 336 3619 418; baseline 0 -5"><span class='ocrx_word' id='word_1_5' title='bbox 2023 338 2402 414; x_wconf 62' lang='lat' dir='ltr'><strong>iNATIANJE.</strong></span> <span class='ocrx_word' id='word_1_6' title='bbox 2461 336 2531 399; x_wconf 55' lang='grc' dir='ltr'><strong>ἓ</strong></span> <span class='ocrx_word' id='word_1_7' title='bbox 2565 357 2743 413; x_wconf 59' lang='lat' dir='ltr'><strong>rans</strong></span> <span class='ocrx_word' id='word_1_8' title='bbox 2780 357 2820 413; x_wconf 83' lang='grc' dir='ltr'><strong>ι.</strong></span> <span class='ocrx_word' id='word_1_9' title='bbox 3508 358 3619 418; x_wconf 70' lang='lat' dir='ltr'><strong>2n</strong></span> 
     </span>
    </p>
   </div>
   <div class='ocr_carea' id='block_1_3' title="bbox 305 473 3610 551">
    <p class='ocr_par' dir='ltr' id='par_1_3' title="bbox 305 473 3610 551">
     <span class='ocr_line' id='line_1_3' title="bbox 305 473 3610 551; baseline 0.003 -24"><span class='ocrx_word' id='word_1_10' title='bbox 305 473 505 529; x_wconf 81' lang='lat' dir='ltr'><strong>Philo</strong></span> <span class='ocrx_word' id='word_1_11' title='bbox 539 483 598 529; x_wconf 91' lang='lat' dir='ltr'><strong>et</strong></span> <span class='ocrx_word' id='word_1_12' title='bbox 644 474 988 545; x_wconf 85' lang='lat' dir='ltr'><strong>Agatbopus,</strong></span> <span class='ocrx_word' id='word_1_13' title='bbox 1026 474 1086 529; x_wconf 87' lang='grc' dir='ltr'><strong>Β.</strong></span> <span class='ocrx_word' id='word_1_14' title='bbox 1127 474 1320 546; x_wconf 84' lang='lat' dir='ltr'><strong>lgnatii</strong></span> <span class='ocrx_word' id='word_1_15' title='bbox 1363 492 1431 530; x_wconf 78' lang='lat' dir='ltr'><strong>ex</strong></span> <span class='ocrx_word' id='word_1_16' title='bbox 1478 475 1637 547; x_wconf 87' lang='lat' dir='ltr'><strong>Syria</strong></span> <span class='ocrx_word' id='word_1_17' title='bbox 1680 478 1933 544; x_wconf 79' lang='lat' dir='ltr'><strong>comites,</strong></span> <span class='ocrx_word' id='word_1_18' title='bbox 1968 492 2014 541; x_wconf 78' lang='grc' dir='ltr'>Α</span> <span class='ocrx_word' id='word_1_19' title='bbox 2039 480 2250 536; x_wconf 80' lang='lat' dir='ltr'><strong>emccre</strong></span> <span class='ocrx_word' id='word_1_20' title='bbox 2280 497 2386 537; x_wconf 89' lang='lat' dir='ltr'><strong>non</strong></span> <span class='ocrx_word' id='word_1_21' title='bbox 2430 490 2625 551; x_wconf 78' lang='lat' dir='ltr'><strong>potest,</strong></span> <span class='ocrx_word' id='word_1_22' title='bbox 2658 490 2719 535; x_wconf 86' lang='lat' dir='ltr'><strong>ut</strong></span> <span class='ocrx_word' id='word_1_23' title='bbox 2747 480 2893 551; x_wconf 90' lang='lat' dir='ltr'><strong>quod</strong></span> <span class='ocrx_word' id='word_1_24' title='bbox 2924 481 2997 538; x_wconf 87' lang='lat' dir='ltr'><strong>ab</strong></span> <span class='ocrx_word' id='word_1_25' title='bbox 3023 481 3144 536; x_wconf 88' lang='lat' dir='ltr'><strong>aliis</strong></span> <span class='ocrx_word' id='word_1_26' title='bbox 3184 483 3385 541; x_wconf 87' lang='lat' dir='ltr'><strong>visum.</strong></span> <span class='ocrx_word' id='word_1_27' title='bbox 3410 484 3610 541; x_wconf 80' lang='lat' dir='ltr'><strong>lectum</strong></span> 
     </span>
    </p>
   </div>
   <div class='ocr_carea' id='block_1_4' title="bbox 308 568 3616 647">
    <p class='ocr_par' dir='ltr' id='par_1_4' title="bbox 308 568 3616 647">
     <span class='ocr_line' id='line_1_4' title="bbox 308 568 3616 647; baseline 0.002 -24"><span class='ocrx_word' id='word_1_28' title='bbox 308 569 388 623; x_wconf 83' lang='lat' dir='ltr'><strong>in</strong></span> <span class='ocrx_word' id='word_1_29' title='bbox 430 568 595 623; x_wconf 83' lang='lat' dir='ltr'><strong>Actis</strong></span> <span class='ocrx_word' id='word_1_30' title='bbox 625 568 883 638; x_wconf 82' lang='lat' dir='ltr'><strong>proximo</strong></span> <span class='ocrx_word' id='word_1_31' title='bbox 909 583 1058 623; x_wconf 89' lang='lat' dir='ltr'><strong>anno</strong></span> <span class='ocrx_word' id='word_1_32' title='bbox 1083 568 1266 633; x_wconf 87' lang='lat' dir='ltr'><strong>editis,</strong></span> <span class='ocrx_word' id='word_1_33' title='bbox 1296 579 1354 624; x_wconf 92' lang='lat' dir='ltr'><strong>ut</strong></span> <span class='ocrx_word' id='word_1_34' title='bbox 1384 568 1620 634; x_wconf 87' lang='lat' dir='ltr'><strong>videtur,</strong></span> <span class='ocrx_word' id='word_1_35' title='bbox 1653 569 1939 639; x_wconf 77' lang='lat' dir='ltr'><strong>epistolam</strong></span> <span class='ocrx_word' id='word_1_36' title='bbox 2040 584 2094 629; x_wconf 89' lang='lat' dir='ltr'><strong>et</strong></span> <span class='ocrx_word' id='word_1_37' title='bbox 2130 584 2449 645; x_wconf 86' lang='lat' dir='ltr'><strong>usurpatum</strong></span> <span class='ocrx_word' id='word_1_38' title='bbox 2486 574 2609 642; x_wconf 82' lang='lat' dir='ltr'><strong>fuit,</strong></span> <span class='ocrx_word' id='word_1_39' title='bbox 2652 574 2706 629; x_wconf 88' lang='lat' dir='ltr'><strong>id</strong></span> <span class='ocrx_word' id='word_1_40' title='bbox 2735 575 2959 629; x_wconf 84' lang='lat' dir='ltr'><strong>omnino</strong></span> <span class='ocrx_word' id='word_1_41' title='bbox 2997 591 3103 629; x_wconf 88' lang='lat' dir='ltr'><strong>non</strong></span> <span class='ocrx_word' id='word_1_42' title='bbox 3141 585 3305 631; x_wconf 80' lang='lat' dir='ltr'><strong>esset.</strong></span> <span class='ocrx_word' id='word_1_43' title='bbox 3337 576 3476 632; x_wconf 88' lang='lat' dir='ltr'><strong>Cum</strong></span> <span class='ocrx_word' id='word_1_44' title='bbox 3512 592 3616 647; x_wconf 15' lang='lat' dir='ltr'><strong>au-V</strong></span> 
     </span>
    </p>
   </div>
   <div class='ocr_carea' id='block_1_5' title="bbox 306 659 3613 737">
    <p class='ocr_par' dir='ltr' id='par_1_5' title="bbox 306 659 3613 737">
     <span class='ocr_line' id='line_1_5' title="bbox 306 659 3613 737; baseline 0.002 -19"><span class='ocrx_word' id='word_1_45' title='bbox 306 662 401 718; x_wconf 68' lang='lat' dir='ltr'><strong>ad</strong></span> <span class='ocrx_word' id='word_1_46' title='bbox 435 660 729 715; x_wconf 79' lang='lat' dir='ltr'><strong>Romanos</strong></span> <span class='ocrx_word' id='word_1_47' title='bbox 753 670 1208 715; x_wconf 78' lang='lat' dir='ltr'><strong>commemorant.</strong></span> <span class='ocrx_word' id='word_1_48' title='bbox 1239 659 1298 714; x_wconf 90' lang='lat' dir='ltr'><strong>S.</strong></span> <span class='ocrx_word' id='word_1_49' title='bbox 1328 660 1565 717; x_wconf 79' lang='lat' dir='ltr'><strong>lrenaus</strong></span> <span class='ocrx_word' id='word_1_50' title='bbox 1588 677 1694 715; x_wconf 91' lang='lat' dir='ltr'><strong>non</strong></span> <span class='ocrx_word' id='word_1_51' title='bbox 1722 663 1941 719; x_wconf 83' lang='lat' dir='ltr'><strong>aliunde</strong></span> <span class='ocrx_word' id='word_1_52' title='bbox 2040 675 2147 720; x_wconf 90' lang='lat' dir='ltr'><strong>tem</strong></span> <span class='ocrx_word' id='word_1_53' title='bbox 2176 666 2289 736; x_wconf 93' lang='lat' dir='ltr'><strong>jam</strong></span> <span class='ocrx_word' id='word_1_54' title='bbox 2322 666 2529 736; x_wconf 90' lang='lat' dir='ltr'><strong>liquido</strong></span> <span class='ocrx_word' id='word_1_55' title='bbox 2560 674 2841 736; x_wconf 83' lang='lat' dir='ltr'><strong>appareat,</strong></span> <span class='ocrx_word' id='word_1_56' title='bbox 2874 666 3082 719; x_wconf 91' lang='lat' dir='ltr'><strong>nullum</strong></span> <span class='ocrx_word' id='word_1_57' title='bbox 3116 667 3172 720; x_wconf 91' lang='lat' dir='ltr'><strong>in</strong></span> <span class='ocrx_word' id='word_1_58' title='bbox 3214 666 3467 737; x_wconf 80' lang='lat' dir='ltr'><strong>prasenti</strong></span> <span class='ocrx_word' id='word_1_59' title='bbox 3511 673 3613 723; x_wconf 81' lang='lat' dir='ltr'><strong>rre-</strong></span> 
     </span>
    </p>
   </div>
   <div class='ocr_carea' id='block_1_6' title="bbox 309 753 3628 830">
    <p class='ocr_par' dir='ltr' id='par_1_6' title="bbox 309 753 3628 830">
     <span class='ocr_line' id='line_1_6' title="bbox 309 753 3628 830; baseline 0.003 -24"><span class='ocrx_word' id='word_1_60' title='bbox 309 770 507 823; x_wconf 78' lang='lat' dir='ltr'><strong>quam</strong></span> <span class='ocrx_word' id='word_1_61' title='bbox 541 768 612 808; x_wconf 76' lang='lat' dir='ltr'><strong>ex</strong></span> <span class='ocrx_word' id='word_1_62' title='bbox 646 753 841 809; x_wconf 87' lang='lat' dir='ltr'><strong>eadem</strong></span> <span class='ocrx_word' id='word_1_63' title='bbox 874 753 1108 824; x_wconf 87' lang='lat' dir='ltr'><strong>epistola</strong></span> <span class='ocrx_word' id='word_1_64' title='bbox 1136 753 1405 823; x_wconf 82' lang='lat' dir='ltr'><strong>insignem</strong></span> <span class='ocrx_word' id='word_1_65' title='bbox 1434 754 1761 807; x_wconf 89' lang='lat' dir='ltr'><strong>sententiam</strong></span> <span class='ocrx_word' id='word_1_66' title='bbox 1788 764 1941 809; x_wconf 85' lang='lat' dir='ltr'><strong>tran-</strong></span> <span class='ocrx_word' id='word_1_67' title='bbox 1975 758 1981 765; x_wconf 83' lang='lat'><strong><em>&#39;</em></strong></span> <span class='ocrx_word' id='word_1_68' title='bbox 2041 760 2190 828; x_wconf 86' lang='lat' dir='ltr'><strong>gotio</strong></span> <span class='ocrx_word' id='word_1_69' title='bbox 2222 768 2545 830; x_wconf 88' lang='lat' dir='ltr'><strong>argumento</strong></span> <span class='ocrx_word' id='word_1_70' title='bbox 2595 760 2811 830; x_wconf 84' lang='lat' dir='ltr'><strong>neganti</strong></span> <span class='ocrx_word' id='word_1_71' title='bbox 2846 760 3025 814; x_wconf 91' lang='lat' dir='ltr'><strong>locum</strong></span> <span class='ocrx_word' id='word_1_72' title='bbox 3062 775 3209 825; x_wconf 89' lang='lat' dir='ltr'><strong>esse;</strong></span> <span class='ocrx_word' id='word_1_73' title='bbox 3245 758 3380 816; x_wconf 89' lang='lat' dir='ltr'><strong>illud</strong></span> <span class='ocrx_word' id='word_1_74' title='bbox 3426 759 3628 830; x_wconf 34' lang='lat' dir='ltr'><strong>unum,</strong></span> 
     </span>
    </p>
   </div>
   <div class='ocr_carea' id='block_1_7' title="bbox 312 846 3613 925">
    <p class='ocr_par' dir='ltr' id='par_1_7' title="bbox 312 846 3613 925">
     <span class='ocr_line' id='line_1_7' title="bbox 312 846 3613 925; baseline 0.002 -23"><span class='ocrx_word' id='word_1_75' title='bbox 312 848 584 917; x_wconf 80' lang='lat' dir='ltr'><strong>scripsit.</strong></span> <span class='ocrx_word' id='word_1_76' title='bbox 640 846 701 901; x_wconf 89' lang='lat' dir='ltr'><strong>S.</strong></span> <span class='ocrx_word' id='word_1_77' title='bbox 735 846 1109 917; x_wconf 84' lang='lat' dir='ltr'><strong>Theophilus,</strong></span> <span class='ocrx_word' id='word_1_78' title='bbox 1141 846 1451 901; x_wconf 88' lang='lat' dir='ltr'><strong>Antiochia</strong></span> <span class='ocrx_word' id='word_1_79' title='bbox 1498 848 1812 917; x_wconf 85' lang='lat' dir='ltr'><strong>episcopus,</strong></span> <span class='ocrx_word' id='word_1_80' title='bbox 1846 859 1941 903; x_wconf 88' lang='lat' dir='ltr'><strong>aut</strong></span> <span class='ocrx_word' id='word_1_81' title='bbox 2040 860 2101 905; x_wconf 90' lang='lat' dir='ltr'><strong>ut</strong></span> <span class='ocrx_word' id='word_1_82' title='bbox 2143 850 2316 905; x_wconf 77' lang='lat' dir='ltr'><strong>voluit</strong></span> <span class='ocrx_word' id='word_1_83' title='bbox 2355 850 2613 916; x_wconf 88' lang='lat' dir='ltr'><strong>Dallaus,</strong></span> <span class='ocrx_word' id='word_1_84' title='bbox 2643 867 2789 905; x_wconf 91' lang='lat' dir='ltr'><strong>nunc</strong></span> <span class='ocrx_word' id='word_1_85' title='bbox 2829 860 3018 919; x_wconf 88' lang='lat' dir='ltr'><strong>restat,</strong></span> <span class='ocrx_word' id='word_1_86' title='bbox 3058 860 3115 905; x_wconf 91' lang='lat' dir='ltr'><strong>ut</strong></span> <span class='ocrx_word' id='word_1_87' title='bbox 3157 868 3418 923; x_wconf 78' lang='lat' dir='ltr'><strong>negemus</strong></span> <span class='ocrx_word' id='word_1_88' title='bbox 3453 852 3613 925; x_wconf 82' lang='lat' dir='ltr'><strong>Igna-</strong></span> 
     </span>
    </p>
   </div>
   <div class='ocr_carea' id='block_1_8' title="bbox 314 934 3620 1020">
    <p class='ocr_par' dir='ltr' id='par_1_8' title="bbox 314 934 3620 1020">
     <span class='ocr_line' id='line_1_8' title="bbox 314 934 3620 1020; baseline 0.002 -24"><span class='ocrx_word' id='word_1_89' title='bbox 314 950 480 996; x_wconf 83' lang='lat' dir='ltr'><strong>ccrte</strong></span> <span class='ocrx_word' id='word_1_90' title='bbox 532 949 699 995; x_wconf 87' lang='lat' dir='ltr'><strong>vetus</strong></span> <span class='ocrx_word' id='word_1_91' title='bbox 747 949 941 993; x_wconf 88' lang='lat' dir='ltr'><strong>auctor</strong></span> <span class='ocrx_word' id='word_1_92' title='bbox 979 938 1038 994; x_wconf 91' lang='lat' dir='ltr'><strong>S.</strong></span> <span class='ocrx_word' id='word_1_93' title='bbox 1073 938 1276 994; x_wconf 88' lang='lat' dir='ltr'><strong>Basilio</strong></span> <span class='ocrx_word' id='word_1_94' title='bbox 1322 938 1526 1005; x_wconf 89' lang='lat' dir='ltr'><strong>dictus,</strong></span> <span class='ocrx_word' id='word_1_95' title='bbox 1556 939 1801 1007; x_wconf 85' lang='lat' dir='ltr'><strong>ejusdem</strong></span> <span class='ocrx_word' id='word_1_96' title='bbox 1847 956 1942 995; x_wconf 87' lang='lat' dir='ltr'><strong>sa—</strong></span> <span class='ocrx_word' id='word_1_97' title='bbox 2040 943 2187 998; x_wconf 91' lang='lat' dir='ltr'><strong>tiana</strong></span> <span class='ocrx_word' id='word_1_98' title='bbox 2234 945 2367 999; x_wconf 91' lang='lat' dir='ltr'><strong>viris</strong></span> <span class='ocrx_word' id='word_1_99' title='bbox 2393 954 2446 1000; x_wconf 93' lang='lat' dir='ltr'><strong>et</strong></span> <span class='ocrx_word' id='word_1_100' title='bbox 2478 944 2741 1000; x_wconf 88' lang='lat' dir='ltr'><strong>Ecclesiis</strong></span> <span class='ocrx_word' id='word_1_101' title='bbox 2790 945 3161 1001; x_wconf 90' lang='lat' dir='ltr'><strong>celeberrimis</strong></span> <span class='ocrx_word' id='word_1_102' title='bbox 3191 945 3360 1003; x_wconf 76' lang='lat' dir='ltr'><strong>fuisse</strong></span> <span class='ocrx_word' id='word_1_103' title='bbox 3405 934 3620 1020; x_wconf 52' lang='lat' dir='ltr'><strong>ignota,</strong></span> 
     </span>
    </p>
   </div>
   <div class='ocr_carea' id='block_1_9' title="bbox 314 1031 3616 1109">
    <p class='ocr_par' dir='ltr' id='par_1_9' title="bbox 314 1031 3616 1109">
     <span class='ocr_line' id='line_1_9' title="bbox 314 1031 3616 1109; baseline 0.004 -25"><span class='ocrx_word' id='word_1_104' title='bbox 314 1032 464 1095; x_wconf 68' lang='lat' dir='ltr'><strong>culi,</strong></span> <span class='ocrx_word' id='word_1_105' title='bbox 498 1033 674 1087; x_wconf 81' lang='lat' dir='ltr'><strong>aliam</strong></span> <span class='ocrx_word' id='word_1_106' title='bbox 714 1034 883 1089; x_wconf 85' lang='lat' dir='ltr'><strong>etiam</strong></span> <span class='ocrx_word' id='word_1_107' title='bbox 915 1032 1248 1088; x_wconf 88' lang='lat' dir='ltr'><strong>sententiam</strong></span> <span class='ocrx_word' id='word_1_108' title='bbox 1290 1048 1358 1085; x_wconf 79' lang='lat' dir='ltr'><strong>ex</strong></span> <span class='ocrx_word' id='word_1_109' title='bbox 1400 1032 1633 1101; x_wconf 84' lang='lat' dir='ltr'><strong>epistola</strong></span> <span class='ocrx_word' id='word_1_110' title='bbox 1663 1032 1727 1087; x_wconf 89' lang='lat' dir='ltr'><strong>ad</strong></span> <span class='ocrx_word' id='word_1_111' title='bbox 1762 1031 1940 1101; x_wconf 86' lang='lat' dir='ltr'><strong>Ephc-</strong></span> <span class='ocrx_word' id='word_1_112' title='bbox 2040 1048 2094 1092; x_wconf 92' lang='lat' dir='ltr'><strong>et</strong></span> <span class='ocrx_word' id='word_1_113' title='bbox 2145 1038 2478 1107; x_wconf 90' lang='lat' dir='ltr'><strong>conjecturis</strong></span> <span class='ocrx_word' id='word_1_114' title='bbox 2532 1039 2652 1108; x_wconf 86' lang='lat' dir='ltr'><strong>ejus</strong></span> <span class='ocrx_word' id='word_1_115' title='bbox 2692 1038 3121 1108; x_wconf 85' lang='lat' dir='ltr'><strong>respondeamus</strong></span> <span class='ocrx_word' id='word_1_116' title='bbox 3146 1081 3161 1106; x_wconf 89' lang='lat'><strong>,</strong></span> <span class='ocrx_word' id='word_1_117' title='bbox 3208 1041 3406 1109; x_wconf 89' lang='lat' dir='ltr'><strong>quibus</strong></span> <span class='ocrx_word' id='word_1_118' title='bbox 3444 1040 3616 1096; x_wconf 84' lang='lat' dir='ltr'><strong>fretus</strong></span> 
     </span>
    </p>
   </div>
   <div class='ocr_carea' id='block_1_10' title="bbox 312 1123 3617 1203">
    <p class='ocr_par' dir='ltr' id='par_1_10' title="bbox 312 1123 3617 1203">
     <span class='ocr_line' id='line_1_10' title="bbox 312 1123 3617 1203; baseline 0.002 -23"><span class='ocrx_word' id='word_1_119' title='bbox 312 1126 442 1180; x_wconf 83' lang='lat' dir='ltr'><strong>sios</strong></span> <span class='ocrx_word' id='word_1_120' title='bbox 474 1134 776 1180; x_wconf 87' lang='lat' dir='ltr'><strong>mutuatus</strong></span> <span class='ocrx_word' id='word_1_121' title='bbox 804 1133 909 1180; x_wconf 90' lang='lat' dir='ltr'><strong>est.</strong></span> <span class='ocrx_word' id='word_1_122' title='bbox 944 1124 1135 1179; x_wconf 90' lang='lat' dir='ltr'><strong>Tertio</strong></span> <span class='ocrx_word' id='word_1_123' title='bbox 1164 1125 1365 1180; x_wconf 81' lang='lat' dir='ltr'><strong>saculo</strong></span> <span class='ocrx_word' id='word_1_124' title='bbox 1396 1123 1661 1195; x_wconf 86' lang='lat' dir='ltr'><strong>Origenes</strong></span> <span class='ocrx_word' id='word_1_125' title='bbox 1691 1126 1935 1179; x_wconf 90' lang='lat' dir='ltr'><strong>eamdem</strong></span> <span class='ocrx_word' id='word_1_126' title='bbox 2039 1146 2101 1185; x_wconf 91' lang='lat' dir='ltr'><strong>ea</strong></span> <span class='ocrx_word' id='word_1_127' title='bbox 2132 1131 2390 1195; x_wconf 90' lang='lat' dir='ltr'><strong>asseruit,</strong></span> <span class='ocrx_word' id='word_1_128' title='bbox 2427 1147 2551 1201; x_wconf 82' lang='lat' dir='ltr'><strong>qua</strong></span> <span class='ocrx_word' id='word_1_129' title='bbox 2599 1131 2714 1201; x_wconf 90' lang='lat' dir='ltr'><strong>ipse</strong></span> <span class='ocrx_word' id='word_1_130' title='bbox 2760 1130 3069 1185; x_wconf 87' lang='lat' dir='ltr'><strong>certissime</strong></span> <span class='ocrx_word' id='word_1_131' title='bbox 3108 1131 3402 1203; x_wconf 73' lang='lat' dir='ltr'><strong>ignoravit.</strong></span> <span class='ocrx_word' id='word_1_132' title='bbox 3443 1132 3510 1187; x_wconf 88' lang='lat' dir='ltr'><strong>Et</strong></span> <span class='ocrx_word' id='word_1_133' title='bbox 3548 1136 3617 1188; x_wconf 89' lang='lat' dir='ltr'><strong>ab</strong></span> 
     </span>
    </p>
   </div>
   <div class='ocr_carea' id='block_1_11' title="bbox 306 1216 3619 1295">
    <p class='ocr_par' dir='ltr' id='par_1_11' title="bbox 306 1216 3619 1295">
     <span class='ocr_line' id='line_1_11' title="bbox 306 1216 3619 1295; baseline 0.003 -26"><span class='ocrx_word' id='word_1_134' title='bbox 306 1218 802 1274; x_wconf 79' lang='lat' dir='ltr'><strong>commemoravit</strong></span> <span class='ocrx_word' id='word_1_135' title='bbox 839 1216 1062 1288; x_wconf 79' lang='lat' dir='ltr'><strong>juvenis</strong></span> <span class='ocrx_word' id='word_1_136' title='bbox 1097 1218 1299 1281; x_wconf 89' lang='lat' dir='ltr'><strong>adhuc,</strong></span> <span class='ocrx_word' id='word_1_137' title='bbox 1333 1226 1388 1272; x_wconf 93' lang='lat' dir='ltr'><strong>et</strong></span> <span class='ocrx_word' id='word_1_138' title='bbox 1418 1217 1579 1271; x_wconf 90' lang='lat' dir='ltr'><strong>aliam</strong></span> <span class='ocrx_word' id='word_1_139' title='bbox 1612 1232 1678 1271; x_wconf 81' lang='lat' dir='ltr'><strong>ex</strong></span> <span class='ocrx_word' id='word_1_140' title='bbox 1707 1217 1938 1286; x_wconf 88' lang='lat' dir='ltr'><strong>epistola</strong></span> <span class='ocrx_word' id='word_1_141' title='bbox 2040 1220 2244 1277; x_wconf 76' lang='lat' dir='ltr'><strong>lrcnao</strong></span> <span class='ocrx_word' id='word_1_142' title='bbox 2274 1224 2494 1293; x_wconf 87' lang='lat' dir='ltr'><strong>quidem</strong></span> <span class='ocrx_word' id='word_1_143' title='bbox 2541 1224 2776 1290; x_wconf 90' lang='lat' dir='ltr'><strong>orditur,</strong></span> <span class='ocrx_word' id='word_1_144' title='bbox 2809 1224 2877 1278; x_wconf 92' lang='lat' dir='ltr'><strong>de</strong></span> <span class='ocrx_word' id='word_1_145' title='bbox 2927 1239 3038 1294; x_wconf 92' lang='lat' dir='ltr'><strong>quo</strong></span> <span class='ocrx_word' id='word_1_146' title='bbox 3073 1224 3297 1294; x_wconf 87' lang='lat' dir='ltr'><strong>copiose</strong></span> <span class='ocrx_word' id='word_1_147' title='bbox 3339 1224 3619 1295; x_wconf 74' lang='lat' dir='ltr'><strong>disputat;</strong></span> 
     </span>
    </p>
   </div>
   <div class='ocr_carea' id='block_1_12' title="bbox 306 1310 3616 1380">
    <p class='ocr_par' dir='ltr' id='par_1_12' title="bbox 306 1310 3616 1380">
     <span class='ocr_line' id='line_1_12' title="bbox 306 1310 3616 1380; baseline 0.001 -12"><span class='ocrx_word' id='word_1_148' title='bbox 306 1311 392 1368; x_wconf 79' lang='lat' dir='ltr'><strong>ad</strong></span> <span class='ocrx_word' id='word_1_149' title='bbox 446 1310 746 1365; x_wconf 82' lang='lat' dir='ltr'><strong>Romanos</strong></span> <span class='ocrx_word' id='word_1_150' title='bbox 800 1311 946 1365; x_wconf 91' lang='lat' dir='ltr'><strong>idem</strong></span> <span class='ocrx_word' id='word_1_151' title='bbox 993 1325 1159 1365; x_wconf 83' lang='lat' dir='ltr'><strong>senex</strong></span> <span class='ocrx_word' id='word_1_152' title='bbox 1210 1311 1503 1380; x_wconf 81' lang='lat' dir='ltr'><strong>excerpsit,</strong></span> <span class='ocrx_word' id='word_1_153' title='bbox 1535 1325 1599 1366; x_wconf 91' lang='lat' dir='ltr'><strong>ac</strong></span> <span class='ocrx_word' id='word_1_154' title='bbox 1646 1310 1938 1380; x_wconf 81' lang='lat' dir='ltr'><strong>utrobique</strong></span> <span class='ocrx_word' id='word_1_155' title='bbox 2040 1314 2132 1368; x_wconf 82' lang='lat' dir='ltr'><strong>sed</strong></span> <span class='ocrx_word' id='word_1_156' title='bbox 2163 1331 2226 1369; x_wconf 92' lang='lat' dir='ltr'><strong>ea</strong></span> <span class='ocrx_word' id='word_1_157' title='bbox 2258 1316 2440 1371; x_wconf 86' lang='lat' dir='ltr'><strong>omnia</strong></span> <span class='ocrx_word' id='word_1_158' title='bbox 2472 1332 2572 1371; x_wconf 91' lang='lat' dir='ltr'><strong>suo</strong></span> <span class='ocrx_word' id='word_1_159' title='bbox 2607 1318 2728 1372; x_wconf 91' lang='lat' dir='ltr'><strong>loco</strong></span> <span class='ocrx_word' id='word_1_160' title='bbox 2756 1314 3133 1371; x_wconf 84' lang='lat' dir='ltr'><strong>refutavimus.</strong></span> <span class='ocrx_word' id='word_1_161' title='bbox 3169 1316 3252 1371; x_wconf 87' lang='lat' dir='ltr'><strong>Ab</strong></span> <span class='ocrx_word' id='word_1_162' title='bbox 3280 1316 3485 1372; x_wconf 86' lang='lat' dir='ltr'><strong>lrenao</strong></span> <span class='ocrx_word' id='word_1_163' title='bbox 3515 1334 3616 1373; x_wconf 85' lang='lat' dir='ltr'><strong>au-</strong></span> 
     </span>
    </p>
   </div>
   <div class='ocr_carea' id='block_1_13' title="bbox 308 1402 3278 1475">
    <p class='ocr_par' dir='ltr' id='par_1_13' title="bbox 308 1402 3278 1475">
     <span class='ocr_line' id='line_1_13' title="bbox 308 1402 3278 1475; baseline 0.003 -21"><span class='ocrx_word' id='word_1_164' title='bbox 308 1402 612 1473; x_wconf 80' lang='lat' dir='ltr'><strong>lgnatium</strong></span> <span class='ocrx_word' id='word_1_165' title='bbox 651 1404 981 1458; x_wconf 88' lang='lat' dir='ltr'><strong>nominavit.</strong></span> <span class='ocrx_word' id='word_1_166' title='bbox 1021 1403 1138 1458; x_wconf 87' lang='lat' dir='ltr'><strong>Non</strong></span> <span class='ocrx_word' id='word_1_167' title='bbox 1175 1404 1342 1475; x_wconf 87' lang='lat' dir='ltr'><strong>igitur</strong></span> <span class='ocrx_word' id='word_1_168' title='bbox 1371 1406 1541 1459; x_wconf 89' lang='lat' dir='ltr'><strong>altum</strong></span> <span class='ocrx_word' id='word_1_169' title='bbox 1578 1407 1631 1459; x_wconf 94' lang='lat' dir='ltr'><strong>in</strong></span> <span class='ocrx_word' id='word_1_170' title='bbox 1668 1404 1935 1468; x_wconf 79' lang='lat' dir='ltr'><strong>Ecclesia,</strong></span> <span class='ocrx_word' id='word_1_171' title='bbox 2043 1416 2146 1462; x_wconf 91' lang='lat' dir='ltr'><strong>tem</strong></span> <span class='ocrx_word' id='word_1_172' title='bbox 2187 1411 2380 1464; x_wconf 88' lang='lat' dir='ltr'><strong>transit</strong></span> <span class='ocrx_word' id='word_1_173' title='bbox 2405 1410 2471 1464; x_wconf 90' lang='lat' dir='ltr'><strong>ad</strong></span> <span class='ocrx_word' id='word_1_174' title='bbox 2499 1409 2799 1465; x_wconf 86' lang='lat' dir='ltr'><strong>Ecclesiam</strong></span> <span class='ocrx_word' id='word_1_175' title='bbox 2830 1410 3278 1465; x_wconf 86' lang='lat' dir='ltr'><strong>Alexandrinam.</strong></span> 
     </span>
    </p>
   </div>
   <div class='ocr_carea' id='block_1_14' title="bbox 310 1493 3617 1570">
    <p class='ocr_par' dir='ltr' id='par_1_14' title="bbox 310 1493 3617 1570">
     <span class='ocr_line' id='line_1_14' title="bbox 310 1493 3617 1570; baseline 0.001 -18"><span class='ocrx_word' id='word_1_176' title='bbox 310 1514 438 1552; x_wconf 86' lang='lat' dir='ltr'><strong>non</strong></span> <span class='ocrx_word' id='word_1_177' title='bbox 486 1498 824 1551; x_wconf 85' lang='lat' dir='ltr'><strong>diuturnum</strong></span> <span class='ocrx_word' id='word_1_178' title='bbox 866 1498 1145 1552; x_wconf 86' lang='lat' dir='ltr'><strong>silentium</strong></span> <span class='ocrx_word' id='word_1_179' title='bbox 1192 1498 1313 1554; x_wconf 81' lang='lat' dir='ltr'><strong>fuit.</strong></span> <span class='ocrx_word' id='word_1_180' title='bbox 1365 1496 1625 1568; x_wconf 80' lang='lat' dir='ltr'><strong>Epistula</strong></span> <span class='ocrx_word' id='word_1_181' title='bbox 1658 1496 1715 1553; x_wconf 95' lang='lat' dir='ltr'><strong>S.</strong></span> <span class='ocrx_word' id='word_1_182' title='bbox 1747 1496 1938 1567; x_wconf 85' lang='lat' dir='ltr'><strong>lgnatii</strong></span> <span class='ocrx_word' id='word_1_183' title='bbox 2111 1493 2213 1549; x_wconf 89' lang='lat' dir='ltr'><strong>Sed</strong></span> <span class='ocrx_word' id='word_1_184' title='bbox 2244 1513 2401 1566; x_wconf 84' lang='lat' dir='ltr'><strong>neque</strong></span> <span class='ocrx_word' id='word_1_185' title='bbox 2427 1497 2825 1562; x_wconf 76' lang='lat' dir='ltr'><strong>Alexandrinis,</strong></span> <span class='ocrx_word' id='word_1_186' title='bbox 2855 1499 3033 1570; x_wconf 85' lang='lat' dir='ltr'><strong>inquit</strong></span> <span class='ocrx_word' id='word_1_187' title='bbox 3060 1501 3236 1569; x_wconf 90' lang='lat' dir='ltr'><strong>capite</strong></span> <span class='ocrx_word' id='word_1_188' title='bbox 3272 1500 3323 1567; x_wconf 89' lang='lat'><strong>7,</strong></span> <span class='ocrx_word' id='word_1_189' title='bbox 3354 1503 3617 1559; x_wconf 78' lang='lat' dir='ltr'><strong>notiorem</strong></span> 
     </span>
    </p>
   </div>
   <div class='ocr_carea' id='block_1_15' title="bbox 313 1587 3618 1663">
    <p class='ocr_par' dir='ltr' id='par_1_15' title="bbox 313 1587 3618 1663">
     <span class='ocr_line' id='line_1_15' title="bbox 313 1587 3618 1663; baseline 0.002 -20"><span class='ocrx_word' id='word_1_190' title='bbox 313 1589 397 1643; x_wconf 82' lang='lat' dir='ltr'><strong>ab</strong></span> <span class='ocrx_word' id='word_1_191' title='bbox 448 1589 578 1658; x_wconf 82' lang='lat' dir='ltr'><strong>ipso</strong></span> <span class='ocrx_word' id='word_1_192' title='bbox 618 1604 815 1644; x_wconf 88' lang='lat' dir='ltr'><strong>earum</strong></span> <span class='ocrx_word' id='word_1_193' title='bbox 854 1597 981 1643; x_wconf 91' lang='lat' dir='ltr'><strong>ortu</strong></span> <span class='ocrx_word' id='word_1_194' title='bbox 1032 1600 1090 1644; x_wconf 91' lang='lat' dir='ltr'><strong>et</strong></span> <span class='ocrx_word' id='word_1_195' title='bbox 1130 1598 1274 1644; x_wconf 87' lang='lat' dir='ltr'><strong>nota</strong></span> <span class='ocrx_word' id='word_1_196' title='bbox 1320 1597 1376 1643; x_wconf 93' lang='lat' dir='ltr'><strong>et</strong></span> <span class='ocrx_word' id='word_1_197' title='bbox 1411 1590 1652 1645; x_wconf 86' lang='lat' dir='ltr'><strong>illustres</strong></span> <span class='ocrx_word' id='word_1_198' title='bbox 1695 1588 1937 1651; x_wconf 78' lang='lat' dir='ltr'><strong>fuerunt,</strong></span> <span class='ocrx_word' id='word_1_199' title='bbox 2039 1605 2197 1657; x_wconf 86' lang='lat' dir='ltr'><strong>quam</strong></span> <span class='ocrx_word' id='word_1_200' title='bbox 2225 1587 2429 1643; x_wconf 77' lang='lat' dir='ltr'><strong>Irenwo</strong></span> <span class='ocrx_word' id='word_1_201' title='bbox 2453 1600 2500 1643; x_wconf 87' lang='lat' dir='ltr'><strong>et</strong></span> <span class='ocrx_word' id='word_1_202' title='bbox 2540 1590 2753 1645; x_wconf 75' lang='lat' dir='ltr'><strong>Asianis</strong></span> <span class='ocrx_word' id='word_1_203' title='bbox 2778 1591 2943 1661; x_wconf 81' lang='lat' dir='ltr'><strong>fuisse</strong></span> <span class='ocrx_word' id='word_1_204' title='bbox 2980 1593 3311 1661; x_wconf 82' lang='lat' dir='ltr'><strong>epistolicum</strong></span> <span class='ocrx_word' id='word_1_205' title='bbox 3343 1592 3618 1663; x_wconf 83' lang='lat' dir='ltr'><strong>Ignatium</strong></span> 
     </span>
    </p>
   </div>
   <div class='ocr_carea' id='block_1_16' title="bbox 308 1680 3619 1754">
    <p class='ocr_par' dir='ltr' id='par_1_16' title="bbox 308 1680 3619 1754">
     <span class='ocr_line' id='line_1_16' title="bbox 308 1680 3619 1754; baseline 0.002 -20"><span class='ocrx_word' id='word_1_206' title='bbox 308 1693 635 1753; x_wconf 87' lang='lat' dir='ltr'><strong>postquam</strong></span> <span class='ocrx_word' id='word_1_207' title='bbox 683 1681 930 1751; x_wconf 83' lang='lat' dir='ltr'><strong>genuino</strong></span> <span class='ocrx_word' id='word_1_208' title='bbox 982 1681 1239 1753; x_wconf 78' lang='lat' dir='ltr'><strong>martyris</strong></span> <span class='ocrx_word' id='word_1_209' title='bbox 1286 1680 1446 1745; x_wconf 76' lang='lat' dir='ltr'><strong>fetui,</strong></span> <span class='ocrx_word' id='word_1_210' title='bbox 1491 1697 1601 1736; x_wconf 91' lang='lat' dir='ltr'><strong>non</strong></span> <span class='ocrx_word' id='word_1_211' title='bbox 1642 1681 1935 1747; x_wconf 80' lang='lat' dir='ltr'><strong>Eusebius,</strong></span> <span class='ocrx_word' id='word_1_212' title='bbox 2039 1683 2173 1734; x_wconf 85' lang='lat' dir='ltr'><strong>satis</strong></span> <span class='ocrx_word' id='word_1_213' title='bbox 2198 1696 2261 1734; x_wconf 78' lang='lat' dir='ltr'><strong>ea:</strong></span> <span class='ocrx_word' id='word_1_214' title='bbox 2284 1684 2513 1751; x_wconf 85' lang='lat' dir='ltr'><strong>quadam</strong></span> <span class='ocrx_word' id='word_1_215' title='bbox 2547 1684 2809 1754; x_wconf 80' lang='lat' dir='ltr'><strong>singulari</strong></span> <span class='ocrx_word' id='word_1_216' title='bbox 2845 1684 2989 1739; x_wconf 78' lang='lat' dir='ltr'><strong>illius</strong></span> <span class='ocrx_word' id='word_1_217' title='bbox 3035 1683 3289 1741; x_wconf 69' lang='lat' dir='ltr'><strong>Ecclesia:</strong></span> <span class='ocrx_word' id='word_1_218' title='bbox 3334 1686 3619 1740; x_wconf 88' lang='lat' dir='ltr'><strong>traditione</strong></span> 
     </span>
    </p>
   </div>
   <div class='ocr_carea' id='block_1_17' title="bbox 314 1770 3619 1845">
    <p class='ocr_par' dir='ltr' id='par_1_17' title="bbox 314 1770 3619 1845">
     <span class='ocr_line' id='line_1_17' title="bbox 314 1770 3619 1845; baseline 0.002 -19"><span class='ocrx_word' id='word_1_219' title='bbox 314 1772 423 1826; x_wconf 77' lang='lat' dir='ltr'><strong>sed</strong></span> <span class='ocrx_word' id='word_1_220' title='bbox 477 1771 541 1825; x_wconf 90' lang='lat' dir='ltr'><strong>S.</strong></span> <span class='ocrx_word' id='word_1_221' title='bbox 577 1770 925 1842; x_wconf 79' lang='lat' dir='ltr'><strong>Polycarpus</strong></span> <span class='ocrx_word' id='word_1_222' title='bbox 978 1771 1366 1827; x_wconf 88' lang='lat' dir='ltr'><strong>obstetricatus</strong></span> <span class='ocrx_word' id='word_1_223' title='bbox 1409 1783 1513 1827; x_wconf 83' lang='lat' dir='ltr'><strong>est.</strong></span> <span class='ocrx_word' id='word_1_224' title='bbox 1556 1772 1634 1825; x_wconf 79' lang='lat' dir='ltr'><strong>Ex</strong></span> <span class='ocrx_word' id='word_1_225' title='bbox 1676 1788 1785 1842; x_wconf 89' lang='lat' dir='ltr'><strong>quo</strong></span> <span class='ocrx_word' id='word_1_226' title='bbox 1816 1773 1936 1841; x_wconf 89' lang='lat' dir='ltr'><strong>ejus</strong></span> <span class='ocrx_word' id='word_1_227' title='bbox 1970 1835 2008 1845; x_wconf 75' lang='lat'><em>_</em></span> <span class='ocrx_word' id='word_1_228' title='bbox 2039 1783 2265 1827; x_wconf 84' lang='lat' dir='ltr'><strong>constat.</strong></span> <span class='ocrx_word' id='word_1_229' title='bbox 2302 1773 2370 1828; x_wconf 87' lang='lat' dir='ltr'><strong>Et</strong></span> <span class='ocrx_word' id='word_1_230' title='bbox 2407 1790 2539 1829; x_wconf 84' lang='lat' dir='ltr'><strong>sane</strong></span> <span class='ocrx_word' id='word_1_231' title='bbox 2566 1785 2777 1830; x_wconf 89' lang='lat' dir='ltr'><strong>constet</strong></span> <span class='ocrx_word' id='word_1_232' title='bbox 2806 1774 3074 1845; x_wconf 86' lang='lat' dir='ltr'><strong>lgnatium</strong></span> <span class='ocrx_word' id='word_1_233' title='bbox 3105 1787 3355 1831; x_wconf 91' lang='lat' dir='ltr'><strong>nostrum</strong></span> <span class='ocrx_word' id='word_1_234' title='bbox 3384 1778 3619 1833; x_wconf 65' lang='lat' dir='ltr'><strong>Alexan~</strong></span> 
     </span>
    </p>
   </div>
   <div class='ocr_carea' id='block_1_18' title="bbox 310 1862 3616 1938">
    <p class='ocr_par' dir='ltr' id='par_1_18' title="bbox 310 1862 3616 1938">
     <span class='ocr_line' id='line_1_18' title="bbox 310 1862 3616 1938; baseline 0.001 -17"><span class='ocrx_word' id='word_1_235' title='bbox 310 1867 569 1936; x_wconf 84' lang='lat' dir='ltr'><strong>epistola</strong></span> <span class='ocrx_word' id='word_1_236' title='bbox 602 1866 675 1919; x_wconf 89' lang='lat' dir='ltr'><strong>ad</strong></span> <span class='ocrx_word' id='word_1_237' title='bbox 714 1865 1099 1936; x_wconf 89' lang='lat' dir='ltr'><strong>Philippenses</strong></span> <span class='ocrx_word' id='word_1_238' title='bbox 1123 1866 1248 1920; x_wconf 89' lang='lat' dir='ltr'><strong>data</strong></span> <span class='ocrx_word' id='word_1_239' title='bbox 1285 1866 1338 1920; x_wconf 92' lang='lat' dir='ltr'><strong>in</strong></span> <span class='ocrx_word' id='word_1_240' title='bbox 1365 1865 1587 1936; x_wconf 88' lang='lat' dir='ltr'><strong>publico</strong></span> <span class='ocrx_word' id='word_1_241' title='bbox 1623 1865 1767 1919; x_wconf 87' lang='lat' dir='ltr'><strong>Asia</strong></span> <span class='ocrx_word' id='word_1_242' title='bbox 1802 1880 1936 1920; x_wconf 85' lang='lat' dir='ltr'><strong>con-</strong></span> <span class='ocrx_word' id='word_1_243' title='bbox 1969 1862 2011 1889; x_wconf 75' lang='grc' dir='ltr'>υ</span> <span class='ocrx_word' id='word_1_244' title='bbox 2040 1862 2215 1919; x_wconf 90' lang='lat' dir='ltr'><strong>drinis</strong></span> <span class='ocrx_word' id='word_1_245' title='bbox 2237 1880 2345 1917; x_wconf 90' lang='lat' dir='ltr'><strong>non</strong></span> <span class='ocrx_word' id='word_1_246' title='bbox 2375 1862 2544 1919; x_wconf 80' lang='lat' dir='ltr'><strong>fuisse</strong></span> <span class='ocrx_word' id='word_1_247' title='bbox 2570 1865 2835 1920; x_wconf 90' lang='lat' dir='ltr'><strong>notiorem</strong></span> <span class='ocrx_word' id='word_1_248' title='bbox 2859 1882 3024 1937; x_wconf 90' lang='lat' dir='ltr'><strong>quam</strong></span> <span class='ocrx_word' id='word_1_249' title='bbox 3051 1865 3255 1923; x_wconf 87' lang='lat' dir='ltr'><strong>Irenaeo</strong></span> <span class='ocrx_word' id='word_1_250' title='bbox 3278 1878 3331 1923; x_wconf 92' lang='lat' dir='ltr'><strong>et</strong></span> <span class='ocrx_word' id='word_1_251' title='bbox 3359 1869 3616 1938; x_wconf 86' lang='lat' dir='ltr'><strong>Asianis;</strong></span> 
     </span>
    </p>
   </div>
   <div class='ocr_carea' id='block_1_19' title="bbox 314 1956 3617 2031">
    <p class='ocr_par' dir='ltr' id='par_1_19' title="bbox 314 1956 3617 2031">
     <span class='ocr_line' id='line_1_19' title="bbox 314 1956 3617 2031; baseline 0.001 -18"><span class='ocrx_word' id='word_1_252' title='bbox 314 1970 498 2014; x_wconf 73' lang='lat' dir='ltr'><strong>ventu</strong></span> <span class='ocrx_word' id='word_1_253' title='bbox 536 1958 902 2027; x_wconf 87' lang='lat' dir='ltr'><strong>personabat,</strong></span> <span class='ocrx_word' id='word_1_254' title='bbox 929 1956 1212 2029; x_wconf 86' lang='lat' dir='ltr'><strong>Ignatiana</strong></span> <span class='ocrx_word' id='word_1_255' title='bbox 1242 1967 1526 2027; x_wconf 89' lang='lat' dir='ltr'><strong>tantopere</strong></span> <span class='ocrx_word' id='word_1_256' title='bbox 1558 1957 1938 2011; x_wconf 87' lang='lat' dir='ltr'><strong>commendata</strong></span> <span class='ocrx_word' id='word_1_257' title='bbox 2040 1957 2221 2011; x_wconf 86' lang='lat' dir='ltr'><strong>notior</strong></span> <span class='ocrx_word' id='word_1_258' title='bbox 2280 1957 2425 2012; x_wconf 91' lang='lat' dir='ltr'><strong>enim</strong></span> <span class='ocrx_word' id='word_1_259' title='bbox 2476 1957 2859 2012; x_wconf 81' lang='lat' dir='ltr'><strong>Alexandrinis</strong></span> <span class='ocrx_word' id='word_1_260' title='bbox 2884 1967 2979 2012; x_wconf 89' lang='lat' dir='ltr'><strong>aut</strong></span> <span class='ocrx_word' id='word_1_261' title='bbox 3024 1960 3148 2015; x_wconf 90' lang='lat' dir='ltr'><strong>aliis</strong></span> <span class='ocrx_word' id='word_1_262' title='bbox 3192 1962 3617 2031; x_wconf 90' lang='lat' dir='ltr'><strong>quibuscunqne</strong></span> 
     </span>
    </p>
   </div>
   <div class='ocr_carea' id='block_1_20' title="bbox 315 2048 3618 2122">
    <p class='ocr_par' dir='ltr' id='par_1_20' title="bbox 315 2048 3618 2122">
     <span class='ocr_line' id='line_1_20' title="bbox 315 2048 3618 2122; baseline 0.001 -17"><span class='ocrx_word' id='word_1_263' title='bbox 315 2053 501 2106; x_wconf 78' lang='lat' dir='ltr'><strong>latere</strong></span> <span class='ocrx_word' id='word_1_264' title='bbox 550 2051 713 2105; x_wconf 85' lang='lat' dir='ltr'><strong>nullo</strong></span> <span class='ocrx_word' id='word_1_265' title='bbox 763 2050 932 2106; x_wconf 91' lang='lat' dir='ltr'><strong>modo</strong></span> <span class='ocrx_word' id='word_1_266' title='bbox 978 2059 1298 2121; x_wconf 87' lang='lat' dir='ltr'><strong>potuerunt.</strong></span> <span class='ocrx_word' id='word_1_267' title='bbox 1357 2049 1580 2105; x_wconf 90' lang='lat' dir='ltr'><strong>Nullum</strong></span> <span class='ocrx_word' id='word_1_268' title='bbox 1629 2051 1795 2122; x_wconf 82' lang='lat' dir='ltr'><strong>igitur</strong></span> <span class='ocrx_word' id='word_1_269' title='bbox 1848 2052 1937 2107; x_wconf 90' lang='lat' dir='ltr'><strong>hic</strong></span> <span class='ocrx_word' id='word_1_270' title='bbox 2039 2062 2160 2101; x_wconf 91' lang='lat' dir='ltr'><strong>esse</strong></span> <span class='ocrx_word' id='word_1_271' title='bbox 2190 2062 2299 2101; x_wconf 90' lang='lat' dir='ltr'><strong>non</strong></span> <span class='ocrx_word' id='word_1_272' title='bbox 2349 2048 2546 2118; x_wconf 90' lang='lat' dir='ltr'><strong>potuit,</strong></span> <span class='ocrx_word' id='word_1_273' title='bbox 2586 2065 2709 2103; x_wconf 93' lang='lat' dir='ltr'><strong>cum</strong></span> <span class='ocrx_word' id='word_1_274' title='bbox 2760 2050 2867 2105; x_wconf 89' lang='lat' dir='ltr'><strong>illis</strong></span> <span class='ocrx_word' id='word_1_275' title='bbox 2916 2049 3081 2106; x_wconf 81' lang='lat' dir='ltr'><strong>fuerit.</strong></span> <span class='ocrx_word' id='word_1_276' title='bbox 3126 2053 3469 2108; x_wconf 92' lang='lat' dir='ltr'><strong>notissimus.</strong></span> <span class='ocrx_word' id='word_1_277' title='bbox 3514 2052 3618 2108; x_wconf 79' lang='lat' dir='ltr'><strong>Pro</strong></span> 
     </span>
    </p>
   </div>
   <div class='ocr_carea' id='block_1_21' title="bbox 315 2140 3616 2213">
    <p class='ocr_par' dir='ltr' id='par_1_21' title="bbox 315 2140 3616 2213">
     <span class='ocr_line' id='line_1_21' title="bbox 315 2140 3616 2213; baseline 0.003 -14"><span class='ocrx_word' id='word_1_278' title='bbox 315 2143 868 2209; x_wconf 73' lang='lat' dir='ltr'><strong>silentiummullum</strong></span> <span class='ocrx_word' id='word_1_279' title='bbox 891 2143 1140 2213; x_wconf 85' lang='lat' dir='ltr'><strong>negantis</strong></span> <span class='ocrx_word' id='word_1_280' title='bbox 1162 2145 1469 2213; x_wconf 85' lang='lat' dir='ltr'><strong>argumenti</strong></span> <span class='ocrx_word' id='word_1_281' title='bbox 1494 2143 1932 2199; x_wconf 77' lang='lat' dir='ltr'><strong>fundamentum.</strong></span> <span class='ocrx_word' id='word_1_282' title='bbox 2040 2140 2340 2195; x_wconf 70' lang='lat' dir='ltr'><strong>Athanasio</strong></span> <span class='ocrx_word' id='word_1_283' title='bbox 2384 2142 2625 2209; x_wconf 80' lang='lat' dir='ltr'><strong>loquitur</strong></span> <span class='ocrx_word' id='word_1_284' title='bbox 2654 2142 2925 2196; x_wconf 64' lang='lat' dir='ltr'><strong>Sententia</strong></span> <span class='ocrx_word' id='word_1_285' title='bbox 2966 2159 3135 2212; x_wconf 85' lang='lat' dir='ltr'><strong>quam</strong></span> <span class='ocrx_word' id='word_1_286' title='bbox 3175 2146 3474 2213; x_wconf 62' lang='lat' dir='ltr'><strong>CXCCTPSN;</strong></span> <span class='ocrx_word' id='word_1_287' title='bbox 3515 2162 3616 2213; x_wconf 71' lang='lat' dir='ltr'><strong>PN</strong></span> 
     </span>
    </p>
   </div>
   <div class='ocr_carea' id='block_1_22' title="bbox 396 2232 3617 2305">
    <p class='ocr_par' dir='ltr' id='par_1_22' title="bbox 396 2232 3617 2305">
     <span class='ocr_line' id='line_1_22' title="bbox 396 2232 3617 2305; baseline 0.001 -19"><span class='ocrx_word' id='word_1_288' title='bbox 396 2232 640 2289; x_wconf 87' lang='lat' dir='ltr'><strong>Summa</strong></span> <span class='ocrx_word' id='word_1_289' title='bbox 695 2233 1012 2303; x_wconf 85' lang='lat' dir='ltr'><strong>argumenti</strong></span> <span class='ocrx_word' id='word_1_290' title='bbox 1056 2248 1086 2287; x_wconf 94' lang='lat' dir='ltr'><strong>a</strong></span> <span class='ocrx_word' id='word_1_291' title='bbox 1126 2233 1245 2289; x_wconf 89' lang='lat' dir='ltr'><strong>viro</strong></span> <span class='ocrx_word' id='word_1_292' title='bbox 1309 2234 1631 2291; x_wconf 89' lang='lat' dir='ltr'><strong>doctissimo</strong></span> <span class='ocrx_word' id='word_1_293' title='bbox 1684 2235 1937 2305; x_wconf 88' lang='lat' dir='ltr'><strong>producti</strong></span> <span class='ocrx_word' id='word_1_294' title='bbox 2039 2232 2257 2287; x_wconf 83' lang='lat' dir='ltr'><strong>Asianis</strong></span> <span class='ocrx_word' id='word_1_295' title='bbox 2280 2232 2510 2302; x_wconf 92' lang='lat' dir='ltr'><strong>epistola</strong></span> <span class='ocrx_word' id='word_1_296' title='bbox 2538 2233 2821 2304; x_wconf 83' lang='lat' dir='ltr'><strong>Polycarpi</strong></span> <span class='ocrx_word' id='word_1_297' title='bbox 2854 2250 2950 2303; x_wconf 91' lang='lat' dir='ltr'><strong>per</strong></span> <span class='ocrx_word' id='word_1_298' title='bbox 2974 2244 3054 2289; x_wconf 89' lang='lat' dir='ltr'><strong>tot</strong></span> <span class='ocrx_word' id='word_1_299' title='bbox 3073 2236 3273 2290; x_wconf 84' lang='lat' dir='ltr'><strong>sacula</strong></span> <span class='ocrx_word' id='word_1_300' title='bbox 3292 2234 3436 2304; x_wconf 87' lang='lat' dir='ltr'><strong>apud</strong></span> <span class='ocrx_word' id='word_1_301' title='bbox 3467 2235 3617 2305; x_wconf 89' lang='lat' dir='ltr'><strong>ipsos</strong></span> 
     </span>
    </p>
   </div>
   <div class='ocr_carea' id='block_1_23' title="bbox 315 2322 3617 2398">
    <p class='ocr_par' dir='ltr' id='par_1_23' title="bbox 315 2322 3617 2398">
     <span class='ocr_line' id='line_1_23' title="bbox 315 2322 3617 2398; baseline 0.001 -21"><span class='ocrx_word' id='word_1_302' title='bbox 315 2324 445 2378; x_wconf 83' lang='lat' dir='ltr'><strong>hac</strong></span> <span class='ocrx_word' id='word_1_303' title='bbox 488 2333 600 2379; x_wconf 88' lang='lat' dir='ltr'><strong>est.</strong></span> <span class='ocrx_word' id='word_1_304' title='bbox 662 2323 721 2378; x_wconf 91' lang='lat' dir='ltr'><strong>Si</strong></span> <span class='ocrx_word' id='word_1_305' title='bbox 762 2340 909 2379; x_wconf 85' lang='lat' dir='ltr'><strong>vera</strong></span> <span class='ocrx_word' id='word_1_306' title='bbox 953 2334 1139 2380; x_wconf 85' lang='lat' dir='ltr'><strong>essent</strong></span> <span class='ocrx_word' id='word_1_307' title='bbox 1184 2325 1268 2381; x_wconf 87' lang='lat' dir='ltr'><strong>ha</strong></span> <span class='ocrx_word' id='word_1_308' title='bbox 1307 2324 1504 2395; x_wconf 85' lang='lat' dir='ltr'><strong>Ignatii</strong></span> <span class='ocrx_word' id='word_1_309' title='bbox 1552 2327 1815 2397; x_wconf 86' lang='lat' dir='ltr'><strong>epistola,</strong></span> <span class='ocrx_word' id='word_1_310' title='bbox 1859 2343 1937 2383; x_wconf 73' lang='lat' dir='ltr'><strong>ea:</strong></span> <span class='ocrx_word' id='word_1_311' title='bbox 2038 2324 2198 2380; x_wconf 85' lang='lat' dir='ltr'><strong>lecta.</strong></span> <span class='ocrx_word' id='word_1_312' title='bbox 2247 2322 2351 2378; x_wconf 88' lang='lat' dir='ltr'><strong>Sed</strong></span> <span class='ocrx_word' id='word_1_313' title='bbox 2381 2336 2456 2378; x_wconf 87' lang='lat' dir='ltr'><strong>est</strong></span> <span class='ocrx_word' id='word_1_314' title='bbox 2504 2325 2613 2379; x_wconf 77' lang='lat' dir='ltr'><strong>lucc</strong></span> <span class='ocrx_word' id='word_1_315' title='bbox 2643 2325 2910 2391; x_wconf 80' lang='lat' dir='ltr'><strong>doctrina,</strong></span> <span class='ocrx_word' id='word_1_316' title='bbox 2942 2326 3144 2395; x_wconf 84' lang='lat' dir='ltr'><strong>inquit,</strong></span> <span class='ocrx_word' id='word_1_317' title='bbox 3181 2326 3245 2379; x_wconf 86' lang='lat' dir='ltr'><strong>ob</strong></span> <span class='ocrx_word' id='word_1_318' title='bbox 3284 2324 3498 2398; x_wconf 86' lang='lat' dir='ltr'><strong>Ignatio</strong></span> <span class='ocrx_word' id='word_1_319' title='bbox 3528 2328 3617 2381; x_wconf 45' lang='lat' dir='ltr'><strong>in.-</strong></span> 
     </span>
    </p>
   </div>
   <div class='ocr_carea' id='block_1_24' title="bbox 317 2417 3616 2490">
    <p class='ocr_par' dir='ltr' id='par_1_24' title="bbox 317 2417 3616 2490">
     <span class='ocr_line' id='line_1_24' title="bbox 317 2417 3616 2490; baseline 0.001 -20"><span class='ocrx_word' id='word_1_320' title='bbox 317 2417 577 2473; x_wconf 76' lang='lat' dir='ltr'><strong>fuissent</strong></span> <span class='ocrx_word' id='word_1_321' title='bbox 603 2417 743 2472; x_wconf 84' lang='lat' dir='ltr'><strong>viris</strong></span> <span class='ocrx_word' id='word_1_322' title='bbox 772 2417 1029 2484; x_wconf 87' lang='lat' dir='ltr'><strong>eruditis,</strong></span> <span class='ocrx_word' id='word_1_323' title='bbox 1054 2418 1275 2474; x_wconf 85' lang='lat' dir='ltr'><strong>Justino</strong></span> <span class='ocrx_word' id='word_1_324' title='bbox 1301 2420 1355 2473; x_wconf 90' lang='lat' dir='ltr'><strong>in</strong></span> <span class='ocrx_word' id='word_1_325' title='bbox 1384 2421 1603 2490; x_wconf 89' lang='lat' dir='ltr'><strong>primis,</strong></span> <span class='ocrx_word' id='word_1_326' title='bbox 1629 2430 1684 2477; x_wconf 89' lang='lat' dir='ltr'><strong>et</strong></span> <span class='ocrx_word' id='word_1_327' title='bbox 1708 2420 1932 2489; x_wconf 89' lang='lat' dir='ltr'><strong>lrenao,</strong></span> <span class='ocrx_word' id='word_1_328' title='bbox 2038 2418 2269 2484; x_wconf 87' lang='lat' dir='ltr'><strong>culcata,</strong></span> <span class='ocrx_word' id='word_1_329' title='bbox 2301 2434 2401 2471; x_wconf 90' lang='lat' dir='ltr'><strong>non</strong></span> <span class='ocrx_word' id='word_1_330' title='bbox 2430 2417 2587 2471; x_wconf 85' lang='lat' dir='ltr'><strong>aliter</strong></span> <span class='ocrx_word' id='word_1_331' title='bbox 2620 2436 2775 2489; x_wconf 87' lang='lat' dir='ltr'><strong>quam</strong></span> <span class='ocrx_word' id='word_1_332' title='bbox 2806 2419 2870 2471; x_wconf 88' lang='lat' dir='ltr'><strong>ab</strong></span> <span class='ocrx_word' id='word_1_333' title='bbox 2896 2435 2999 2475; x_wconf 88' lang='lat' dir='ltr'><strong>uno</strong></span> <span class='ocrx_word' id='word_1_334' title='bbox 3029 2421 3269 2489; x_wconf 87' lang='lat' dir='ltr'><strong>episcopo</strong></span> <span class='ocrx_word' id='word_1_335' title='bbox 3298 2420 3616 2490; x_wconf 82' lang='lat' dir='ltr'><strong>presbyteris</strong></span> 
     </span>
    </p>
   </div>
   <div class='ocr_carea' id='block_1_25' title="bbox 315 2508 3619 2580">
    <p class='ocr_par' dir='ltr' id='par_1_25' title="bbox 315 2508 3619 2580">
     <span class='ocr_line' id='line_1_25' title="bbox 315 2508 3619 2580; baseline -0.001 -15"><span class='ocrx_word' id='word_1_336' title='bbox 315 2520 378 2565; x_wconf 85' lang='lat' dir='ltr'><strong>et</strong></span> <span class='ocrx_word' id='word_1_337' title='bbox 430 2510 711 2571; x_wconf 86' lang='lat' dir='ltr'><strong>Clementi</strong></span> <span class='ocrx_word' id='word_1_338' title='bbox 757 2511 1156 2578; x_wconf 79' lang='lat' dir='ltr'><strong>Alexandrino,</strong></span> <span class='ocrx_word' id='word_1_339' title='bbox 1202 2522 1257 2568; x_wconf 88' lang='lat' dir='ltr'><strong>et</strong></span> <span class='ocrx_word' id='word_1_340' title='bbox 1303 2512 1666 2580; x_wconf 89' lang='lat' dir='ltr'><strong>Tertulliano,</strong></span> <span class='ocrx_word' id='word_1_341' title='bbox 1709 2526 1764 2572; x_wconf 91' lang='lat' dir='ltr'><strong>et</strong></span> <span class='ocrx_word' id='word_1_342' title='bbox 1811 2517 1935 2572; x_wconf 91' lang='lat' dir='ltr'><strong>aliis</strong></span> <span class='ocrx_word' id='word_1_343' title='bbox 2036 2509 2346 2580; x_wconf 75' lang='lat' dir='ltr'><strong>prwsidente</strong></span> <span class='ocrx_word' id='word_1_344' title='bbox 2377 2510 2485 2580; x_wconf 82' lang='lat' dir='ltr'><strong>regi</strong></span> <span class='ocrx_word' id='word_1_345' title='bbox 2523 2526 2672 2578; x_wconf 84' lang='lat' dir='ltr'><strong>posse</strong></span> <span class='ocrx_word' id='word_1_346' title='bbox 2702 2526 2764 2562; x_wconf 88' lang='lat' dir='ltr'><strong>ac</strong></span> <span class='ocrx_word' id='word_1_347' title='bbox 2795 2509 2979 2565; x_wconf 87' lang='lat' dir='ltr'><strong>debere</strong></span> <span class='ocrx_word' id='word_1_348' title='bbox 3013 2509 3253 2580; x_wconf 83' lang='lat' dir='ltr'><strong>singulas</strong></span> <span class='ocrx_word' id='word_1_349' title='bbox 3282 2508 3483 2565; x_wconf 80' lang='lat' dir='ltr'><strong>Christi</strong></span> <span class='ocrx_word' id='word_1_350' title='bbox 3516 2508 3619 2562; x_wconf 75' lang='lat' dir='ltr'><strong>Ec—</strong></span> 
     </span>
    </p>
   </div>
   <div class='ocr_carea' id='block_1_26' title="bbox 314 2599 3615 2681">
    <p class='ocr_par' dir='ltr' id='par_1_26' title="bbox 314 2599 3615 2681">
     <span class='ocr_line' id='line_1_26' title="bbox 314 2599 3615 2681; baseline 0.001 -31"><span class='ocrx_word' id='word_1_351' title='bbox 314 2604 581 2673; x_wconf 79' lang='lat' dir='ltr'><strong>ejusdem</strong></span> <span class='ocrx_word' id='word_1_352' title='bbox 637 2619 841 2660; x_wconf 84' lang='lat' dir='ltr'><strong>census</strong></span> <span class='ocrx_word' id='word_1_353' title='bbox 897 2616 1064 2676; x_wconf 70' lang='lat' dir='ltr'><strong>atque</strong></span> <span class='ocrx_word' id='word_1_354' title='bbox 1104 2607 1201 2661; x_wconf 61' lang='lat' dir='ltr'><strong>mvi</strong></span> <span class='ocrx_word' id='word_1_355' title='bbox 1254 2601 1617 2678; x_wconf 70' lang='lat' dir='ltr'><strong>scriptoribﬁs</strong></span> <span class='ocrx_word' id='word_1_356' title='bbox 1669 2612 1931 2681; x_wconf 61' lang='lat' dir='ltr'><strong>cognitis-</strong></span> <span class='ocrx_word' id='word_1_357' title='bbox 2037 2601 2246 2655; x_wconf 76' lang='lat' dir='ltr'><strong>clesias.</strong></span> <span class='ocrx_word' id='word_1_358' title='bbox 2276 2600 2353 2656; x_wconf 91' lang='lat' dir='ltr'><strong>De</strong></span> <span class='ocrx_word' id='word_1_359' title='bbox 2387 2600 2610 2672; x_wconf 78' lang='lat' dir='ltr'><strong>singulis</strong></span> <span class='ocrx_word' id='word_1_360' title='bbox 2641 2601 2778 2655; x_wconf 80' lang='lat' dir='ltr'><strong>nihil</strong></span> <span class='ocrx_word' id='word_1_361' title='bbox 2820 2600 2958 2655; x_wconf 84' lang='lat' dir='ltr'><strong>dixit</strong></span> <span class='ocrx_word' id='word_1_362' title='bbox 2986 2599 3249 2672; x_wconf 89' lang='lat' dir='ltr'><strong>lgnatius,</strong></span> <span class='ocrx_word' id='word_1_363' title='bbox 3275 2610 3329 2656; x_wconf 92' lang='lat' dir='ltr'><strong>et</strong></span> <span class='ocrx_word' id='word_1_364' title='bbox 3353 2610 3532 2671; x_wconf 89' lang='lat' dir='ltr'><strong>potest</strong></span> <span class='ocrx_word' id='word_1_365' title='bbox 3562 2601 3615 2654; x_wconf 87' lang='lat' dir='ltr'><strong>itt</strong></span> 
     </span>
    </p>
   </div>
   <div class='ocr_carea' id='block_1_27' title="bbox 896 423 961 447">
    <p class='ocr_par' dir='ltr' id='par_1_27' title="bbox 896 423 961 447">
     <span class='ocr_line' id='line_1_27' title="bbox 896 423 961 447; baseline 0 -2"><span class='ocrx_word' id='word_1_366' title='bbox 896 423 961 447; x_wconf 53' lang='grc' dir='ltr'><strong>κ’.</strong></span> 
     </span>
    </p>
   </div>
   <div class='ocr_carea' id='block_1_28' title="bbox 1969 1835 2011 1889">
    <p class='ocr_par' dir='ltr' id='par_1_28' title="bbox 1969 1835 2011 1889">
     <span class='ocr_line' id='line_1_28' title="bbox 1969 1835 2011 1889; baseline 0 0"><span class='ocrx_word' id='word_1_367' title='bbox 1969 1835 2011 1889; x_wconf 87' lang='grc' dir='ltr'><strong>Β</strong></span> 
     </span>
    </p>
   </div>
   <div class='ocr_carea' id='block_1_29' title="bbox 314 2692 3618 2770">
    <p class='ocr_par' dir='ltr' id='par_1_29' title="bbox 314 2692 3618 2770">
     <span class='ocr_line' id='line_1_29' title="bbox 314 2692 3618 2770; baseline -0.002 -19"><span class='ocrx_word' id='word_1_368' title='bbox 314 2696 506 2751; x_wconf 82' lang='lat' dir='ltr'><strong>sima.</strong></span> <span class='ocrx_word' id='word_1_369' title='bbox 555 2694 666 2751; x_wconf 88' lang='lat' dir='ltr'><strong>Sed</strong></span> <span class='ocrx_word' id='word_1_370' title='bbox 698 2697 833 2751; x_wconf 91' lang='lat' dir='ltr'><strong>viris</strong></span> <span class='ocrx_word' id='word_1_371' title='bbox 861 2697 971 2753; x_wconf 89' lang='lat' dir='ltr'><strong>illis</strong></span> <span class='ocrx_word' id='word_1_372' title='bbox 1001 2698 1392 2754; x_wconf 90' lang='lat' dir='ltr'><strong>eruditissimis</strong></span> <span class='ocrx_word' id='word_1_373' title='bbox 1418 2703 1646 2770; x_wconf 81' lang='lat' dir='ltr'><strong>cognita</strong></span> <span class='ocrx_word' id='word_1_374' title='bbox 1676 2718 1782 2757; x_wconf 91' lang='lat' dir='ltr'><strong>non</strong></span> <span class='ocrx_word' id='word_1_375' title='bbox 1816 2702 1933 2759; x_wconf 81' lang='lat' dir='ltr'><strong>fue-</strong></span> <span class='ocrx_word' id='word_1_376' title='bbox 2034 2710 2097 2749; x_wconf 77' lang='lat' dir='ltr'><strong>ea</strong></span> <span class='ocrx_word' id='word_1_377' title='bbox 2130 2709 2262 2749; x_wconf 79' lang='lat' dir='ltr'><strong>Voce</strong></span> <span class='ocrx_word' id='word_1_378' title='bbox 2293 2694 2504 2764; x_wconf 82' lang='lat' dir='ltr'><strong>aliquid</strong></span> <span class='ocrx_word' id='word_1_379' title='bbox 2542 2694 2739 2761; x_wconf 80' lang='lat' dir='ltr'><strong>latere;</strong></span> <span class='ocrx_word' id='word_1_380' title='bbox 2774 2696 2865 2750; x_wconf 91' lang='lat' dir='ltr'><strong>sed</strong></span> <span class='ocrx_word' id='word_1_381' title='bbox 2908 2695 2955 2750; x_wconf 94' lang='lat' dir='ltr'><strong>si</strong></span> <span class='ocrx_word' id='word_1_382' title='bbox 2995 2703 3140 2749; x_wconf 91' lang='lat' dir='ltr'><strong>recte</strong></span> <span class='ocrx_word' id='word_1_383' title='bbox 3171 2692 3530 2764; x_wconf 81' lang='lat' dir='ltr'><strong>intelligatur,</strong></span> <span class='ocrx_word' id='word_1_384' title='bbox 3553 2709 3618 2749; x_wconf 87' lang='lat' dir='ltr'><strong>ea</strong></span> 
     </span>
    </p>
   </div>
   <div class='ocr_carea' id='block_1_30' title="bbox 318 2785 1929 2860">
    <p class='ocr_par' dir='ltr' id='par_1_30' title="bbox 318 2785 1929 2860">
     <span class='ocr_line' id='line_1_30' title="bbox 318 2785 1929 2860; baseline 0.007 -20"><span class='ocrx_word' id='word_1_385' title='bbox 318 2798 478 2842; x_wconf 88' lang='lat' dir='ltr'><strong>runt.</strong></span> <span class='ocrx_word' id='word_1_386' title='bbox 529 2785 682 2859; x_wconf 86' lang='lat' dir='ltr'><strong>Ergo</strong></span> <span class='ocrx_word' id='word_1_387' title='bbox 721 2787 921 2859; x_wconf 85' lang='lat' dir='ltr'><strong>Ignatii</strong></span> <span class='ocrx_word' id='word_1_388' title='bbox 966 2790 1214 2860; x_wconf 86' lang='lat' dir='ltr'><strong>epistola</strong></span> <span class='ocrx_word' id='word_1_389' title='bbox 1260 2808 1404 2847; x_wconf 85' lang='lat' dir='ltr'><strong>verae</strong></span> <span class='ocrx_word' id='word_1_390' title='bbox 1450 2790 1559 2848; x_wconf 81' lang='lat' dir='ltr'><strong>non</strong></span> <span class='ocrx_word' id='word_1_391' title='bbox 1605 2805 1754 2851; x_wconf 88' lang='lat' dir='ltr'><strong>sunt.</strong></span> <span class='ocrx_word' id='word_1_392' title='bbox 1789 2795 1929 2851; x_wconf 90' lang='lat' dir='ltr'><strong>Tum</strong></span> 
     </span>
    </p>
   </div>
   <div class='ocr_carea' id='block_1_31' title="bbox 316 2883 1927 2958">
    <p class='ocr_par' dir='ltr' id='par_1_31' title="bbox 316 2883 1927 2958">
     <span class='ocr_line' id='line_1_31' title="bbox 316 2883 1927 2958; baseline 0.009 -27"><span class='ocrx_word' id='word_1_393' title='bbox 316 2895 458 2933; x_wconf 73' lang='lat' dir='ltr'><strong>vero</strong></span> <span class='ocrx_word' id='word_1_394' title='bbox 480 2895 590 2949; x_wconf 89' lang='lat' dir='ltr'><strong>pro</strong></span> <span class='ocrx_word' id='word_1_395' title='bbox 611 2895 884 2935; x_wconf 90' lang='lat' dir='ltr'><strong>concesso</strong></span> <span class='ocrx_word' id='word_1_396' title='bbox 905 2883 1097 2949; x_wconf 90' lang='lat' dir='ltr'><strong>sumit,</strong></span> <span class='ocrx_word' id='word_1_397' title='bbox 1117 2898 1221 2939; x_wconf 90' lang='lat' dir='ltr'><strong>nos</strong></span> <span class='ocrx_word' id='word_1_398' title='bbox 1248 2884 1385 2939; x_wconf 82' lang='lat' dir='ltr'><strong>illud</strong></span> <span class='ocrx_word' id='word_1_399' title='bbox 1410 2902 1581 2941; x_wconf 91' lang='lat' dir='ltr'><strong>unum</strong></span> <span class='ocrx_word' id='word_1_400' title='bbox 1609 2896 1927 2958; x_wconf 82' lang='lat' dir='ltr'><strong>negaturos,</strong></span> 
     </span>
    </p>
   </div>
   <div class='ocr_carea' id='block_1_32' title="bbox 2034 2784 3617 2858">
    <p class='ocr_par' dir='ltr' id='par_1_32' title="bbox 2034 2784 3617 2858">
     <span class='ocr_line' id='line_1_32' title="bbox 2034 2784 3617 2858; baseline 0.001 -18"><span class='ocrx_word' id='word_1_401' title='bbox 2034 2799 2180 2842; x_wconf 90' lang='lat' dir='ltr'><strong>certe</strong></span> <span class='ocrx_word' id='word_1_402' title='bbox 2207 2784 2398 2856; x_wconf 87' lang='lat' dir='ltr'><strong>Ignatii</strong></span> <span class='ocrx_word' id='word_1_403' title='bbox 2428 2786 2673 2840; x_wconf 84' lang='lat' dir='ltr'><strong>doctrina</strong></span> <span class='ocrx_word' id='word_1_404' title='bbox 2718 2785 2853 2854; x_wconf 81' lang='lat' dir='ltr'><strong>fuit,</strong></span> <span class='ocrx_word' id='word_1_405' title='bbox 2886 2796 2957 2851; x_wconf 90' lang='lat' dir='ltr'><strong>et,</strong></span> <span class='ocrx_word' id='word_1_406' title='bbox 2984 2795 3049 2847; x_wconf 79' lang='lat' dir='ltr'><strong>ut</strong></span> <span class='ocrx_word' id='word_1_407' title='bbox 3083 2786 3313 2858; x_wconf 80' lang='lat' dir='ltr'><strong>opinor,</strong></span> <span class='ocrx_word' id='word_1_408' title='bbox 3339 2786 3617 2857; x_wconf 81' lang='lat' dir='ltr'><strong>apostolo.-</strong></span> 
     </span>
    </p>
   </div>
   <div class='ocr_carea' id='block_1_33' title="bbox 2034 2870 3617 2953">
    <p class='ocr_par' dir='ltr' id='par_1_33' title="bbox 2034 2870 3617 2953">
     <span class='ocr_line' id='line_1_33' title="bbox 2034 2870 3617 2953; baseline -0.001 -20"><span class='ocrx_word' id='word_1_409' title='bbox 2034 2870 2156 2933; x_wconf 85' lang='lat' dir='ltr'><strong>rum</strong></span> <span class='ocrx_word' id='word_1_410' title='bbox 2196 2879 2465 2949; x_wconf 88' lang='lat' dir='ltr'><strong>discipulo</strong></span> <span class='ocrx_word' id='word_1_411' title='bbox 2502 2888 2561 2953; x_wconf 84' lang='lat' dir='ltr'><strong>et</strong></span> <span class='ocrx_word' id='word_1_412' title='bbox 2599 2879 2857 2952; x_wconf 72' lang='lat' dir='ltr'><strong>episcopo</strong></span> <span class='ocrx_word' id='word_1_413' title='bbox 2901 2879 3246 2950; x_wconf 85' lang='lat' dir='ltr'><strong>dignissima.</strong></span> <span class='ocrx_word' id='word_1_414' title='bbox 3298 2878 3380 2932; x_wconf 89' lang='lat' dir='ltr'><strong>An</strong></span> <span class='ocrx_word' id='word_1_415' title='bbox 3432 2886 3617 2941; x_wconf 79' lang='lat' dir='ltr'><strong>autem</strong></span> 
     </span>
    </p>
   </div>
   <div class='ocr_carea' id='block_1_34' title="bbox 317 2970 3618 3049">
    <p class='ocr_par' dir='ltr' id='par_1_34' title="bbox 317 2970 3618 3049">
     <span class='ocr_line' id='line_1_34' title="bbox 317 2970 3618 3049; baseline 0.001 -24"><span class='ocrx_word' id='word_1_416' title='bbox 317 2973 552 3041; x_wconf 81' lang='lat' dir='ltr'><strong>ignotas</strong></span> <span class='ocrx_word' id='word_1_417' title='bbox 591 2973 805 3028; x_wconf 86' lang='lat' dir='ltr'><strong>scilicet</strong></span> <span class='ocrx_word' id='word_1_418' title='bbox 850 2973 1024 3031; x_wconf 83' lang='lat' dir='ltr'><strong>fuisse</strong></span> <span class='ocrx_word' id='word_1_419' title='bbox 1066 2976 1201 3031; x_wconf 85' lang='lat' dir='ltr'><strong>viris</strong></span> <span class='ocrx_word' id='word_1_420' title='bbox 1252 2977 1364 3032; x_wconf 71' lang='lat' dir='ltr'><strong>illis</strong></span> <span class='ocrx_word' id='word_1_421' title='bbox 1410 2978 1511 3033; x_wconf 79' lang='lat' dir='ltr'><strong>has</strong></span> <span class='ocrx_word' id='word_1_422' title='bbox 1546 2979 1829 3049; x_wconf 61' lang='lat' dir='ltr'><strong>epistolas,</strong></span> <span class='ocrx_word' id='word_1_423' title='bbox 1864 2982 1930 3037; x_wconf 84' lang='grc' dir='ltr'><strong>Αι</strong></span> <span class='ocrx_word' id='word_1_424' title='bbox 1972 3010 1997 3048; x_wconf 65' lang='grc' dir='ltr'><strong><em>ο</em></strong></span> <span class='ocrx_word' id='word_1_425' title='bbox 2034 2972 2149 3026; x_wconf 87' lang='lat' dir='ltr'><strong>hac</strong></span> <span class='ocrx_word' id='word_1_426' title='bbox 2183 2971 2435 3027; x_wconf 90' lang='lat' dir='ltr'><strong>doctrina</strong></span> <span class='ocrx_word' id='word_1_427' title='bbox 2475 2971 2859 3031; x_wconf 84' lang='lat' dir='ltr'><strong>Alexandrinis</strong></span> <span class='ocrx_word' id='word_1_428' title='bbox 2890 2981 3009 3026; x_wconf 89' lang='lat' dir='ltr'><strong>erat</strong></span> <span class='ocrx_word' id='word_1_429' title='bbox 3056 2970 3359 3041; x_wconf 86' lang='lat' dir='ltr'><strong>incOgnita,</strong></span> <span class='ocrx_word' id='word_1_430' title='bbox 3389 2979 3451 3025; x_wconf 89' lang='lat' dir='ltr'><strong>ut</strong></span> <span class='ocrx_word' id='word_1_431' title='bbox 3490 2972 3618 3029; x_wconf 78' lang='lat' dir='ltr'><strong>inde</strong></span> 
     </span>
    </p>
   </div>
   <div class='ocr_carea' id='block_1_35' title="bbox 319 3065 1926 3140">
    <p class='ocr_par' dir='ltr' id='par_1_35' title="bbox 319 3065 1926 3140">
     <span class='ocr_line' id='line_1_35' title="bbox 319 3065 1926 3140; baseline 0.007 -22"><span class='ocrx_word' id='word_1_432' title='bbox 319 3080 430 3119; x_wconf 89' lang='lat' dir='ltr'><strong>nos</strong></span> <span class='ocrx_word' id='word_1_433' title='bbox 458 3065 576 3120; x_wconf 89' lang='lat' dir='ltr'><strong>duo</strong></span> <span class='ocrx_word' id='word_1_434' title='bbox 623 3065 714 3119; x_wconf 88' lang='lat' dir='ltr'><strong>hic</strong></span> <span class='ocrx_word' id='word_1_435' title='bbox 762 3081 1049 3137; x_wconf 89' lang='lat' dir='ltr'><strong>negamus,</strong></span> <span class='ocrx_word' id='word_1_436' title='bbox 1080 3070 1347 3138; x_wconf 90' lang='lat' dir='ltr'><strong>primum,</strong></span> <span class='ocrx_word' id='word_1_437' title='bbox 1385 3070 1431 3126; x_wconf 92' lang='lat' dir='ltr'><strong>si</strong></span> <span class='ocrx_word' id='word_1_438' title='bbox 1477 3070 1731 3128; x_wconf 85' lang='lat' dir='ltr'><strong>Justinus</strong></span> <span class='ocrx_word' id='word_1_439' title='bbox 1761 3072 1926 3140; x_wconf 80' lang='lat' dir='ltr'><strong>forte,</strong></span> 
     </span>
    </p>
   </div>
   <div class='ocr_carea' id='block_1_36' title="bbox 2032 3058 3619 3133">
    <p class='ocr_par' dir='ltr' id='par_1_36' title="bbox 2032 3058 3619 3133">
     <span class='ocr_line' id='line_1_36' title="bbox 2032 3058 3619 3133; baseline 0.001 -21"><span class='ocrx_word' id='word_1_440' title='bbox 2032 3059 2194 3113; x_wconf 89' lang='lat' dir='ltr'><strong>etiam</strong></span> <span class='ocrx_word' id='word_1_441' title='bbox 2229 3058 2495 3129; x_wconf 87' lang='lat' dir='ltr'><strong>[gnatium</strong></span> <span class='ocrx_word' id='word_1_442' title='bbox 2538 3060 2605 3115; x_wconf 90' lang='lat' dir='ltr'><strong>iis</strong></span> <span class='ocrx_word' id='word_1_443' title='bbox 2650 3061 2869 3129; x_wconf 86' lang='lat' dir='ltr'><strong>penitus</strong></span> <span class='ocrx_word' id='word_1_444' title='bbox 2900 3062 3145 3133; x_wconf 92' lang='lat' dir='ltr'><strong>ignotum</strong></span> <span class='ocrx_word' id='word_1_445' title='bbox 3194 3060 3364 3117; x_wconf 82' lang='lat' dir='ltr'><strong>fuisse</strong></span> <span class='ocrx_word' id='word_1_446' title='bbox 3391 3062 3619 3131; x_wconf 63' lang='lat' dir='ltr'><strong>colliga-</strong></span> 
     </span>
    </p>
   </div>
   <div class='ocr_carea' id='block_1_37' title="bbox 317 3151 1920 3249">
    <p class='ocr_par' dir='ltr' id='par_1_37' title="bbox 317 3158 1920 3237">
     <span class='ocr_line' id='line_1_37' title="bbox 317 3158 1920 3237; baseline 0.006 -26"><span class='ocrx_word' id='word_1_447' title='bbox 317 3168 420 3211; x_wconf 88' lang='lat' dir='ltr'><strong>aut</strong></span> <span class='ocrx_word' id='word_1_448' title='bbox 447 3158 732 3226; x_wconf 80' lang='lat' dir='ltr'><strong>Clemens,</strong></span> <span class='ocrx_word' id='word_1_449' title='bbox 764 3168 860 3214; x_wconf 88' lang='lat' dir='ltr'><strong>aut</strong></span> <span class='ocrx_word' id='word_1_450' title='bbox 885 3159 1281 3228; x_wconf 84' lang='lat' dir='ltr'><strong>Tertullianus,</strong></span> <span class='ocrx_word' id='word_1_451' title='bbox 1313 3175 1409 3220; x_wconf 89' lang='lat' dir='ltr'><strong>aut</strong></span> <span class='ocrx_word' id='word_1_452' title='bbox 1436 3167 1489 3220; x_wconf 91' lang='lat' dir='ltr'><strong>hi</strong></span> <span class='ocrx_word' id='word_1_453' title='bbox 1516 3183 1707 3223; x_wconf 91' lang='lat' dir='ltr'><strong>omnes</strong></span> <span class='ocrx_word' id='word_1_454' title='bbox 1730 3166 1920 3237; x_wconf 85' lang='lat' dir='ltr'><strong>lgnatii</strong></span> 
     </span>
    </p>
   </div>
   <div class='ocr_carea' id='block_1_38' title="bbox 2023 3151 3615 3249">
    <p class='ocr_par' dir='ltr' id='par_1_38' title="bbox 2035 3151 3615 3226">
     <span class='ocr_line' id='line_1_38' title="bbox 2035 3151 3615 3226; baseline 0.002 -20"><span class='ocrx_word' id='word_1_455' title='bbox 2035 3153 2197 3213; x_wconf 84' lang='lat' dir='ltr'><strong>mus?</strong></span> <span class='ocrx_word' id='word_1_456' title='bbox 2220 3151 2364 3207; x_wconf 87' lang='lat' dir='ltr'><strong>Nihil</strong></span> <span class='ocrx_word' id='word_1_457' title='bbox 2396 3154 2598 3208; x_wconf 92' lang='lat' dir='ltr'><strong>minus.</strong></span> <span class='ocrx_word' id='word_1_458' title='bbox 2629 3152 2687 3207; x_wconf 90' lang='lat' dir='ltr'><strong>ln</strong></span> <span class='ocrx_word' id='word_1_459' title='bbox 2714 3154 2860 3207; x_wconf 90' lang='lat' dir='ltr'><strong>nulla</strong></span> <span class='ocrx_word' id='word_1_460' title='bbox 2890 3169 3132 3224; x_wconf 87' lang='lat' dir='ltr'><strong>unquam</strong></span> <span class='ocrx_word' id='word_1_461' title='bbox 3161 3153 3404 3209; x_wconf 87' lang='lat' dir='ltr'><strong>Ecclesia</strong></span> <span class='ocrx_word' id='word_1_462' title='bbox 3439 3158 3615 3226; x_wconf 73' lang='lat' dir='ltr'><strong>magis</strong></span> 
     </span>
    </p>
   </div>
   <div class='ocr_carea' id='block_1_39' title="bbox 314 3249 1924 3326">
    <p class='ocr_par' dir='ltr' id='par_1_39' title="bbox 314 3249 1924 3326">
     <span class='ocr_line' id='line_1_39' title="bbox 314 3249 1924 3326; baseline 0.007 -23"><span class='ocrx_word' id='word_1_463' title='bbox 314 3250 595 3317; x_wconf 86' lang='lat' dir='ltr'><strong>epistolas</strong></span> <span class='ocrx_word' id='word_1_464' title='bbox 635 3249 1019 3320; x_wconf 86' lang='lat' dir='ltr'><strong>ignorassent,</strong></span> <span class='ocrx_word' id='word_1_465' title='bbox 1071 3253 1406 3326; x_wconf 87' lang='lat' dir='ltr'><strong>Polycarpus</strong></span> <span class='ocrx_word' id='word_1_466' title='bbox 1456 3267 1679 3325; x_wconf 90' lang='lat' dir='ltr'><strong>autem,</strong></span> <span class='ocrx_word' id='word_1_467' title='bbox 1731 3256 1924 3326; x_wconf 89' lang='lat' dir='ltr'><strong>Philo,</strong></span> 
     </span>
    </p>
   </div>
   <div class='ocr_carea' id='block_1_40' title="bbox 316 3342 1929 3422">
    <p class='ocr_par' dir='ltr' id='par_1_40' title="bbox 316 3342 1929 3422">
     <span class='ocr_line' id='line_1_40' title="bbox 316 3342 1929 3422; baseline 0.007 -26"><span class='ocrx_word' id='word_1_468' title='bbox 316 3342 694 3413; x_wconf 83' lang='lat' dir='ltr'><strong>Agathopus,</strong></span> <span class='ocrx_word' id='word_1_469' title='bbox 730 3342 1110 3414; x_wconf 88' lang='lat' dir='ltr'><strong>Theophilus,</strong></span> <span class='ocrx_word' id='word_1_470' title='bbox 1166 3346 1436 3415; x_wconf 86' lang='lat' dir='ltr'><strong>lrenaus,</strong></span> <span class='ocrx_word' id='word_1_471' title='bbox 1493 3348 1779 3422; x_wconf 85' lang='lat' dir='ltr'><strong>Origenes,</strong></span> <span class='ocrx_word' id='word_1_472' title='bbox 1818 3353 1929 3408; x_wconf 90' lang='lat' dir='ltr'><strong>illis</strong></span> 
     </span>
    </p>
   </div>
   <div class='ocr_carea' id='block_1_41' title="bbox 317 3433 1928 3511">
    <p class='ocr_par' dir='ltr' id='par_1_41' title="bbox 317 3433 1928 3511">
     <span class='ocr_line' id='line_1_41' title="bbox 317 3433 1928 3511; baseline 0.01 -24"><span class='ocrx_word' id='word_1_473' title='bbox 317 3433 673 3502; x_wconf 82' lang='lat' dir='ltr'><strong>antiquiores</strong></span> <span class='ocrx_word' id='word_1_474' title='bbox 712 3443 811 3489; x_wconf 89' lang='lat' dir='ltr'><strong>aut</strong></span> <span class='ocrx_word' id='word_1_475' title='bbox 850 3451 1045 3490; x_wconf 90' lang='lat' dir='ltr'><strong>eorum</strong></span> <span class='ocrx_word' id='word_1_476' title='bbox 1094 3440 1391 3509; x_wconf 85' lang='lat' dir='ltr'><strong>synchroni</strong></span> <span class='ocrx_word' id='word_1_477' title='bbox 1436 3443 1746 3511; x_wconf 86' lang='lat' dir='ltr'><strong>novissent;</strong></span> <span class='ocrx_word' id='word_1_478' title='bbox 1777 3447 1928 3505; x_wconf 88' lang='lat' dir='ltr'><strong>nullo</strong></span> 
     </span>
    </p>
   </div>
   <div class='ocr_carea' id='block_1_42' title="bbox 320 3528 1927 3606">
    <p class='ocr_par' dir='ltr' id='par_1_42' title="bbox 320 3528 1927 3606">
     <span class='ocr_line' id='line_1_42' title="bbox 320 3528 1927 3606; baseline 0.01 -27"><span class='ocrx_word' id='word_1_479' title='bbox 320 3529 493 3581; x_wconf 87' lang='lat' dir='ltr'><strong>modo</strong></span> <span class='ocrx_word' id='word_1_480' title='bbox 538 3528 830 3598; x_wconf 89' lang='lat' dir='ltr'><strong>sequitur,</strong></span> <span class='ocrx_word' id='word_1_481' title='bbox 883 3530 984 3585; x_wconf 90' lang='lat' dir='ltr'><strong>has</strong></span> <span class='ocrx_word' id='word_1_482' title='bbox 1036 3533 1297 3601; x_wconf 83' lang='lat' dir='ltr'><strong>epistolas</strong></span> <span class='ocrx_word' id='word_1_483' title='bbox 1358 3534 1549 3606; x_wconf 84' lang='lat' dir='ltr'><strong>lgnatii</strong></span> <span class='ocrx_word' id='word_1_484' title='bbox 1612 3554 1769 3597; x_wconf 89' lang='lat' dir='ltr'><strong>veras</strong></span> <span class='ocrx_word' id='word_1_485' title='bbox 1816 3555 1927 3595; x_wconf 89' lang='lat' dir='ltr'><strong>non</strong></span> 
     </span>
    </p>
   </div>
   <div class='ocr_carea' id='block_1_43' title="bbox 316 3620 1925 3703">
    <p class='ocr_par' dir='ltr' id='par_1_43' title="bbox 316 3620 1925 3703">
     <span class='ocr_line' id='line_1_43' title="bbox 316 3620 1925 3703; baseline 0.009 -29"><span class='ocrx_word' id='word_1_486' title='bbox 316 3620 499 3677; x_wconf 80' lang='lat' dir='ltr'><strong>fuisse</strong></span> <span class='ocrx_word' id='word_1_487' title='bbox 536 3640 551 3675; x_wconf 90' lang='lat'><strong>:</strong></span> <span class='ocrx_word' id='word_1_488' title='bbox 587 3624 987 3692; x_wconf 88' lang='lat' dir='ltr'><strong>consequentia</strong></span> <span class='ocrx_word' id='word_1_489' title='bbox 1024 3625 1188 3695; x_wconf 86' lang='lat' dir='ltr'><strong>igitur</strong></span> <span class='ocrx_word' id='word_1_490' title='bbox 1224 3636 1437 3683; x_wconf 91' lang='lat' dir='ltr'><strong>tantum</strong></span> <span class='ocrx_word' id='word_1_491' title='bbox 1465 3640 1551 3686; x_wconf 89' lang='lat' dir='ltr'><strong>est</strong></span> <span class='ocrx_word' id='word_1_492' title='bbox 1596 3634 1925 3703; x_wconf 85' lang='lat' dir='ltr'><strong>probabilis,</strong></span> 
     </span>
    </p>
   </div>
   <div class='ocr_carea' id='block_1_44' title="bbox 321 3715 1927 3798">
    <p class='ocr_par' dir='ltr' id='par_1_44' title="bbox 321 3715 1927 3798">
     <span class='ocr_line' id='line_1_44' title="bbox 321 3715 1927 3798; baseline 0.009 -29"><span class='ocrx_word' id='word_1_493' title='bbox 321 3731 435 3770; x_wconf 89' lang='lat' dir='ltr'><strong>non</strong></span> <span class='ocrx_word' id='word_1_494' title='bbox 489 3715 835 3773; x_wconf 85' lang='lat' dir='ltr'><strong>necessaria.</strong></span> <span class='ocrx_word' id='word_1_495' title='bbox 899 3715 1155 3772; x_wconf 87' lang='lat' dir='ltr'><strong>Secundo</strong></span> <span class='ocrx_word' id='word_1_496' title='bbox 1210 3720 1333 3775; x_wconf 91' lang='lat' dir='ltr'><strong>loco</strong></span> <span class='ocrx_word' id='word_1_497' title='bbox 1391 3739 1658 3794; x_wconf 87' lang='lat' dir='ltr'><strong>negamus</strong></span> <span class='ocrx_word' id='word_1_498' title='bbox 1712 3726 1927 3798; x_wconf 87' lang='lat' dir='ltr'><strong>ignotas</strong></span> 
     </span>
    </p>
   </div>
   <div class='ocr_carea' id='block_1_45' title="bbox 318 3805 1927 3884">
    <p class='ocr_par' dir='ltr' id='par_1_45' title="bbox 318 3805 1927 3884">
     <span class='ocr_line' id='line_1_45' title="bbox 318 3805 1927 3884; baseline 0.008 -25"><span class='ocrx_word' id='word_1_499' title='bbox 318 3805 499 3863; x_wconf 82' lang='lat' dir='ltr'><strong>fuisse</strong></span> <span class='ocrx_word' id='word_1_500' title='bbox 532 3806 647 3861; x_wconf 88' lang='lat' dir='ltr'><strong>illis</strong></span> <span class='ocrx_word' id='word_1_501' title='bbox 674 3807 810 3864; x_wconf 85' lang='lat' dir='ltr'><strong>viris</strong></span> <span class='ocrx_word' id='word_1_502' title='bbox 845 3808 945 3862; x_wconf 91' lang='lat' dir='ltr'><strong>has</strong></span> <span class='ocrx_word' id='word_1_503' title='bbox 978 3809 1262 3879; x_wconf 86' lang='lat' dir='ltr'><strong>epistolas,</strong></span> <span class='ocrx_word' id='word_1_504' title='bbox 1291 3813 1453 3884; x_wconf 89' lang='lat' dir='ltr'><strong>idque</strong></span> <span class='ocrx_word' id='word_1_505' title='bbox 1493 3816 1564 3871; x_wconf 91' lang='lat' dir='ltr'><strong>ob</strong></span> <span class='ocrx_word' id='word_1_506' title='bbox 1593 3817 1733 3872; x_wconf 88' lang='lat' dir='ltr'><strong>duas</strong></span> <span class='ocrx_word' id='word_1_507' title='bbox 1755 3819 1927 3873; x_wconf 85' lang='lat' dir='ltr'><strong>ratio-</strong></span> 
     </span>
    </p>
   </div>
   <div class='ocr_carea' id='block_1_46' title="bbox 318 3900 1923 3979">
    <p class='ocr_par' dir='ltr' id='par_1_46' title="bbox 318 3900 1923 3979">
     <span class='ocr_line' id='line_1_46' title="bbox 318 3900 1923 3979; baseline 0.008 -27"><span class='ocrx_word' id='word_1_508' title='bbox 318 3914 445 3965; x_wconf 82' lang='lat' dir='ltr'><strong>nes,</strong></span> <span class='ocrx_word' id='word_1_509' title='bbox 479 3908 599 3954; x_wconf 88' lang='lat' dir='ltr'><strong>tum</strong></span> <span class='ocrx_word' id='word_1_510' title='bbox 638 3900 786 3970; x_wconf 90' lang='lat' dir='ltr'><strong>quod</strong></span> <span class='ocrx_word' id='word_1_511' title='bbox 832 3902 1060 3971; x_wconf 90' lang='lat' dir='ltr'><strong>probari</strong></span> <span class='ocrx_word' id='word_1_512' title='bbox 1111 3921 1396 3974; x_wconf 88' lang='lat' dir='ltr'><strong>nunquam</strong></span> <span class='ocrx_word' id='word_1_513' title='bbox 1433 3923 1599 3977; x_wconf 90' lang='lat' dir='ltr'><strong>posse</strong></span> <span class='ocrx_word' id='word_1_514' title='bbox 1646 3918 1923 3979; x_wconf 88' lang='lat' dir='ltr'><strong>putamus,</strong></span> 
     </span>
    </p>
   </div>
   <div class='ocr_carea' id='block_1_47' title="bbox 316 3992 1924 4070">
    <p class='ocr_par' dir='ltr' id='par_1_47' title="bbox 316 3992 1924 4070">
     <span class='ocr_line' id='line_1_47' title="bbox 316 3992 1924 4070; baseline 0.007 -25"><span class='ocrx_word' id='word_1_515' title='bbox 316 4004 420 4045; x_wconf 87' lang='lat' dir='ltr'><strong>eos</strong></span> <span class='ocrx_word' id='word_1_516' title='bbox 465 4006 665 4046; x_wconf 86' lang='lat' dir='ltr'><strong>revera</strong></span> <span class='ocrx_word' id='word_1_517' title='bbox 705 3992 994 4062; x_wconf 88' lang='lat' dir='ltr'><strong>ignorasse</strong></span> <span class='ocrx_word' id='word_1_518' title='bbox 1017 4034 1033 4059; x_wconf 97' lang='lat'><strong>,</strong></span> <span class='ocrx_word' id='word_1_519' title='bbox 1067 4004 1180 4049; x_wconf 89' lang='lat' dir='ltr'><strong>tum</strong></span> <span class='ocrx_word' id='word_1_520' title='bbox 1235 3997 1384 4066; x_wconf 90' lang='lat' dir='ltr'><strong>quod</strong></span> <span class='ocrx_word' id='word_1_521' title='bbox 1425 4000 1643 4055; x_wconf 86' lang='lat' dir='ltr'><strong>meliori</strong></span> <span class='ocrx_word' id='word_1_522' title='bbox 1672 4001 1795 4070; x_wconf 90' lang='lat' dir='ltr'><strong>jure</strong></span> <span class='ocrx_word' id='word_1_523' title='bbox 1826 4018 1924 4057; x_wconf 91' lang='lat' dir='ltr'><strong>nos</strong></span> 
     </span>
    </p>
   </div>
   <div class='ocr_carea' id='block_1_48' title="bbox 317 4082 1923 4157">
    <p class='ocr_par' dir='ltr' id='par_1_48' title="bbox 317 4082 1923 4157">
     <span class='ocr_line' id='line_1_48' title="bbox 317 4082 1923 4157; baseline 0.007 -21"><span class='ocrx_word' id='word_1_524' title='bbox 317 4082 662 4153; x_wconf 83' lang='lat' dir='ltr'><strong>colligimus,</strong></span> <span class='ocrx_word' id='word_1_525' title='bbox 692 4098 789 4139; x_wconf 91' lang='lat' dir='ltr'><strong>eos</strong></span> <span class='ocrx_word' id='word_1_526' title='bbox 836 4087 1022 4153; x_wconf 89' lang='lat' dir='ltr'><strong>potius</strong></span> <span class='ocrx_word' id='word_1_527' title='bbox 1072 4088 1277 4157; x_wconf 86' lang='lat' dir='ltr'><strong>Optime</strong></span> <span class='ocrx_word' id='word_1_528' title='bbox 1331 4090 1573 4146; x_wconf 85' lang='lat' dir='ltr'><strong>novisse.</strong></span> <span class='ocrx_word' id='word_1_529' title='bbox 1619 4091 1728 4147; x_wconf 80' lang='lat' dir='ltr'><strong>Illa</strong></span> <span class='ocrx_word' id='word_1_530' title='bbox 1778 4094 1923 4147; x_wconf 92' lang='lat' dir='ltr'><strong>enim</strong></span> 
     </span>
    </p>
   </div>
   <div class='ocr_carea' id='block_1_49' title="bbox 316 4174 1927 4253">
    <p class='ocr_par' dir='ltr' id='par_1_49' title="bbox 316 4174 1927 4253">
     <span class='ocr_line' id='line_1_49' title="bbox 316 4174 1927 4253; baseline 0.008 -27"><span class='ocrx_word' id='word_1_531' title='bbox 316 4174 596 4243; x_wconf 87' lang='lat' dir='ltr'><strong>epistola,</strong></span> <span class='ocrx_word' id='word_1_532' title='bbox 640 4191 763 4244; x_wconf 86' lang='lat' dir='ltr'><strong>qua</strong></span> <span class='ocrx_word' id='word_1_533' title='bbox 798 4174 1122 4248; x_wconf 83' lang='lat' dir='ltr'><strong>Polycarpo,</strong></span> <span class='ocrx_word' id='word_1_534' title='bbox 1154 4177 1392 4243; x_wconf 90' lang='lat' dir='ltr'><strong>Philoni,</strong></span> <span class='ocrx_word' id='word_1_535' title='bbox 1433 4181 1723 4253; x_wconf 82' lang='lat' dir='ltr'><strong>Agathopi,</strong></span> <span class='ocrx_word' id='word_1_536' title='bbox 1749 4182 1927 4239; x_wconf 91' lang='lat' dir='ltr'><strong>Theo-</strong></span> 
     </span>
    </p>
   </div>
   <div class='ocr_carea' id='block_1_50' title="bbox 319 4264 1921 4343">
    <p class='ocr_par' dir='ltr' id='par_1_50' title="bbox 319 4264 1921 4343">
     <span class='ocr_line' id='line_1_50' title="bbox 319 4264 1921 4343; baseline 0.008 -25"><span class='ocrx_word' id='word_1_537' title='bbox 319 4266 498 4339; x_wconf 86' lang='lat' dir='ltr'><strong>philo,</strong></span> <span class='ocrx_word' id='word_1_538' title='bbox 552 4264 761 4321; x_wconf 85' lang='lat' dir='ltr'><strong>lrenao</strong></span> <span class='ocrx_word' id='word_1_539' title='bbox 807 4275 862 4321; x_wconf 91' lang='lat' dir='ltr'><strong>et</strong></span> <span class='ocrx_word' id='word_1_540' title='bbox 912 4266 1133 4339; x_wconf 86' lang='lat' dir='ltr'><strong>Origeni</strong></span> <span class='ocrx_word' id='word_1_541' title='bbox 1188 4279 1330 4326; x_wconf 85' lang='lat' dir='ltr'><strong>nota</strong></span> <span class='ocrx_word' id='word_1_542' title='bbox 1378 4271 1636 4340; x_wconf 86' lang='lat' dir='ltr'><strong>fuerunt,</strong></span> <span class='ocrx_word' id='word_1_543' title='bbox 1682 4273 1921 4343; x_wconf 83' lang='lat' dir='ltr'><strong>Justino,</strong></span> 
     </span>
    </p>
   </div>
   <div class='ocr_carea' id='block_1_51' title="bbox 318 4356 1918 4437">
    <p class='ocr_par' dir='ltr' id='par_1_51' title="bbox 318 4356 1918 4437">
     <span class='ocr_line' id='line_1_51' title="bbox 318 4356 1918 4437; baseline 0.006 -25"><span class='ocrx_word' id='word_1_544' title='bbox 318 4357 619 4421; x_wconf 85' lang='lat' dir='ltr'><strong>Clementi,</strong></span> <span class='ocrx_word' id='word_1_545' title='bbox 636 4356 979 4414; x_wconf 86' lang='lat' dir='ltr'><strong>Tertulliano</strong></span> <span class='ocrx_word' id='word_1_546' title='bbox 1002 4360 1235 4432; x_wconf 78' lang='lat' dir='ltr'><strong>aliisque</strong></span> <span class='ocrx_word' id='word_1_547' title='bbox 1256 4363 1501 4432; x_wconf 85' lang='lat' dir='ltr'><strong>ejusdem</strong></span> <span class='ocrx_word' id='word_1_548' title='bbox 1527 4380 1728 4421; x_wconf 91' lang='lat' dir='ltr'><strong>census</strong></span> <span class='ocrx_word' id='word_1_549' title='bbox 1753 4375 1918 4437; x_wconf 88' lang='lat' dir='ltr'><strong>atque</strong></span> 
     </span>
    </p>
   </div>
   <div class='ocr_carea' id='block_1_52' title="bbox 321 4448 1921 4526">
    <p class='ocr_par' dir='ltr' id='par_1_52' title="bbox 321 4448 1921 4526">
     <span class='ocr_line' id='line_1_52' title="bbox 321 4448 1921 4526; baseline 0.006 -22"><span class='ocrx_word' id='word_1_550' title='bbox 321 4451 419 4504; x_wconf 76' lang='lat' dir='ltr'><strong>avi</strong></span> <span class='ocrx_word' id='word_1_551' title='bbox 478 4448 850 4519; x_wconf 89' lang='lat' dir='ltr'><strong>scriptoribus</strong></span> <span class='ocrx_word' id='word_1_552' title='bbox 906 4467 1017 4506; x_wconf 91' lang='lat' dir='ltr'><strong>non</strong></span> <span class='ocrx_word' id='word_1_553' title='bbox 1067 4453 1324 4508; x_wconf 90' lang='lat' dir='ltr'><strong>videntur</strong></span> <span class='ocrx_word' id='word_1_554' title='bbox 1370 4455 1669 4526; x_wconf 85' lang='lat' dir='ltr'><strong>incognitae</strong></span> <span class='ocrx_word' id='word_1_555' title='bbox 1729 4457 1921 4514; x_wconf 84' lang='lat' dir='ltr'><strong>fuisse.</strong></span> 
     </span>
    </p>
   </div>
   <div class='ocr_carea' id='block_1_53' title="bbox 2032 3246 3615 3317">
    <p class='ocr_par' dir='ltr' id='par_1_53' title="bbox 2032 3246 3615 3317">
     <span class='ocr_line' id='line_1_53' title="bbox 2032 3246 3615 3317; baseline 0.002 -19"><span class='ocrx_word' id='word_1_556' title='bbox 2032 3254 2248 3315; x_wconf 90' lang='lat' dir='ltr'><strong>recepta</strong></span> <span class='ocrx_word' id='word_1_557' title='bbox 2296 3254 2350 3300; x_wconf 93' lang='lat' dir='ltr'><strong>et</strong></span> <span class='ocrx_word' id='word_1_558' title='bbox 2396 3246 2683 3301; x_wconf 82' lang='lat' dir='ltr'><strong>observata</strong></span> <span class='ocrx_word' id='word_1_559' title='bbox 2730 3255 2814 3301; x_wconf 89' lang='lat' dir='ltr'><strong>est</strong></span> <span class='ocrx_word' id='word_1_560' title='bbox 2862 3247 2977 3301; x_wconf 79' lang='lat' dir='ltr'><strong>hac</strong></span> <span class='ocrx_word' id='word_1_561' title='bbox 3034 3246 3285 3301; x_wconf 89' lang='lat' dir='ltr'><strong>doctrina</strong></span> <span class='ocrx_word' id='word_1_562' title='bbox 3339 3262 3505 3317; x_wconf 90' lang='lat' dir='ltr'><strong>quam</strong></span> <span class='ocrx_word' id='word_1_563' title='bbox 3560 3248 3615 3301; x_wconf 90' lang='lat' dir='ltr'><strong>in</strong></span> 
     </span>
    </p>
   </div>
   <div class='ocr_carea' id='block_1_54' title="bbox 2031 3333 3617 3410">
    <p class='ocr_par' dir='ltr' id='par_1_54' title="bbox 2031 3333 3617 3410">
     <span class='ocr_line' id='line_1_54' title="bbox 2031 3333 3617 3410; baseline 0.004 -22"><span class='ocrx_word' id='word_1_564' title='bbox 2031 3333 2424 3392; x_wconf 80' lang='lat' dir='ltr'><strong>Alexandrina.</strong></span> <span class='ocrx_word' id='word_1_565' title='bbox 2464 3337 2625 3391; x_wconf 89' lang='lat' dir='ltr'><strong>Nulla</strong></span> <span class='ocrx_word' id='word_1_566' title='bbox 2665 3346 2794 3393; x_wconf 90' lang='lat' dir='ltr'><strong>sunt</strong></span> <span class='ocrx_word' id='word_1_567' title='bbox 2832 3340 3090 3405; x_wconf 82' lang='lat' dir='ltr'><strong>certiora,</strong></span> <span class='ocrx_word' id='word_1_568' title='bbox 3130 3346 3226 3394; x_wconf 90' lang='lat' dir='ltr'><strong>aut</strong></span> <span class='ocrx_word' id='word_1_569' title='bbox 3262 3340 3436 3410; x_wconf 90' lang='lat' dir='ltr'><strong>magis</strong></span> <span class='ocrx_word' id='word_1_570' title='bbox 3470 3340 3617 3409; x_wconf 85' lang='lat' dir='ltr'><strong>apud</strong></span> 
     </span>
    </p>
   </div>
   <div class='ocr_carea' id='block_1_55' title="bbox 2032 3427 3614 3501">
    <p class='ocr_par' dir='ltr' id='par_1_55' title="bbox 2032 3427 3614 3501">
     <span class='ocr_line' id='line_1_55' title="bbox 2032 3427 3614 3501; baseline 0.005 -22"><span class='ocrx_word' id='word_1_571' title='bbox 2032 3440 2229 3482; x_wconf 89' lang='lat' dir='ltr'><strong>omnes</strong></span> <span class='ocrx_word' id='word_1_572' title='bbox 2255 3427 2309 3481; x_wconf 91' lang='lat' dir='ltr'><strong>in</strong></span> <span class='ocrx_word' id='word_1_573' title='bbox 2349 3427 2604 3485; x_wconf 78' lang='lat' dir='ltr'><strong>confesso</strong></span> <span class='ocrx_word' id='word_1_574' title='bbox 2648 3439 3029 3495; x_wconf 89' lang='lat' dir='ltr'><strong>monumenta,</strong></span> <span class='ocrx_word' id='word_1_575' title='bbox 3057 3446 3222 3500; x_wconf 84' lang='lat' dir='ltr'><strong>quam</strong></span> <span class='ocrx_word' id='word_1_576' title='bbox 3250 3447 3371 3501; x_wconf 88' lang='lat' dir='ltr'><strong>qua</strong></span> <span class='ocrx_word' id='word_1_577' title='bbox 3400 3432 3466 3486; x_wconf 91' lang='lat' dir='ltr'><strong>de</strong></span> <span class='ocrx_word' id='word_1_578' title='bbox 3509 3432 3614 3487; x_wconf 69' lang='lat' dir='ltr'><strong>Ec-</strong></span> 
     </span>
    </p>
   </div>
   <div class='ocr_carea' id='block_1_56' title="bbox 2031 3519 3613 3592">
    <p class='ocr_par' dir='ltr' id='par_1_56' title="bbox 2031 3519 3613 3592">
     <span class='ocr_line' id='line_1_56' title="bbox 2031 3519 3613 3592; baseline 0.002 -17"><span class='ocrx_word' id='word_1_579' title='bbox 2031 3521 2197 3575; x_wconf 92' lang='lat' dir='ltr'><strong>clesia</strong></span> <span class='ocrx_word' id='word_1_580' title='bbox 2220 3519 2585 3579; x_wconf 84' lang='lat' dir='ltr'><strong>Alexandrina</strong></span> <span class='ocrx_word' id='word_1_581' title='bbox 2616 3524 2829 3592; x_wconf 78' lang='lat' dir='ltr'><strong>prodita</strong></span> <span class='ocrx_word' id='word_1_582' title='bbox 2860 3532 3006 3578; x_wconf 89' lang='lat' dir='ltr'><strong>sunt.</strong></span> <span class='ocrx_word' id='word_1_583' title='bbox 3033 3523 3187 3579; x_wconf 88' lang='lat' dir='ltr'><strong>Unde</strong></span> <span class='ocrx_word' id='word_1_584' title='bbox 3212 3525 3295 3577; x_wconf 91' lang='lat' dir='ltr'><strong>vir</strong></span> <span class='ocrx_word' id='word_1_585' title='bbox 3320 3524 3613 3592; x_wconf 70' lang='lat' dir='ltr'><strong>maximus,</strong></span> 
     </span>
    </p>
   </div>
   <div class='ocr_carea' id='block_1_57' title="bbox 2031 3611 3617 3684">
    <p class='ocr_par' dir='ltr' id='par_1_57' title="bbox 2031 3611 3617 3684">
     <span class='ocr_line' id='line_1_57' title="bbox 2031 3611 3617 3684; baseline 0.006 -19"><span class='ocrx_word' id='word_1_586' title='bbox 2031 3611 2188 3683; x_wconf 83' lang='lat' dir='ltr'><strong>Hugo</strong></span> <span class='ocrx_word' id='word_1_587' title='bbox 2213 3612 2458 3675; x_wconf 90' lang='lat' dir='ltr'><strong>Grotius.</strong></span> <span class='ocrx_word' id='word_1_588' title='bbox 2488 3614 2582 3684; x_wconf 90' lang='lat' dir='ltr'><strong>qui</strong></span> <span class='ocrx_word' id='word_1_589' title='bbox 2610 3615 2840 3684; x_wconf 89' lang='lat' dir='ltr'><strong>putavit,</strong></span> <span class='ocrx_word' id='word_1_590' title='bbox 2875 3615 2942 3669; x_wconf 89' lang='lat' dir='ltr'><strong>ab</strong></span> <span class='ocrx_word' id='word_1_591' title='bbox 2972 3614 3129 3670; x_wconf 91' lang='lat' dir='ltr'><strong>initio</strong></span> <span class='ocrx_word' id='word_1_592' title='bbox 3164 3613 3439 3671; x_wconf 82' lang='lat' dir='ltr'><strong>Ecclesias</strong></span> <span class='ocrx_word' id='word_1_593' title='bbox 3466 3631 3617 3675; x_wconf 87' lang='lat' dir='ltr'><strong>com-</strong></span> 
     </span>
    </p>
   </div>
   <div class='ocr_carea' id='block_1_58' title="bbox 2030 3706 3611 3777">
    <p class='ocr_par' dir='ltr' id='par_1_58' title="bbox 2030 3706 3611 3777">
     <span class='ocr_line' id='line_1_58' title="bbox 2030 3706 3611 3777; baseline 0.003 -18"><span class='ocrx_word' id='word_1_594' title='bbox 2030 3706 2185 3759; x_wconf 89' lang='lat' dir='ltr'><strong>muni</strong></span> <span class='ocrx_word' id='word_1_595' title='bbox 2226 3706 2695 3777; x_wconf 85' lang='lat' dir='ltr'><strong>presbyterorum,</strong></span> <span class='ocrx_word' id='word_1_596' title='bbox 2725 3706 2818 3776; x_wconf 93' lang='lat' dir='ltr'><strong>qui</strong></span> <span class='ocrx_word' id='word_1_597' title='bbox 2849 3706 3013 3765; x_wconf 89' lang='lat' dir='ltr'><strong>iidem</strong></span> <span class='ocrx_word' id='word_1_598' title='bbox 3046 3720 3242 3761; x_wconf 91' lang='lat' dir='ltr'><strong>omnes</strong></span> <span class='ocrx_word' id='word_1_599' title='bbox 3271 3716 3325 3761; x_wconf 89' lang='lat' dir='ltr'><strong>et</strong></span> <span class='ocrx_word' id='word_1_600' title='bbox 3348 3707 3611 3777; x_wconf 88' lang='lat' dir='ltr'><strong>episcopi,</strong></span> 
     </span>
    </p>
   </div>
   <div class='ocr_carea' id='block_1_59' title="bbox 2042 3796 3615 3868">
    <p class='ocr_par' dir='ltr' id='par_1_59' title="bbox 2042 3796 3615 3868">
     <span class='ocr_line' id='line_1_59' title="bbox 2042 3796 3615 3868; baseline 0.001 -14"><span class='ocrx_word' id='word_1_601' title='bbox 2042 3809 2103 3854; x_wconf 94' lang='lat' dir='ltr'><strong>ut</strong></span> <span class='ocrx_word' id='word_1_602' title='bbox 2153 3797 2441 3862; x_wconf 73' lang='lat' dir='ltr'><strong>ait,.Paulo</strong></span> <span class='ocrx_word' id='word_1_603' title='bbox 2474 3796 2856 3868; x_wconf 85' lang='lat' dir='ltr'><strong>Clementique</strong></span> <span class='ocrx_word' id='word_1_604' title='bbox 2877 3798 3412 3865; x_wconf 83' lang='lat' dir='ltr'><strong>dicuntur,consilio</strong></span> <span class='ocrx_word' id='word_1_605' title='bbox 3444 3798 3615 3855; x_wconf 80' lang='lat' dir='ltr'><strong>fuisse</strong></span> 
     </span>
    </p>
   </div>
   <div class='ocr_carea' id='block_1_60' title="bbox 2029 3887 3615 3963">
    <p class='ocr_par' dir='ltr' id='par_1_60' title="bbox 2029 3887 3615 3963">
     <span class='ocr_line' id='line_1_60' title="bbox 2029 3887 3615 3963; baseline 0.002 -20"><span class='ocrx_word' id='word_1_606' title='bbox 2029 3890 2381 3960; x_wconf 86' lang='lat' dir='ltr'><strong>gubernatas,</strong></span> <span class='ocrx_word' id='word_1_607' title='bbox 2411 3890 2464 3943; x_wconf 92' lang='lat' dir='ltr'><strong>in</strong></span> <span class='ocrx_word' id='word_1_608' title='bbox 2498 3904 2560 3945; x_wconf 88' lang='lat' dir='ltr'><strong>ea</strong></span> <span class='ocrx_word' id='word_1_609' title='bbox 2593 3890 2863 3946; x_wconf 84' lang='lat' dir='ltr'><strong>sententia</strong></span> <span class='ocrx_word' id='word_1_610' title='bbox 2906 3887 3029 3955; x_wconf 85' lang='lat' dir='ltr'><strong>fuit,</strong></span> <span class='ocrx_word' id='word_1_611' title='bbox 3067 3890 3215 3963; x_wconf 89' lang='lat' dir='ltr'><strong>quod</strong></span> <span class='ocrx_word' id='word_1_612' title='bbox 3262 3905 3457 3948; x_wconf 82' lang='lat' dir='ltr'><strong>exsors</strong></span> <span class='ocrx_word' id='word_1_613' title='bbox 3498 3893 3615 3961; x_wconf 81' lang='lat' dir='ltr'><strong>epi-</strong></span> 
     </span>
    </p>
   </div>
   <div class='ocr_carea' id='block_1_61' title="bbox 2030 3981 3616 4054">
    <p class='ocr_par' dir='ltr' id='par_1_61' title="bbox 2030 3981 3616 4054">
     <span class='ocr_line' id='line_1_61' title="bbox 2030 3981 3616 4054; baseline 0.003 -21"><span class='ocrx_word' id='word_1_614' title='bbox 2030 3995 2326 4049; x_wconf 82' lang='lat' dir='ltr'><strong>scoparum</strong></span> <span class='ocrx_word' id='word_1_615' title='bbox 2377 3982 2680 4037; x_wconf 88' lang='lat' dir='ltr'><strong>auctoritas</strong></span> <span class='ocrx_word' id='word_1_616' title='bbox 2726 3981 2988 4038; x_wconf 87' lang='lat' dir='ltr'><strong>Ecclesia</strong></span> <span class='ocrx_word' id='word_1_617' title='bbox 3035 3983 3454 4049; x_wconf 88' lang='lat' dir='ltr'><strong>consuetudine,</strong></span> <span class='ocrx_word' id='word_1_618' title='bbox 3488 3996 3616 4054; x_wconf 90' lang='lat' dir='ltr'><strong>post</strong></span> 
     </span>
    </p>
   </div>
   <div class='ocr_carea' id='block_1_62' title="bbox 2030 4074 3614 4147">
    <p class='ocr_par' dir='ltr' id='par_1_62' title="bbox 2030 4074 3614 4147">
     <span class='ocr_line' id='line_1_62' title="bbox 2030 4074 3614 4147; baseline 0.003 -20"><span class='ocrx_word' id='word_1_619' title='bbox 2030 4074 2198 4130; x_wconf 85' lang='lat' dir='ltr'><strong>Marci</strong></span> <span class='ocrx_word' id='word_1_620' title='bbox 2230 4084 2461 4131; x_wconf 91' lang='lat' dir='ltr'><strong>mortem</strong></span> <span class='ocrx_word' id='word_1_621' title='bbox 2495 4076 2859 4141; x_wconf 83' lang='lat' dir='ltr'><strong>Alexandria,</strong></span> <span class='ocrx_word' id='word_1_622' title='bbox 2888 4084 3054 4146; x_wconf 89' lang='lat' dir='ltr'><strong>atque</strong></span> <span class='ocrx_word' id='word_1_623' title='bbox 3084 4090 3150 4131; x_wconf 90' lang='lat' dir='ltr'><strong>eo</strong></span> <span class='ocrx_word' id='word_1_624' title='bbox 3194 4078 3446 4147; x_wconf 70' lang='lat' dir='ltr'><strong>extemplo</strong></span> <span class='ocrx_word' id='word_1_625' title='bbox 3482 4078 3614 4133; x_wconf 89' lang='lat' dir='ltr'><strong>alibi</strong></span> 
     </span>
    </p>
   </div>
   <div class='ocr_carea' id='block_1_63' title="bbox 2030 4168 3610 4240">
    <p class='ocr_par' dir='ltr' id='par_1_63' title="bbox 2030 4168 3610 4240">
     <span class='ocr_line' id='line_1_63' title="bbox 2030 4168 3610 4240; baseline 0.004 -19"><span class='ocrx_word' id='word_1_626' title='bbox 2030 4168 2306 4223; x_wconf 84' lang='lat' dir='ltr'><strong>introduci</strong></span> <span class='ocrx_word' id='word_1_627' title='bbox 2358 4168 2606 4238; x_wconf 69' lang='lat' dir='ltr'><strong>coeperit,</strong></span> <span class='ocrx_word' id='word_1_628' title='bbox 2643 4178 2702 4223; x_wconf 93' lang='lat' dir='ltr'><strong>ut</strong></span> <span class='ocrx_word' id='word_1_629' title='bbox 2752 4169 2869 4238; x_wconf 85' lang='lat' dir='ltr'><strong>ipse</strong></span> <span class='ocrx_word' id='word_1_630' title='bbox 2919 4178 3151 4226; x_wconf 87' lang='lat' dir='ltr'><strong>testatur</strong></span> <span class='ocrx_word' id='word_1_631' title='bbox 3194 4170 3426 4240; x_wconf 85' lang='lat' dir='ltr'><strong>epistola</strong></span> <span class='ocrx_word' id='word_1_632' title='bbox 3484 4170 3610 4227; x_wconf 74' lang='grc'><strong>162.</strong></span> 
     </span>
    </p>
   </div>
   <div class='ocr_carea' id='block_1_64' title="bbox 2027 4258 3613 4321">
    <p class='ocr_par' dir='ltr' id='par_1_64' title="bbox 2027 4258 3613 4321">
     <span class='ocr_line' id='line_1_64' title="bbox 2027 4258 3613 4321; baseline 0.002 -7"><span class='ocrx_word' id='word_1_633' title='bbox 2027 4258 2190 4315; x_wconf 88' lang='lat' dir='ltr'><strong>Certe</strong></span> <span class='ocrx_word' id='word_1_634' title='bbox 2241 4258 2298 4314; x_wconf 92' lang='lat' dir='ltr'><strong>S.</strong></span> <span class='ocrx_word' id='word_1_635' title='bbox 2336 4258 2579 4321; x_wconf 86' lang='lat' dir='ltr'><strong>Marcum</strong></span> <span class='ocrx_word' id='word_1_636' title='bbox 2636 4259 2981 4318; x_wconf 80' lang='lat' dir='ltr'><strong>Alexandria</strong></span> <span class='ocrx_word' id='word_1_637' title='bbox 3022 4260 3380 4316; x_wconf 86' lang='lat' dir='ltr'><strong>constituisse</strong></span> <span class='ocrx_word' id='word_1_638' title='bbox 3425 4260 3613 4317; x_wconf 90' lang='lat' dir='ltr'><strong>Eccle-</strong></span> 
     </span>
    </p>
   </div>
   <div class='ocr_carea' id='block_1_65' title="bbox 2028 4352 3613 4425">
    <p class='ocr_par' dir='ltr' id='par_1_65' title="bbox 2028 4352 3613 4425">
     <span class='ocr_line' id='line_1_65' title="bbox 2028 4352 3613 4425; baseline 0.002 -17"><span class='ocrx_word' id='word_1_639' title='bbox 2028 4353 2167 4408; x_wconf 88' lang='lat' dir='ltr'><strong>siam</strong></span> <span class='ocrx_word' id='word_1_640' title='bbox 2220 4368 2413 4408; x_wconf 87' lang='lat' dir='ltr'><strong>omnes</strong></span> <span class='ocrx_word' id='word_1_641' title='bbox 2458 4352 2740 4420; x_wconf 87' lang='lat' dir='ltr'><strong>scribunt,</strong></span> <span class='ocrx_word' id='word_1_642' title='bbox 2794 4354 3172 4425; x_wconf 89' lang='lat' dir='ltr'><strong>episcopatum</strong></span> <span class='ocrx_word' id='word_1_643' title='bbox 3230 4355 3303 4410; x_wconf 90' lang='lat' dir='ltr'><strong>ibi</strong></span> <span class='ocrx_word' id='word_1_644' title='bbox 3352 4355 3613 4411; x_wconf 86' lang='lat' dir='ltr'><strong>habuisse</strong></span> 
     </span>
    </p>
   </div>
   <div class='ocr_carea' id='block_1_66' title="bbox 2028 4444 3611 4518">
    <p class='ocr_par' dir='ltr' id='par_1_66' title="bbox 2028 4444 3611 4518">
     <span class='ocr_line' id='line_1_66' title="bbox 2028 4444 3611 4518; baseline 0.003 -19"><span class='ocrx_word' id='word_1_645' title='bbox 2028 4444 2395 4518; x_wconf 71' lang='lat' dir='ltr'><strong>Hieronymus</strong></span> <span class='ocrx_word' id='word_1_646' title='bbox 2438 4445 2757 4516; x_wconf 82' lang='lat' dir='ltr'><strong>praefatione</strong></span> <span class='ocrx_word' id='word_1_647' title='bbox 2809 4448 2863 4502; x_wconf 86' lang='lat' dir='ltr'><strong>in</strong></span> <span class='ocrx_word' id='word_1_648' title='bbox 2915 4447 3270 4516; x_wconf 84' lang='lat' dir='ltr'><strong>Matthaum;</strong></span> <span class='ocrx_word' id='word_1_649' title='bbox 3324 4449 3611 4506; x_wconf 89' lang='lat' dir='ltr'><strong>ordinasse</strong></span> 
     </span>
    </p>
   </div>
   <div class='ocr_carea' id='block_1_67' title="bbox 323 4540 3609 4615">
    <p class='ocr_par' dir='ltr' id='par_1_67' title="bbox 323 4540 3609 4615">
     <span class='ocr_line' id='line_1_67' title="bbox 323 4540 3609 4615; baseline 0.004 -19"><span class='ocrx_word' id='word_1_650' title='bbox 323 4541 428 4596; x_wconf 82' lang='lat' dir='ltr'><strong>Sed</strong></span> <span class='ocrx_word' id='word_1_651' title='bbox 463 4540 667 4613; x_wconf 84' lang='lat' dir='ltr'><strong>lgnatii</strong></span> <span class='ocrx_word' id='word_1_652' title='bbox 690 4542 938 4614; x_wconf 84' lang='lat' dir='ltr'><strong>epistola</strong></span> <span class='ocrx_word' id='word_1_653' title='bbox 971 4545 1101 4611; x_wconf 90' lang='lat' dir='ltr'><strong>illis,</strong></span> <span class='ocrx_word' id='word_1_654' title='bbox 1135 4557 1197 4602; x_wconf 91' lang='lat' dir='ltr'><strong>ut</strong></span> <span class='ocrx_word' id='word_1_655' title='bbox 1229 4546 1348 4603; x_wconf 79' lang='lat' dir='ltr'><strong>fuse</strong></span> <span class='ocrx_word' id='word_1_656' title='bbox 1381 4548 1747 4615; x_wconf 89' lang='lat' dir='ltr'><strong>ostendimus,</strong></span> <span class='ocrx_word' id='word_1_657' title='bbox 1780 4561 1923 4608; x_wconf 78' lang='lat' dir='ltr'><strong>notae</strong></span> <span class='ocrx_word' id='word_1_658' title='bbox 1953 4556 1997 4611; x_wconf 90' lang='lat' dir='ltr'><strong>D</strong></span> <span class='ocrx_word' id='word_1_659' title='bbox 2026 4544 2343 4612; x_wconf 63' lang='lat' dir='ltr'><strong>episcopum</strong></span> <span class='ocrx_word' id='word_1_660' title='bbox 2394 4541 2616 4597; x_wconf 73' lang='grc' dir='ltr'><strong>ηοῐηίηθ</strong></span> <span class='ocrx_word' id='word_1_661' title='bbox 2648 4541 2926 4597; x_wconf 64' lang='lat' dir='ltr'><strong>Amanum</strong></span> <span class='ocrx_word' id='word_1_662' title='bbox 2972 4544 3055 4598; x_wconf 70' lang='lat' dir='ltr'><strong>vel</strong></span> <span class='ocrx_word' id='word_1_663' title='bbox 3091 4543 3383 4609; x_wconf 68' lang='lat' dir='ltr'><strong>Anaﬂiam.</strong></span> <span class='ocrx_word' id='word_1_664' title='bbox 3415 4544 3609 4599; x_wconf 62' lang='lat' dir='ltr'><strong>(30de</strong></span> 
     </span>
    </p>
   </div>
   <div class='ocr_carea' id='block_1_68' title="bbox 324 4632 1921 4714">
    <p class='ocr_par' dir='ltr' id='par_1_68' title="bbox 324 4632 1921 4714">
     <span class='ocr_line' id='line_1_68' title="bbox 324 4632 1921 4714; baseline 0.008 -25"><span class='ocrx_word' id='word_1_665' title='bbox 324 4632 569 4689; x_wconf 73' lang='lat' dir='ltr'><strong>fuerunt.</strong></span> <span class='ocrx_word' id='word_1_666' title='bbox 603 4633 749 4705; x_wconf 81' lang='lat' dir='ltr'><strong>Ergo</strong></span> <span class='ocrx_word' id='word_1_667' title='bbox 778 4645 835 4692; x_wconf 91' lang='lat' dir='ltr'><strong>et</strong></span> <span class='ocrx_word' id='word_1_668' title='bbox 874 4637 981 4693; x_wconf 89' lang='lat' dir='ltr'><strong>his.</strong></span> <span class='ocrx_word' id='word_1_669' title='bbox 1016 4637 1083 4693; x_wconf 84' lang='lat' dir='ltr'><strong>Et</strong></span> <span class='ocrx_word' id='word_1_670' title='bbox 1116 4640 1161 4694; x_wconf 93' lang='lat' dir='ltr'><strong>si</strong></span> <span class='ocrx_word' id='word_1_671' title='bbox 1196 4641 1251 4694; x_wconf 89' lang='lat' dir='ltr'><strong>in</strong></span> <span class='ocrx_word' id='word_1_672' title='bbox 1284 4641 1479 4697; x_wconf 91' lang='lat' dir='ltr'><strong>horum</strong></span> <span class='ocrx_word' id='word_1_673' title='bbox 1512 4644 1773 4711; x_wconf 80' lang='lat' dir='ltr'><strong>operibus</strong></span> <span class='ocrx_word' id='word_1_674' title='bbox 1796 4662 1921 4714; x_wconf 90' lang='lat' dir='ltr'><strong>qua</strong></span> 
     </span>
    </p>
   </div>
   <div class='ocr_carea' id='block_1_69' title="bbox 324 4731 1919 4803">
    <p class='ocr_par' dir='ltr' id='par_1_69' title="bbox 324 4731 1919 4803">
     <span class='ocr_line' id='line_1_69' title="bbox 324 4731 1919 4803; baseline 0.008 -22"><span class='ocrx_word' id='word_1_675' title='bbox 324 4742 471 4782; x_wconf 92' lang='lat' dir='ltr'><strong>nunc</strong></span> <span class='ocrx_word' id='word_1_676' title='bbox 518 4736 783 4794; x_wconf 79' lang='lat' dir='ltr'><strong>exstant,</strong></span> <span class='ocrx_word' id='word_1_677' title='bbox 829 4731 1037 4787; x_wconf 89' lang='lat' dir='ltr'><strong>mentio</strong></span> <span class='ocrx_word' id='word_1_678' title='bbox 1099 4733 1297 4787; x_wconf 87' lang='lat' dir='ltr'><strong>harum</strong></span> <span class='ocrx_word' id='word_1_679' title='bbox 1350 4735 1707 4803; x_wconf 76' lang='lat' dir='ltr'><strong>epistularum</strong></span> <span class='ocrx_word' id='word_1_680' title='bbox 1770 4737 1919 4793; x_wconf 89' lang='lat' dir='ltr'><strong>nulla</strong></span> 
     </span>
    </p>
   </div>
   <div class='ocr_carea' id='block_1_70' title="bbox 327 4821 1907 4899">
    <p class='ocr_par' dir='ltr' id='par_1_70' title="bbox 327 4821 1907 4899">
     <span class='ocr_line' id='line_1_70' title="bbox 327 4821 1907 4899; baseline 0.007 -27"><span class='ocrx_word' id='word_1_681' title='bbox 327 4822 467 4874; x_wconf 79' lang='lat' dir='ltr'><strong>facta</strong></span> <span class='ocrx_word' id='word_1_682' title='bbox 518 4828 626 4886; x_wconf 89' lang='lat' dir='ltr'><strong>est,</strong></span> <span class='ocrx_word' id='word_1_683' title='bbox 658 4821 774 4877; x_wconf 87' lang='lat' dir='ltr'><strong>ﬁeri</strong></span> <span class='ocrx_word' id='word_1_684' title='bbox 822 4830 1002 4878; x_wconf 89' lang='lat' dir='ltr'><strong>tamen</strong></span> <span class='ocrx_word' id='word_1_685' title='bbox 1052 4833 1230 4894; x_wconf 90' lang='lat' dir='ltr'><strong>potest</strong></span> <span class='ocrx_word' id='word_1_686' title='bbox 1258 4834 1319 4880; x_wconf 90' lang='lat' dir='ltr'><strong>ut</strong></span> <span class='ocrx_word' id='word_1_687' title='bbox 1364 4826 1419 4880; x_wconf 92' lang='lat' dir='ltr'><strong>in</strong></span> <span class='ocrx_word' id='word_1_688' title='bbox 1468 4826 1578 4885; x_wconf 91' lang='lat' dir='ltr'><strong>illis</strong></span> <span class='ocrx_word' id='word_1_689' title='bbox 1607 4844 1729 4897; x_wconf 84' lang='lat' dir='ltr'><strong>qua</strong></span> <span class='ocrx_word' id='word_1_690' title='bbox 1770 4829 1907 4899; x_wconf 87' lang='lat' dir='ltr'><strong>peri-</strong></span> 
     </span>
    </p>
   </div>
   <div class='ocr_carea' id='block_1_71' title="bbox 324 4912 1915 4989">
    <p class='ocr_par' dir='ltr' id='par_1_71' title="bbox 324 4912 1915 4989">
     <span class='ocr_line' id='line_1_71' title="bbox 324 4912 1915 4989; baseline 0.005 -22"><span class='ocrx_word' id='word_1_691' title='bbox 324 4922 508 4980; x_wconf 85' lang='lat' dir='ltr'><strong>erunt,</strong></span> <span class='ocrx_word' id='word_1_692' title='bbox 526 4912 713 4984; x_wconf 82' lang='lat' dir='ltr'><strong>qualia</strong></span> <span class='ocrx_word' id='word_1_693' title='bbox 732 4912 902 4971; x_wconf 81' lang='lat' dir='ltr'><strong>fuisse</strong></span> <span class='ocrx_word' id='word_1_694' title='bbox 923 4915 1330 4985; x_wconf 88' lang='lat' dir='ltr'><strong>quamplurima</strong></span> <span class='ocrx_word' id='word_1_695' title='bbox 1369 4917 1598 4981; x_wconf 87' lang='lat' dir='ltr'><strong>scimus,</strong></span> <span class='ocrx_word' id='word_1_696' title='bbox 1628 4917 1915 4989; x_wconf 88' lang='lat' dir='ltr'><strong>Ignatiana</strong></span> 
     </span>
    </p>
   </div>
   <div class='ocr_carea' id='block_1_72' title="bbox 326 5005 1915 5079">
    <p class='ocr_par' dir='ltr' id='par_1_72' title="bbox 326 5005 1915 5079">
     <span class='ocr_line' id='line_1_72' title="bbox 326 5005 1915 5079; baseline 0.003 -18"><span class='ocrx_word' id='word_1_697' title='bbox 326 5014 758 5069; x_wconf 69' lang='lat' dir='ltr'><strong>mmemorata</strong></span> <span class='ocrx_word' id='word_1_698' title='bbox 792 5005 928 5070; x_wconf 87' lang='lat' dir='ltr'><strong>sint,</strong></span> <span class='ocrx_word' id='word_1_699' title='bbox 959 5006 1426 5075; x_wconf 91' lang='lat' dir='ltr'><strong>quemadmodum</strong></span> <span class='ocrx_word' id='word_1_700' title='bbox 1455 5008 1523 5062; x_wconf 87' lang='lat' dir='ltr'><strong>ab</strong></span> <span class='ocrx_word' id='word_1_701' title='bbox 1552 5009 1619 5063; x_wconf 91' lang='lat' dir='ltr'><strong>iis</strong></span> <span class='ocrx_word' id='word_1_702' title='bbox 1646 5025 1787 5079; x_wconf 91' lang='lat' dir='ltr'><strong>quos</strong></span> <span class='ocrx_word' id='word_1_703' title='bbox 1812 5026 1915 5065; x_wconf 65' lang='lat' dir='ltr'><strong>no~</strong></span> 
     </span>
    </p>
   </div>
   <div class='ocr_carea' id='block_1_73' title="bbox 329 5098 1913 5171">
    <p class='ocr_par' dir='ltr' id='par_1_73' title="bbox 329 5098 1913 5171">
     <span class='ocr_line' id='line_1_73' title="bbox 329 5098 1913 5171; baseline 0.003 -20"><span class='ocrx_word' id='word_1_704' title='bbox 329 5098 663 5153; x_wconf 87' lang='lat' dir='ltr'><strong>minavimus</strong></span> <span class='ocrx_word' id='word_1_705' title='bbox 711 5106 1242 5153; x_wconf 89' lang='lat' dir='ltr'><strong>commemorantur.</strong></span> <span class='ocrx_word' id='word_1_706' title='bbox 1311 5098 1469 5165; x_wconf 86' lang='lat' dir='ltr'><strong>Quod</strong></span> <span class='ocrx_word' id='word_1_707' title='bbox 1530 5101 1577 5155; x_wconf 89' lang='lat' dir='ltr'><strong>si</strong></span> <span class='ocrx_word' id='word_1_708' title='bbox 1637 5117 1813 5171; x_wconf 91' lang='lat' dir='ltr'><strong>neque</strong></span> <span class='ocrx_word' id='word_1_709' title='bbox 1859 5104 1913 5155; x_wconf 83' lang='lat' dir='ltr'><strong>in</strong></span> 
     </span>
    </p>
   </div>
   <div class='ocr_carea' id='block_1_74' title="bbox 328 5190 1914 5261">
    <p class='ocr_par' dir='ltr' id='par_1_74' title="bbox 328 5190 1914 5261">
     <span class='ocr_line' id='line_1_74' title="bbox 328 5190 1914 5261; baseline 0.003 -16"><span class='ocrx_word' id='word_1_710' title='bbox 328 5190 506 5253; x_wconf 81' lang='lat' dir='ltr'><strong>editis,</strong></span> <span class='ocrx_word' id='word_1_711' title='bbox 536 5205 717 5260; x_wconf 89' lang='lat' dir='ltr'><strong>neque</strong></span> <span class='ocrx_word' id='word_1_712' title='bbox 748 5190 802 5243; x_wconf 91' lang='lat' dir='ltr'><strong>in</strong></span> <span class='ocrx_word' id='word_1_713' title='bbox 841 5190 1142 5260; x_wconf 90' lang='lat' dir='ltr'><strong>deperditis</strong></span> <span class='ocrx_word' id='word_1_714' title='bbox 1186 5191 1262 5245; x_wconf 91' lang='lat' dir='ltr'><strong>illi</strong></span> <span class='ocrx_word' id='word_1_715' title='bbox 1297 5191 1577 5261; x_wconf 78' lang='lat' dir='ltr'><strong>lgnaﬁana</strong></span> <span class='ocrx_word' id='word_1_716' title='bbox 1610 5209 1914 5249; x_wconf 89' lang='lat' dir='ltr'><strong>memoras-</strong></span> 
     </span>
    </p>
   </div>
   <div class='ocr_carea' id='block_1_75' title="bbox 330 5283 1914 5356">
    <p class='ocr_par' dir='ltr' id='par_1_75' title="bbox 330 5283 1914 5356">
     <span class='ocr_line' id='line_1_75' title="bbox 330 5283 1914 5356; baseline 0.003 -19"><span class='ocrx_word' id='word_1_717' title='bbox 330 5292 464 5347; x_wconf 83' lang='lat' dir='ltr'><strong>sent,</strong></span> <span class='ocrx_word' id='word_1_718' title='bbox 487 5298 557 5337; x_wconf 91' lang='lat' dir='ltr'><strong>ne</strong></span> <span class='ocrx_word' id='word_1_719' title='bbox 586 5283 669 5338; x_wconf 89' lang='lat' dir='ltr'><strong>sic</strong></span> <span class='ocrx_word' id='word_1_720' title='bbox 699 5283 923 5353; x_wconf 88' lang='lat' dir='ltr'><strong>quidem</strong></span> <span class='ocrx_word' id='word_1_721' title='bbox 953 5283 1063 5336; x_wconf 90' lang='lat' dir='ltr'><strong>ullo</strong></span> <span class='ocrx_word' id='word_1_722' title='bbox 1095 5286 1256 5339; x_wconf 90' lang='lat' dir='ltr'><strong>modo</strong></span> <span class='ocrx_word' id='word_1_723' title='bbox 1282 5286 1553 5355; x_wconf 88' lang='lat' dir='ltr'><strong>sequitur,</strong></span> <span class='ocrx_word' id='word_1_724' title='bbox 1573 5302 1667 5341; x_wconf 91' lang='lat' dir='ltr'><strong>eos</strong></span> <span class='ocrx_word' id='word_1_725' title='bbox 1699 5288 1914 5356; x_wconf 86' lang='lat' dir='ltr'><strong>penitus</strong></span> 
     </span>
    </p>
   </div>
   <div class='ocr_carea' id='block_1_76' title="bbox 333 5374 1909 5448">
    <p class='ocr_par' dir='ltr' id='par_1_76' title="bbox 333 5374 1909 5448">
     <span class='ocr_line' id='line_1_76' title="bbox 333 5374 1909 5448; baseline 0.002 -18"><span class='ocrx_word' id='word_1_726' title='bbox 333 5377 416 5430; x_wconf 78' lang='lat' dir='ltr'><strong>Illa</strong></span> <span class='ocrx_word' id='word_1_727' title='bbox 466 5374 807 5447; x_wconf 81' lang='lat' dir='ltr'><strong>ignoravisse</strong></span> <span class='ocrx_word' id='word_1_728' title='bbox 857 5392 983 5446; x_wconf 81' lang='lat' dir='ltr'><strong>qua</strong></span> <span class='ocrx_word' id='word_1_729' title='bbox 1032 5377 1123 5431; x_wconf 82' lang='lat' dir='ltr'><strong>alii</strong></span> <span class='ocrx_word' id='word_1_730' title='bbox 1177 5387 1470 5432; x_wconf 89' lang='lat' dir='ltr'><strong>noverunt.</strong></span> <span class='ocrx_word' id='word_1_731' title='bbox 1523 5376 1710 5448; x_wconf 86' lang='lat' dir='ltr'><strong>Neque</strong></span> <span class='ocrx_word' id='word_1_732' title='bbox 1765 5379 1909 5433; x_wconf 86' lang='lat' dir='ltr'><strong>enim</strong></span> 
     </span>
    </p>
   </div>
   <div class='ocr_carea' id='block_1_77' title="bbox 330 5466 1912 5539">
    <p class='ocr_par' dir='ltr' id='par_1_77' title="bbox 330 5466 1912 5539">
     <span class='ocr_line' id='line_1_77' title="bbox 330 5466 1912 5539; baseline 0.002 -18"><span class='ocrx_word' id='word_1_733' title='bbox 330 5481 513 5522; x_wconf 88' lang='lat' dir='ltr'><strong>eorum</strong></span> <span class='ocrx_word' id='word_1_734' title='bbox 562 5466 804 5535; x_wconf 86' lang='lat' dir='ltr'><strong>cuipiam</strong></span> <span class='ocrx_word' id='word_1_735' title='bbox 856 5466 911 5520; x_wconf 90' lang='lat' dir='ltr'><strong>in</strong></span> <span class='ocrx_word' id='word_1_736' title='bbox 970 5468 1154 5522; x_wconf 89' lang='lat' dir='ltr'><strong>animo</strong></span> <span class='ocrx_word' id='word_1_737' title='bbox 1200 5466 1323 5532; x_wconf 80' lang='lat' dir='ltr'><strong>fuit,</strong></span> <span class='ocrx_word' id='word_1_738' title='bbox 1377 5484 1570 5527; x_wconf 83' lang='lat' dir='ltr'><strong>omnes</strong></span> <span class='ocrx_word' id='word_1_739' title='bbox 1619 5470 1912 5539; x_wconf 89' lang='lat' dir='ltr'><strong>scriptores</strong></span> 
     </span>
    </p>
   </div>
   <div class='ocr_carea' id='block_1_78' title="bbox 332 5560 1908 5633">
    <p class='ocr_par' dir='ltr' id='par_1_78' title="bbox 332 5560 1908 5633">
     <span class='ocr_line' id='line_1_78' title="bbox 332 5560 1908 5633; baseline 0.003 -18"><span class='ocrx_word' id='word_1_740' title='bbox 332 5560 724 5616; x_wconf 79' lang='lat' dir='ltr'><strong>ecclesiasticos</strong></span> <span class='ocrx_word' id='word_1_741' title='bbox 764 5569 863 5615; x_wconf 90' lang='lat' dir='ltr'><strong>aut</strong></span> <span class='ocrx_word' id='word_1_742' title='bbox 903 5562 1085 5616; x_wconf 89' lang='lat' dir='ltr'><strong>etiam.</strong></span> <span class='ocrx_word' id='word_1_743' title='bbox 1114 5564 1361 5621; x_wconf 37' lang='lat' dir='ltr'><strong>maxime.</strong></span> <span class='ocrx_word' id='word_1_744' title='bbox 1386 5564 1757 5633; x_wconf 82' lang='lat' dir='ltr'><strong>praeellentes</strong></span> <span class='ocrx_word' id='word_1_745' title='bbox 1805 5581 1908 5619; x_wconf 90' lang='lat' dir='ltr'><strong>no-</strong></span> 
     </span>
    </p>
   </div>
   <div class='ocr_carea' id='block_1_79' title="bbox 335 5648 1909 5725">
    <p class='ocr_par' dir='ltr' id='par_1_79' title="bbox 335 5648 1909 5725">
     <span class='ocr_line' id='line_1_79' title="bbox 335 5648 1909 5725; baseline 0.001 -19"><span class='ocrx_word' id='word_1_746' title='bbox 335 5653 551 5706; x_wconf 86' lang='lat' dir='ltr'><strong>minare.</strong></span> <span class='ocrx_word' id='word_1_747' title='bbox 582 5648 640 5705; x_wconf 90' lang='lat' dir='ltr'><strong>Si</strong></span> <span class='ocrx_word' id='word_1_748' title='bbox 666 5652 917 5722; x_wconf 84' lang='lat' dir='ltr'><strong>denique</strong></span> <span class='ocrx_word' id='word_1_749' title='bbox 941 5651 997 5707; x_wconf 83' lang='lat' dir='ltr'><strong>hi</strong></span> <span class='ocrx_word' id='word_1_750' title='bbox 1033 5668 1128 5708; x_wconf 87' lang='lat' dir='ltr'><strong>eas</strong></span> <span class='ocrx_word' id='word_1_751' title='bbox 1158 5653 1319 5720; x_wconf 80' lang='lat' dir='ltr'><strong>forte,</strong></span> <span class='ocrx_word' id='word_1_752' title='bbox 1351 5665 1444 5707; x_wconf 91' lang='lat' dir='ltr'><strong>aut</strong></span> <span class='ocrx_word' id='word_1_753' title='bbox 1476 5654 1674 5708; x_wconf 88' lang='lat' dir='ltr'><strong>horum</strong></span> <span class='ocrx_word' id='word_1_754' title='bbox 1712 5654 1909 5725; x_wconf 87' lang='lat' dir='ltr'><strong>aliquis</strong></span> 
     </span>
    </p>
   </div>
   <div class='ocr_carea' id='block_1_80' title="bbox 336 5744 1904 5811">
    <p class='ocr_par' dir='ltr' id='par_1_80' title="bbox 336 5744 1904 5811">
     <span class='ocr_line' id='line_1_80' title="bbox 336 5744 1904 5811; baseline 0.001 -13"><span class='ocrx_word' id='word_1_755' title='bbox 336 5744 611 5811; x_wconf 81' lang='lat' dir='ltr'><strong>ignoravit,</strong></span> <span class='ocrx_word' id='word_1_756' title='bbox 643 5753 741 5800; x_wconf 89' lang='lat' dir='ltr'><strong>aut</strong></span> <span class='ocrx_word' id='word_1_757' title='bbox 768 5760 878 5799; x_wconf 91' lang='lat' dir='ltr'><strong>non</strong></span> <span class='ocrx_word' id='word_1_758' title='bbox 916 5745 1075 5810; x_wconf 89' lang='lat' dir='ltr'><strong>vidit,</strong></span> <span class='ocrx_word' id='word_1_759' title='bbox 1107 5756 1202 5802; x_wconf 89' lang='lat' dir='ltr'><strong>aut</strong></span> <span class='ocrx_word' id='word_1_760' title='bbox 1228 5748 1282 5801; x_wconf 92' lang='lat' dir='ltr'><strong>in</strong></span> <span class='ocrx_word' id='word_1_761' title='bbox 1313 5762 1412 5801; x_wconf 91' lang='lat' dir='ltr'><strong>sua</strong></span> <span class='ocrx_word' id='word_1_762' title='bbox 1441 5747 1767 5802; x_wconf 83' lang='lat' dir='ltr'><strong>bibliotheca</strong></span> <span class='ocrx_word' id='word_1_763' title='bbox 1797 5762 1904 5801; x_wconf 92' lang='lat' dir='ltr'><strong>non</strong></span> 
     </span>
    </p>
   </div>
   <div class='ocr_carea' id='block_1_81' title="bbox 339 5837 1961 5925">
    <p class='ocr_par' dir='ltr' id='par_1_81' title="bbox 339 5837 1961 5925">
     <span class='ocr_line' id='line_1_81' title="bbox 339 5837 1961 5925; baseline -0.002 -25"><span class='ocrx_word' id='word_1_764' title='bbox 339 5837 531 5907; x_wconf 75' lang='lat' dir='ltr'><strong>habuit,</strong></span> <span class='ocrx_word' id='word_1_765' title='bbox 577 5838 724 5898; x_wconf 86' lang='lat' dir='ltr'><strong>illius</strong></span> <span class='ocrx_word' id='word_1_766' title='bbox 770 5846 960 5897; x_wconf 81' lang='lat' dir='ltr'><strong>tamen</strong></span> <span class='ocrx_word' id='word_1_767' title='bbox 1007 5838 1089 5895; x_wconf 87' lang='lat' dir='ltr'><strong>vel</strong></span> <span class='ocrx_word' id='word_1_768' title='bbox 1134 5839 1297 5902; x_wconf 81' lang='lat' dir='ltr'><strong>etiam</strong></span> <span class='ocrx_word' id='word_1_769' title='bbox 1341 5840 1610 5915; x_wconf 64' lang='lat' dir='ltr'><strong>plurium“</strong></span> <span class='ocrx_word' id='word_1_770' title='bbox 1632 5839 1905 5913; x_wconf 79' lang='lat' dir='ltr'><strong>ignoratio</strong></span> <span class='ocrx_word' id='word_1_771' title='bbox 1953 5921 1961 5925; x_wconf 18' lang='grc' dir='ltr'>λ</span> 
     </span>
    </p>
   </div>
   <div class='ocr_carea' id='block_1_82' title="bbox 2022 4633 3611 4708">
    <p class='ocr_par' dir='ltr' id='par_1_82' title="bbox 2022 4633 3611 4708">
     <span class='ocr_line' id='line_1_82' title="bbox 2022 4633 3611 4708; baseline 0.004 -20"><span class='ocrx_word' id='word_1_772' title='bbox 2022 4648 2294 4692; x_wconf 88' lang='lat' dir='ltr'><strong>consensu</strong></span> <span class='ocrx_word' id='word_1_773' title='bbox 2339 4633 2560 4689; x_wconf 91' lang='lat' dir='ltr'><strong>tradunt</strong></span> <span class='ocrx_word' id='word_1_774' title='bbox 2588 4654 2600 4688; x_wconf 90' lang='lat'><strong>:</strong></span> <span class='ocrx_word' id='word_1_775' title='bbox 2627 4634 2949 4705; x_wconf 82' lang='lat' dir='ltr'><strong>adjunxisse</strong></span> <span class='ocrx_word' id='word_1_776' title='bbox 2992 4636 3207 4692; x_wconf 90' lang='lat' dir='ltr'><strong>Aniano</strong></span> <span class='ocrx_word' id='word_1_777' title='bbox 3252 4646 3311 4692; x_wconf 91' lang='lat' dir='ltr'><strong>ut</strong></span> <span class='ocrx_word' id='word_1_778' title='bbox 3352 4638 3611 4708; x_wconf 88' lang='lat' dir='ltr'><strong>episcopo</strong></span> 
     </span>
    </p>
   </div>
   <div class='ocr_carea' id='block_1_83' title="bbox 2022 4727 3605 4797">
    <p class='ocr_par' dir='ltr' id='par_1_83' title="bbox 2022 4727 3605 4797">
     <span class='ocr_line' id='line_1_83' title="bbox 2022 4727 3605 4797; baseline 0.001 -15"><span class='ocrx_word' id='word_1_779' title='bbox 2022 4736 2230 4782; x_wconf 90' lang='lat' dir='ltr'><strong>certum</strong></span> <span class='ocrx_word' id='word_1_780' title='bbox 2283 4727 2729 4797; x_wconf 83' lang='lat' dir='ltr'><strong>presbyterorum</strong></span> <span class='ocrx_word' id='word_1_781' title='bbox 2782 4735 2837 4782; x_wconf 91' lang='lat' dir='ltr'><strong>et</strong></span> <span class='ocrx_word' id='word_1_782' title='bbox 2892 4728 3256 4785; x_wconf 88' lang='lat' dir='ltr'><strong>diaconorum</strong></span> <span class='ocrx_word' id='word_1_783' title='bbox 3312 4745 3605 4785; x_wconf 91' lang='lat' dir='ltr'><strong>numerum</strong></span> 
     </span>
    </p>
   </div>
   <div class='ocr_carea' id='block_1_84' title="bbox 2020 4814 3607 4890">
    <p class='ocr_par' dir='ltr' id='par_1_84' title="bbox 2020 4814 3607 4890">
     <span class='ocr_line' id='line_1_84' title="bbox 2020 4814 3607 4890; baseline 0.003 -19"><span class='ocrx_word' id='word_1_784' title='bbox 2020 4818 2225 4888; x_wconf 92' lang='lat' dir='ltr'><strong>pariter</strong></span> <span class='ocrx_word' id='word_1_785' title='bbox 2244 4814 2508 4873; x_wconf 81' lang='lat' dir='ltr'><strong>referunt.</strong></span> <span class='ocrx_word' id='word_1_786' title='bbox 2542 4817 2663 4887; x_wconf 86' lang='lat' dir='ltr'><strong>Ipse</strong></span> <span class='ocrx_word' id='word_1_787' title='bbox 2685 4818 2986 4890; x_wconf 80' lang='lat' dir='ltr'><strong>Eutychius</strong></span> <span class='ocrx_word' id='word_1_788' title='bbox 3015 4820 3339 4890; x_wconf 87' lang='lat' dir='ltr'><strong>patriarcha</strong></span> <span class='ocrx_word' id='word_1_789' title='bbox 3368 4821 3607 4876; x_wconf 79' lang='lat' dir='ltr'><strong>Alexan-</strong></span> 
     </span>
    </p>
   </div>
   <div class='ocr_carea' id='block_1_85' title="bbox 2008 4909 3602 4984">
    <p class='ocr_par' dir='ltr' id='par_1_85' title="bbox 2008 4909 3602 4984">
     <span class='ocr_line' id='line_1_85' title="bbox 2008 4909 3602 4984; baseline 0 -18"><span class='ocrx_word' id='word_1_790' title='bbox 2008 4911 2235 4979; x_wconf 87' lang='lat' dir='ltr'><strong>drinus,</strong></span> <span class='ocrx_word' id='word_1_791' title='bbox 2258 4909 2417 4981; x_wconf 91' lang='lat' dir='ltr'><strong>cujus</strong></span> <span class='ocrx_word' id='word_1_792' title='bbox 2446 4910 2752 4980; x_wconf 85' lang='lat' dir='ltr'><strong>originibus</strong></span> <span class='ocrx_word' id='word_1_793' title='bbox 2774 4912 3037 4968; x_wconf 90' lang='lat' dir='ltr'><strong>adversus</strong></span> <span class='ocrx_word' id='word_1_794' title='bbox 3058 4912 3328 4984; x_wconf 87' lang='lat' dir='ltr'><strong>lgnatium</strong></span> <span class='ocrx_word' id='word_1_795' title='bbox 3352 4922 3602 4978; x_wconf 91' lang='lat' dir='ltr'><strong>utuntur,</strong></span> 
     </span>
    </p>
   </div>
   <div class='ocr_carea' id='block_1_86' title="bbox 2018 5003 3603 5075">
    <p class='ocr_par' dir='ltr' id='par_1_86' title="bbox 2018 5003 3603 5075">
     <span class='ocr_line' id='line_1_86' title="bbox 2018 5003 3603 5075; baseline -0.001 -17"><span class='ocrx_word' id='word_1_796' title='bbox 2018 5019 2129 5059; x_wconf 89' lang='lat' dir='ltr'><strong>nou</strong></span> <span class='ocrx_word' id='word_1_797' title='bbox 2163 5004 2319 5058; x_wconf 90' lang='lat' dir='ltr'><strong>aliter</strong></span> <span class='ocrx_word' id='word_1_798' title='bbox 2367 5012 2594 5058; x_wconf 87' lang='lat' dir='ltr'><strong>narrat:</strong></span> <span class='ocrx_word' id='word_1_799' title='bbox 2622 5003 2864 5059; x_wconf 86' lang='lat' dir='ltr'><strong>Credidit</strong></span> <span class='ocrx_word' id='word_1_800' title='bbox 2903 5005 2967 5057; x_wconf 90' lang='lat' dir='ltr'><strong>ab</strong></span> <span class='ocrx_word' id='word_1_801' title='bbox 3006 5020 3068 5059; x_wconf 87' lang='lat' dir='ltr'><strong>eo</strong></span> <span class='ocrx_word' id='word_1_802' title='bbox 3102 5013 3332 5075; x_wconf 89' lang='lat' dir='ltr'><strong>tempore</strong></span> <span class='ocrx_word' id='word_1_803' title='bbox 3364 5004 3603 5061; x_wconf 84' lang='lat' dir='ltr'><strong>Ananias</strong></span> 
     </span>
    </p>
   </div>
   <div class='ocr_carea' id='block_1_87' title="bbox 2017 5099 3605 5170">
    <p class='ocr_par' dir='ltr' id='par_1_87' title="bbox 2017 5099 3605 5170">
     <span class='ocr_line' id='line_1_87' title="bbox 2017 5099 3605 5170; baseline -0.002 -15"><span class='ocrx_word' id='word_1_804' title='bbox 2017 5103 2071 5155; x_wconf 88' lang='lat' dir='ltr'><strong>in</strong></span> <span class='ocrx_word' id='word_1_805' title='bbox 2095 5100 2386 5167; x_wconf 86' lang='lat' dir='ltr'><strong>Christum,</strong></span> <span class='ocrx_word' id='word_1_806' title='bbox 2410 5101 2547 5155; x_wconf 86' lang='lat' dir='ltr'><strong>unde</strong></span> <span class='ocrx_word' id='word_1_807' title='bbox 2574 5100 2866 5167; x_wconf 77' lang='lat' dir='ltr'><strong>baptizavit</strong></span> <span class='ocrx_word' id='word_1_808' title='bbox 2892 5116 3010 5154; x_wconf 85' lang='lat' dir='ltr'><strong>eum</strong></span> <span class='ocrx_word' id='word_1_809' title='bbox 3039 5099 3285 5170; x_wconf 68' lang='lat' dir='ltr'><strong>Marcus,</strong></span> <span class='ocrx_word' id='word_1_810' title='bbox 3302 5110 3348 5157; x_wconf 86' lang='lat' dir='ltr'><strong>et</strong></span> <span class='ocrx_word' id='word_1_811' title='bbox 3374 5100 3605 5163; x_wconf 70' lang='lat' dir='ltr'><strong>Alexan-</strong></span> 
     </span>
    </p>
   </div>
   <div class='ocr_carea' id='block_1_88' title="bbox 2015 5192 3604 5262">
    <p class='ocr_par' dir='ltr' id='par_1_88' title="bbox 2015 5192 3604 5262">
     <span class='ocr_line' id='line_1_88' title="bbox 2015 5192 3604 5262; baseline -0.001 -15"><span class='ocrx_word' id='word_1_812' title='bbox 2015 5195 2151 5247; x_wconf 72' lang='lat' dir='ltr'><strong>dria</strong></span> <span class='ocrx_word' id='word_1_813' title='bbox 2178 5194 2542 5262; x_wconf 82' lang='lat' dir='ltr'><strong>patriarcham</strong></span> <span class='ocrx_word' id='word_1_814' title='bbox 2575 5194 2873 5248; x_wconf 86' lang='lat' dir='ltr'><strong>constituit.</strong></span> <span class='ocrx_word' id='word_1_815' title='bbox 2926 5192 3156 5262; x_wconf 63' lang='lat' dir='ltr'><strong>Fujtqpe</strong></span> <span class='ocrx_word' id='word_1_816' title='bbox 3188 5193 3235 5245; x_wconf 84' lang='lat' dir='ltr'><strong>is</strong></span> <span class='ocrx_word' id='word_1_817' title='bbox 3266 5192 3604 5261; x_wconf 84' lang='lat' dir='ltr'><strong>patriarcha-</strong></span> 
     </span>
    </p>
   </div>
   <div class='ocr_carea' id='block_1_89' title="bbox 2016 5281 3601 5356">
    <p class='ocr_par' dir='ltr' id='par_1_89' title="bbox 2016 5281 3601 5356">
     <span class='ocr_line' id='line_1_89' title="bbox 2016 5281 3601 5356; baseline -0.001 -17"><span class='ocrx_word' id='word_1_818' title='bbox 2016 5302 2133 5339; x_wconf 89' lang='lat' dir='ltr'><strong>rum</strong></span> <span class='ocrx_word' id='word_1_819' title='bbox 2156 5286 2247 5356; x_wconf 83' lang='lat' dir='ltr'><strong>qui</strong></span> <span class='ocrx_word' id='word_1_820' title='bbox 2280 5284 2877 5355; x_wconf 69' lang='lat' dir='ltr'><strong>Alexandriwpwfecti</strong></span> <span class='ocrx_word' id='word_1_821' title='bbox 2905 5294 3028 5338; x_wconf 81' lang='lat' dir='ltr'><strong>sunt</strong></span> <span class='ocrx_word' id='word_1_822' title='bbox 3057 5284 3281 5353; x_wconf 87' lang='lat' dir='ltr'><strong>primus.</strong></span> <span class='ocrx_word' id='word_1_823' title='bbox 3310 5281 3601 5337; x_wconf 83' lang='lat' dir='ltr'><strong>Constituit</strong></span> 
     </span>
    </p>
   </div>
   <div class='ocr_carea' id='block_1_90' title="bbox 2013 5373 3601 5447">
    <p class='ocr_par' dir='ltr' id='par_1_90' title="bbox 2013 5373 3601 5447">
     <span class='ocr_line' id='line_1_90' title="bbox 2013 5373 3601 5447; baseline -0.003 -17"><span class='ocrx_word' id='word_1_824' title='bbox 2013 5386 2195 5430; x_wconf 85' lang='lat' dir='ltr'><strong>antem</strong></span> <span class='ocrx_word' id='word_1_825' title='bbox 2222 5376 2557 5447; x_wconf 10' lang='lat' dir='ltr'><strong>evangelista,</strong></span> <span class='ocrx_word' id='word_1_826' title='bbox 2579 5376 2794 5430; x_wconf 81' lang='lat' dir='ltr'><strong>Marcus</strong></span> <span class='ocrx_word' id='word_1_827' title='bbox 2831 5391 2941 5427; x_wconf 88' lang='lat' dir='ltr'><strong>una</strong></span> <span class='ocrx_word' id='word_1_828' title='bbox 2969 5390 3089 5427; x_wconf 88' lang='lat' dir='ltr'><strong>cum</strong></span> <span class='ocrx_word' id='word_1_829' title='bbox 3118 5373 3333 5427; x_wconf 84' lang='lat' dir='ltr'><strong>Anania</strong></span> <span class='ocrx_word' id='word_1_830' title='bbox 3362 5376 3601 5443; x_wconf 79' lang='lat' dir='ltr'><strong>patriar-</strong></span> 
     </span>
    </p>
   </div>
   <div class='ocr_carea' id='block_1_91' title="bbox 2014 5465 3599 5541">
    <p class='ocr_par' dir='ltr' id='par_1_91' title="bbox 2014 5465 3599 5541">
     <span class='ocr_line' id='line_1_91' title="bbox 2014 5465 3599 5541; baseline 0.001 -22"><span class='ocrx_word' id='word_1_831' title='bbox 2014 5466 2111 5519; x_wconf 81' lang='lat' dir='ltr'><strong>cha</strong></span> <span class='ocrx_word' id='word_1_832' title='bbox 2138 5467 2415 5527; x_wconf 82' lang='lat' dir='ltr'><strong>duodecim</strong></span> <span class='ocrx_word' id='word_1_833' title='bbox 2437 5465 2786 5541; x_wconf 81' lang='lat' dir='ltr'><strong>presbyteros,</strong></span> <span class='ocrx_word' id='word_1_834' title='bbox 2806 5465 2896 5535; x_wconf 87' lang='lat' dir='ltr'><strong>qui</strong></span> <span class='ocrx_word' id='word_1_835' title='bbox 2929 5481 3109 5535; x_wconf 82' lang='lat' dir='ltr'><strong>nempe</strong></span> <span class='ocrx_word' id='word_1_836' title='bbox 3136 5481 3254 5519; x_wconf 85' lang='lat' dir='ltr'><strong>cum</strong></span> <span class='ocrx_word' id='word_1_837' title='bbox 3289 5467 3599 5534; x_wconf 75' lang='lat' dir='ltr'><strong>patriarcha</strong></span> 
     </span>
    </p>
   </div>
   <div class='ocr_carea' id='block_1_92' title="bbox 2010 5556 3598 5627">
    <p class='ocr_par' dir='ltr' id='par_1_92' title="bbox 2010 5556 3598 5627">
     <span class='ocr_line' id='line_1_92' title="bbox 2010 5556 3598 5627; baseline 0.001 -13"><span class='ocrx_word' id='word_1_838' title='bbox 2010 5567 2305 5614; x_wconf 85' lang='lat' dir='ltr'><strong>manerent.</strong></span> <span class='ocrx_word' id='word_1_839' title='bbox 2332 5558 2500 5627; x_wconf 79' lang='lat' dir='ltr'><strong>Vetus</strong></span> <span class='ocrx_word' id='word_1_840' title='bbox 2514 5557 2693 5627; x_wconf 32' lang='lat' dir='ltr'><strong>.‘Marci</strong></span> <span class='ocrx_word' id='word_1_841' title='bbox 2724 5556 2983 5612; x_wconf 80' lang='lat' dir='ltr'><strong>Historia:</strong></span> <span class='ocrx_word' id='word_1_842' title='bbox 3007 5566 3223 5624; x_wconf 78' lang='lat' dir='ltr'><strong>auc-tor,</strong></span> <span class='ocrx_word' id='word_1_843' title='bbox 3244 5557 3427 5613; x_wconf 79' lang='lat' dir='ltr'><strong>beatus</strong></span> <span class='ocrx_word' id='word_1_844' title='bbox 3455 5558 3598 5616; x_wconf 79' lang='lat' dir='ltr'><strong>Mar-</strong></span> 
     </span>
    </p>
   </div>
   <div class='ocr_carea' id='block_1_93' title="bbox 2012 5649 3594 5721">
    <p class='ocr_par' dir='ltr' id='par_1_93' title="bbox 2012 5649 3594 5721">
     <span class='ocr_line' id='line_1_93' title="bbox 2012 5649 3594 5721; baseline -0.002 -14"><span class='ocrx_word' id='word_1_845' title='bbox 2012 5670 2105 5707; x_wconf 87' lang='lat' dir='ltr'><strong>cus</strong></span> <span class='ocrx_word' id='word_1_846' title='bbox 2140 5650 2438 5706; x_wconf 78' lang='lat' dir='ltr'><strong>Anizanum</strong></span> <span class='ocrx_word' id='word_1_847' title='bbox 2474 5649 2687 5719; x_wconf 13' lang='lat' dir='ltr'><strong>ibidem,</strong></span> <span class='ocrx_word' id='word_1_848' title='bbox 2713 5651 2979 5703; x_wconf 87' lang='lat' dir='ltr'><strong>ordinavit</strong></span> <span class='ocrx_word' id='word_1_849' title='bbox 3020 5651 3347 5721; x_wconf 88' lang='lat' dir='ltr'><strong>episcopum,</strong></span> <span class='ocrx_word' id='word_1_850' title='bbox 3386 5661 3436 5704; x_wconf 87' lang='lat' dir='ltr'><strong>et</strong></span> <span class='ocrx_word' id='word_1_851' title='bbox 3490 5660 3594 5709; x_wconf 83' lang='lat' dir='ltr'><strong>tres</strong></span> 
     </span>
    </p>
   </div>
   <div class='ocr_carea' id='block_1_94' title="bbox 2011 5741 3594 5814">
    <p class='ocr_par' dir='ltr' id='par_1_94' title="bbox 2011 5741 3594 5814">
     <span class='ocr_line' id='line_1_94' title="bbox 2011 5741 3594 5814; baseline -0.001 -17"><span class='ocrx_word' id='word_1_852' title='bbox 2011 5744 2374 5814; x_wconf 82' lang='lat' dir='ltr'><strong>presbyteros,</strong></span> <span class='ocrx_word' id='word_1_853' title='bbox 2412 5752 2462 5797; x_wconf 87' lang='lat' dir='ltr'><strong>et</strong></span> <span class='ocrx_word' id='word_1_854' title='bbox 2504 5751 2697 5813; x_wconf 85' lang='lat' dir='ltr'><strong>septem</strong></span> <span class='ocrx_word' id='word_1_855' title='bbox 2737 5741 3015 5798; x_wconf 83' lang='lat' dir='ltr'><strong>diaconos.</strong></span> <span class='ocrx_word' id='word_1_856' title='bbox 3069 5741 3209 5798; x_wconf 86' lang='lat' dir='ltr'><strong>Ecce</strong></span> <span class='ocrx_word' id='word_1_857' title='bbox 3257 5743 3594 5812; x_wconf 88' lang='lat' dir='ltr'><strong>ipsissimam</strong></span> 
     </span>
    </p>
   </div>
   <div class='ocr_carea' id='block_1_95' title="bbox 2011 5833 3593 5911">
    <p class='ocr_par' dir='ltr' id='par_1_95' title="bbox 2011 5833 3593 5911">
     <span class='ocr_line' id='line_1_95' title="bbox 2011 5833 3593 5911; baseline -0.005 -17"><span class='ocrx_word' id='word_1_858' title='bbox 2011 5837 2212 5899; x_wconf 77' lang='lat' dir='ltr'><strong>faciem</strong></span> <span class='ocrx_word' id='word_1_859' title='bbox 2262 5835 2519 5894; x_wconf 79' lang='lat' dir='ltr'><strong>Ecclesia</strong></span> <span class='ocrx_word' id='word_1_860' title='bbox 2572 5834 2900 5906; x_wconf 79' lang='lat' dir='ltr'><strong>lgnatiana!</strong></span> <span class='ocrx_word' id='word_1_861' title='bbox 2946 5836 3203 5911; x_wconf 37' lang='lat' dir='ltr'><strong>.Ananias</strong></span> <span class='ocrx_word' id='word_1_862' title='bbox 3250 5835 3411 5897; x_wconf 83' lang='lat' dir='ltr'><strong>enim</strong></span> <span class='ocrx_word' id='word_1_863' title='bbox 3450 5833 3593 5898; x_wconf 73' lang='lat' dir='ltr'><strong>idem</strong></span> 
     </span>
    </p>
   </div>
  </div>
