4078 6448
511 372 613 419 815

1576 384 1632 438 S.
1676 383 2027 441 lCNATlUS.
2070 416 2138 425 —
2178 383 2708 439 PROLECOMENA.

3666 382 3797 437 216

511 486 856 560 ‘ueﬂtidriae
880 503 983 558 fuit
1008 506 1152 574 quod
1187 503 1426 575 lgnatius
1455 505 1779 568 Antiochim,
1806 508 1950 575 quod
1982 505 2085 559 Po-
2115 510 2162 565 Α
2193 506 2323 559 teris
2355 515 2409 558 et
2440 506 2686 560 diaconis
2720 504 2773 557 in
2811 520 2967 558 sacra
3004 502 3283 572 Scriptura
3320 503 3447 557 data
3481 520 3629 558 esse:
3654 486 3794 557 Mo-

508 583 625 652 lYCa
638 614 765 666 rpus
784 598 1046 669 Smyrnae.
1064 596 1390 652 Potestatcm
1407 598 1459 651 in
1478 598 1821 667 presbyteros
1839 599 2091 653 habuisse

509 689 701 759 "egari
741 706 846 743 non
895 699 1093 759 potest,
1121 706 1244 744 cum
1282 690 1362 743 vel
1395 690 1593 759 ipsum,
1626 691 1709 742 vel
1744 705 2090 744 successores

507 766 554 835 ei
571 798 633 836 us
657 782 821 836 etiam
849 782 885 834 ii
910 782 1001 851 qui
1029 798 1123 836 eos
1148 782 1340 835 volunt
1370 798 1399 835 a
1426 782 1759 853 presbyteris
1782 782 2087 843 ordinatos,

515 890 639 927 cum
670 889 731 927 ea
764 874 1091 927 auctoritate
1136 874 1466 928 describant.
1516 873 1690 928 Etiam
1730 873 1786 928 S.
1827 873 2093 945 Hierony-

517 981 638 1019 mus
684 966 911 1034 epistola
950 965 1015 1018 ad
1065 964 1354 1035 Evagrium
1396 984 1408 1019 :
1453 964 1593 1018 Nam
1633 976 1681 1019 et
1733 965 2088 1028 Alexandria,

517 1058 712 1126 inquit,
748 1076 780 1110 a
824 1057 1006 1111 Marco
1043 1057 1361 1126 evangelista
1406 1074 1567 1127 usque
1609 1056 1678 1109 ad
1731 1056 2012 1109 lleraclam
2042 1065 2091 1108 et

517 1147 830 1216 Dionysium
864 1148 1129 1216 episcopos
1173 1147 1464 1217 presbyteri
1497 1163 1699 1215 semper
1741 1164 1902 1199 unum
1943 1162 2007 1199 ea:
2040 1163 2093 1199 se

514 1240 733 1292 electum
771 1240 822 1290 in
874 1238 1153 1293 excelsion'
1208 1240 1378 1308 gradu
1433 1238 1750 1291 collocatum
1792 1238 2088 1306 episcopum

516 1331 883 1397 nominabant,
908 1331 1167 1400 quomodo
1210 1330 1255 1383 si
1293 1331 1554 1383 exercitus
1601 1330 1971 1397 imperatorem
2009 1328 2094 1396 fa-

515 1424 643 1475 ciat.
676 1421 896 1475 Ananiae
918 1419 1102 1490 itaque
1130 1434 1499 1481 successores,
1526 1419 1832 1488 singulares
1858 1417 2094 1471 Alexan-

515 1514 650 1568 drite
684 1513 952 1582 episcopi,
999 1528 1175 1582 usque
1217 1511 1284 1564 ad
1320 1509 1603 1565 Heraclam
1639 1510 1724 1564 vel
1759 1508 2091 1563 Demetrium

516 1608 571 1660 in
605 1606 892 1660 excelsiori
927 1606 1118 1675 gradu,
1150 1618 1315 1673 quam
1349 1602 1652 1674 presbyteri
1689 1602 1795 1668 sui,
1834 1600 2093 1655 fuerunt:

517 1709 570 1750 ct
593 1697 812 1765 quidem
846 1713 970 1751 cum
1019 1697 1346 1751 auctoritate
1390 1705 1443 1748 et
1480 1704 1747 1764 potestate
1781 1694 1834 1746 in
1871 1692 2095 1763 presby-

516 1798 685 1852 teros,
712 1796 771 1841 ut
804 1788 1099 1855 imperator
1129 1787 1181 1839 in
1210 1786 1430 1840 milites.
1467 1784 1542 1838 lta
1577 1784 1798 1853 agnovit
1824 1784 1877 1836 in
1914 1781 2093 1836 Theo-

518 1879 667 1950 philo
702 1880 1073 1933 Alexandrino
1121 1877 1378 1947 episcopo
1403 1878 1503 1947 τὴν
1538 1876 1823 1930 αὐθεντίαν
1868 1876 1968 1946 τῆς
2004 1877 2095 1927 εὑ-

466 1992 477 2023 ;
518 1960 819 2041 αγγελικῆς
852 1969 1103 2040 διαδοχῆς
1147 1969 1411 2040 Synesins
1446 1970 1559 2038 ipse
1592 1971 1903 2039 episc0pus,
1931 1969 1982 2022 id
2016 1978 2099 2023 est

517 2078 781 2117 summam
834 2062 1210 2115 auctoritatem
1256 2070 1305 2113 et
1350 2070 1635 2124 exsortem,
1670 2075 1776 2112 non
1825 2073 1887 2111 ea
1941 2068 2101 2112 mtalc

517 2156 867 2226 acquisitam,
904 2155 996 2209 sed
1033 2154 1100 2207 ab
1134 2155 1253 2222 ipsa
1287 2153 1616 2207 successione
1660 2152 1833 2205 Marci
1880 2170 2100 2222 evange-

518 2252 657 2303 lista:
707 2248 1007 2302 derivatam
1031 2289 1044 2309 ,
1080 2246 1239 2314 epist.
1295 2244 1397 2310 66;
1434 2246 1665 2314 ideoque
1699 2261 1822 2299 eum
1858 2245 1931 2297 ita
1966 2245 2101 2297 allo-

516 2346 705 2415 quitur
730 2362 743 2397 :
766 2340 909 2411 Ἐγὼ
936 2342 992 2394 δὲ
1029 2340 1310 2411 βούλομαι,
1346 2340 1439 2394 καὶ
1454 2339 1665 2409 ἀνάγκη
1683 2338 2102 2410 μοιθεὶα,νόμον

518 2435 767 2507 ἡγεῖσθαι
782 2436 889 2487 πᾶν
901 2433 928 2486 ὃ
940 2451 992 2485 τι
1007 2433 1071 2486 ἂν
1084 2434 1289 2495 ἐκεῖνος
1303 2433 1330 2485 ὁ
1343 2431 1530 2503 θρόνος
1543 2431 1793 2503 θεσπίσῃ.
1805 2430 1913 2501 Ego
1926 2439 2102 2484 autent

524 2529 666 2593 volo,
692 2536 741 2579 et
766 2526 1049 2578 necessitas
1072 2523 1201 2575 mihi
1222 2524 1403 2575 divina
1436 2522 1713 2589 incumbit,
1729 2523 1892 2592 legem
1915 2522 2103 2575 existi-

521 2638 667 2675 ntare
720 2620 851 2671 mihi
887 2618 1259 2687 prtescriptam
1311 2616 1568 2686 quidquid
1600 2616 1664 2668 ab
1715 2614 1812 2667 illa
1847 2614 2101 2668 cathedra

520 2727 772 2782 tanquam
787 2711 1039 2764 divinitus
1068 2710 1365 2762 indicatum
1391 2709 1576 2777 fuerit,
1594 2708 1751 2777 epist.
1768 2706 1856 2760 67.
1874 2706 2104 2773 Quando

519 2807 685 2874 igitur
699 2804 939 2875 lgnatius
952 2802 1213 2872 epistolas
1227 2802 1471 2870 scripsit,
1486 2801 1673 2856 eadem
1690 2798 1865 2853 forma
1885 2799 1996 2869 regi
2008 2798 2104 2853 mi-

518 2895 604 2950 riis
618 2894 973 2949 ecclesiastici
986 2892 1331 2947 Alexandriae
1348 2889 1468 2956 fuit,
1483 2907 1605 2961 qua:
1619 2890 1755 2946 erat'
1766 2891 2062 2945 Antiochiae
2081 2930 2101 2958 ,

517 2995 751 3054 etquam
770 2986 824 3037 in
852 2984 977 3037 aliis
998 2982 1313 3037 civitatibus
1348 2981 1516 3037 fuisse
1539 2990 1809 3037 testantur
1839 2982 2100 3052 epistolae.
2128 2996 2145 3023 ο

603 3076 718 3129 lmo
776 3090 904 3129 vero
953 3084 1081 3127 ante
1148 3071 1466 3137 Heraclam,
1503 3073 1692 3128 eadem
1719 3073 1964 3127 doctrina
1983 3088 2105 3143 qua:

2198 598 2308 671 ρίαι
2339 598 2395 650 δὲ
2427 599 2547 651 ὅσαι
2582 597 2852 667 ὑποθῆκαι
2886 600 2966 660 είς
3002 598 3267 670 πρόσωπα
3301 596 3532 649 ὲκλεκτὰ
3578 596 3797 649 Statel-

2195 707 2380 742 νουσαι
2431 690 2842 760 ὲγγεγράφαται
2896 692 3017 751 ταῖς
3070 687 3272 757 βίϐλοις
3321 692 3442 751 ταῖς
3484 688 3691 756 ἁγίαις·
3730 689 3793 740 αἱ

2198 784 2293 853 μὲν
2320 783 2728 855 πρεσϐυτέροις,
2764 785 2818 834 αἱ
2851 782 2906 835 δὲ
2939 782 3277 845 ἐπισκόποις,
3310 785 3365 835 αἱ
3397 783 3453 835 δὲ
3485 782 3790 844 διακόνοις,

2194 875 2348 928 ἄλλαι
2400 878 2615 948 χήραις.
2669 875 3076 943 Quamplurima
3126 886 3303 927 autent
3351 884 3612 943 prwcepta
3659 888 3796 941 qua!

2195 969 2265 1021 ad
2293 970 2485 1022 electas
2510 986 2758 1037 personas
2787 969 3071 1038 pertinent,
3100 969 3155 1019 in
3178 970 3376 1020 sanctis
3400 967 3549 1019 libris
3576 968 3793 1028 scripta

2194 1071 2354 1113 sunt:
2387 1061 2497 1114 lucc
2552 1061 2761 1129 quidem
2801 1059 3136 1129 presbyteris,
3174 1059 3286 1111 alia
3327 1076 3445 1111 vero
3494 1059 3791 1127 episcopis,

2194 1153 2304 1203 alia
2353 1152 2622 1216 diaconis,
2670 1150 2781 1203 alia
2826 1160 3001 1203 autem
3048 1152 3245 1211 viduis,
3286 1148 3575 1219 Paedagog.
3613 1150 3649 1202 l.
3694 1165 3792 1216 tu,

2195 1258 2243 1296 c.
2278 1240 2365 1295 12.
2402 1241 2664 1309 Agnoscit
2692 1242 2857 1309 igitur
2880 1240 3155 1306 Clemens,
3186 1240 3565 1295 Alexandrinae
3594 1239 3794 1294 Eccle-

2197 1332 2291 1385 sia
2324 1330 2612 1399 presbyter,
2646 1329 2896 1383 Pantteni
2921 1329 3157 1394 auditor,
3183 1331 3277 1399 qui
3318 1340 3435 1398 post
3478 1331 3593 1398 ejus
3636 1347 3793 1383 mor-

2199 1434 2299 1477 tem
2331 1423 2674 1477 Alexandria:
2693 1423 3106 1477 ecclesiasticam
3123 1422 3357 1476 scholam
3374 1424 3560 1489 tenuit,
3585 1432 3641 1477 et
3657 1440 3796 1475 κατ-

2198 1517 2445 1587 ηχήσεων
2484 1517 2735 1586 magister
2765 1516 2903 1585 fuit,
2955 1525 3091 1570 teste
3125 1514 3473 1585 Hieronymo,
3508 1530 3621 1569 non
3661 1524 3792 1569 tan-

2199 1616 2311 1658 tum
2373 1615 2488 1659 tres
2552 1604 2793 1674 gradus,
2846 1605 2961 1659 sive
3016 1603 3303 1678 προκοπὰς
3357 1606 3789 1673 episcoporum,

2199 1697 2644 1767 presbyterorum
2681 1705 2733 1750 et
2766 1696 3122 1750 diaconorum
3169 1697 3223 1749 in
3281 1694 3522 1751 Ecclesia
3557 1712 3626 1750 ex
3680 1712 3790 1750 usu

2203 1798 2468 1856 receptos,
2506 1788 2601 1842 sed
2634 1796 2688 1841 et
2738 1803 2897 1841 usum
2938 1788 3089 1841 illum
3119 1802 3183 1841 ex
3216 1787 3521 1855 apostolica
3558 1788 3791 1841 institu-

2207 1882 2351 1933 tione
2376 1880 2701 1933 derivatum.
2738 1878 2987 1944 Quatuor
3018 1879 3163 1932 enim
3190 1893 3388 1948 genera
3417 1893 3791 1947 personarum

2202 1971 2255 2024 in
2287 1970 2586 2040 Scripturis
2618 1971 2789 2024 electa
2816 1970 3099 2039 agnoscit;
3137 1985 3248 2023 non
3282 1969 3467 2023 minus
3496 1968 3792 2039 distinguit

2202 2073 2471 2133 przecepta
2505 2078 2627 2132 quae
2660 2062 2861 2115 dantur
2893 2061 3200 2130 episcopis,
3233 2061 3301 2113 ab
3344 2060 3411 2114 iis
3439 2076 3562 2129 qua:
3596 2060 3794 2127 injun-

2205 2165 2403 2226 guntur
2438 2154 2802 2225 presbyteris,
2831 2169 2995 2223 quam
3031 2168 3094 2206 ea
3132 2169 3254 2221 quae
3293 2152 3574 2215 diaconis,
3612 2152 3689 2205 ab
3725 2151 3793 2205 iis

2204 2264 2325 2316 qua:
2370 2246 2551 2300 vnluis
2602 2244 3015 2315 przccipiuntur.
3064 2244 3133 2296 At
3183 2242 3454 2296 distinctae
3501 2251 3626 2296 sunt
3667 2257 3794 2310 pcr—

2205 2352 2373 2402 sonaz,
2407 2345 2501 2389 aut
2529 2334 2725 2399 oﬂicia,
2756 2334 2958 2403 quibus
2991 2332 3207 2387 diversa
3244 2339 3512 2400 praecepta
3558 2331 3793 2383 deman-

2204 2429 2424 2482 dantur.
2462 2427 2697 2498 Agnovit
2740 2427 2906 2496 igitur
2938 2425 3193 2479 Clemens
3222 2421 3631 2476 Alexandrinus
3666 2436 3791 2475 eam

2205 2535 2486 2576 sacrorum
2554 2519 2812 2573 ordinum
2872 2517 3355 2581 distributionem,
3409 2515 3566 2583 cujus
3624 2530 3791 2568 usum

2206 2612 2453 2681 agnoscit
2486 2608 2826 2674 Blondellus,
2856 2607 3121 2662 divinitus
3165 2622 3264 2675 per
3297 2606 3579 2675 apostolos
3615 2604 3792 2659 fuisse

2206 2700 2536 2754 institutam.
2589 2697 2714 2753 llaec
2765 2698 3025 2751 Clemens
3071 2711 3137 2749 ex
3174 2693 3418 2749 Pantami
3469 2693 3690 2756 schola,
3725 2708 3795 2746 es

2206 2790 2504 2845 Clementis
2549 2790 2739 2842 eadem
2775 2786 3059 2858 Origenes.
3118 2786 3209 2840 Sic
3247 2787 3393 2840 enim
3436 2785 3523 2838 ille
3566 2785 3795 2854 juvenis

2207 2886 2388 2940 adhuc
2414 2883 2606 2937 liomil.
2644 2883 2711 2936 i5
2738 2882 2792 2935 in
2828 2880 2887 2935 S.
2926 2880 3130 2934 Lucam
3156 2898 3167 2933 :
3195 2878 3256 2934 Si
3290 2880 3546 2932 audacter
3574 2879 3790 2947 expedit

2206 2978 2351 3047 loqui
2398 2974 2802 3045 Scripturarum
2848 2990 3057 3027 sensum
3101 2974 3353 3042 sequenti,
3395 2988 3487 3041 per
3544 2972 3791 3042 singulas

2208 3068 2478 3123 Ecclesias
2513 3066 2620 3119 bini
2651 3076 2771 3119 sunt
2800 3067 3054 3135 episcopi,
3083 3066 3224 3118 alius
3255 3065 3501 3131 visibilis,
3534 3064 3682 3118 alius
3710 3066 3791 3117 in-

519 3167 587 3220 ab
619 3165 825 3236 lgnatio
857 3164 1072 3234 prodita
1101 3175 1185 3219 est
1214 3165 1269 3218 in
1300 3163 1543 3219 Ecclesia
1579 3165 1953 3220 Alexandrina
1983 3172 2104 3219 tan-
2127 3183 2173 3242 c
2205 3161 2449 3224 visibilis,
2482 3160 2574 3213 ille
2602 3160 2738 3212 visui
2771 3161 2968 3224 carnis,
2992 3160 3076 3211 hic
3110 3162 3287 3212 sensui
3320 3168 3530 3229 patens.
3558 3156 3629 3212 Et
3666 3174 3781 3212 rur-

520 3273 682 3323 quam
714 3256 781 3309 ab
808 3256 969 3309 initio
994 3256 1193 3310 tradita
1218 3257 1665 3311 conservabatur.
1704 3255 1821 3311 Hoc
1841 3266 1924 3312 est
1950 3256 2098 3311 illius

520 3348 777 3419 martyris
793 3348 1199 3414 ell‘atum,unde
1231 3348 1438 3417 reliqua
1474 3350 1750 3418 pendent:
1777 3352 1839 3403 Ol
1873 3350 2096 3403 ἐπίσκο-

520 3459 610 3494 ποι
642 3443 689 3493 oi
723 3440 865 3494 κατὰ
890 3440 961 3494 τὰ
991 3440 1203 3513 πέρατα
1234 3441 1543 3515 ὁρισθέντες
1570 3445 1629 3496 ὲν
1649 3444 1826 3515 Ἰησοῦ
1859 3443 2097 3517 Χριστοῦ

519 3531 712 3603 γνώμῃ
742 3532 896 3585 εἰσίν.
934 3531 1184 3602 Episcopi
1219 3548 1310 3602 per
1349 3542 1615 3588 terrarum
1654 3552 1776 3590 oras
1820 3540 2097 3593 constituti

518 3638 583 3676 ea:
617 3622 817 3678 Christi
849 3634 973 3679 sunt
1005 3627 1286 3692 sententia,
1327 3626 1381 3681 id
1414 3636 1497 3682 est
1530 3643 1597 3682 ex
1631 3628 1911 3685 voluntate
1939 3630 2099 3685 Chri-

520 3717 588 3769 sti
646 3717 907 3784 apostolis
970 3717 1187 3787 cognita
1234 3726 1291 3772 et
1338 3718 1406 3773 ab
1467 3719 1535 3775 iis
1588 3721 1784 3775 tradita
1837 3723 2094 3779 ordinati.

520 3808 732 3873 Quibus
767 3808 904 3862 nihil
936 3808 1086 3863 aliud
1118 3807 1348 3878 intelligi
1384 3816 1581 3879 potest'
1610 3828 1777 3881 quam
1815 3813 2100 3883 episcopa-

520 3908 633 3953 tum
667 3898 836 3954 l'uisse
869 3902 938 3953 ab
971 3901 1236 3969 apostolis
1275 3916 1342 3955 ex
1376 3902 1655 3956 voluntate
1697 3903 1901 3958 Christi
1935 3905 2097 3960 insti-

520 3998 720 4044 tutum.
752 3990 807 4043 ld
834 4000 1016 4045 autem
1046 3989 1301 4046 Clemens
1332 3993 1753 4060 Alexandrinus,
1779 4009 1810 4049 a
1841 3994 2099 4051 Pantteno

521 4082 641 4135 sine
671 4081 1045 4137 controversia
1077 4082 1325 4149 edoctus,
1358 4084 1654 4153 populares
1689 4100 1821 4140 suos
1849 4086 1939 4139 diu
1974 4096 2102 4141 ante

522 4173 769 4227 lleracla:
796 4172 1174 4241 episcopatum
1213 4173 1398 4228 docuit
1424 4191 1439 4227 :
1466 4174 1622 4227 Ἐπεὶ
1654 4174 1748 4227 καὶ
1780 4175 1835 4226 αἱ
1868 4175 2102 4228 ἐνταῦθα

522 4266 664 4320 κατὰ
695 4265 794 4337 τὴν
832 4265 1161 4337 Ἐκκλησίαν
1192 4267 1469 4339 προκοπαὶ
1500 4267 1835 4331 ἐπισκόπων,
1870 4268 2103 4339 πρεσϐυ-

520 4360 717 4429 τέρων,
735 4359 1014 4424 διακόνων,
1057 4360 1369 4432 μιμήματα,
1402 4356 1573 4431 οἶμαι,
1596 4360 1891 4430 ἀγγελικῆς
1922 4360 2099 4431 δόξης,

523 4452 781 4523 κάκείνης
802 4452 903 4522 τῆς
925 4452 1233 4523 οἰκονομίας
1264 4453 1613 4522 τυγχάνουσι.
1647 4452 1913 4517 Quoniam
1944 4465 1991 4507 et
2018 4454 2101 4507 hic

2200 3272 2296 3311 sus
2328 3274 2340 3308 :
2382 3251 2494 3323 Ego
2530 3260 2656 3321 puto
2702 3252 2927 3305 inveniri
2967 3250 3133 3303 simul
3164 3266 3314 3319 posse
3356 3262 3405 3303 et
3444 3249 3698 3318 angelum
3740 3258 3791 3303 et

2200 3348 2463 3403 hominem
2494 3344 2653 3397 bonos
2696 3342 2955 3397 Ecclesia:
2980 3343 3273 3411 episcopos,
3312 3350 3361 3394 et
3394 3340 3789 3411 quodammodo

2200 3442 2359 3494 unius
2398 3440 2569 3508 operis
2596 3454 2707 3490 esse
2741 3438 3049 3507 participes.
3086 3436 3239 3500 Quod
3264 3453 3383 3489 cum
3418 3436 3496 3488 ita
3521 3436 3611 3497 sit,
3639 3446 3789 3503 peta—

2200 3549 2315 3587 mus
2349 3536 2758 3599 omnipotentem
2806 3530 2995 3596 Deum,
3028 3540 3084 3582 ut
3120 3529 3296 3600 angeli
3322 3540 3371 3582 et
3402 3530 3642 3582 homines
3682 3529 3787 3582 Ec-

2199 3625 2481 3678 clesiarum
2508 3624 2737 3693 episcopi
2776 3622 3083 3691 adjumento
3116 3624 3223 3677 sint
3258 3623 3428 3688 nobis,
3459 3631 3508 3675 et
3551 3624 3791 3675 sciamus

2199 3718 2449 3786 quoniam
2479 3719 2689 3784 utrique
2725 3730 2820 3782 pro
2856 3714 3003 3767 nobis
3032 3731 3064 3766 a
3092 3714 3317 3767 Domino
3342 3714 3681 3783 judicentur.

2271 3809 2403 3876 Quae
2423 3820 2567 3865 certe
2601 3824 2735 3878 pura
2768 3817 2896 3876 puta
2926 3818 3054 3863 sunt
3092 3808 3398 3879 Origeuira,
3434 3817 3493 3861 ut
3552 3808 3619 3863 de.
3651 3825 3783 3863 auc-

2202 3914 2318 3958 tore
2347 3903 2540 3956 harum
2584 3901 2931 3955 homiliarum
2977 3900 3211 3954 dubitari
3262 3916 3367 3953 non
3415 3901 3610 3970 possit.
3664 3900 3789 3955 Hinc

2201 4001 2384 4046 autem
2412 4008 2477 4045 ea:
2524 4008 2679 4045 sensu
2712 3988 3113 4058 Scripturarum
3163 3990 3353 4043 habuit
3400 3991 3666 4060 llrigeues
3688 4034 3703 4054 ,
3737 4000 3789 4043 ut

2203 4084 2317 4153 ipse
2345 4084 2628 4153 proﬁtetur
2657 4098 2669 4134 :
2705 4098 2772 4136 ex
2811 4082 3024 4136 illarum
3065 4081 3231 4151 igitur
3254 4082 3504 4137 doctrina
3531 4083 3788 4153 agnoscit

2202 4174 2256 4227 in
2292 4174 2522 4243 singulis
2556 4174 2803 4229 ecclesiis
2836 4189 3001 4227 unum
3035 4172 3312 4227 hominem
3356 4174 3627 4228 visibilem
3674 4174 3788 4244 epi-

2202 4281 2451 4335 scopum.
2492 4264 2638 4320 ldem
2682 4264 2901 4318 ltomilia
2933 4263 3036 4317 l7:
3068 4261 3219 4317 Sicut
3249 4265 3387 4317 enim
3435 4272 3500 4317 ab
3534 4264 3786 4317 ecclesia-

2203 4359 2350 4413 sticis
2398 4357 2746 4428 dignitatibus
2779 4374 2881 4411 non
2913 4356 3084 4411 solum
3114 4358 3430 4427 fornicatio,
3462 4359 3553 4410 sed
3591 4368 3639 4411 et
3691 4374 3789 4411 nu—

2202 4454 2331 4520 ptite
2376 4451 2663 4520 repellunt;
2695 4468 2855 4521 neque
2881 4451 3018 4505 enim
3039 4452 3336 4521 episcopus,
3366 4468 3459 4504 nec
3488 4455 3781 4520 presbyter,

522 4540 580 4593 in
627 4538 869 4593 Ecclesia
919 4541 1308 4610 progressiones
1350 4543 1733 4611 episc0porum,
1772 4542 2101 4612 presbytero-
2134 4535 2177 4585 υ
2208 4562 2297 4597 nec
2320 4544 2595 4609 diaconus,
2626 4560 2717 4596 nec
2747 4544 2902 4597 vidua
2928 4552 3142 4612 possunt
3170 4560 3280 4598 esse
3306 4543 3639 4613 digami;sic
3671 4544 3782 4611 for-

525 4649 643 4685 rum
686 4642 734 4685 et
782 4632 1150 4701 diaconorum,
1189 4633 1546 4699 imitationes,
1579 4645 1635 4687 ut
1671 4636 1906 4687 arbitror
1931 4678 1945 4701 ,
1978 4644 2101 4688 sunt

523 4725 706 4795 gloria:
757 4725 1007 4795 angelicae
1055 4734 1104 4780 et
1150 4726 1300 4779 illius
1356 4727 1800 4796 dispensationis,
1839 4726 2097 4782 Stromat.

522 4818 561 4870 Ι.
596 4833 670 4870 νι.
704 4816 789 4871 Ea:
821 4834 943 4884 usu,
972 4818 1149 4887 inquit
1175 4816 1512 4884 Blondellus,
1550 4828 1734 4872 natam
1772 4819 2104 4873 distributio-

523 4927 639 4964 nem
662 4911 1001 4965 admittebat.
1024 4910 1372 4980 Accipiamus
1394 4910 1538 4979 quod
1568 4911 1661 4965 dat
1688 4929 1700 4965 :
1726 4927 1789 4966 ex
1816 4929 1917 4967 usu
1945 4923 2102 4969 erant

524 5002 582 5056 lii
618 5013 729 5058 tres
772 5003 974 5073 gradus
1023 5002 1139 5057 sive
1170 5003 1587 5072 progressiones
1621 5019 1907 5059 sacrorum
1947 5006 2097 5060 ordi-

522 5111 656 5149 num
693 5096 747 5149 in
785 5094 1029 5151 Ecclesia
1060 5092 1172 5157 illa,
1206 5095 1416 5149 scilicet
1450 5095 1503 5148 in
1538 5110 1645 5163 qua
1673 5095 1926 5151 Clemens
1960 5098 2101 5153 serio

523 5186 635 5254 psit
661 5196 714 5241 et
746 5188 1028 5258 presbyter
1056 5184 1181 5241 fuit.
1216 5186 1461 5242 Fuerunt
1489 5188 1656 5257 igitur
1686 5188 1739 5241 in
1772 5189 2006 5261 Egypto
2034 5207 2101 5245 ex

524 5292 630 5331 usu
682 5278 945 5348 episcopi,
998 5280 1321 5351 presbyteri,
1374 5281 1614 5347 diaconi,
1673 5297 1797 5337 cum
1845 5282 2100 5339 Clemens

524 5369 767 5438 scripsit,
813 5371 956 5440 quod
993 5370 1174 5426 Dallzei
1224 5384 1607 5442 argumentum
1656 5390 1883 5443 prorsus
1926 5377 2097 5441 elidit,

522 5471 585 5516 ut
629 5474 816 5531 postea
850 5464 1221 5520 ostendemus.
1273 5465 1375 5520 Sed
1417 5467 1654 5520 eamdem
1691 5475 1886 5531 tamen,
1926 5467 2104 5537 inquit

524 5552 860 5621 Blondellus,
878 5556 1141 5612 divinitus
1170 5573 1263 5627 per
1293 5558 1589 5628 apostolum
1618 5560 1921 5612 institutam
1948 5560 2100 5629 pleno

526 5663 614 5699 ore
639 5646 885 5717 negabat.
921 5647 1037 5704 Hoc
1063 5664 1164 5720 ego
1197 5650 1419 5705 eﬂ‘atum
1464 5659 1573 5706 tam
1622 5649 1823 5707 falsum
1858 5668 1980 5706 esse
2021 5652 2101 5705 af-

526 5741 688 5793 iirtno
732 5755 895 5808 quam
943 5742 1089 5811 quod
1124 5742 1481 5798 falsissimum
1512 5754 1616 5798 est.
1650 5742 1786 5797 Nam
1826 5744 1940 5813 ipse
1969 5744 2097 5796 alibi

526 5832 729 5889 diserte
760 5834 971 5906 scrib.t,
1009 5836 1222 5892 diversa
1260 5845 1524 5907 praecepta
1552 5836 1843 5907 episcopis,
1881 5837 2100 5908 presby-

2204 4638 2345 4690 sitan
2390 4646 2439 4688 et
2480 4637 2543 4689 de
2590 4645 2720 4690 cmtu
2766 4637 3159 4704 primitivorum
3219 4636 3783 4707 immaculatorumqu

2204 4726 2624 4795 Ecclesiw,quw
2671 4744 2773 4779 non
2824 4727 2977 4779 habet
3034 4725 3298 4779 maculam
3353 4743 3517 4795 neque
3571 4744 3780 4797 rugam,

2202 4820 2445 4886 ejicietur
2472 4820 2752 4887 digamus;
2782 4836 2882 4873 non
2902 4836 3001 4889 quo
3044 4820 3100 4872 in
3126 4830 3380 4873 wternum
3426 4820 3678 4872 mittatur
3705 4820 3784 4872 in—

2203 4910 2464 4973 cendium,
2496 4910 2583 4962 sed
2626 4926 2728 4979 quo
2779 4921 2983 4978 partem
3008 4927 3110 4964 non
3162 4910 3353 4963 habeat
3396 4911 3449 4962 in
3485 4927 3642 4980 regno
3663 4910 3780 4965 Dei.

2204 4998 2339 5065 Quis
2368 5010 2548 5054 autem
2595 5018 2701 5055 non
2743 5002 2927 5055 statim
2959 5002 3109 5056 videt
3160 5002 3277 5055 hate
3308 5003 3473 5063 etiam
3503 5018 3627 5057 esse
3662 5019 3782 5057 vere

2204 5093 2537 5164 Origenica?
2580 5094 2675 5147 llis
2714 5104 2894 5149 autem
2920 5093 3203 5165 Origenes,
3241 5096 3385 5164 quod
3431 5097 3498 5150 ad
3525 5097 3781 5151 ecclesia-

2203 5187 2369 5241 sticas
2411 5186 2700 5254 dignitates
2744 5186 2964 5248 attinet.
3010 5187 3345 5241 Clementem
3395 5200 3780 5258 praeceptorem

2203 5297 2362 5335 suum
2414 5282 2693 5350 sequitur,
2720 5292 2773 5335 et
2802 5290 3061 5350 tanquam
3092 5290 3328 5351 quatuor
3376 5282 3623 5337 diversas
3652 5298 3780 5335 euu-

2206 5377 2381 5422 merat
2415 5370 2507 5423 uni
2554 5370 2772 5435 quidem
2819 5371 2873 5423 in
2932 5371 3034 5425 hac
3070 5386 3128 5425 re
3159 5380 3432 5440 praecepto
3459 5374 3778 5441 apostolico,

2206 5462 2300 5517 sed
2333 5464 2627 5531 separatim
2657 5464 2858 5517 tradito
2893 5504 2908 5527 ,
2954 5464 3250 5532 subjectas.
3304 5463 3381 5518 lta
3418 5465 3533 5534 ipse
3559 5466 3611 5518 in
3636 5480 3779 5520 com-

2207 5554 2491 5608 mentariis
2516 5556 2583 5609 ad
2619 5554 2933 5610 Matthzeum
2966 5555 3333 5611 dillicultatem
3384 5558 3597 5626 quaesiti
3646 5555 3780 5611 κατὰ

2203 5651 2303 5723 τὴν
2326 5652 2422 5705 τοῦ
2466 5651 2785 5705 Ἀποστόλου
2818 5649 2947 5722 περὶ
2977 5649 3085 5701 τῶν
3111 5648 3581 5720 ὲκκλησιαστικῶν
3610 5666 3779 5720 πραγ-

2210 5746 2395 5815 μάτων
2416 5745 2737 5816 νομοθεσίαν
2770 5744 2986 5799 solvere
3007 5753 3255 5800 conatur.
3276 5742 3451 5810 Quam
3484 5744 3590 5797 hoc
3621 5742 3778 5797 modo

2206 5848 2493 5908 proponit:
2526 5837 2728 5893 Οὐδένα
2763 5836 2869 5908 γὰρ
2893 5836 2997 5892 τῶν
3039 5836 3145 5892 ἀπὸ
3159 5836 3599 5904 τῆςἙκκλητιίας
3625 5838 3775 5902 ὑπερ-
