4078 6418
264 368 389 423 211

1051 368 1104 424 J.
1146 366 1517 423 PEARSONII
1557 364 1879 420 VINDICIIE
1915 365 2333 423 IGNATIANAE.
2376 400 2445 413 -—
2481 366 2660 420 PARS
2698 366 2738 420 l.

3443 350 3547 420 eis

260 487 420 557 οχήν
446 502 575 541 τινα
595 486 745 559 παρά
766 487 891 549 τοὺς
926 485 1151 549 πολλοὺς
1166 485 1241 548 ὡς
1260 486 1317 537 ὲν
1348 482 1633 554 ωμὸὁλοις
1662 481 1876 551 ἀνειλη-

1979 483 2324 552 presbyteros
2366 483 2643 535 ordinatus
2689 490 2787 546 est,
2818 482 2926 537 hoc
2961 490 3045 535 est
3082 482 3369 550 episcopus
3392 522 3404 543 ,
3434 497 3537 533 ma-

260 578 427 644 φότα
451 577 705 647 βούλεται
728 579 756 630 6
774 576 986 641 Παῦλος
998 576 1254 647 δευτέρου
1274 574 1640 646 πεπειρᾶσθαι
1674 572 1872 641 γάμου.

260 666 462 721 Iisiis
486 669 631 722 enim
653 668 747 735 qui
773 666 1027 720 Ecclesia:
1078 683 1261 719 nomen
1306 666 1585 727 dederunt,
1622 665 1877 717 neminem

256 761 375 827 qui
418 759 746 828 dignitatem
774 759 1014 829 aliquam
1038 775 1149 827 pra:
1186 758 1368 811 multis
1407 774 1558 828 quast
1589 758 1642 809 in
1670 755 1879 825 symbo-

260 850 343 903 lis
373 851 545 919 fuerit
571 860 909 914 consecutus,
932 848 1141 903 Paulus
1170 848 1425 902 secundas
1454 849 1665 917 nuptias
1689 863 1877 915 ea'per-

261 949 393 991 tum
422 939 598 1007 fuisse
624 939 756 992 vult.
789 937 928 992 Tum
959 952 1088 991 vero
1112 936 1437 991 utostendat
1452 952 1668 989 omnem
1693 933 1879 988 [Scele-

262 1031 379 1083 siae
405 1029 742 1099 dignitatem
778 1028 908 1083 huic
930 1028 1034 1097 legi
1069 1027 1368 1096 subjoctam
1394 1040 1535 1091 esse,
1554 1024 1620 1078 de
1648 1023 1877 1092 singulis

258 1121 701 1191 distincteagit,
728 1120 1032 1190 probatque
1052 1120 1231 1188 primo
1244 1117 1310 1171 de
1326 1116 1618 1186 episcopis.
1637 1115 1877 1169 secundo

254 1212 338 1266 de
366 1212 650 1276 diaconis,
686 1212 847 1267 tertio
869 1210 935 1265 de
958 1211 1158 1276 viduis,
1186 1218 1385 1278 quarto
1414 1208 1481 1261 de
1522 1206 1873 1277 presbyteris,

1971 573 2085 641 jori
2110 575 2282 626 adhuc
2311 572 2483 626 debito
2500 574 2781 626 obstrictus
2820 583 2917 627 est.
2946 571 3078 638 Qua:
3113 573 3276 626 verba
3309 572 3550 641 pessimo

1981 667 2212 722 consilio
2257 665 2619 720 dissimulavit
2669 662 2979 719 Blondellns
3026 666 3081 717 in
3114 663 3382 732 apologis,
3422 678 3548 714 cum

1979 762 2095 830 ipse
2125 760 2337 814 noverit
2359 759 2541 812 omnia
2571 774 2669 812 sua
2700 758 3039 811 consectaria
3075 772 3104 809 e
3132 756 3405 824 prioribus
3428 769 3550 807 ver-

1981 855 2065 907 bis
2111 852 2254 907 male
2306 850 2574 915 deducta,
2618 850 2703 903 bis
2735 849 2868 917 ipsis
2919 846 3259 917 apertissime
3299 845 3546 902 refutari.

1980 944 2124 998 Idem
2158 943 2249 996 lib.
2293 959 2356 998 :n
2389 951 2579 996 contra
2609 941 2823 995 Celsum
2843 939 3084 1008 episcopi
3127 952 3552 1009 χαρακτηριστι-

1978 1036 2072 1089 κὺν
2113 1034 2297 1100 tradit,
2342 1034 2583 1103 illudque
2635 1048 2743 1087 non
2782 1047 2849 1086 ex
2896 1032 3134 1085 humana
3184 1028 3548 1093 institutione,

1979 1141 2073 1185 ant
2102 1148 2168 1185 ex
2199 1130 2455 1185 Ecclesiae
2494 1128 2911 1191 consuetudine,
2964 1125 3058 1180 sed
3113 1141 3179 1178 ex
3232 1124 3552 1193 apostolicis

1979 1224 2259 1293 praeceptis
2289 1221 2637 1287 describit,et
2671 1225 2992 1289 argumento
3017 1233 3047 1271 e
3072 1216 3348 1286 Scriptura
3375 1216 3546 1269 dedu-

1977 1324 2066 1368 cto
2095 1312 2317 1382 opponit
2349 1330 2362 1365 :
2394 1312 2503 1364 Kal.
2544 1311 2697 1381 δῆλον
2744 1311 2826 1372 ὃςτι
2862 1311 2918 1362 έν
2951 1308 3028 1378 τῷ
3069 1304 3551 1378 χαρακτηριστικῷ

1978 1404 2086 1458 τῶν
2133 1402 2479 1474 καλουμένων
2526 1401 2838 1454 ἐπισκόπων
2893 1400 3206 1470 διαγράφων
3257 1400 3285 1449 6
3338 1397 3551 1458 Παῦλος

1978 1500 2156 1549 ὁποῖον
2188 1490 2326 1548 εἶναι
2377 1493 2481 1565 χρὴ
2511 1493 2602 1546 τὸν
2630 1493 2946 1553 ἐπίσκοπον,
2976 1489 3130 1554 ἔταξε
3161 1490 3254 1542 καὶ
3285 1490 3375 1540 τὸν
3409 1488 3551 1540 διδάσ-

1979 1587 2196 1651 σκαλον,
2221 1587 2392 1655 λέγων
2424 1585 2535 1638 δεῖν
2562 1583 2723 1638 αὐτὸν
2755 1580 2893 1637 εἶναι
2920 1583 3145 1636 δυνατὸν
3181 1583 3273 1635 καὶ¹
3298 1581 3424 1644 τοὺς
3454 1581 3550 1633 ἀν-

250 1303 518 1372 singulis
549 1320 580 1358 e
612 1302 671 1357 S.
703 1305 874 1357 Paulo
904 1303 1039 1357 locis
1067 1302 1369 1372 productis.
1400 1299 1533 1353 Dein
1561 1300 1612 1352 in
1644 1299 1759 1367 ipsa
1790 1314 1877 1351 so-

254 1394 488 1449 lutione
517 1414 530 1449 :
554 1397 792 1465 Μήποτε
815 1396 939 1447 ἐπεὶ
963 1392 1227 1464 σύμϐολόν
1269 1394 1385 1445 ἐστι
1429 1391 1521 1443 καὶ
1543 1394 1569 1441 6
1585 1389 1877 1450 ἐπίσκοπος

252 1488 365 1540 καὶ
410 1490 441 1540 6
493 1488 895 1558 πρεσϐύτερος,
944 1488 1039 1539 καὶ
1083 1487 1111 1537 6
1159 1486 1401 1547 διάκονος
1440 1482 1703 1552 ἀληθινῶν
1738 1480 1877 1533 κατὰ

250 1576 333 1628 τὰ
381 1576 641 1645 ὀνόματα
696 1575 873 1629 ταῦτα
934 1574 1306 1645 πραγμάτων,
1362 1572 1628 1643 ἐϐουλήθη
1680 1571 1877 1633 αὐτοὺς

258 1666 643 1737 συξιδολικδάς
681 1667 1027 1739 μονογάμους
1060 1665 1414 1734 καταστῆσαι·
1460 1664 1648 1715 mmo"
1705 1678 1875 1731 ‘l"“"'
1974 1676 2285 1744 τιλέγοντας
2314 1676 2571 1745 ἐλέγχειν,
2603 1675 2689 1728 ἵνα
2718 1674 2843 1736 τοὺς
2876 1672 3265 1743 ματαιολόγους
3281 1672 3552 1741 καὶφρεν-

254 1756 569 1825 doquidem
605 1755 907 1824 symbolum
960 1763 1037 1809 est
1072 1764 1122 1808 et
1158 1755 1462 1822 episwpus,
1507 1762 1554 1805 et
1586 1751 1873 1820 presbyter,

1978 1768 2188 1832 απάτας
2233 1767 2558 1840 ἐπιστομίζῃ
2609 1767 2697 1819 διὰ
2749 1767 2845 1837 τῆς
2868 1767 2925 1818 ὲν
2967 1764 3115 1834 αὐτῷ
3171 1768 3393 1833 σοφίαςο
3458 1763 3551 1815 καὶ

247 1858 305 1901 et
336 1850 620 1900 diaconus
673 1865 916 1903 cerarum
945 1848 1229 1901 secundum
1272 1847 1383 1899 lucc
1436 1847 1647 1898 nomina
1676 1860 1871 1910 rerum,

1978 1861 2162 1932 ὥσπερ
2197 1859 2500 1930 μονόγαμον
2550 1857 2749 1929 μᾶλλον
2793 1857 3022 1927 διγάμου
3052 1858 3286 1926 αἱρεῖται
3317 1858 3397 1918 εἰς
3430 1856 3550 1907 ἑπι-

249 1940 500 1994 ruluerit
530 1941 661 1993 illos
684 1939 970 2009 symbolice
1002 1956 1339 2009 monogamos
1360 1937 1721 1991 constituere?
1763 1934 1873 1988 llos

1978 1949 2182 2019 σκοπήν
2203 1964 2215 1975 ·
2262 1947 2356 1999 καὶ
2405 1946 2765 2017 ἀνεπίληπτον
2804 1945 3099 2016 ὲπιλήπτου
3125 1986 3139 2010 ,
3175 1946 3268 1997 καὶ
3295 1943 3552 2014 νηφάλιον

251 2030 433 2099 igitur
455 2039 573 2084 tres
605 2031 898 2083 distinctos
921 2030 1145 2100 gradus,
1174 2030 1288 2084 sive
1320 2026 1592 2098 ὑπεροχάς
1613 2035 1666 2079 et
1692 2026 1871 2094 digiti-

1978 2039 2066 2092 τοῦ
2103 2038 2179 2110 μὴ
2209 2038 2470 2101 τοιούτου,
2494 2039 2586 2091 καλ⁵
2621 2036 2873 2107 σώφρονα
2904 2034 2997 2089 τοῦ
3030 2034 3103 2105 μὴ
3132 2034 3401 2105 σώφρονος
3420 2074 3434 2096 ,
3460 2033 3554 2087 καί

254 2130 405 2174 tates
419 2120 847 2174 ecclesiasticas
867 2117 1131 2189 Origenes
1148 2135 1209 2173 ex
1244 2119 1361 2187 ipso
1390 2133 1547 2171 sacro
1571 2116 1757 2170 codice
1772 2117 1870 2169 de-

1978 2131 2196 2200 κόσμιον
2212 2128 2358 2199 παρὰ
2380 2129 2471 2181 τὸν
2495 2127 2595 2181 κᾶν
2615 2128 2701 2181 ἐπ’
2722 2127 2898 2195 ὀλίγον
2920 2124 3200 2190 ἀκόσμων⁸
3233 2122 3375 2176 οὕτω
3410 2123 3551 2175 θέλει

254 2218 428 2275 rivat,
448 2222 506 2265 et
544 2227 677 2266 cum
704 2211 984 2265 Clemente
1015 2219 1093 2265 tot
1118 2210 1371 2265 distincta
1400 2209 1574 2263 olIicia
1593 2209 1871 2262 distinctis

1978 2221 2064 2273 τὸν
2097 2220 2521 2292 προηγουμένως
2563 2219 2642 2281 εἰς
2680 2216 2983 2287 ἐπισκοπὴν
3014 2214 3553 2285 κατασταθησόμενον

251 2304 432 2358 etiam
501 2302 837 2372 apostolicis
887 2301 1175 2371 prmeeptis
1208 2300 1450 2369 regulata
1502 2298 1768 2368 agnoscit.
1806 2296 1874 2351 Ut

1978 2308 2111 2366 εἶναι
2126 2312 2431 2366 διδακτικὸν
2454 2311 2545 2365 καὶ
2568 2309 2789 2363 δυνατὸν
2810 2309 2945 2380 πρὸς
2958 2309 3017 2360 τὸ
3032 2310 3157 2370 τοὺς
3180 2305 3554 2373 ἀντιλέγοντας

255 2397 311 2449 in
349 2397 576 2465 optimo
602 2396 671 2449 de
704 2396 958 2450 oratione
1005 2395 1144 2447 libro
1180 2391 1425 2447 nondum
1467 2392 1632 2454 edito,
1661 2390 1753 2444 sed
1803 2389 1873 2443 ab

1978 2406 2364 2477 ἐπιστομίζειν.
2382 2405 2450 2458 Et
2478 2406 2815 2474 manifestum
2835 2403 3063 2474 estquod
3078 2405 3129 2456 in
3157 2405 3268 2472 ipso
3284 2405 3555 2456 characte-

264 2488 476 2543 Huetio
523 2489 850 2558 prapediem
883 2486 1118 2546 edendo.
1148 2486 1282 2558 Περὶ
1333 2485 1441 2538 τῶν
1472 2481 1737 2554 ὀφειλῶν,
1775 2498 1870 2536 seu

266 2582 343 2635 De
371 2582 578 2635 debitis
622 2582 679 2634 in
713 2579 972 2635 Oratione
1018 2578 1295 2633 Dominica
1333 2592 1537 2648 agens,
1582 2584 1869 2644 postquam

259 2675 329 2728 de
368 2674 741 2744 generalibus
784 2673 1032 2727 omnium
1085 2670 1525 2725 Christianorum
1559 2665 1786 2730 olliciis,
1814 2675 1873 2718 nt

260 2767 663 2821 (llementinus
696 2765 786 2819 ille
814 2766 1143 2835 paedagogus
1166 2762 1535 2827 disseruisset,
1563 2760 1678 2814 haec
1701 2758 1867 2812 addit:

264 2858 455 2930 Χωρὶς
524 2858 584 2911 δὲ
649 2857 857 2911 τούτων
904 2855 1350 2924 καθολικωτέρων
1407 2854 1596 2914 ὄντων,
1632 2851 1747 2903 ἔστι
1788 2867 1871 2913 τις

264 2955 444 3023 χήρας
480 2950 896 3022 προνοουμένης
936 2948 1040 3001 ὑπὸ
1062 2950 1161 3019 τῆς
1202 2946 1530 3017 Ἐκκλησίας
1551 2945 1761 3017 ὀφειλὴ,
1781 2946 1872 2997 καὶ

265 3044 433 3115 ἑτέρα
470 3043 756 3107 διακόνου,
788 3043 882 3095 καὶ
909 3042 1041 3113 ἄλλη
1087 3040 1480 3111 πρεσϐυτέρου,
1516 3040 1607 3091 καὶ
1648 3036 1871 3090 ἐπισκό-

268 3152 368 3186 που
404 3134 462 3185 δὲ
492 3131 692 3203 ὀφειλὴ
728 3131 1007 3203 βαρυτάτη
1048 3131 1194 3183 ἐστὶν
1226 3127 1601 3198 ἁπαιτουμένη
1640 3125 1746 3179 ὑπὸ
1776 3124 1869 3178 τοῦ

263 3227 365 3295 τῆς
415 3224 554 3294 ὅλης
602 3224 937 3293 Ἐκκλησίας
958 3222 1228 3292 Σωτῆρος,
1266 3221 1364 3273 καὶ
1415 3217 1770 3288 ὲκδικουμένη
1824 3218 1873 3268 εἰ
1900 3205 1942 3263 C

271 3318 345 3389 μὴ
376 3317 707 3387 ἀποδιδῴτο.
748 3316 959 3369 Pra'ter
1000 3325 1175 3367 autem
1216 3314 1326 3365 [nec
1360 3311 1746 3365 universaliora
1794 3318 1871 3363 est

268 3411 541 3480 quoddam
571 3410 771 3473 riduw,
802 3409 953 3477 cujus
978 3424 1161 3461 curam
1178 3407 1307 3476 gerit
1331 3404 1592 3467 Ecclesia,
1616 3402 1870 3466 debitum,

271 3515 318 3555 et
352 3504 506 3556 aliud
544 3503 787 3566 diaconi,
819 3513 869 3555 et
907 3502 1058 3554 aliud
1106 3502 1414 3571 presbyteri,
1439 3500 1666 3568 episcopi
1695 3508 1873 3551 autem

270 3606 533 3664 pmterea
563 3596 804 3647 debitum
830 3604 906 3648 est
935 3612 966 3647 a
1008 3596 1169 3647 totius
1201 3592 1452 3646 Ecclesiw
1481 3590 1756 3645 Saluatore
1783 3604 1875 3642 ea:-

272 3698 485 3752 uctum,
523 3697 573 3740 et
630 3688 676 3741 si
737 3702 841 3739 non
895 3685 1189 3749 reddatur,
1250 3683 1596 3737 vindicatum.
1646 3679 1717 3735 Ut
1759 3681 1873 3748 ipse

270 3780 439 3833 etiam
495 3778 733 3832 homilia
782 3778 969 3846 quinta
1023 3776 1075 3828 in
1127 3775 1512 3829 Ezecliielem:
1557 3772 1663 3824 Pro
1709 3770 1869 3823 modo

271 3871 545 3941 graduum
585 3870 945 3937 unusquisque
984 3866 1330 3936 torquebitur.
1380 3864 1638 3932 Majorem
1666 3878 1873 3932 positam

272 3964 426 4015 habet
458 3963 557 4031 qui
587 3960 845 4013 Ecclesia:
878 3961 1128 4028 prwsidet
1156 3968 1205 4013 et
1244 3958 1504 4026 delinquit
1537 3958 1611 4025 (id
1642 3972 1726 4011 ρει
1756 3956 1872 4025 epi-

274 4054 531 4122 scopus).
570 4052 768 4105 Annon
807 4051 972 4120 magis
1005 4050 1422 4102 misericordiam
1453 4057 1776 4116 promeretur
1804 4047 1873 4099 ad

278 4145 742 4213 comparationem
773 4142 943 4213 ﬁdelis
973 4144 1416 4197 cateclmmenus?
1441 4140 1560 4193 Non
1593 4142 1761 4210 magis
1792 4156 1875 4192 ve-

277 4240 364 4292 nia
393 4238 594 4307 dignus
651 4244 729 4289 est
776 4234 969 4299 laicus,
1011 4234 1057 4287 si
1099 4233 1167 4286 ad
1198 4234 1482 4286 diaconum
1529 4232 1876 4299 conferatur?

283 4330 347 4384 Et
374 4346 570 4384 rursus
605 4329 1006 4397 comparatione
1051 4327 1340 4397 presbyteri
1370 4326 1624 4379 diaconus
1672 4326 1875 4378 veniam

281 4425 400 4493 plus
432 4422 721 4475 meretur?
746 4420 912 4475 Plane
954 4430 1012 4475 ut
1061 4419 1225 4484 idem,
1257 4417 1477 4472 bomilia
1525 4418 1584 4488 ll
1621 4418 1673 4469 in
1723 4415 1875 4469 Jcre-

281 4518 446 4567 iniam
490 4532 505 4567 :
545 4512 741 4565 [1λείον
773 4509 885 4578 ἐγὼ
918 4508 1257 4578 ἁπαιτοῦμαι
1306 4507 1458 4579 παρὰ
1490 4507 1579 4559 τὸν
1611 4507 1874 4568 διάκονον,

286 4605 464 4657 πλεῖον
500 4606 529 4656 6
560 4604 809 4665 διάκονος
859 4601 1011 4673 παρὰ
1068 4599 1160 4652 τὸν
1208 4600 1427 4660 λαῖκὺν,
1462 4600 1490 4650 ὁ
1525 4598 1581 4650 δὲ
1613 4598 1712 4667 τὴν
1746 4596 1880 4648 πάν“

281 4714 386 4749 των
440 4695 606 4767 ἡμῶν
660 4693 1135 4765 ἐγκεχειρισμένος
1169 4692 1342 4763 ἀρχὴν
1397 4689 1565 4760 αὐτὴν
1613 4689 1711 4759 τὴν
1756 4689 1879 4740 Ἐκ-

284 4787 687 4859 κλησιαστικὴν
752 4788 843 4839 ἐπὶ
906 4785 1089 4838 πλεῖον
1135 4785 1257 4849 (vel
1316 4783 1395 4836 ἔτι
1452 4780 1676 4849 πλεῖον)
1716 4782 1880 4833 ἁπαι-

281 4880 483 4929 τεῐται.
522 4876 639 4929 Hoc
664 4884 770 4939 est,
803 4876 1194 4943 interpretante
1224 4870 1574 4940 llieronymo,
1599 4869 1717 4939 plus
1744 4887 1773 4922 a
1801 4886 1880 4922 me

282 4970 519 5038 erigitur
558 4984 720 5037 quam
760 4984 791 5019 a
832 4968 1089 5029 diacono;
1135 4965 1252 5034 plus
1284 4983 1315 5019 a
1362 4966 1585 5017 diacono
1635 4980 1791 5033 quant
1849 4979 1881 5014 a

286 5065 449 5116 laico.
484 5064 591 5126 Qui
626 5078 746 5114 vero
780 5060 943 5112 totius
996 5057 1247 5110 Ecclesia:
1300 5074 1471 5109 arcem
1511 5055 1730 5117 obtinet,
1782 5071 1879 5123 pro

285 5156 426 5207 omni
456 5152 701 5206 Ecclesia
736 5150 915 5203 reddet
958 5150 1236 5201 rationem.
1275 5145 1538 5217 Origenes
1601 5146 1881 5214 presbyter

288 5245 408 5311 iuit,
446 5246 686 5313 itIquue
716 5244 831 5297 ait:
860 5241 993 5295 Plus
1025 5258 1056 5293 a
1089 5256 1168 5292 me
1207 5240 1439 5307 exigitur
1461 5254 1619 5306 quam
1646 5253 1676 5288 a
1700 5236 1882 5288 diaco—

291 5358 375 5406 no,
394 5337 542 5409 quod
572 5337 981 5407 presbyteratus
1005 5331 1207 5400 gradus
1237 5339 1380 5384 esset
1405 5330 1693 5383 diaconatu
1721 5345 1882 5398 supe—

291 5433 432 5493 rior;
461 5431 582 5499 plus
616 5446 647 5479 a
672 5427 901 5479 diacono
930 5440 1091 5494 quam
1121 5439 1152 5475 a
1185 5422 1345 5488 laico,
1382 5422 1511 5491 quia
1563 5420 1756 5484 laicus,
1796 5434 1881 5473 se-

292 5524 529 5579 cundum
559 5521 707 5575 illius
734 5516 1089 5580 sententiam,
1122 5515 1326 5568 nullam
1355 5514 1406 5566 in
1431 5512 1672 5568 Ecclesia
1697 5510 1878 5581 digni—

294 5623 449 5669 tatem
476 5614 720 5679 obtinet;
743 5622 823 5674 at,
840 5609 1038 5679 inquit,
1058 5607 1147 5660 ille
1165 5607 1254 5676 qui
1272 5606 1341 5658 ad
1353 5605 1707 5675 principatum
1721 5618 1881 5672 supra

296 5720 380 5757 nos
404 5720 618 5772 omnes,
656 5714 771 5757 tum
808 5701 1013 5765 laicos,
1053 5708 1167 5751 tum
1213 5696 1480 5751 diaconos
1504 5740 1517 5764 ,
1546 5706 1661 5751 tum
1715 5695 1880 5752 etiam

364 5843 403 5874 ιδ
434 5840 454 5895 l
483 5840 627 5898 Tim.
659 5838 826 5909 tn,2.
912 5840 954 5870 ¹⁸
995 5836 1128 5891 Luc.
1161 5852 1262 5903 xu,
1288 5835 1374 5890 42.

1976 2500 2157 2551 ristico
2181 2515 2360 2551 eorum
2387 2498 2476 2568 qui
2505 2498 2733 2566 episcOpi
2763 2498 2925 2568 (apud
2949 2498 3073 2565 nos)
3106 2505 3376 2559 vocantur,
3406 2492 3556 2547 Pau-

1974 2591 2058 2643 lus
2076 2589 2369 2645 describens
2390 2588 2596 2658 qualem
2620 2590 2789 2641 virum
2818 2599 3053 2656 oporteat
3097 2606 3206 2641 esse
3230 2590 3553 2656 episcopum,

1972 2682 2148 2750 posuit
2190 2690 2236 2733 et
2271 2680 2535 2733 doctorem
2557 2719 2572 2744 ,
2605 2679 2843 2747 inquiens
2878 2696 2995 2732 eum
3046 2688 3281 2746 oportere
3322 2694 3430 2729 esse
3455 2693 3552 2746 po-

1976 2783 2167 2827 tentem
2211 2772 2622 2825 contradicentes
2665 2771 3015 2841 redarguere,
3048 2781 3104 2823 ut
3156 2770 3446 2839 vaniloquis
3504 2776 3559 2822 et
3606 2808 3611 2813 ι

1972 2867 2339 2920 seductoribus
2391 2866 2596 2919 obturet
2645 2881 2701 2917 os
2754 2881 2845 2934 per
2885 2864 3156 2932 propriam
3213 2864 3550 2932 sapientiam.

1974 2958 2045 3013 Et
2077 2958 2515 3029 quemadmodum
2548 2958 2705 3011 unius
2737 2957 2920 3010 uxoris
2964 2957 3133 3008 virum
3179 2956 3392 3009 iteranti
3442 2972 3556 3006 ma-

1977 3052 2286 3106 trimonium
2318 3051 2533 3121 prazfert
2562 3052 2617 3103 in
2636 3049 2884 3103 electione
2915 3047 2983 3101 ad
3013 3048 3391 3117 episcopatum.
3424 3048 3561 3099 irre-

1975 3140 2377 3212 prehensibilem
2409 3139 2821 3210 reprehensibili,
2851 3140 3080 3191 sobrium
3110 3137 3261 3207 longe
3282 3136 3553 3202 dissimili,

1977 3243 2352 3304 temperantem
2379 3232 2778 3296 intemperanti,
2809 3230 3111 3299 compositis
3144 3229 3375 3281 moribus
3399 3244 3551 3281 orna-

1977 3335 2089 3379 tum
2118 3326 2194 3380 vel
2219 3342 2409 3395 parum
2448 3324 2794 3393 incomposito
2810 3340 2830 3388 ,'
2868 3326 2948 3375 ita
2978 3321 3087 3375 vult
3108 3321 3331 3389 eumqui
3348 3330 3559 3373 antece~

1977 3416 2161 3469 denter
2212 3414 2282 3468 ad
2313 3416 2672 3484 episcopatum
2698 3411 3077 3482 promovendus
3109 3420 3212 3477 est,
3247 3409 3433 3462 habere
3462 3411 3529 3462 do

1976 3509 2126 3563 cendi
2155 3507 2488 3577 facultatem,
2512 3514 2561 3560 et
2588 3514 2845 3575 potentem
2873 3519 2983 3556 esse
3004 3503 3073 3556 ad
3097 3502 3469 3555 obstruendum
3498 3517 3550 3555 os

1977 3600 2479 3656 contradictoribus.
2502 3599 2567 3654 Et
2603 3597 2823 3668 quidem
2869 3596 3109 3665 episcopi
3146 3594 3553 3649 characteristi-

1975 3707 2098 3745 cum
2140 3691 2270 3745 alibi
2302 3700 2456 3745 notat
2488 3688 2747 3759 Origenes
2776 3730 2790 3752 ,
2825 3695 2885 3740 ut
2930 3687 2981 3740 in
3041 3685 3451 3741 commentariis
3488 3686 3554 3740 ad

1980 3781 2291 3835 Malthaaum
2325 3797 2337 3832 :
2376 3780 2644 3833 Γενναίων
2666 3780 2730 3845 δ’,
2759 3775 2932 3849 οἶμαι,
2967 3779 3059 3830 καὶ
3088 3776 3318 3846 ἐχόντων
3355 3774 3422 3827 τὰ
3454 3788 3554 3839 χα-

1978 3871 2371 3947 ρακτηρίζοντα
2400 3871 2491 3925 τὸν
2512 3872 2806 3925 ἐπίσκοπον
2840 3872 3016 3921 πάντα
3062 3867 3218 3939 ἔργον
3236 3862 3304 3937 ἦν
3334 3867 3560 3937 προτρέ-

1973 3964 2174 4035 ψασθαι
2186 3964 2310 4026 τοὺς
2326 3963 2415 4016 καὶ
2431 3962 2753 4038 δυναμένους
2770 3961 2862 4015 καὶ
2886 3958 3235 4029 πειθομένους
3248 3960 3313 4027 τῇ
3334 3974 3559 4028 προτρο-

1975 4058 2074 4126 πῇ,
2091 4056 2181 4108 καὶ
2196 4053 2282 4107 διὰ
2301 4054 2394 4107 τοῦ
2411 4054 2669 4126 παρέχειν
2683 4054 2745 4106 ὲκ
2756 4050 2849 4104 τοῦ
2868 4049 3044 4105 κοινοῦ
3067 4049 3248 4113 αὐτοῖς
3260 4049 3353 4100 καὶ
3368 4046 3560 4110 ἄλλους

1975 4147 2066 4200 ἐπὶ
2097 4146 2254 4199 τοῦτο
2286 4145 2640 4217 παρακαλεῖν.
2678 4143 2954 4197 Nobilium
2995 4150 3171 4195 autem
3198 4181 3211 4205 ,
3241 4142 3459 4209 Opinor,
3509 4151 3560 4194 et

1976 4254 2158 4293 earum
2187 4239 2278 4308 qui
2306 4239 2482 4291 omnia
2515 4237 2814 4307 episcopum
2844 4236 3027 4288 intime
3057 4232 3434 4286 constitueulia
3475 4238 3559 4282 at-

1973 4346 2072 4400 que
2102 4328 2453 4383 describentia
2502 4326 2769 4397 possident
2813 4340 2941 4394 opus
2967 4333 3123 4389 esset,
3148 4340 3233 4376 eos
3279 4322 3563 4375 adhortari

1978 4423 2166 4494 quibus
2204 4422 2435 4491 facultas
2466 4420 2717 4488 suppetit,
2750 4418 2940 4487 quique
2977 4415 3341 4467 adltortationi
3370 4414 3563 4467 obtent—

1981 4525 2186 4585 perant,
2216 4515 2442 4583 ipsisque
2467 4529 2546 4565 res
2578 4512 2699 4565 vita:
2729 4508 3051 4562 necessarias
3078 4522 3104 4559 e
3134 4506 3399 4558 communi
3431 4506 3559 4558 sub-

1984 4607 2339 4662 ministrando
2380 4606 2516 4659 alios
2549 4604 2617 4657 ad
2649 4606 2786 4659 idem
2815 4621 3014 4675 quoque
3072 4603 3357 4673 impellere.
3410 4600 3475 4653 Et
3504 4601 3569 4654 in.

1984 4700 2176 4753 iisdem
2222 4696 2639 4753 commentariis
2688 4715 2701 4748 :
2746 4694 2972 4764 Propter
3018 4693 3157 4763 quod
3208 4702 3257 4745 et
3308 4689 3563 4758 deﬁniens

1982 4792 2161 4863 quales
2187 4794 2405 4843 debeant
2446 4806 2555 4843 esse
2579 4789 2831 4859 episcopi,
2858 4788 2934 4840 sic
2959 4786 3090 4838 dicit
3122 4803 3137 4841 ,⁸
3171 4801 3280 4839 non
3312 4783 3563 4852 litigiosi,

1982 4899 2091 4935 non
2122 4896 2494 4951 percussores,
2527 4880 2616 4933 sed
2647 4878 3134 4943 mansueti,ornati
3166 4876 3208 4905 “
3229 4884 3275 4928 et
3314 4890 3560 4943 quierun-

1982 4992 2077 5045 que
2109 4976 2243 5027 inter
2279 4973 2459 5043 ﬁdeles
2509 4982 2559 5026 et
2605 4972 2863 5041 sapientes
2908 4987 3081 5023 servos
3120 4968 3456 5021 inveniuntur
3511 4975 3573 5017 et~

1982 5071 2387 5139 dispensatores
2451 5084 2590 5138 quos
2641 5067 2925 5121 constituit
2950 5064 3213 5117 Dominus
3271 5078 3435 5131 super
3478 5061 3559 5113 la-

1983 5161 2187 5214 miliam
2258 5175 2437 5223 suam,
2469 5160 2607 5212 sicut
2658 5157 2788 5211 dicit
2825 5155 2995 5209 Lucas
3028 5152 3263 5206 ".Erant
3307 5152 3470 5220 igitur
3497 5150 3563 5203 τὰ

1983 5251 2451 5324 χαρακτηρίζοντα
2484 5250 2575 5303 τὸν
2606 5249 2899 5303 ἐπίσκοπον
2917 5247 3216 5302 secundum
3248 5245 3560 5315 Origenetn,

1982 5344 2141 5414 plane
2173 5340 2631 5413 quemadmodum
2682 5338 2751 5392 τὰ
2789 5335 3258 5409 χαρακτηρίζοντα
3276 5336 3373 5407 τὴν
3400 5334 3561 5402 ἁγίαν

1984 5438 2177 5508 χήραν,
2220 5443 2281 5488 ut
2319 5435 2433 5502 ipse
2473 5432 2716 5501 loquitur
2748 5431 2803 5485 in
2858 5430 2916 5483 S.
2941 5428 3227 5493 Joannem,
3277 5428 3457 5481 omnia
3495 5443 3554 5479 ex

1982 5525 2268 5597 praeceptis
2314 5522 2613 5579 Dominicis
2660 5522 2746 5576 vel
2796 5520 3108 5591 apostolicis
3154 5520 3444 5575 delineata.
3498 5518 3564 5573 Et

1982 5617 2355 5674 memorabilis
2404 5616 2629 5671 omnino
2678 5614 2835 5670 locus
2868 5622 2953 5670 est
3003 5613 3195 5670 wdem
3254 5612 3417 5678 libro,
3451 5627 3563 5681 quo

1983 5710 2257 5774 Ecclesias
2296 5708 2735 5767 Christianorum
2768 5723 2837 5765 ex
2861 5708 3093 5766 adverso
3132 5722 3258 5764 cum
3302 5703 3572 5763 Ecclesiis
