4078 6416
550 358 654 415 219

1594 363 1652 419 S.
1682 364 2039 422 'IGNATIUS.
2077 399 2147 411 --
2194 364 2730 423 PROLEGOMENA.

3728 362 3843 417 220

547 494 643 534 seu
704 481 1064 539 concionibus
1108 483 1390 554 gentilium
1451 487 1783 553 componit:
1846 487 2140 557 Ἐκκλησία

2258 487 2545 559 πιανισμῷ
2562 488 2704 559 μέγα
2730 485 3078 558 φρονοῦντας⁶
3102 504 3114 516 ’
3140 485 3233 539 καὶ
3262 485 3502 557 μάλιστα
3528 485 3662 539 ἐπὰν
3698 484 3847 560 τύχῃ

549 572 647 640 μὲν
682 573 786 646 γὰρ
814 574 909 627 τοῦ
932 574 1066 627 Θεοῦ
1101 576 1221 647 φέρ’
1241 577 1412 629 εἰπεῖν
1446 578 1479 647 ἠ
1526 576 1782 650 Ἀθήνῃσι
1802 620 1816 642 ,
1841 582 2041 651 πραεῖά
2064 598 2148 643 τις

549 662 643 715 καὶ
686 666 954 736 εὐπαθὴς
989 668 1070 730 (ιιι
1102 666 1169 720 de
1203 666 1503 737 Polycarpo
1529 667 1587 722 S.
1614 668 1874 739 lguatius)
1909 671 2000 724 ἆτε
2030 670 2150 742 Θεῷ

546 754 813 823 ἀρέσκειν
843 758 922 827 τῷ
959 760 1052 811 ἐπὶ
1110 761 1242 812 πᾶσι
1299 759 1590 832 βουλομένη
1618 778 1630 790 ·
1685 764 1718 833 ἡ
1765 762 1811 815 δ’
1853 764 2150 834 Ἀθηναίων

536 846 839 918 Ἐκκλησία
876 850 1179 921 στασιώδης
1229 852 1323 904 καὶ
1379 852 1631 923 οὐδαμῶς
1694 856 2146 928 παραϐαλλομένη

554 945 621 1013 τῇ
671 946 787 997 ἐκεῖ
839 944 1139 1017 Ἐκκλησία
1184 945 1277 998 τοῦ
1311 945 1446 1000 Θεοῦ
1475 964 1488 977 ·
1544 946 1605 1000 τὸ
1637 949 1681 1001 δ’
1707 950 1839 1003 αὐτὸ
1889 952 2030 1021 ἐρεῖς
2056 968 2152 1004 πε-

561 1038 618 1107 ρὶ
678 1037 973 1108 ἐκκλησίας
1041 1038 1135 1090 τοῦ
1200 1038 1334 1091 Θεοῦ
1391 1040 1494 1108 τῆς
1564 1041 1622 1091 ἐν
1698 1041 1986 1113 Κορίνθῳ,
2057 1044 2151 1097 καὶ

556 1127 656 1196 τῆς
698 1128 994 1199 ἐκκλησίας
1040 1127 1132 1180 τοῦ
1178 1128 1351 1199 δήμου
1420 1130 1739 1202 Κορινθίων·
1777 1133 1870 1185 καὶ
1915 1134 2035 1205 φέρ’
2084 1137 2153 1187 εἰ-

559 1222 681 1271 πεῖν
740 1220 869 1293 περὶ
916 1220 1243 1290 Ἐκκλησίας
1307 1220 1402 1273 τοῦ
1451 1222 1587 1274 Θεοῦ
1649 1224 1748 1293 τῆς
1796 1225 1853 1275 ὲν
1900 1224 2149 1291 Ἀλεξαν-

558 1310 733 1381 δρεία,
809 1312 903 1364 καὶ
968 1312 1266 1382 ἐκκλησίας
1338 1312 1433 1365 τοῦ
1501 1313 1891 1387 Ἀλεξανδρέων
1955 1317 2144 1387 δήμου.

562 1400 709 1453 Nam
734 1399 970 1455 Ecclesia
1019 1400 1137 1466 Dei,
1177 1402 1319 1455 verbi
1376 1404 1591 1472 gratia,
1640 1421 1759 1473 qua:
1792 1406 2010 1459 Athenis
2050 1417 2149 1472 est,

562 1503 837 1546 mansueta
861 1505 937 1546 est
966 1503 1012 1546 et
1040 1493 1197 1562 probe
1216 1496 1525 1563 composita,
1557 1498 1744 1566 quippe
1769 1514 1886 1567 qua:
1915 1497 2041 1561 Deo,
2063 1501 2153 1569 qui

559 1595 637 1639 est
668 1602 822 1650 super
851 1589 1046 1647 omnia,
1082 1604 1135 1642 se
1167 1591 1457 1658 approbare
1484 1591 1704 1657 cupiat;
1751 1592 2153 1645 Atheniensium

562 1687 741 1731 autem
766 1681 946 1732 concio
976 1680 1247 1746 seditiosa,
1274 1698 1365 1735 nec
1416 1682 1525 1735 ullo
1556 1684 1710 1737 modo
1745 1701 1865 1737 cum
1917 1684 2155 1738 Ecclesia

564 1768 663 1821 Dei
692 1786 808 1837 qua:
832 1770 1025 1823 ibidem
1074 1779 1184 1833 est,
1217 1772 1553 1841 conferenda.
1608 1772 1760 1827 Idem
1812 1775 1971 1828 etiam
2004 1776 2153 1828 dicas

561 1859 628 1912 de
669 1858 906 1913 Ecclesia
958 1861 1054 1915 Dei
1083 1879 1201 1933 qua:
1228 1872 1307 1916 est
1359 1862 1637 1928 Corinthi,
1668 1875 1716 1919 et
1761 1867 2003 1933 ecclesia,
2037 1867 2153 1921 sive

564 1952 832 2014 concione,
861 1951 1043 2021 populi
1100 1950 1532 2017 Corinthiorum;
1572 1964 1643 2021 et,
1672 1956 1814 2009 verbi
1852 1958 2050 2026 gratia,
2087 1956 2151 2011 de

565 2040 804 2096 Ecclesia
844 2042 941 2096 Dei
984 2060 1101 2113 qua’
1149 2053 1225 2097 est
1272 2044 1649 2112 Alexandrite,
1695 2057 1744 2102 et
1780 2051 2028 2102 concione
2058 2065 2153 2118 po-

563 2133 679 2203 puli
708 2133 1080 2191 Alexandrini.
1119 2135 1385 2192 Memorat
1416 2139 1600 2209 itaque
1624 2138 1888 2209 Origenes
1921 2140 2153 2210 exempli

564 2228 739 2296 gratia
774 2237 883 2283 tres
930 2228 1204 2286 Ecclesias
1239 2230 1443 2287 Graecis
1483 2234 1824 2299 notissimas,
1853 2234 2152 2289 Athenien-

563 2334 701 2387 sem,
733 2319 1164 2390 Corinthiacum,
1195 2324 1641 2381 Alexandrinam.
1693 2324 1947 2381 Ostendit
1976 2329 2029 2381 in
2063 2329 2151 2384 his

562 2411 879 2467 civitatibus
903 2415 1163 2484 populum
1193 2417 1475 2486 gentilium
1510 2418 1657 2471 nullo
1696 2419 1859 2471 modo
1900 2434 2025 2473 cum
2058 2434 2156 2488 po-

563 2505 695 2573 pulo
735 2506 1051 2561 Christiano
1079 2523 1202 2562 esse
1235 2509 1647 2563 conferendum.
1695 2509 1822 2564 lude
1871 2512 2153 2582 progredi-

563 2606 655 2649 tur
698 2596 766 2651 ad
813 2598 1110 2666 dignitates
1159 2601 1584 2667 ecclesiasticas,
1622 2617 1828 2672 easque
1875 2607 2157 2674 componit

567 2703 693 2742 cum
736 2689 1064 2758 magistratu
1111 2701 1413 2762 seruataque
1453 2694 1759 2761 gentilium,
1797 2693 1989 2765 βουλὴν
2034 2694 2158 2749 Ἐκ-

566 2780 796 2852 κλησίας
816 2782 952 2834 Θεοῦ
980 2783 1141 2854 βουλῇ
1166 2787 1232 2855 τῇ
1269 2786 1389 2839 καθ’
1420 2787 1658 2858 ἑκάστην
1681 2788 1835 2840 πόλιν
1872 2788 2157 2853 συνεξετά-

568 2871 697 2937 ζων,
736 2883 976 2927 senatum
1009 2875 1256 2930 Ecclesia:
1282 2877 1377 2932 Dei
1410 2881 1617 2933 senatui
1659 2882 1714 2934 in
1763 2881 1998 2951 qualibet
2022 2883 2154 2935 civi-

568 2976 677 3020 tate
713 2967 997 3019 constituto
1029 2984 1362 3038 comparans,
1404 2979 1458 3025 et
1487 2971 1779 3041 βουλευτὰς
1808 2972 2156 3030 Christianos

568 3057 886 3128 βουλευταῖς
917 3060 1199 3130 gentilium
1246 3078 1549 3132 opponens.
1594 3062 1657 3117 Hi
1694 3074 1877 3119 autem
1933 3065 2154 3136 βουλευ-

563 3150 656 3202 ταὶ
699 3148 995 3205 Christiani
1029 3168 1160 3206 sane
1207 3152 1429 3209 fuerunt
1476 3156 1797 3226 presbyteri.
1868 3156 2001 3212 Post
2051 3159 2153 3215 bos

567 3239 739 3310 igitur
773 3242 1020 3295 ascendit
1054 3243 1120 3297 ad
1157 3244 1458 3314 principem
1494 3261 1587 3301 seu
1626 3262 1903 3301 summum
1939 3248 1993 3302 iu
2023 3265 2160 3303 uua-

565 3345 784 3402 quaque
827 3332 1046 3389 civitate
1078 3336 1491 3407 magistratum:
1516 3336 1673 3391 Οὕτω
1704 3338 1760 3391 δὲ
1802 3340 1894 3393 καὶ
1926 3341 2163 3413 ἄρχοντα

566 3422 893 3497 Ἐκκλησίας
925 3427 1161 3499 ἑκάστης
1211 3428 1418 3493 πόλεως
1459 3429 1680 3502 ἄρχοντι
1703 3430 1810 3484 τῶν
1839 3433 1896 3484 ἐν
1912 3435 1976 3503 τῇ
2010 3432 2159 3488 πόλει

566 3519 909 3591 συγκριτέον.
946 3518 1147 3575 Eodem
1179 3522 1335 3575 modo
1370 3538 1609 3592 princeps
1630 3522 1881 3577 Ecclesia:
1911 3526 2163 3580 uniuscu-

564 3611 750 3679 jusque
778 3611 1009 3665 civitatis
1039 3629 1158 3666 cum
1182 3630 1388 3667 summo
1418 3631 1597 3668 eorum
1611 3617 1702 3685 qui
1725 3617 1780 3669 in
1801 3618 2014 3671 civitate
2038 3627 2161 3672 sunt

566 3705 886 3775 magistratu
913 3707 1259 3777 conferendas
1283 3707 1462 3764 est.Ut
1483 3721 1665 3765 autem
1694 3713 2000 3783 presbyteri
2027 3714 2151 3784 βου-

568 3795 758 3851 λευταὶ
793 3809 960 3863 sunt,
992 3801 1065 3854 ita
1101 3801 1286 3872 ἄρχων
1329 3802 1656 3875 Ἐκκλησίας
1706 3804 1999 3876 episcopus
2052 3816 2158 3875 est,

562 3898 627 3942 ut
659 3889 774 3959 ipse
802 3891 855 3944 in
881 3894 1292 3949 commentariis
1326 3894 1393 3950 ad
1420 3894 1732 3951 Matthaaum
1755 3917 1767 3953 :
1795 3898 1870 3951 Οὐ
1892 3899 2159 3971 μιμητέον

563 3979 643 4049 τῷ
673 3980 892 4053 ἄρχοντι
928 3984 1025 4055 τῆς
1066 3985 1391 4056 Ἐκκλησίας
1433 3987 1522 4043 τὸν
1558 3988 1793 4060 ἄρχοντα
1836 3991 1944 4044 τῶν
1966 3991 2157 4046 ἐθνῶν.

566 4068 735 4139 quue
760 4087 885 4127 cum
916 4073 1168 4145 Athenis,
1197 4076 1447 4132 Corinthi
1496 4088 1549 4133 et
1578 4080 1942 4149 Alexandriae,
1959 4092 2071 4137 tum
2103 4084 2157 4138 iu

566 4178 901 4236 unaquaque
947 4164 1189 4235 civitate,
1224 4177 1359 4225 teste
1418 4168 1671 4243 Origene,
1707 4173 1964 4229 obtinuit.
2009 4174 2156 4231 Idem

566 4259 733 4314 etiam
781 4259 1007 4314 homilia
1060 4260 1132 4315 20
1185 4261 1238 4316 in
1266 4260 1471 4316 Lucam
1502 4282 1514 4315 :
1544 4262 1603 4318 Si
1645 4263 1800 4319 Iesus
1852 4264 2029 4319 Filius
2061 4266 2160 4320 Dei

567 4350 853 4419 subjicitur
901 4350 1096 4423 Ioseph
1142 4363 1190 4407 et
1227 4353 1441 4416 Mariae,
1488 4372 1581 4426 ego
1605 4372 1711 4409 non
1758 4356 2019 4426 subjiciar
2047 4359 2158 4427 epi-

569 4456 748 4511 scopo,
784 4443 876 4511 qui
906 4443 1038 4495 mihi
1063 4460 1095 4496 a
1125 4444 1233 4497 Deo
1260 4445 1538 4499 ordinatus
1567 4456 1645 4500 est
1684 4455 1836 4517 pater
1862 4449 2005 4501 ?non
2033 4449 2156 4502 sub—

2251 582 2519 652 πατράσιν
2552 582 2829 649 ἐπαυχεῖν,
2849 579 2941 632 καὶ
2976 580 3257 649 προγόνοις
3290 578 3577 650 προεδρίας
3599 578 3845 650 ἠξιωμέ-

2251 692 2363 736 νοις
2396 675 2455 725 ἐν
2486 675 2552 743 τῇ
2593 671 2891 742 Ἐκκλησία
2918 670 3274 725 ἐπισκοπικοῦ
3299 670 3563 742 θρόνου,ἢ
3599 672 3849 743 πρεσϐυ-

2251 765 2430 838 τερίου
2444 765 2627 835 τιμῆς,
2660 765 2694 835 ἢ
2730 764 3001 827 διακονίας
3022 766 3101 826 εἰς
3130 764 3221 816 τὸν
3247 763 3371 816 λαὸν
3404 762 3498 816 τοῦ
3535 763 3849 818 Θεοῦ.ϐοη-

2254 858 2481 911 tentione
2510 865 2686 909 autem
2714 872 2843 925 opus
2866 864 2942 909 est
2974 855 3043 908 ad
3063 855 3455 925 deprimendum
3485 872 3664 908 eorum
3690 873 3850 909 arro-

2254 949 2647 1019 gantiam,qui
2694 948 2832 1017 quod
2869 965 2902 1000 a
2949 947 3255 1015 parentibus
3315 948 3368 1001 in
3423 947 3849 1002 Christianismo

2252 1041 2462 1094 educati
2491 1050 2638 1107 sunt,
2665 1042 2727 1093 de
2752 1058 2805 1094 se
2832 1040 3109 1110 magnifice
3135 1041 3386 1103 sentiunt,
3412 1050 3460 1093 et
3478 1042 3782 1109 prccsertim
3800 1042 3847 1092 si

2252 1134 2559 1204 parentibus
2599 1145 2647 1188 et
2680 1135 2887 1203 proavis
2920 1134 3243 1202 efferantur,
3295 1132 3385 1201 qui
3428 1133 3748 1201 episcopalis
3789 1133 3846 1185 in

2256 1226 2496 1279 Ecclesia
2526 1227 2662 1280 sedis
2691 1227 3099 1295 prwrogativum
3140 1225 3256 1293 jus,
3291 1224 3370 1278 vel
3404 1223 3719 1293 presbyterii
3758 1225 3847 1277 di-

2256 1321 2509 1391 gnitatem
2546 1318 2840 1382 tenuerint,
2871 1317 2949 1371 vel
2981 1317 3195 1370 diaconi
3222 1316 3402 1385 of/icio
3428 1333 3551 1387 erga
3587 1316 3849 1385 populum

2261 1412 2356 1465 Dei
2391 1410 2561 1481 {uncti
2594 1410 2722 1461 sint.
2755 1408 2850 1463 llis
2883 1408 3027 1461 enim
3066 1423 3163 1462 sua
3194 1416 3351 1461 aetate
3376 1407 3643 1476 plurimos
3670 1407 3849 1461 fuisse

2256 1505 2455 1568 itumit,
2489 1518 2723 1572 quorum
2785 1502 2970 1569 proavi
3012 1500 3080 1553 ab
3113 1500 3385 1568 episcopis
3431 1499 3646 1553 educati
3673 1508 3843 1565 sunt;

2256 1594 2495 1665 episcopi
2530 1600 2709 1647 autem
2746 1591 2821 1644 illi
2869 1606 3001 1644 sane
3035 1589 3251 1643 fuerant
3274 1588 3558 1659 S.lguatio
3584 1590 3847 1653 τοτε)νίβὶ

2257 1703 2366 1740 non
2413 1695 2464 1740 et
2512 1684 2795 1754 apostolis.
2840 1681 3021 1748 Quare
3068 1681 3122 1734 in
3184 1681 3374 1735 iisdem
3430 1681 3848 1735 commentariis

2258 1780 2389 1834 illud
2421 1778 2479 1833 S.
2508 1778 2668 1832 Luca:
2700 1789 2980 1845 exponens
3010 1791 3024 1825 :
3054 1774 3165 1827 Καὶ
3193 1776 3220 1825 ὁ
3246 1772 3665 1843 ἡγούμενος,ὠς
3694 1772 3849 1826 ὁδια-

2255 1870 2448 1935 κονῶν,
2475 1878 2734 1939 tauquam
2759 1875 3092 1937 praeceptum
3119 1865 3326 1919 Christi
3350 1864 3524 1934 ipsius
3556 1865 3625 1919 de
3661 1864 3847 1919 ofﬁcio

2262 1963 2506 2034 episcopi
2535 1963 2921 2029 interpretatur
2954 1978 2967 2014 :
2997 1959 3054 2013 '0
3074 1958 3130 2011 δὲ
3160 1956 3491 2029 ἡγούμενος,
3520 1956 3664 2009 οῦτω
3692 1957 3750 2009 δὲ
3774 1953 3849 2010 οἴ-

2257 2076 2355 2129 μαι
2376 2055 2662 2127 ὀνομάζειν
2679 2054 2769 2107 τὸν
2787 2052 2950 2107 καλοῦ
2960 2069 3119 2123 μενον
3138 2053 3196 2104 ἐν
3212 2052 3331 2113 ταῖς
3357 2049 3712 2119 Ἑκκλησίαις
3729 2048 3848 2102 ἐπί-

2257 2164 2479 2211 σκοπον,
2526 2146 2602 2209 ὡς
2651 2146 2681 2197 ὁ
2722 2146 2836 2207 τοῖς
2890 2142 3355 2216 ὑπηρετουμένοις
3411 2140 3846 2210 διακονούμενος.

2255 2240 2510 2309 Princeps
2545 2254 2662 2292 vero
2695 2238 2713 2307 (
2745 2238 2824 2290 sic
2854 2246 3031 2288 autem
3064 2234 3335 2304 appellare
3363 2234 3611 2287 existimo
3662 2234 3754 2302 qui
3795 2233 3847 2285 in

2257 2332 2515 2385 Ecclesiis
2542 2331 2816 2401 episcopus
2842 2326 3079 2397 vocatur)
3108 2336 3364 2394 tanquam
3407 2324 3497 2393 qui
3540 2323 3847 2375 ministran-

2259 2421 2398 2474 tibus
2432 2422 2725 2483 ministrat,
2782 2418 2875 2471 καὶ
2907 2416 3083 2469 ταῦτα
3118 2415 3217 2486 μὲν
3246 2416 3275 2466 ὁ
3306 2412 3399 2466 τοῦ
3427 2412 3564 2466 Θεοῦ
3612 2413 3848 2465 διδάσκει

2256 2514 2404 2583 ἡμᾶς
2432 2512 2611 2581 λόγος,
2639 2522 2795 2583 atque
2826 2510 2935 2563 ha’c
2968 2508 3177 2579 quidem
3200 2507 3348 2560 docet
3372 2522 3463 2559 nos
3488 2505 3585 2559 Dei
3612 2507 3842 2559 verbum.

2256 2603 2393 2658 Nam
2425 2612 2483 2657 ut
2511 2613 2696 2674 postea
2724 2603 2981 2657 observat
3009 2618 3023 2655 :
3053 2600 3243 2654 Peccat
3268 2601 3321 2653 in
3356 2599 3526 2652 Deum
3553 2600 3849 2669 quicunque

2257 2698 2530 2767 episcopus
2556 2696 2647 2766 qui
2695 2712 2797 2749 non
2843 2695 2997 2764 quasi
3040 2693 3303 2746 conservis
3340 2708 3518 2745 servus
3552 2692 3846 2751 ministrat,

2258 2791 2347 2843 sed
2388 2790 2542 2860 quasi
2573 2790 2838 2843 dominus.
2872 2788 3017 2844 Idem
3048 2791 3103 2844 in
3130 2787 3468 2845 Ezechielcm
3494 2789 3724 2843 ltomilia
3750 2787 3843 2842 {6:

2261 2880 2366 2943 Qui
2394 2895 2512 2933 vero
2536 2879 2842 2949 religionem
2867 2881 3072 2949 penitus
3122 2891 3454 2946 aversantur,
3473 2880 3528 2933 in
3562 2889 3773 2933 tantum
3794 2886 3846 2931 ut

2259 2988 2363 3025 non
2396 2981 2576 3024 curent
2596 2972 2661 3024 de
2676 2972 2938 3043 episcopo,
2963 2972 3027 3025 de
3050 2970 3391 3042 presbyteris,
3420 2971 3484 3025 de
3513 2970 3845 3035 diaconibus,

2259 3064 2324 3116 de
2340 3061 2597 3129 fratribus
2617 3062 2736 3129 ,sed
2774 3079 2891 3117 cum
2917 3066 3057 3117 omni
3074 3065 3397 3134 procacitate
3421 3063 3760 3133 delinquunt,
3776 3063 3845 3116 si—

2260 3148 2414 3202 miles
2447 3148 2581 3217 ]iunt
2635 3152 2901 3205 meretrici
2954 3169 3075 3205 cum
3102 3152 3304 3221 ﬁducia
3354 3155 3679 3222 prostitutce.
3710 3152 3774 3207 Et
3794 3153 3847 3206 in

2267 3239 2465 3295 Isaiam
2504 3241 2731 3295 humilia
2766 3241 2799 3296 6
2829 3262 2843 3297 :
2881 3242 3022 3313 Ergo
3044 3244 3139 3297 hoc
3166 3246 3317 3311 dicit,
3347 3254 3405 3299 ut
3432 3247 3710 3315 episcopus
3731 3246 3846 3302 mit-

2268 3341 2377 3386 tens
2414 3350 2603 3404 aquam
2637 3334 2691 3386 in
2715 3334 2901 3404 pelvim
2926 3346 2974 3389 et
3010 3345 3199 3389 exutus
3227 3336 3451 3389 vestibus
3482 3338 3617 3402 suis,
3656 3348 3707 3390 et
3728 3352 3851 3407 pra-

2265 3424 2466 3478 ciuctus
2507 3424 2669 3478 linteo
2711 3441 2790 3479 me
2826 3426 3138 3480 extendente
3168 3427 3304 3481 lavet
3333 3427 3485 3496 pedes
3528 3428 3721 3481 aneos?
3766 3425 3847 3481 Si-

2263 3517 2473 3587 quidem
2500 3532 2620 3583 vos,
2678 3519 2881 3587 inquit,
2913 3518 3125 3573 debetis
3182 3519 3415 3574 invicem
3452 3520 3639 3573 lavare
3697 3519 3848 3589 pedes

2262 3616 2476 3663 vestros
2512 3608 2575 3663 “.
2617 3607 2789 3663 Sihoe
2844 3620 2920 3664 est
2956 3610 3094 3680 quod
3129 3611 3368 3677 dicitur,
3423 3628 3573 3665 nemo
3625 3623 3847 3666 vestrum

2263 3702 2576 3755 mandatum
2605 3701 2851 3756 servabit.
2876 3701 3046 3756 Nemo
3074 3704 3210 3756 enim
3231 3703 3621 3774 quibuscunque
3644 3707 3846 3759 venien-

2264 3793 2403 3847 tibus
2430 3810 2703 3849 assumens
2755 3794 2975 3848 linteum
3010 3796 3268 3849 diaconus
3324 3796 3401 3849 vel
3424 3796 3717 3866 presbyter,
3752 3797 3848 3851 sive

2260 3883 2532 3952 episcopus
2562 3882 2704 3937 lavat
2733 3884 2904 3952 pedes.
2953 3883 3056 3939 Sed
3091 3886 3137 3939 si
3167 3884 3435 3956 intelligas
3457 3902 3520 3939 ea
3554 3903 3675 3957 quce
3725 3886 3847 3940 scri-

2259 3985 2354 4044 pta
2388 3984 2535 4039 sunt,
2563 3975 2654 4045 qui
2692 3991 2806 4029 vere
2842 3976 2981 4029 beati
3012 3985 3133 4029 sunt
3162 3977 3392 4046 episcopi
3420 3978 3706 4031 servientes
3752 3975 3849 4029 Ec-

2261 4066 2436 4121 clesia:
2465 4069 2681 4121 mittunt
2720 4085 2911 4139 aquam
2936 4070 2998 4122 de
3030 4068 3325 4139 Scripturis
3347 4070 3400 4122 in
3423 4069 3612 4137 pelvim
3634 4071 3846 4134 animae,

2260 4166 2311 4211 et
2346 4166 2547 4211 tentant
2570 4159 2760 4228 pedum
2782 4158 3163 4228 discipulorum
3204 4160 3381 4213 sordes
3409 4159 3607 4224 lavare,
3635 4171 3686 4213 et
3716 4158 3848 4215 elu-

2260 4266 2337 4316 re,
2370 4262 2416 4305 et
2445 4252 2719 4321 projicere.
2745 4250 2814 4305 Et
2842 4254 2917 4306 sic
2947 4254 3251 4307 custodiunt
3275 4254 3506 4322 episcopi
3540 4255 3849 4306 mandatum

2260 4357 2530 4414 sequentes
2560 4344 2764 4400 Iesum.
2796 4344 2886 4399 Sic
2913 4355 2962 4399 et
3003 4346 3314 4416 presbyteri.
3364 4345 3576 4412 Quibus
3613 4360 3845 4401 consen-

2259 4438 2405 4491 tiunt
2430 4454 2495 4494 ea
2529 4454 2652 4507 quae
2674 4439 2729 4493 in
2762 4440 3176 4494 commentariis
3208 4439 3261 4493 in
3295 4436 3562 4492 Joannem
3595 4438 3840 4508 legimus,

559 4532 727 4611 jiciar
752 4532 1075 4603 presbytero,
1098 4536 1190 4607 qui
1221 4536 1349 4589 mihi
1373 4536 1589 4591 Domini
1616 4539 1922 4609 dignatione
1954 4556 2160 4609 ρτωρο-
2188 4534 2237 4594 1)
2264 4530 2319 4584 in
2351 4545 2455 4585 ms.
2491 4539 2679 4585 nostro
2708 4530 2922 4586 ﬁdelius
2955 4546 3121 4601 quam
3152 4530 3207 4585 in
3263 4530 3427 4585 editis
3460 4538 3842 4600 reprazsentata

565 4624 703 4679 situs
741 4626 862 4679 est?
894 4625 967 4680 Ita
1002 4626 1093 4681 ille
1127 4627 1307 4682 adhuc
1330 4627 1573 4695 juvenis,
1605 4630 1846 4686 nondum
1877 4632 2161 4703 presbyter

564 4715 767 4772 factus.
798 4717 1063 4789 Agnoscit
1085 4722 1338 4781 autemin
1369 4719 1610 4777 Ecclesia
1644 4722 2014 4778 Alexandrina
2045 4724 2160 4795 epi-

563 4824 790 4879 scopum
824 4826 854 4864 a
882 4812 992 4866 Deo
1019 4815 1139 4883 ipso
1170 4824 1434 4883 tanquam
1454 4822 1663 4883 patrem
1686 4814 2022 4879 ordinatum,
2049 4831 2158 4870 non

564 4902 750 4960 minus
781 4918 946 4972 quam
980 4904 1359 4975 presbyterum
1398 4902 1614 4959 Domini
1654 4905 1971 4976 dignatione
2018 4923 2159 4978 pra“:—

560 4992 1003 5061 positum.Unde
1054 4996 1109 5048 in
1137 4995 1550 5050 commentariis
1594 4996 1659 5050 ad
1706 4995 2018 5053 Matthaeum
2050 4999 2155 5053 ait:

561 5087 721 5144 Οὕτω
745 5088 803 5143 δὲ
838 5091 931 5144 καὶ
963 5093 1139 5160 γονεῖς
1174 5090 1385 5155 πάντας
1417 5092 1544 5155 τοὺς
1589 5090 1991 5163 ἀνεπιλήπτους
2038 5093 2161 5145 ἐπι-

562 5181 798 5245 σκόπους
816 5182 1051 5245 καὶτοὺς
1068 5182 1431 5255 ἀνεγκλήτους
1466 5183 1866 5257 πρεσϐυτέρους
1893 5184 1959 5237 λα
1966 5184 2159 5255 μδάνει

559 5291 645 5338 τις
677 5274 793 5328 ἀνθ’
825 5267 901 5327 ὧν
947 5274 1304 5329 καταλέλοιπε
1363 5276 1479 5335 δύο.
1539 5274 1631 5330 Ita
1684 5276 2158 5347 irreprehensibiles

562 5368 834 5439 episcopos
857 5382 1035 5419 omnes
1060 5374 1110 5420 et
1150 5367 1477 5440 presbyteros
1509 5366 1807 5437 inculpatos
1837 5369 1891 5420 in
1916 5378 2158 5437 parentes

563 5461 791 5519 assumit
846 5459 1109 5528 quispiam
1154 5477 1248 5530 pro
1299 5462 1502 5514 duobus
1554 5460 1664 5514 illis
1720 5476 1849 5530 quos
1904 5460 2155 5514 deseruit.

568 5552 718 5619 Quin
750 5552 912 5608 etiam
968 5560 1291 5608 vetustatem
1352 5553 1784 5625 dignitatemque
1830 5553 2159 5622 episc0palis

563 5646 778 5703 ordinis
804 5646 966 5715 paulo
986 5655 1111 5717 post
1140 5647 1384 5717 depingit
1415 5666 1428 5701 :
1478 5646 1651 5714 Ἀγὼν
1675 5646 1731 5699 δέ
1764 5645 1989 5699 ἐστικαὶ
2023 5644 2158 5697 καθ-

562 5737 707 5797 ελεῖν
737 5736 905 5809 οἴημα
923 5737 1012 5791 διὰ
1035 5738 1096 5791 τὸ
1122 5741 1186 5792 ἐκ
1221 5740 1475 5812 πατέρων
1502 5736 1894 5816 διατετράφθαι
1931 5738 1986 5789 ἐν
2036 5736 2161 5806 Χρι.

642 5852 688 5887 ¹⁴⁵
713 5850 873 5914 Joan.
902 5870 1026 5924 stu,
1070 5855 1153 5911 li.

2260 4638 2315 4693 ιι.
2356 4624 2460 4678 590
2496 4642 2509 4678 :
2542 4624 2652 4677 Καὶ
2689 4624 2764 4696 μὴ
2795 4624 3083 4697 θαυμάσῃς
3128 4626 3176 4677 εἰ
3206 4625 3428 4693 ἀνάγειν
3477 4640 3534 4676 σε
3566 4624 3647 4676 δεῖ
3690 4622 3771 4685 τὸ,
3798 4622 3844 4674 ει

2259 4713 2447 4782 ἁγίων
2484 4712 2676 4781 πόδας
2711 4715 2956 4783 ἔνιψεν,
2989 4717 3124 4785 δπου
3171 4715 3484 4770 κελεύονται
3516 4716 3571 4767 αἱ
3599 4714 3843 4781 ἀνάλογοι

2258 4807 2373 4868 τοῖς
2409 4805 2803 4879 πρεσϐυτέροις
2837 4806 3192 4879 πρεσϐύτιδες
3220 4801 3357 4859 εἶναι
3400 4806 3495 4860 καὶ
3540 4805 3843 4858 καλοδιδάσο

2261 4896 2438 4950 καλοι.
2461 4898 2604 4971 Ὅρα
2625 4897 2680 4950 δὲ
2706 4899 2754 4949 εξ
2782 4897 2856 4968 μὴ
2883 4898 2977 4951 καὶ
3003 4897 3240 4970 ἐργῶδές
3262 4898 3379 4949 ἐστι
3406 4896 3469 4949 τὸ
3497 4896 3655 4949 πάνθ’
3676 4898 3843 4949 ὁντιν·

2261 4988 2357 5043 οῦν
2387 4989 2829 5061 μαθητευόμενον
2881 4989 2960 5060 τῷ
2993 4989 3216 5061 Χριστῷ
3250 4989 3471 5043 θέλοντα
3527 4989 3627 5060 τὴν
3662 4988 3842 5055 λέγου-
3928 4996 3933 5001 ·

2269 5102 2369 5139 σαν
2398 5085 2639 5157 ἐντολὴν,
2672 5086 2771 5139 καὶ
2802 5087 2976 5155 ὑμεῖς
3010 5086 3283 5155 ὀφείλετε
3298 5084 3589 5151 ἀλλήλων
3619 5084 3844 5136 νίπτειν

2259 5181 2405 5247 τοὺς
2436 5178 2647 5244 πόδας,
2682 5179 2758 5241 ὡς
2791 5179 3139 5249 ὀφειλόμενον
3172 5178 3331 5249 ἔργον
3364 5177 3567 5230 ἐθέλειν
3588 5177 3765 5228 ποιεῖν
3786 5172 3842 5226 τὸ

2260 5269 2413 5339 νίψαι
2461 5270 2588 5333 τοὺς
2643 5272 2990 5341 σωματικοίις
3040 5270 3134 5324 καὶ
3181 5269 3476 5339 αἰσθητοὺς
3528 5267 3696 5329 πόδας
3739 5264 3841 5316 τῶν

2261 5364 2528 5435 ἀδελφῶν,
2584 5364 2725 5418 ὥστε
2775 5366 2902 5429 τοὺς
2944 5368 3003 5417 ὲν
3035 5363 3398 5435 ὁποιᾳποτοῦν
3446 5362 3699 5415 ὑποθέσει
3733 5360 3837 5430 βίου

2259 5458 2624 5528 τυγχάνοντας
2658 5457 2881 5521 πιστοὺς
2934 5454 3092 5509 τοῦτο
3138 5458 3331 5517 ποιεῖν,
3374 5454 3482 5507 εἴτε
3535 5456 3592 5506 ἐν
3649 5451 3837 5519 ἐκκλη-

2262 5554 2515 5623 σιαστικῇ
2570 5551 2862 5614 δοκοῦντας
2916 5546 3053 5603 εἶναι
3086 5551 3326 5620 ὑπεροχῇ
3378 5548 3709 5619 ἐπισκόπους
3753 5542 3838 5603 καὶ

2262 5644 2691 5717 πρεσϐυτέρους,
2727 5643 2837 5695 εἴτε
2885 5642 2978 5696 καὶ
3026 5642 3083 5694 ὲν
3136 5640 3317 5704 ἄλλοις
3372 5642 3656 5710 κοσμικοῖς
3706 5649 3836 5688 τισιν

2262 5738 2564 5809 ἀξιώμασιν
2592 5755 2603 5767 ·
2643 5735 2781 5790 ὥστε
2821 5735 2959 5811 μετὰ
2974 5733 3132 5789 τοῦτο
3154 5734 3246 5789 καὶ
3274 5733 3365 5786 τὸν
3382 5731 3656 5802 Δεσπότην
3687 5729 3836 5801 ἥκειι
