4078 6472
260 406 393 461 291

1061 403 1114 463 J.
1157 405 1527 461 PEABSONII
1572 405 1895 462 VINDICIE
1937 406 2361 464 IGNATIANIE.
2394 439 2465 452 -—-
2503 408 2684 465 PABS
2722 409 2763 463 l.

3472 415 3579 468 (ΒΞ

248 526 373 578 ἐπὶ
403 525 471 579 τὸ
506 526 723 579 νίπτειν
767 528 896 591 τοὺς
934 527 1104 591 πόδας
1136 527 1231 581 τοῦ
1282 527 1631 592 πιστεύοντος
1679 526 1880 592 δούλου,

1992 528 2253 584 cerdotali
2279 531 2461 584 ordine
2494 530 2817 600 gloriantur,
2842 530 3129 586 secundum
3154 533 3392 587 ordinem
3422 524 3587 587 suum

248 618 370 669 καὶ
406 620 544 682 τοὺς
572 620 754 687 γονεῖς
792 618 891 672 τοῦ
916 618 1069 672 υίοῦο
1106 619 1244 689 ὅπερ
1299 618 1419 682 έθος
1459 615 1548 689 ἦν,
1594 619 1656 671 οὑ
1686 620 1894 687 γίνεται

246 710 321 765 δὲ
361 708 489 775 νῦν,
514 711 548 781 ἢ
578 712 661 773 είς
696 710 1009 782 ὑπερϐολὴν
1044 709 1427 774 σπανιώτατα,
1465 710 1560 764 καὶ
1603 710 1753 783 παρὰ
1784 713 1896 771 τοῖς

250 802 419 855 πάνυ
479 800 883 871 ἁπλουστέροις
933 799 1029 853 καὶ
1064 800 1475 874 ἀγροικοτέροις
1508 801 1734 869 γίνεται.
1781 800 1895 854 Nec

256 895 491 947 mireris
525 896 576 946 si
610 894 713 947 tibi
755 893 1122 963 exponendum
1166 893 1237 946 sit
1277 894 1572 963 anagogico
1612 909 1765 947 sensu
1797 893 1893 945 hoc

256 987 507 1051 dictum,
542 986 609 1039 Si
646 996 972 1042 sanctorum
1007 988 1173 1057 pedes
1200 987 1353 1053 lavit,
1380 986 1472 1039 ubi
1487 986 1739 1055 iubentur
1780 987 1893 1040 illis

252 1093 392 1148 qui:
419 1076 759 1148 presbyteris
791 1079 1035 1150 analogie
1050 1089 1175 1135 sunt
1200 1080 1523 1149 presbytides
1553 1080 1769 1133 honesta
1789 1080 1889 1133 do-

245 1187 406 1224 cere.
468 1168 606 1222 Vide
642 1186 767 1223 vero
808 1187 989 1223 annon
1039 1171 1203 1224 etiam
1230 1170 1554 1224 laboriosum
1583 1171 1645 1239 ﬁt
1676 1169 1891 1223 cuilibet

236 1263 545 1331 discipulo
570 1260 803 1327 Christi,
835 1260 1031 1316 volenti
1069 1260 1290 1331 implere
1329 1260 1637 1314 mandatum
1668 1261 1845 1313 dicens
1870 1274 1889 1312 :

236 1351 320 1406 Et
352 1366 465 1407 vos
513 1352 738 1407 debetis
789 1353 884 1406 alii
935 1352 1170 1407 aliorum
1210 1353 1393 1407 lavare
1442 1352 1629 1421 pedes,
1658 1354 1705 1405 si
1765 1352 1889 1405 velit

235 1444 591 1513 corporales
646 1460 712 1497 ac
737 1443 1013 1499 sensibiles
1067 1446 1297 1514 fratrum
1329 1444 1483 1514 pedes
1514 1445 1712 1508 lavare,
1741 1454 1797 1496 ut
1821 1445 1889 1512 [i-

236 1536 405 1590 deles
437 1538 499 1590 in
531 1538 728 1605 quovis
754 1548 879 1592 vute
900 1554 1084 1608 genere
1108 1540 1387 1592 existentes
1412 1538 1507 1590 hoc
1537 1537 1759 1604 faciant,
1781 1538 1888 1590 sive

237 1626 345 1695 qui
374 1625 645 1680 ridentur
680 1643 794 1680 esse
818 1627 874 1680 in
912 1626 1242 1682 sublimitate
1267 1627 1627 1687 ecclesiastica
1656 1627 1886 1695 episcopi

236 1726 297 1769 et
331 1716 679 1786 presbyteri,
707 1720 818 1771 sive
846 1719 902 1771 in
945 1719 1259 1788 quibusdam
1304 1718 1429 1773 aliis
1484 1719 1766 1772 mundanis
1800 1718 1886 1771 di-

240 1809 614 1879 gnitatibus;
643 1811 779 1864 adeo
806 1821 865 1865 ut
890 1812 1027 1865 hanc
1052 1816 1114 1865 ob
1138 1827 1357 1866 causam
1399 1810 1657 1865 Dominus
1681 1827 1884 1882 quoque

1998 621 2245 675 incedunt
2276 632 2325 676 et
2350 632 2513 692 agunt
2536 624 2715 676 omnia
2742 639 2859 693 qute
2889 624 2982 678 illo
3012 628 3196 680 ordine
3224 626 3386 697 digna
3408 626 3574 679 sunt?

1998 713 2116 779 (sed
2147 720 2207 765 ut
2246 712 2300 765 in
2348 727 2453 766 ms.
2493 721 2719 778 nostro,
2757 730 2875 782 qua:
2912 715 2970 767 in
3017 716 3112 770 illo
3149 717 3332 769 ordine
3361 715 3579 783 dignum

1993 804 2153 874 est?)
2196 802 2460 858 Similiter
2501 814 2679 858 autem
2724 813 2774 857 et
2837 805 3049 861 diaconi
3088 818 3243 877 putas
3290 806 3578 859 secundum

1994 896 2231 950 ordinem
2270 898 2555 950 ministerii
2587 899 2672 952 sui
2717 901 3012 954 incedunt?
3062 900 3133 953 Et
3160 901 3298 953 unde
3333 908 3409 953 est
3439 898 3578 969 quod

1992 1005 2130 1057 tier
2157 989 2405 1043 audimus
2443 989 2805 1059 blaspltemare
2835 991 3073 1045 homines
3123 1000 3171 1045 et
3212 992 3405 1044 dicere.
3439 988 3579 1043 Ecce

1991 1082 2171 1152 qualis
2194 1082 2484 1151 episcopus
2509 1123 2524 1147 ,
2564 1090 2659 1136 aut
2705 1083 2884 1151 qualis
2929 1084 3235 1155 presbyter,
3275 1083 3361 1137 vel
3399 1082 3578 1151 qualis

1989 1175 2257 1229 diaconus
2284 1176 2297 1227 !
2337 1172 2528 1227 Nonne
2561 1176 2670 1228 Itazc
2693 1175 2968 1239 dicuntur,
3003 1174 3093 1228 ubi
3123 1174 3201 1229 vel
3231 1174 3474 1228 sacerdos
3497 1172 3577 1227 vel

1989 1267 2237 1319 minister
2276 1266 2375 1318 Dei
2408 1268 2549 1319 visus
2604 1266 2766 1335 fuerit
2808 1266 2866 1319 in
2896 1266 3077 1335 aliquo
3106 1275 3292 1319 contra
3336 1266 3576 1318 ordinem

1987 1374 2143 1412 suum
2182 1359 2377 1419 venire,
2413 1366 2463 1412 et
2494 1357 2700 1429 aliquid
2730 1366 2918 1415 contra
2945 1357 3329 1411 sacerdotalem
3366 1357 3442 1410 vel
3471 1355 3576 1410 Le-

1986 1452 2203 1505 vitieum
2232 1451 2471 1504 ordinem
2508 1452 2728 1521 gerere?
2753 1448 2955 1504 Verum
2980 1450 3261 1505 enimvero
3287 1447 3572 1520 Origenes,

1987 1541 2035 1598 si
2068 1540 2349 1595 Blondello
2382 1540 2715 1595 credendum
2751 1539 2845 1609 sit,
2867 1553 2987 1596 utut
3010 1540 3113 1592 tria
3142 1540 3198 1592 in
3240 1538 3379 1591 clero
3426 1539 3576 1606 capi-
3676 1552 3683 1557 ί

1987 1644 2099 1689 tum
2129 1651 2338 1703 genera,
2363 1633 2733 1687 consuetudini
2758 1633 3103 1687 ecclesiarum
3137 1632 3338 1702 favens,
3373 1630 3574 1683 admit-

1985 1738 2091 1782 tere
2114 1727 2315 1797 passim
2349 1727 2628 1790 videatur;
2675 1726 2765 1779 hic
2807 1735 2989 1779 tamen
3018 1765 3031 1789 ,
3068 1725 3217 1778 binos
3246 1732 3452 1777 tantum
3481 1738 3575 1777 sa-

1983 1819 2265 1872 cerdotum
2298 1826 2353 1871 et
2388 1817 2775 1879 diaconorum,
2810 1815 3056 1886 magistri
3087 1814 3371 1868 Clementis
3393 1828 3576 1867 exem-

239 1903 440 1954 miat
466 1903 544 1955 ad
586 1902 855 1958 lavandos
894 1905 1049 1974 pedes
1088 1907 1223 1959 servi
1256 1904 1535 1971 credentis,
1560 1914 1609 1957 et
1640 1914 1881 1974 parentes
1915 1903 1958 1962 Β
1985 1910 2093 1980 plo,
2135 1908 2332 1979 gradus
2365 1909 2623 1979 agnoscit.
2662 1907 2776 1977 Ego
2808 1924 2958 1973 vero,
2983 1915 3037 1960 et
3064 1906 3207 1976 apud
3240 1906 3575 1960 Clementem

241 1997 361 2064 ﬁlii
387 2015 406 2051 :
434 1998 587 2067 quod
626 1999 685 2050 in
718 2016 865 2053 more
890 2001 1119 2069 positum
1136 2010 1289 2065 erat;
1317 2001 1408 2055 sed
1432 2018 1569 2054 nunc
1594 2018 1697 2054 non
1715 2002 1775 2069 ﬁt
1807 2000 1885 2055 vel

240 2106 423 2156 supra
452 2092 688 2143 modum
706 2092 983 2145 rarissime
1008 2102 1056 2146 et
1074 2093 1213 2162 apud
1231 2094 1519 2146 admodum
1534 2093 1799 2163 simplices
1824 2109 1885 2146 ac

243 2183 579 2235 mticiores
603 2183 692 2251 ﬁt.
718 2182 783 2236 Et
805 2199 869 2237 ea
892 2184 1056 2238 etiam
1088 2201 1208 2254 qua:
1240 2196 1387 2239 tomo
1412 2200 1466 2237 χι
1492 2184 1545 2237 in
1572 2183 1884 2237 lilatthaeum

243 2275 469 2341 scripta
494 2283 636 2328 sunt
666 2292 679 2326 :
706 2274 781 2327 Τὸ
798 2275 844 2327 δ’
863 2276 1046 2345 ὅμοιον
1069 2279 1212 2347 ἐρεῖς
1232 2276 1325 2329 καὶ
1342 2276 1435 2328 ἐπὶ
1445 2272 1539 2328 τοῦ
1556 2274 1882 2347 ὀρεγομένου

245 2363 579 2432 ἐπισκοπῆς
614 2363 708 2416 διὰ
739 2363 837 2435 τὴν
870 2366 1021 2436 παρὰ
1048 2364 1354 2433 ἀνθρώποις
1374 2364 1549 2429 δόξαν,
1572 2365 1606 2435 ἢ
1640 2363 1738 2435 τὴν
1776 2363 1884 2417 ἀπὸ

248 2454 576 2525 ἀνθρώπων
638 2456 955 2522 κολακείαν,
1016 2459 1048 2529 ἢ
1088 2459 1178 2511 τὸν
1218 2459 1327 2512 ἀπὸ
1377 2458 1487 2512 τῶν
1548 2458 1882 2529 προσιόντων

249 2546 404 2616 λόγῳ
431 2548 727 2619 πορισμὸν
750 2548 1004 2602 διδόντων
1038 2551 1307 2621 προφάσει
1334 2550 1433 2621 τῆς
1468 2550 1770 2613 εὐσεϐείας.
1824 2548 1881 2603 '0

251 2638 392 2705 γοῦν
417 2637 681 2701 τοιοῦτος
714 2639 1018 2703 ἐπίσκοπος
1062 2642 1124 2693 οὑ
1175 2640 1365 2695 κααοῦ
1397 2642 1576 2711 ἔργου
1608 2639 1885 2710 ἐπιθυμεῖ

252 2730 383 2782 οὐδὲ
416 2729 661 2784 δύναται
712 2726 855 2787 εἶναι
900 2733 1344 2799 ἀνεπίληπτος,
1396 2733 1516 2785 οὐδὲ
1559 2730 1876 2797 νηφάλιος,

254 2822 381 2874 οὐδὲ
416 2823 726 2890 σώφρων,
772 2822 987 2894 μεθύων
1035 2824 1140 2877 ὑπὸ
1184 2823 1343 2894 δόξης
1369 2865 1384 2889 ,
1420 2825 1515 2878 καὶ
1564 2824 1879 2887 ἀκολάστως

258 2915 435 2984 αὐτῆς
465 2914 923 2985 ὲμφοροὺμενος’
960 2915 1021 2968 τὸ
1068 2916 1125 2970 δὲ
1165 2917 1297 2975 αὐτὸ
1332 2916 1428 2970 καὶ
1476 2917 1605 2988 περὶ
1641 2917 1879 2989 πρεσϐυ-

259 3007 438 3079 τέρων
476 3008 578 3059 καὶ
619 3007 891 3060 διακόνων
926 3010 1091 3080 ἐρεῖς.
1122 3007 1387 3063 Similiter
1419 3019 1595 3063 autem
1643 3009 1785 3063 dices
1812 3010 1877 3063 de

259 3116 321 3153 eo
349 3101 445 3169 qui
480 3101 854 3170 episcopatum
880 3100 1168 3169 desiderat,
1198 3112 1255 3155 ut
1282 3103 1510 3173 gloriam
1542 3104 1682 3173 apud
1705 3103 1877 3156 homi-

262 3209 351 3246 nes
386 3202 775 3262 consequatur,
808 3193 885 3247 vel
917 3193 1190 3247 hominum
1235 3196 1645 3248 assentationem
1675 3203 1871 3264 captet,

1988 2004 2350 2075 magistrum,
2401 2002 2483 2055 sic
2533 2000 2697 2055 etiam
2735 2000 2878 2069 apud
2913 1997 3209 2068 Origenem
3243 1996 3575 2067 discipulum

1987 2106 2098 2152 tres
2128 2096 2330 2166 gradus
2362 2093 2606 2157 invenio,
2634 2107 2807 2145 unum
2849 2090 3067 2145 diaconi
3094 2090 3150 2144 in
3180 2090 3374 2144 ordine
3412 2088 3574 2143 mini-

1986 2189 2176 2253 sterii,
2223 2188 2399 2253 duos,
2453 2184 2694 2254 episcopi
2731 2183 2980 2249 scilicet,
3032 2192 3087 2237 et
3133 2181 3474 2252 presbyteri,
3517 2180 3572 2234 in

1985 2281 2176 2336 ordine
2198 2277 2516 2339 sacerdotii,
2554 2289 2612 2330 ut
2643 2284 2698 2329 et
2734 2275 2849 2345 ipse
2881 2290 2941 2328 se
2979 2273 3240 2343 explicat,
3265 2280 3322 2326 et
3357 2271 3575 2341 plenius

1984 2371 2045 2425 B.
2065 2370 2303 2442 Cyrillus
2321 2366 2705 2421 Alexandrina:
2718 2363 2978 2419 Ecclesia?
2998 2361 3311 2432 patriarcha
3334 2359 3431 2422 lib.
3476 2375 3575 2414 xm

1984 2462 2061 2516 De
2093 2462 2406 2515 adoratione
2434 2459 2491 2512 in
2515 2459 2711 2528 spiritu
2741 2465 2792 2509 et
2825 2455 3087 2509 veritate:
3125 2454 3188 2505 Εἰ
3218 2451 3276 2505 δέ
3299 2468 3383 2514 τις
3401 2450 3576 2503 ἕλοιτο

1984 2554 2198 2624 καὶτῆς
2235 2551 2561 2622 Ἐκκλησίας
2606 2549 2704 2621 τὴν
2731 2547 2886 2614 τάξιν
2931 2545 3436 2617 πολυπραγμονεῖν,
3471 2541 3574 2613 τὴν

1981 2647 2040 2699 ἐν
2067 2647 2215 2718 νόμῳ
2236 2643 2692 2717 προανατύπωσιν
2725 2637 3202 2709 καταθαυμάσειεν
3236 2636 3302 2689 ἂν
3322 2633 3567 2697 εἰκότως

1995 2741 2344 2803 Ἐπισκόποις
2382 2739 2480 2811 μὲν
2521 2737 2652 2809 γὰρ,
2676 2736 2772 2792 ἆτε
2804 2736 2871 2806 δὴ
2909 2734 3031 2787 τότε
3076 2730 3435 2803 καθηγεῖσθαι
3479 2727 3575 2781 λα-

1979 2838 2201 2909 χοῦσιν,
2239 2833 2333 2887 καὶ
2379 2833 2478 2903 μὲν
2518 2833 2633 2893 τοῖς
2663 2830 2757 2883 ἐπὶ
2791 2827 2888 2899 τὴν
2937 2826 3074 2896 μείω
3105 2824 3350 2878 διέπουσι
3394 2819 3571 2886 τάξιν,

1981 2926 2376 3000 πρεσϐυτέροις
2403 2923 2461 2977 δέ
2494 2938 2660 2993 φημι,
2693 2919 3055 2976 πεπίστευται
3095 2914 3156 2968 τὸ
3193 2913 3574 2984 θυσιαστήριον

1979 3019 2072 3072 καὶ
2103 3017 2173 3070 τὰ
2196 3016 2305 3069 ἔσω
2336 3013 2431 3067 τοῦ
2467 3010 2981 3080 καταπετάσματος,
3022 3000 3104 3069 οἷς
3136 3004 3202 3058 ἂν
3233 3003 3436 3076 πρέποι
3473 3001 3573 3055 καὶ

1978 3112 2101 3179 λέγε
2110 3109 2254 3173 σθαι,
2272 3107 2382 3161 Καὶ
2405 3104 2753 3175 φυλάξουσι
2772 3101 2885 3169 τὴν
2899 3097 3197 3167 ἱερατείαν
3213 3093 3413 3151 αὐτῶν
3424 3108 3444 3127 ⁸
3458 3093 3574 3147 δια-

1977 3202 2155 3265 κόνοις
2171 3218 2235 3269 γε
2257 3199 2354 3270 μὲν
2371 3198 2453 3260 τὸ,
2472 3193 2824 3259 φυλάξουσι
2845 3191 2951 3257 τὰς
2975 3188 3257 3260 φυλακὰς
3276 3186 3387 3255 τῆς
3417 3199 3572 3253 σκη-

263 3285 340 3339 vel
363 3296 638 3347 aute-stum
661 3286 727 3339 ab
744 3287 820 3341 eis
847 3288 1099 3357 accipiat,
1126 3288 1218 3357 qui
1252 3304 1543 3341 sermonem
1583 3288 1708 3356 ﬁdei
1758 3302 1873 3339 am—
1900 3269 1942 3325 (ἶ
1974 3289 2112 3361 νῆς.
2133 3269 2287 3356 Quod
2310 3290 2355 3342 si
2381 3288 2498 3358 quis
2533 3285 2658 3341 velit
2688 3285 2848 3338 etiam
2878 3280 3133 3335 Ecclesia:
3173 3278 3415 3331 ordinem
3442 3293 3568 3345 per-

267 3378 553 3447 plectentes
589 3379 811 3446 pietatis
838 3395 1003 3431 causa
1033 3379 1183 3431 dant.
1222 3378 1365 3431 Talis
1401 3380 1567 3448 igitur
1603 3380 1875 3447 episcopus

268 3470 478 3524 bonum
505 3484 655 3538 opus
687 3485 794 3521 non
825 3468 1136 3535 desiderat,
1166 3486 1330 3540 neque
1371 3480 1542 3536 potest
1587 3486 1698 3524 esse
1735 3470 1875 3524 irre-

268 3560 685 3630 prehensibilis,
713 3578 876 3631 neque
897 3561 1139 3628 sobrius,
1160 3579 1320 3633 neque
1342 3564 1582 3635 prudens
1599 3564 1665 3629 ",
1697 3571 1877 3633 utpote

270 3654 355 3721 qui
382 3654 562 3723 gloria
589 3653 769 3707 ebrius
797 3655 888 3719 sit,
914 3662 964 3707 et
993 3658 1405 3724 intemperanter
1433 3673 1494 3709 ea
1516 3656 1679 3725 fuerit
1701 3657 1879 3726 ingur-

272 3746 497 3814 gitatus.
522 3744 681 3799 Idem
703 3762 910 3816 quoque
940 3747 1007 3799 de
1035 3747 1354 3817 presbyteris
1376 3756 1425 3802 et
1453 3749 1692 3802 diaconis
1715 3749 1874 3801 dices.

269 3833 395 3889 Haec
426 3837 518 3890 vel
550 3852 619 3891 ex
654 3837 884 3901 Cracis,
921 3837 1007 3891 vel
1043 3837 1110 3891 ab
1143 3835 1481 3909 Hieronymo
1535 3840 1671 3893 satis
1702 3839 1879 3893 tideli-

271 3938 352 3983 ter
380 3930 567 3984 versis
608 3915 881 3999 producta
915 3947 929 3982 :
962 3931 1164 4000 quibus
1217 3941 1274 3985 et
1324 3932 1417 3985 illa
1454 3936 1591 4003 “quae
1622 3931 1879 3988 Bullinus

268 4022 671 4093 interpretatus
724 4035 806 4080 est
860 4024 1025 4078 etiam
1079 4034 1447 4081 consentanea
1496 4035 1644 4081 sunt.
1698 4024 1765 4081 Ut
1809 4043 1877 4081 ex

270 4114 503 4169 humilia
537 4117 594 4169 in
620 4114 892 4172 Numeros
918 4118 1179 4185 secunda,
1220 4133 1386 4188 quam
1423 4118 1640 4174 tandem
1677 4134 1706 4173 a
1738 4118 1880 4174 Bul—

272 4211 383 4266 lino
407 4226 633 4265 versam
692 4226 815 4267 esse
872 4222 1106 4277 constat,
1156 4227 1225 4265 ex
1261 4213 1489 4283 prologo
1534 4212 1590 4265 in
1644 4211 1879 4268 Emerici

270 4304 471 4373 Bigotii
517 4303 713 4359 codice
772 4316 987 4375 reperto
1042 4315 1098 4361 et
1138 4306 1208 4363 ab
1261 4305 1497 4360 Henrico
1544 4303 1766 4360 Valesio
1810 4306 1879 4361 ad

272 4397 578 4454 Eusebium
624 4398 793 4462 edito,
835 4399 929 4468 qui
979 4399 1143 4453 etiam
1196 4398 1249 4451 in
1290 4398 1622 4455 bibliotheca
1666 4399 1879 4470 collegii

276 4492 455 4545 nostri
489 4490 596 4544 SS.
636 4489 922 4546 Trinitatis
956 4502 1133 4546 exstat
1176 4508 1279 4547 ms.
1338 4490 1407 4546 Et
1435 4492 1629 4548 titulus
1654 4493 1877 4562 quidem

1978 3386 2207 3455 quirere,
2238 3382 2393 3436 illam
2415 3396 2532 3450 qute
2559 3379 2615 3431 in
2660 3377 2769 3447 lege
2806 3384 2883 3429 est
2923 3372 3410 3444 praz/igurationem
3445 3368 3572 3438 jure

1978 3477 2363 3532 admirabitur.
2392 3470 2671 3542 Episcopis
2699 3468 2862 3534 enim,
2894 3484 2955 3520 ac
2979 3467 3025 3520 si
3064 3474 3187 3518 tunc
3211 3463 3573 3532 principatum

1978 3570 2152 3627 sortiti
2182 3574 2377 3630 essent,
2411 3574 2570 3634 atque
2600 3562 2760 3616 etiam
2792 3561 2859 3614 iis
2889 3559 2979 3629 qui
3004 3557 3315 3626 inferiorem
3345 3554 3573 3625 gradum

1979 3669 2191 3733 gerunt,
2232 3656 2548 3728 presbyteris
2586 3654 2842 3723 inquam,
2879 3648 3241 3703 concreditum
3280 3656 3356 3702 est
3402 3644 3577 3698 altare

1978 3766 2028 3810 et
2053 3770 2171 3825 qua:
2200 3760 2321 3806 sunt
2349 3751 2493 3803 intra
2521 3746 2712 3810 velum,
2742 3744 2931 3815 quibus
2958 3743 3119 3796 etiam
3150 3740 3260 3793 dici
3290 3737 3525 3792 convenit
3550 3753 3571 3791 :

1980 3846 2048 3901 Et
2101 3842 2415 3901 custodicnt
2480 3837 2846 3895 sacerdotium
2900 3850 3110 3901 suum;
3156 3831 3397 3885 diaconis
3452 3844 3573 3882 vero

1980 3938 2120 3994 illud
2146 3953 2163 3990 :
2197 3934 2525 3991 Custodient
2556 3929 2841 3986 custodias
2866 3925 3231 3982 tabernaculi.
3267 3922 3344 3977 Ex
3368 3920 3570 3975 Bullini

1981 4031 2146 4085 etiam
2190 4026 2445 4083 versione
2498 4022 2752 4093 Origenis
2800 4016 3195 4075 Commentarii
3244 4016 3300 4070 in
3341 4013 3571 4069 Cantica

1980 4119 2323 4175 canticorum
2374 4115 2664 4169 habentur.
2699 4110 2760 4165 In
2812 4108 3038 4165 homilia
3087 4116 3294 4172 autem,
3326 4114 3387 4160 ut
3423 4120 3571 4159 nunc

1979 4220 2231 4277 vocatur,
2269 4206 2510 4265 secunda
2544 4208 2645 4261 ista
2679 4205 2950 4275 legimus:
2987 4201 3132 4256 Vidit
3168 4209 3219 4255 et
3242 4196 3413 4254 sedem
3442 4216 3577 4269 pue-

1982 4324 2164 4362 rorum
2188 4307 2326 4377 ejus,
2353 4305 2453 4377 (de
2482 4304 2674 4375 regina
2711 4299 2856 4357 Saba
2879 4308 2934 4357 et
2963 4299 3261 4355 Salomone
3291 4296 3575 4366 loquitur)

1982 4400 2439 4466 ecclesiasticum,
2480 4407 2608 4468 puto
2632 4439 2648 4463 ,
2680 4394 2920 4451 ordinem
2955 4392 3110 4459 dicit,
3153 4391 3245 4461 qui
3272 4391 3327 4443 in
3365 4390 3572 4459 βρίθου-

1983 4505 2141 4565 palus
2172 4492 2251 4547 vel
2288 4491 2599 4563 presbyterii
2624 4490 2835 4543 sedibus
2876 4488 3120 4541 habetur.
3163 4483 3309 4537 Vidit
3344 4491 3393 4535 et
3425 4481 3572 4535 ordi-

274 4584 345 4637 ita
379 4600 441 4638 se
475 4584 646 4638 habet
683 4601 697 4638 :
733 4582 929 4655 Incipit
953 4585 1223 4656 prologus.
1266 4624 1285 4640 .
1328 4626 1342 4640 .
1389 4626 1403 4640 .
1445 4625 1462 4641 .
1506 4626 1520 4639 .
1611 4584 1880 4641 Numero-
1904 4617 1958 4678 Β
1984 4588 2224 4641 nationes
2251 4584 2331 4640 vel
2356 4585 2613 4638 stationes
2640 4582 3009 4635 ministrorum
3032 4577 3169 4647 ejus,
3197 4575 3574 4640 diaconorum,

274 4693 391 4731 rum
418 4677 492 4728 ad
525 4673 828 4729 Ursaeium.

344 4768 585 4838 Reliqua
628 4769 773 4823 enim
830 4768 1119 4824 manifeste
1160 4776 1291 4824 sunt
1342 4783 1499 4824 erasa
1524 4808 1540 4833 ,
1577 4769 1647 4823 ob
1672 4767 1871 4825 Bullini

278 4878 507 4923 nomen,
539 4870 601 4915 ut
631 4862 866 4915 videtur.
906 4860 1092 4917 Prima
1126 4861 1373 4930 epistola:
1407 4862 1704 4927 sententia,
1746 4871 1874 4914 utar

278 4954 445 5009 verbis
481 4952 615 5021 tibi,
658 4954 860 5023 frater,
910 4952 1051 5011 beati
1079 4954 1371 5024 martyris,
1414 4960 1539 5008 bene
1587 4954 1869 5018 admones,

276 5048 487 5103 Donate
527 5048 841 5101 charissime
866 5088 880 5111 ,
915 5045 973 5103 S.
1022 5045 1355 5119 Cyprianum
1403 5057 1551 5103 certe
1597 5047 1869 5118 intelligit,

280 5142 440 5212 cujus
473 5141 568 5195 illa
614 5142 779 5195 verba
814 5149 944 5195 sunt
998 5140 1054 5194 in
1102 5141 1260 5194 initio
1298 5140 1554 5196 secundae
1583 5140 1869 5209 epistolae:

282 5232 419 5287 Bene
467 5232 753 5295 admones,
788 5231 998 5284 Donate
1043 5231 1376 5284 charissime.
1410 5228 1637 5299 Bcliqua
1672 5230 1728 5284 in
1762 5244 1868 5285 ms.

282 5337 473 5382 nostro
524 5342 649 5381 cuin
703 5325 1008 5397 Bigotianis
1064 5340 1297 5395 prorsus
1344 5326 1718 5392 conveniunt,
1764 5326 1873 5380 nisi

283 5418 425 5488 quod
474 5434 574 5487 pro
612 5422 760 5472 breve
807 5417 993 5471 saltim
1034 5417 1250 5488 legatur
1289 5416 1430 5471 brevi
1472 5416 1649 5483 saltu,
1679 5429 1734 5473 et
1770 5433 1873 5487 pro

283 5512 387 5566 lace
436 5521 755 5581 perurgente
776 5550 791 5574 ,
830 5510 1005 5563 multo
1038 5510 1265 5575 rectius,
1298 5509 1409 5563 lure
1437 5521 1749 5581 perurgente
1783 5519 1872 5575 te;

287 5602 572 5661 Ursacium
604 5604 753 5658 enim
789 5602 1113 5672 alloquitur,
1144 5612 1205 5656 ut
1229 5602 1367 5658 bene
1390 5603 1703 5658 observavit
1725 5601 1874 5658 ﬂue-

286 5700 404 5769 tius.
442 5698 525 5753 Ex
567 5699 825 5753 versione
878 5698 1044 5769 igitur
1078 5697 1278 5752 Bullini
1312 5698 1428 5752 haec
1472 5694 1725 5768 Origenis
1766 5697 1873 5751 ha-

289 5804 513 5849 bentur:
550 5792 791 5847 Putasne
816 5793 909 5863 qui
942 5792 1239 5847 sacerdotio
1265 5792 1581 5863 funguntur,
1614 5800 1664 5845 et
1695 5790 1748 5845 in
1779 5807 1870 5851 sa-

351 5912 387 5949 ”
420 5910 611 5969 l'l'im.
642 5926 727 5977 ιιι,
754 5909 810 5969 2.

1983 4689 2042 4733 ut
2077 4678 2210 4733 mihi
2239 4676 2471 4741 videtur,
2504 4674 2743 4730 ordinem
2771 4678 3030 4727 memorat
3065 4668 3358 4727 astantium
3389 4665 3579 4719 divina

1975 4772 2298 4827 ministerio.
2353 4767 2420 4823 Et
2470 4768 2636 4838 paulo
2683 4774 2857 4838 post:
2914 4762 3045 4818 Haec
3095 4777 3218 4834 ergo
3263 4759 3441 4814 omnia
3476 4757 3569 4812 ubi

1975 4863 2105 4920 vidit
2157 4864 2214 4918 in
2247 4863 2404 4917 domo
2445 4861 2583 4931 regis
2629 4858 2875 4929 paciﬁci,
2920 4856 3027 4910 imo
3056 4850 3280 4908 Christi.
3326 4848 3407 4903 lta
3451 4857 3577 4907 tres

1975 4959 2206 5015 ordines
2244 4958 2300 5013 in
2334 4955 2580 5013 Ecclesia
2618 4952 2826 5008 Christi
2859 4950 2963 5006 sub
2997 4946 3183 5004 Veteri
3216 4944 3573 4999 Testamento

1976 5055 2359 5123 praeliguratos
2402 5052 2583 5107 docet.
2613 5049 2762 5103 Duos
2800 5054 3012 5100 tantum
3056 5038 3372 5094 Blondellus
3404 5035 3572 5099 vidit,

1975 5146 2120 5214 quod
2151 5145 2310 5200 sedes
2332 5152 2447 5198 tum
2473 5139 2808 5211 presbyteris
2841 5146 2956 5192 tum
2997 5131 3269 5203 episcopis
3315 5128 3566 5182 tribuan-

1977 5245 2089 5289 tur.
2116 5233 2192 5290 De
2224 5250 2332 5305 qua
2364 5248 2424 5287 re
2457 5231 2610 5286 alibi.
2642 5227 2867 5285 Interim
2902 5224 3158 5296 Origcnis
3200 5217 3470 5276 sententia
3501 5216 3576 5270 de

1975 5329 2196 5383 diverso
2226 5327 2400 5397 gradu
2425 5340 2641 5389 eorum,
2665 5322 2760 5393 qui
2797 5321 2852 5375 in
2888 5315 3165 5373 cathedris
3199 5310 3403 5382 populo
3430 5325 3571 5379 prae-

1976 5420 2248 5485 sidebant,
2275 5418 2411 5475 satis
2434 5426 2621 5487 aperta
2656 5425 2741 5470 est
2775 5429 2844 5468 ex
2875 5411 2944 5465 iis
2981 5423 3104 5478 quae
3138 5402 3366 5461 homilia
3397 5417 3452 5454 XI
3512 5401 3569 5457 in

1978 5512 2266 5567 Jeremiam
2305 5509 2531 5582 protuli,
2568 5507 2664 5562 ubi
2700 5506 2942 5575 seipsum
2966 5506 3221 5555 numerat
3242 5497 3384 5551 inter
3406 5491 3570 5550 xalle-v

1975 5604 2238 5676 ζομένους
2270 5605 2328 5657 ἐν
2356 5599 2785 5675 πρεσϐυτερείῳ,
2810 5606 2864 5651 et
2894 5602 3076 5649 tamen
3097 5586 3347 5661 agnoscit
3361 5584 3450 5638 τὺν
3469 5584 3569 5654 τὴν

1976 5698 2196 5753 πάντων
2211 5698 2245 5767 ὴ
2254 5695 2370 5767 μῶν
2386 5689 2867 5765 ὲγκεχειρισμένον
2881 5687 3055 5757 ἀρχήν
3075 5702 3088 5713 ·
3108 5682 3348 5749 alibique
3367 5677 3568 5733 distin-

1974 5790 2091 5865 guit
2122 5790 2264 5847 inter
2283 5782 2845 5857 ὲπισκοπικδνθρὸνον
2873 5788 2927 5836 et
2942 5770 3367 5854 πρεσϐυτερείου
3380 5767 3553 5845 τιμήν
