4078 6384
608 346 709 399 29.3
1216 296 1219 299 Ι
1632 356 1688 410 S.
1732 356 2076 413 IGNATIUS.
2114 388 2182 397 —
2238 355 2767 412 PROLECOMENA.

3764 364 3866 418 2⁵14

678 467 781 521 Sed
803 470 1106 528 Salmasius
1130 472 1180 527 id
1210 475 1262 529 in
1277 474 1509 548 Origene
1534 478 1849 549 vidit,quod
1870 480 2053 535 videre
2076 496 2184 533 non
2216 492 2262 546 Α
2292 476 2412 546 ipso
2445 478 2690 547 apostolo
2738 478 3051 545 derivasse;
3102 477 3393 551 Origenem
3442 481 3703 538 Demetrii
3739 500 3867 555 syn-

605 563 782 629 potuit
810 561 1155 633 Blondellus,
1207 583 1318 638 quo
1354 573 1550 640 probet
1597 589 1768 627 unum
1816 583 2025 628 tantum
2062 576 2179 643 epi-

602 656 751 722 scopi
797 667 850 710 et
896 660 1202 731 presbyteri
1248 665 1478 732 gradum
1523 666 1589 721 ab
1626 666 1754 733 illo,
1787 678 1847 721 ut
1883 677 1932 722 et
1984 685 2014 722 a
2055 668 2181 722 Cle-

602 763 818 816 mente,
864 753 1142 821 proditum
1174 774 1187 810 :
1224 755 1398 811 Unum
1445 761 1626 823 enim,
1660 762 1872 830 inquit,
1929 764 2181 834 σύστημα

601 844 871 908 agnoscit,
907 843 1002 899 hoc
1048 856 1157 915 est,
1192 850 1470 921 collegium
1512 853 1782 908 hominum
1822 857 1927 909 vita
1974 866 2180 924 specta-

600 942 775 986 torum
810 944 861 988 et
900 935 1169 1002 doctrina,
1204 958 1235 994 a
1269 959 1369 1011 quo
1401 944 1625 1014 singqu
1658 948 1890 1002 ecclesice
1920 948 2180 1019 guberna-

600 1023 817 1081 bantur.
837 1026 909 1082 Ut
935 1033 1261 1087 sententiam
1281 1032 1532 1106 Origenis
1556 1037 1623 1092 de
1641 1039 1742 1095 hnc
1759 1057 1868 1095 uno
1886 1050 2179 1111 systemate

598 1117 990 1185 gnbernatorio
1047 1127 1333 1192 ostendat,
1382 1128 1561 1183 locum
1624 1133 1769 1186 hunc
1815 1148 1880 1186 ex
1926 1134 2019 1188 lib.
2078 1150 2176 1188 vui

599 1205 799 1263 Contra
848 1210 1060 1267 Celsum
1092 1216 1468 1275 infelicissime
1514 1223 1766 1279 adducit:
1808 1225 1998 1295 Ἡμεῖς
2030 1227 2086 1279 δὲ
2119 1229 2177 1280 ἐν

597 1302 805 1375 ἑκάστῃ
833 1305 983 1358 πόλει
1011 1307 1138 1361 ἄλλο
1172 1310 1422 1382 σύστημα
1456 1316 1732 1386 πατρίδος,
1768 1318 1985 1371 κτισθὲν
2032 1320 2175 1392 λόγῳ

590 1393 731 1447 ’Θεοῦ
759 1398 1132 1469 ἐπιστάμενοι,
1164 1405 1289 1467 τοὺς
1312 1404 1571 1473 δυνατοὺς
1600 1409 1742 1481 λόγῳ
1773 1414 1865 1466 καὶ
1907 1413 2004 1484 βίῳ
2037 1415 2177 1483 ὑγιεῖ

596 1485 912 1555 χρωμένους
940 1494 1131 1561 ἄρχειν
1159 1493 1253 1545 ἐπὶ
1282 1495 1342 1548 τὸ
1364 1494 1552 1568 ἄρχειν
1584 1500 1893 1572 ἐκκλησιῶν
1926 1521 2176 1575 παρακα-

584 1572 815 1646 λοῦμεν.
838 1578 1008 1645 Quem
1045 1582 1121 1638 ita
1151 1586 1218 1639 ad
1245 1602 1405 1641 suum
1430 1594 1772 1659 propositum
1800 1595 1976 1663 primo
2004 1572 2173 1652 inter-

594 1676 878 1734 pretatur:
914 1670 1027 1725 Nos
1051 1692 1168 1729 vero
1195 1678 1248 1730 in
1280 1680 1505 1748 singulis
1530 1684 1833 1739 civitatibus
1872 1688 2023 1741 aliud
2054 1704 2172 1742 cor-

593 1773 713 1827 pus,
750 1760 864 1815 sive
901 1764 1177 1834 collegium
1210 1771 1400 1838 patria:
1426 1773 1575 1827 verbo
1604 1774 1702 1828 Dei
1740 1778 2041 1833 institutum
2070 1798 2168 1834 no-

2284 568 2576 634 chrouum,
2614 570 2868 624 eumdem
2905 572 3153 625 ordinem
3198 588 3266 628 ex
3291 575 3436 645 typis
3476 575 3768 645 legalibus,
3800 594 3864 631 ex

2283 659 2446 714 dictis
2501 659 2825 727 Salvatoris,
2879 678 2946 718 ex
2996 666 3281 735 praeceptis
3331 669 3650 737 apostolicis
3693 670 3868 723 dedu-

2283 754 2433 809 xisse
2460 796 2475 820 ,
2509 770 2610 810 nec
2641 771 2885 825 unquam
2934 774 3057 812 cum
3094 762 3473 831 presbyteratu
3520 762 3862 826 confudissc,

2283 849 2378 903 sed
2410 849 2719 920 episcopos,
2757 851 3107 921 presbyteros
3131 892 3146 917 ,
3176 854 3443 909 diaconos
3479 871 3695 925 semper
3736 872 3862 910 cum

2281 939 2490 1010 lgnatio
2534 958 2878 997 numerasse.
2919 942 2990 998 Ut
3035 954 3222 1015 postea
3256 945 3500 1004 Isidorus
3547 947 3862 1011 Pelusiota,

2279 1034 2563 1104 presbyter
2613 1033 2943 1105 Egyptius,
3000 1040 3312 1108 episcopum
3372 1040 3541 1093 τύπον
3589 1041 3683 1093 τοῦ
3728 1043 3865 1111 Χρι-

2281 1123 2408 1177 στοῦ
2447 1126 2683 1195 appellat
2729 1128 2825 1182 lib.
2863 1144 2910 1194 ι,
2946 1130 3107 1199 epist.
3154 1130 3255 1185 156
3278 1172 3294 1197 ,
3328 1132 3701 1202 episcopatum
3759 1135 3864 1205 τὴν

2277 1217 2371 1268 τοῦ
2404 1218 2661 1272 τοσούτου
2697 1219 2867 1289 ὕψους
2897 1222 3161 1277 ἀνάϐασιν
3181 1264 3195 1289 ,
3230 1225 3324 1279 lib.
3354 1241 3393 1291 t,
3425 1226 3586 1295 epist.
3628 1226 3729 1280 10!.
3759 1246 3776 1293 ;
3811 1236 3864 1282 et

2275 1306 2337 1361 τὸ
2385 1311 2484 1380 τῆς
2530 1312 2835 1384 ἐπισκοπῆς
2862 1316 2953 1367 καὶ
2995 1315 3166 1386 ὄνομα
3207 1318 3302 1370 καὶ
3343 1319 3576 1388 πρᾶγμα
3627 1318 3773 1372 θεῖον
3807 1323 3869 1377 ὃν

2276 1400 2369 1452 καὶ
2401 1404 2649 1472 κρεῖττον
2684 1404 2864 1473 πάσης
2898 1405 3172 1469 πολιτείας
3202 1423 3262 1458 τε
3295 1408 3389 1461 καὶ
3425 1408 3615 1474 ἀξίας,
3651 1409 3749 1466 lib.
3788 1426 3861 1476 tl,

2274 1492 2436 1561 epist.
2476 1493 2613 1558 125,
2636 1504 2689 1549 ct
2718 1512 2915 1550 nomen
2944 1506 2999 1550 et
3043 1512 3157 1551 rem
3200 1499 3372 1568 ipsam
3406 1500 3648 1555 divinam
3682 1518 3860 1570 agno-

2275 1585 2411 1650 scit,
2444 1597 2607 1655 prout
2652 1604 2682 1641 a
2718 1589 3094 1660 presbyteratu
3139 1592 3533 1663 distinguitur:
3566 1595 3679 1665 agit
3705 1596 3857 1649 enim

2274 1677 2342 1731 de
2385 1680 2739 1749 episcopatu,
2772 1698 2935 1752 quem
2976 1682 3174 1738 Hierax
3221 1686 3505 1756 presbyter
3559 1690 3854 1743 recusavit.

2276 1768 2402 1825 Ilaec
2436 1771 2603 1841 igitur
2627 1775 2877 1828 doctrina
2925 1774 2993 1829 de
3031 1776 3375 1831 institutione
3410 1780 3709 1848 apostolica
3740 1782 3858 1850 epi-

594 1853 761 1905 vimus
788 1854 1031 1911 doctrina
1058 1870 1106 1912 et
1155 1862 1261 1915 vita
1282 1881 1415 1917 sana
1456 1868 1715 1921 utentium
1761 1881 1918 1940 atque
1968 1873 2038 1926 ad
2088 1890 2171 1927 re-
2202 1850 2245 1911 B
2272 1878 2563 1932 εοοΡοΓυηι
2589 1880 2657 1917 ex
2686 1874 2869 1921 meme
2888 1866 3196 1935 ChriSllyde
3221 1872 3389 1939 8'3"“
3413 1886 3441 1924 ³
3476 1872 3855 1943 Ρνθδδῐίθτθίυ

591 1946 815 2012 gendum
842 1949 1173 2021 idoneorum,
1205 1973 1335 2026 quos
1382 1959 1667 2016 invitamus
1703 1964 1774 2016 ad
1797 1965 2171 2033 praefecturam

590 2040 931 2097 ecclesiarum
965 2050 1369 2115 capessendam.
1426 2053 1559 2108 Dein
1592 2056 1881 2123 observat,
1915 2075 2012 2129 per
2039 2060 2169 2117 illud

593 2130 846 2203 σύστημα
876 2136 932 2189 ἐν
970 2139 1177 2214 ἑκάστῃ
1211 2142 1362 2197 πόλει
1394 2146 1613 2201 κτισθὲν
1647 2147 1789 2221 λόγῳ
1820 2152 1955 2205 Θεοῦ
1990 2154 2166 2223 palam

587 2238 708 2277 esse
754 2240 879 2281 eum
929 2230 1230 2304 intelligere
1275 2240 1669 2311 presbyterium
1720 2244 1988 2315 cujusque
2026 2247 2161 2302 civi-

588 2318 714 2372 tatis
763 2335 791 2373 a
847 2319 957 2377 Deo
1000 2340 1098 2394 per
1146 2331 1427 2397 apostolos
1474 2334 1807 2389 institutum.
1863 2340 1981 2393 imo
2032 2355 2164 2396 vero

586 2405 764 2472 palam
799 2418 884 2463 est
913 2412 1029 2467 haec
1060 2417 1243 2471 omnia
1277 2435 1399 2474 esse
1429 2433 1699 2491 contorta,
1723 2437 1777 2481 et
1807 2428 2006 2483 misere
2038 2446 2165 2486 coa-

584 2504 669 2548 cta
697 2515 709 2550 :
754 2514 862 2552 non
895 2504 1041 2557 enim
1077 2506 1398 2576 simpliciter
1430 2511 1679 2584 σύστημα
1704 2517 1843 2572 dixit
1877 2518 2162 2590 Origenes,

583 2599 692 2638 non
714 2588 991 2659 collegium
1018 2593 1286 2651 hominum
1313 2601 1419 2654 vita
1445 2615 1797 2672 spectatorum
1826 2620 1877 2663 et
1896 2610 2160 2681 doctrina,

582 2690 615 2725 α
648 2691 750 2745 quo
775 2680 1003 2751 singula:
1041 2686 1274 2742 ecclesia:
1303 2691 1756 2764 gubernabantur,
1791 2711 1849 2754 ut
1878 2702 2003 2757 inde
2034 2680 2162 2774 pre?

581 2767 883 2839 sbyterium
919 2785 1177 2843 eruatur;
1215 2782 1309 2836 sed
1342 2783 1591 2857 σύστημα
1626 2792 1901 2863 πατρίδος,
1947 2805 2002 2850 et
2034 2767 2161 2866 qui-

579 2859 701 2957 dein
733 2861 880 2932 ἄλλο,
912 2866 966 2920 id
998 2878 1082 2923 est
1122 2875 1427 2946 συστήματι
1460 2882 1720 2953 πατρίδος
1741 2859 1895 2954 apud
1932 2859 2159 2957 gentiles

580 2950 637 3002 in
668 2953 857 3008 eadem
904 2957 1127 3014 civitate
1176 2967 1515 3033 oppositum.
1561 2950 1868 3045 Προτρέπει
1912 2950 1960 3031 δῖ
1992 2982 2141 3051 ἡμᾶς

578 3042 788 3137 Κέλσος
830 3048 924 3100 καὶ
974 3049 1067 3102 ἐπὶ
1096 3051 1155 3105 τὸ
1204 3054 1392 3127 ἄρχειν
1440 3060 1542 3131 τῆς
1593 3042 1871 3137 πατρίδος.
1905 3042 2046 3134 ρυεῆ

578 3131 924 3199 magistratus
956 3137 1010 3190 in
1042 3144 1223 3208 patria
1248 3149 1503 3217 gerendos
1530 3131 1779 3208 hortatur
1810 3175 1905 3211 nos
1925 3131 2115 3216 Celsus
2134 3179 2155 3217 :

575 3226 872 3291 respondet
924 3228 1226 3303 Origenes,
1295 3239 1643 3300 Christianos
1702 3250 1854 3303 aliud
1921 3264 2152 3323 systema

573 3318 767 3382 patrie
795 3334 1112 3394 agnoscere,
1144 3338 1199 3383 et
1231 3330 1286 3385 in
1339 3333 1434 3388 illo
1478 3346 1770 3407 systemate
1797 3318 2151 3416 magistratus

573 3421 793 3478 creare;
848 3414 1008 3483 plane
1056 3427 1117 3473 ut
1178 3423 1308 3477 alibi
1344 3426 1592 3496 loquitur
1629 3432 1696 3487 de
1739 3414 1997 3495 Ecclesiis
2031 3439 2147 3510 Dei,

572 3510 628 3555 ct
656 3504 908 3562 ecclesiis
949 3512 1139 3580 populi
1179 3514 1236 3569 in
1292 3519 1483 3574 eadem
1514 3510 1731 3582 civitate
1758 3568 1772 3592 ,
1826 3529 1893 3585 de
1930 3547 2039 3601 qua
2089 3504 2149 3590 re

572 3608 761 3664 supra.
795 3596 1102 3659 Salmasius
1156 3606 1366 3663 nullam
1402 3615 1733 3671 mentionem
1768 3618 1895 3675 facit
1925 3625 2145 3693 patriae,

569 3688 664 3741 sed
696 3695 966 3750 convertit
997 3695 1053 3749 in
1083 3709 1325 3769 systema
1357 3704 1747 3766 virorum'vita
1774 3726 2143 3784 spectatorum

568 3787 623 3834 et
655 3780 924 3853 doctrina,
961 3788 1123 3857 plane
1154 3802 1343 3848 contra
1379 3808 1614 3855 mentem
1638 3801 1910 3875 Origenis,
1943 3819 1998 3863 et
2025 3827 2147 3865 ver-

568 3872 765 3929 borum
806 3885 1296 3942 constructionem.
1344 3888 1423 3945 Tu
1485 3893 1560 3949 ita
1611 3907 1792 3955 vertas
1826 3920 1837 3955 :
1876 3901 1991 3956 Nos
2025 3921 2144 3959 vero

566 3965 623 4017 in
647 3983 959 4039 unaquaque
992 3976 1200 4034 civitate
1229 3983 1376 4038 aliud
1409 3997 1640 4056 systema
1682 3992 1795 4047 sive
1825 4008 2013 4049 coetum
2043 4013 2143 4065 pa-

568 4058 689 4111 triae
722 4062 872 4115 verbo
902 4064 1000 4120 Dei
1029 4070 1331 4129 institutum
1360 4093 1745 4149 cognoscentes,
1772 4096 2003 4152 potentes
2033 4106 2145 4142 ser-

568 4166 717 4205 mone
740 4162 791 4207 et
842 4158 948 4212 vita
1006 4179 1141 4216 sana
1172 4177 1375 4224 utentes
1426 4172 1495 4225 ad
1548 4176 1921 4244 pra'fecturam
1973 4182 2143 4235 eccle-

565 4243 769 4297 siarum
803 4248 1171 4311 adhortamur.
1209 4258 1370 4316 Prius
1400 4264 1619 4331 quidem
1648 4268 1836 4339 ἄρχειν
1865 4286 1989 4325 cum
2020 4289 2141 4328 ma-

565 4334 760 4393 nifeste
818 4345 1115 4415 παρέλκοι,
1176 4350 1231 4403 in
1286 4334 1753 4423 interpretatione
1804 4364 1989 4418 omisi.
2049 4365 2141 4421 Sic

564 4439 747 4485 autem
782 4437 967 4491 omnia
1002 4440 1149 4494 clara
1185 4453 1333 4509 sunt,
1370 4455 1424 4500 et
1446 4463 1540 4516 per
1572 4449 1703 4504 illud
1734 4451 1862 4506 ἄλλο
1888 4456 2139 4528 σύστημα

562 4524 818 4595 πατρίδος
862 4530 997 4584 nihil
1029 4534 1176 4587 aliud
1218 4535 1444 4609 intelligi

561 4614 819 4675 Ecclesia:
884 4627 1169 4693 gentilium
1225 4632 1461 4686 canibus
1513 4638 1818 4704 Oppositus.
1874 4641 2030 4707 Quod
2085 4653 2139 4700 et

560 4712 725 4766 verba
756 4729 879 4782 quas
910 4732 1038 4772 mox
1068 4735 1377 4791 sequuntur
1402 4726 1692 4782 manifeste
1722 4732 1959 4798 probant
1985 4752 1997 4788 :
2030 4737 2139 4790 Καὶ

559 4804 610 4855 εί
636 4804 892 4876 ἄρχουσιν
923 4810 973 4862 οί
1003 4812 1183 4876 καλῶς
1214 4814 1473 4885 ἄρχοντες
1506 4819 1563 4870 ὲν
1587 4822 1652 4891 τῇ
1694 4821 1986 4897 Ἐκκλησία
2033 4828 2138 4881 ὑπὸ

559 4896 661 4966 τῆς
694 4898 832 4953 κατὰ
875 4901 1006 4955 Θεὸν
1051 4906 1328 4976 πατρίδος,
1375 4907 1517 4976 λέγω
1548 4911 1642 4975 δὲ,
1675 4914 1775 4983 τῆς
1818 4916 2137 4990 Ἐκκλησίας

559 4985 934 5059 ἐκλεγόμενον
960 4991 1189 5063 ἄρχουσι
1236 4995 1378 5049 κατὰ
1406 4999 1473 5052 τὰ
1520 5001 1623 5053 ὑπὸ
1650 5002 1743 5055 τοῦ
1781 5004 1914 5059 Θεοῦ
1942 4985 2137 5079 προτε-

554 5076 825 5146 ταγμένα.
854 5078 931 5131 Ac
961 5081 1027 5146 si,
1046 5083 1137 5151 qui
1160 5084 1284 5137 bene
1314 5100 1550 5142 orcesunt
1597 5090 1868 5161 Ecclesiaz,
1899 5114 1930 5149 a
1955 5076 2135 5167 patria

554 5169 842 5222 secundum
878 5171 1082 5242 Deum,
1120 5176 1217 5230 hoc
1243 5190 1321 5233 est
1371 5180 1634 5253 Ecclesia,
1679 5187 1832 5243 electi
1873 5194 2128 5261 prtesint,

543 5259 705 5328 juxta
730 5268 1045 5336 prwscripta
1061 5269 1160 5324 Dei
1173 5280 1398 5345 ‘regunt.
1430 5278 1685 5350 Idemque
1720 5259 1957 5341 maxime
1994 5259 2129 5344 con;

556 5354 776 5409 firmant
819 5375 942 5428 qua:
992 5377 1059 5416 ex
1110 5366 1302 5421 eodem
1338 5368 1510 5440 Opere
1570 5373 1768 5430 Contra
1815 5379 2027 5435 Celsum
2062 5384 2130 5438 de

535 5447 786 5503 Ecclesia
826 5451 954 5521 Dei,
991 5465 1046 5510 et
1082 5460 1315 5517 ecclesia
1361 5466 1544 5535 populi
1594 5467 1649 5522 in
1682 5470 1872 5526 eadem
1911 5473 2130 5530 civitate

551 5546 680 5591 ante
711 5540 1061 5605 adduximus.

621 5629 701 5686 Ex
737 5634 822 5692 bis
852 5644 1200 5714 perspicuum
1231 5658 1317 5706 est
1337 5651 1671 5713 Clementem
1694 5658 2126 5718 Alexandrinum

548 5735 616 5775 ex
654 5722 853 5785 Schola
909 5731 1188 5809 Pantami,
1217 5752 1346 5798 ante
1392 5744 1730 5804 Demetrium
1785 5754 2124 5826 episcopum,

550 5817 898 5891 episcopatus
949 5832 1177 5898 gradum
1227 5838 1606 5909 presbyteratu
1664 5817 2003 5914 super-iorem
2055 5850 2123 5907 ab

2270 1955 2561 2023 distincto,
2612 1958 2816 2028 illoque
2866 1960 3285 2030 eminentiore,
3316 1963 3493 2033 deque
3539 1965 3855 2021 obedientia

2271 2047 2405 2116 ipsis
2460 2058 2722 2119 tanquam
2774 2049 3031 2107 Patribus
3087 2070 3115 2108 a
3160 2055 3380 2111 Christo
3427 2058 3745 2112 constitutis
3788 2059 3855 2113 ab

2269 2140 2524 2195 omnibus
2568 2146 2911 2212 priestanda,
2944 2162 2971 2200 a
3008 2146 3064 2201 S.
3122 2148 3329 2218 lgnatio
3370 2149 3440 2205 ad
3480 2153 3853 2220 quorumdam

2268 2228 2554 2287 hominum
2597 2235 2877 2303 fastidium
2910 2256 3073 2309 usque
3105 2244 3326 2310 repetita
3368 2253 3419 2296 et
3458 2243 3756 2310 inculcata,
3798 2246 3852 2299 in

2266 2321 2636 2379 Alexandrina
2690 2325 2932 2383 Ecclesia
2991 2329 3093 2386 fuit
3125 2334 3532 2402 receptissima,
3565 2336 3620 2389 in
3662 2338 3853 2393 schola

2266 2414 2601 2471 catechetica
2630 2418 2830 2472 eximia
2866 2421 3087 2490 quidem
3135 2424 3222 2477 illa
3258 2434 3312 2478 et
3356 2427 3599 2482 maxime
3636 2444 3850 2483 memo-

2264 2505 2426 2559 rabili
2453 2507 2522 2561 ab
2556 2507 2713 2565 initio
2744 2514 3056 2581 proposita,
3106 2532 3136 2570 a
3168 2516 3447 2573 Clemente
3481 2523 3735 2588 parcius,
3780 2526 3857 2581 ab

2263 2597 2503 2671 Origene
2534 2603 2601 2657 ad
2632 2607 2953 2661 eorumdem
2985 2611 3267 2665 hominum
3308 2613 3539 2669 fortasse
3562 2616 3848 2673 fastidium

2267 2693 2494 2761 repetita
2548 2705 2604 2749 et
2655 2697 2959 2767 inculcata;
3017 2701 3191 2758 forma
3233 2705 3396 2760 etiam
3447 2710 3733 2778 regiminis
3781 2715 3851 2765 ab

2263 2782 2471 2853 lgnatio
2521 2788 2575 2841 in
2624 2788 2884 2847 Asiaticis
2924 2794 3173 2851 ecclesiis
3221 2800 3380 2853 toties
3415 2800 3709 2856 decantata
3747 2804 3850 2858 fuit

2261 2876 2521 2932 onmihus
2577 2885 2826 2939 numeris
2874 2885 3218 2944 Alexandriae
3264 2903 3667 2960 repraesentata.
3733 2896 3849 2950 lmo

2259 2979 2369 3019 non
2415 2975 2627 3026 tantum
2671 2973 2951 3046 lgnatiana
2985 2977 3246 3037 Ecclesia:
3276 2981 3451 3038 forma
3484 2986 3553 3039 ab
3584 2984 3845 3055 Origene,

2256 3056 2620 3117 celeberrimo
2678 3066 3177 3126 Alexandrinorum
3256 3075 3562 3145 magistro,
3636 3081 3847 3148 ubique

2265 3154 2527 3219 tanquam
2549 3160 2918 3220 vetustissima
2943 3172 2995 3218 et
3019 3179 3048 3217 a
3076 3167 3294 3233 proavis
3344 3168 3570 3225 deducta
3596 3173 3853 3225 celebra-

2258 3248 2384 3307 tur;
2432 3246 2524 3299 sed
2555 3257 2609 3301 et
2647 3247 2839 3318 lgnatii
2873 3254 3118 3321 epistolae
3151 3257 3222 3310 ab
3262 3257 3383 3327 ipso
3408 3276 3663 3329 expresse
3709 3275 3845 3318 sunt

2252 3333 2452 3401 citatse,
2479 3345 2539 3391 ut
2565 3339 2672 3394 late
2696 3344 3060 3401 ostendimus.
3090 3346 3233 3402 Fieri
3271 3349 3457 3420 itaque
3488 3368 3594 3406 non
3628 3362 3844 3422 potest,

2252 3433 2312 3478 ut
2344 3440 2729 3496 argumentum
2767 3436 2990 3506 aliquod
3032 3438 3329 3508 formetur,
3364 3444 3509 3512 quod
3562 3443 3841 3515 lgnatium

2248 3520 2596 3587 epistolicum
2643 3526 3031 3585 Alexandrinis
3071 3532 3409 3604 incognitum
3455 3534 3627 3592 fuisse
3657 3555 3845 3609 usque

2248 3611 2316 3664 ad
2341 3611 2565 3671 Eusebii
2590 3628 2837 3688 tempora
2869 3620 3227 3680 demonstret.

2326 3734 2430 3788 Sed
2464 3734 2519 3788 id
2557 3738 2688 3791 satis
2722 3749 2965 3808 constat,
3013 3742 3192 3812 inquit
3222 3744 3307 3798 vir
3338 3745 3697 3803 doctissimus
3726 3790 3739 3812 ,
3773 3766 3842 3804 es;

2246 3828 2479 3897 quadam
2530 3830 2795 3900 singulari
2840 3832 2986 3885 illius
3043 3832 3299 3889 Ecclesia:
3344 3838 3630 3891 traditione
3674 3839 3843 3907 plane

2245 3921 2557 3990 penitusque
2593 3922 2949 3990 adversante;
2986 3942 3217 3996 eamque
3253 3929 3601 3985 traditionem
3640 3942 3839 4000 postea

2245 4028 2406 4067 usum
2432 4022 2609 4069 vocat.
2658 4014 2857 4069 Mirum
2885 4019 3104 4087 quidem
3139 4020 3183 4074 si
3230 4021 3429 4091 aliquis
3466 4038 3597 4077 usus
3621 4065 3635 4088 ,
3673 4023 3842 4093 isque

2244 4105 2574 4173 peculiaris,
2638 4107 3044 4165 demonstraret
3088 4114 3275 4167 omnia
3321 4131 3443 4184 quae
3495 4118 3563 4171 ab
3614 4115 3840 4188 lgnatio

2244 4196 2447 4265 scripta
2492 4198 2883 4268 perhibentur,
2940 4202 3112 4258 fuisse
3154 4205 3261 4260 illis
3289 4209 3545 4265 omnibus
3598 4226 3835 4279 prorsus

2242 4286 2548 4357 incognita,
2582 4293 2724 4362 apud
2755 4310 2895 4362 quos
2929 4311 3062 4351 usus
3093 4298 3182 4352 ille
3218 4298 3355 4354 forte
3385 4302 3644 4355 obtinuit.
3673 4304 3827 4368 Quid

2240 4380 2373 4433 mihi
2391 4383 2594 4451 profers
2625 4388 2780 4439 unius
2806 4386 2953 4441 urbis
2981 4391 3410 4446 consuetudinem
3432 4395 3456 4447 .’
3480 4395 3661 4449 aiebat
3691 4397 3829 4451 olim

2240 4468 2608 4544 Hieronymus
2644 4494 2656 4529 :
2689 4480 2984 4545 praesertim
3024 4482 3069 4535 si
3118 4484 3420 4553 cogitemus
3463 4492 3829 4543 consuetudi-

1496 4550 1708 4610 Ροῑθδῐν
1755 4560 1918 4614 quam
1956 4561 2137 4606 C(Blus
2168 4547 2212 4602 Ι)
2243 4577 2394 4629 nem,
2436 4564 2551 4619 sive
2599 4582 2754 4620 usum
2771 4570 2924 4622 illum
2943 4583 3011 4623 ex
3039 4585 3226 4624 eorum
3252 4578 3517 4629 sententia
3551 4579 3644 4646 qui
3692 4595 3829 4635 eum

2241 4654 2603 4719 tradiderunt,
2650 4657 2741 4711 diu
2792 4670 2919 4714 ante
2965 4660 3265 4732 lgnatium,
3308 4666 3376 4719 ab
3424 4667 3539 4737 ipsa
3584 4670 3829 4724 Alexan-

2239 4745 2412 4801 drinae
2451 4745 2709 4804 Ecclesia:
2763 4750 3084 4808 fundatione
3136 4768 3455 4827 usurpatum
3484 4801 3498 4824 ,
3537 4777 3701 4830 quam
3753 4765 3829 4817 ad

2237 4837 2623 4907 evangelistam
2676 4842 3132 4913 celeberrimum,
3175 4857 3229 4902 et
3277 4847 3333 4903 S.
3370 4848 3514 4904 Petri
3558 4853 3827 4908 comitem

2236 4928 2567 4986 referebant.
2630 4931 2890 4990 Poterant
2947 4952 3079 4993 sane
3126 4940 3480 4997 Alexandrini
3526 4954 3581 4999 et
3622 4948 3829 5016 lgnatii

2236 5021 2439 5091 scripta
2471 5024 2733 5094 recipere,
2757 5035 2811 5081 et
2845 5031 3176 5097 peculiarem
3209 5033 3446 5104 aliquem
3480 5052 3638 5091 usum
3671 5043 3825 5109 apud

2235 5114 2386 5183 ipsos
2421 5116 2489 5170 ab
2542 5118 2698 5173 initio
2731 5121 3091 5191 obtinentem,
3117 5126 3246 5181 licet
3290 5128 3399 5184 illis
3442 5128 3583 5186 forte
3624 5133 3829 5187 advero

2233 5217 2471 5273 santcm,
2506 5212 2761 5268 retinere.
2788 5211 2955 5285 quue
2980 5216 3160 5273 facere
3184 5234 3277 5275 eos
3305 5222 3547 5277 voluisse
3578 5224 3660 5278 vel
3695 5227 3829 5283 inde

2233 5300 2493 5357 credibile
2540 5313 2646 5370 est,
2698 5308 2845 5376 quod
2909 5324 3045 5364 usus
3093 5310 3180 5365 ille
3228 5314 3518 5381 peculiaris
3568 5316 3821 5383 dicitur,

2233 5391 2480 5464 adeoque
2510 5397 2739 5452 aliarum
2764 5402 3008 5456 omnium
3043 5405 3400 5461 ecclesiarum
3427 5412 3824 5468 consuetudini

2233 5484 2554 5541 adversans.
2595 5487 2777 5554 Quare
2826 5492 2973 5546 enim
3026 5510 3093 5549 ex
3151 5497 3267 5551 sola
3295 5497 3489 5569 lgnatii
3541 5506 3823 5561 sententia

2232 5576 2335 5631 sibi
2372 5579 2670 5649 patefacta,
2715 5598 2840 5638 eum
2892 5585 3303 5656 relinquerent,
3349 5607 3509 5662 quem
3547 5594 3823 5655 adversus

2230 5669 2578 5726 traditionem
2640 5675 2886 5730 omnium
2933 5679 3290 5736 ecclesiarum
3347 5684 3616 5741 hactenus
3677 5689 3819 5744 reti-

2231 5764 2631 5820 nuerant?Aut
2666 5768 2711 5822 si
2745 5770 2825 5824 vis
2863 5778 3010 5825 tanta
3044 5774 3354 5828 auctoritati
3379 5777 3675 5845 lgnatiana:
3719 5782 3817 5834 tri-

2231 5853 2443 5910 buenda
2481 5873 2599 5913 esse
2625 5858 2894 5931 videatur,
2931 5864 3102 5919 multo
3138 5865 3344 5923 rectius
3373 5882 3439 5923 ex
3473 5884 3576 5925 usu
3608 5869 3727 5931 tali.
3766 5872 3815 5926 si
