4078 6398
228 399 341 453 2‘23

985 399 1037 452 J.
1070 393 1437 451 PEARSONII
1479 394 1803 450 VlNDlClrE
1841 395 2265 454 lGNATlAl‘UE.
2295 431 2363 443 —
2398 400 2578 455 PARS
2614 402 2653 457 Ι.

3401 408 3508 462 223

229 518 362 585 quis
404 531 650 587 unquam
676 514 799 583 fuit,
824 516 1078 572 concludi
1115 516 1335 585 poterit,
1368 514 1634 585 lgnatium
1666 515 1818 569 illum
1851 523 1897 578 Α
1926 517 2248 588 Dionysium
2275 521 2330 574 in
2361 537 2504 575 more
2533 523 2628 575 illo
2657 524 3023 593 comprehendi
3058 526 3220 580 voluit
3244 525 3511 599 Hierony-

231 609 589 679 epistolicum
616 608 1005 663 Alexandrinis
1032 607 1201 662 fuisse
1233 609 1533 677 cognitum,
1567 608 1694 677 quia
1718 623 1828 661 non

233 701 330 757 diu
371 711 673 771 postquam
702 701 952 770 epistola:
985 701 1051 754 iis
1084 700 1342 754 videntur
1381 700 1668 767 evulgatze,
1696 714 1829 753 usus

234 792 327 847 ille
357 793 589 856 eviluit,
636 794 754 846 imo
799 792 1053 857 evanuit;
1086 807 1213 843 nam
1240 833 1254 855 ,
1291 798 1428 845 teste
1470 788 1828 860 Hieronymo,

234 885 459 938 duravit
510 884 898 938 tantummodo
934 883 1001 937 ad
1046 881 1354 940 lleraclam.
1391 882 1506 950 qui,
1542 881 1664 936 vivo
1701 880 1825 935 Ori-

235 992 373 1046 gene
399 985 457 1030 et
486 977 803 1037 scribente,
854 976 1033 1045 primo
1064 978 1206 1044 apud
1239 974 1643 1029 Alexandrinos
1675 973 1831 1044 lgna-

233 1070 516 1120 tiannmm
547 1077 712 1132 teste,
734 1066 912 1121 factus
938 1075 1021 1121 est
1051 1066 1366 1134 episcopus,
1398 1073 1450 1119 et
1476 1064 1824 1136 Dionysium,

230 1161 325 1228 qui
354 1156 588 1228 Origeni
619 1160 861 1213 maxime
900 1158 1137 1212 favebat.

305 1252 415 1305 Sed
447 1253 739 1306 videamus
764 1253 982 1305 tandem
1007 1250 1293 1320 qualisille
1325 1266 1458 1305 usus
1485 1248 1667 1311 fuerit,
1693 1265 1832 1318 quo-

227 1346 401 1398 modo
437 1345 659 1415 lgnatio
693 1345 1033 1411 adversans;
1059 1346 1206 1413 quali
1243 1345 1633 1413 consequentia
1668 1345 1829 1413 lgna-

225 1437 517 1489 tianorum
571 1435 849 1504 ignoratio
881 1436 1005 1488 inde
1037 1446 1330 1504 sequatur,
1358 1443 1413 1488 et
1443 1434 1570 1501 quid
1618 1435 1707 1487 illa
1761 1434 1829 1488 ad

224 1529 491 1598 generale
512 1528 799 1582 silentium
821 1538 946 1582 ante
960 1527 1253 1582 Eusebium
1271 1528 1455 1593 faciat,
1473 1527 1558 1581 cui
1579 1526 1831 1579 innititur

224 1636 442 1687 negans
467 1628 888 1689 argumentum.
915 1617 1060 1674 Usus
1085 1618 1175 1671 ille
1205 1619 1500 1688 peculiaris
1524 1618 1829 1672 secundum

222 1710 643 1781 Hieronymum
692 1711 855 1780 epist.
905 1710 1004 1775 85,
1058 1710 1149 1764 ubi
1178 1719 1370 1764 contra
1411 1726 1507 1765 eos
1554 1710 1827 1779 disputat,

217 1803 319 1873 qui
369 1802 659 1857 diaconos
708 1802 1041 1873 presbyteris
1095 1800 1508 1866 anteferebant,
1558 1800 1648 1854 hic
1696 1809 1825 1855 est:

1932 626 2079 673 mus,
2134 611 2312 680 inquit
2365 612 2487 680 ille;
2528 614 2752 670 ultimus
2804 617 2967 687 igitur
3018 619 3317 672 secundum
3380 635 3507 674 eum

1884 744 1887 751 ς
1933 715 2141 755 morem
2176 702 2355 758 factus
2388 713 2473 758 est
2506 706 2796 776 episc0pus
2826 707 3155 773 Demetrius,
3181 726 3325 767 anno
3353 712 3510 767 Com-

1934 793 2081 846 modi
2137 794 2221 857 lO,
2275 794 2491 849 Domini
2538 797 2661 851 190.
2721 799 2989 864 Quocirca
3039 801 3402 873 Hieronymus
3454 812 3510 857 et

1932 883 2234 955 Eutychius
2280 902 2389 941 non
2431 888 2620 944 leviter
2664 892 2731 946 de
2769 902 3011 962 tempore
3056 895 3367 964 discrepare
3418 896 3505 951 di-

1934 978 2090 1030 cendi
2122 987 2268 1035 sunt.
2302 979 2486 1050 Itaque
2520 992 2578 1036 ut
2615 983 2754 1038 hanc
2799 986 3034 1040 duorum
3069 990 3288 1042 testium
3327 989 3507 1044 disso-

1933 1069 2179 1121 nantiam
2229 1072 2472 1136 tolleret,
2508 1074 2701 1128 miram
2738 1076 3145 1132 distinctionem
3177 1081 3507 1151 exc0gitavit

1936 1157 2223 1226 Seldenus,
2259 1173 2311 1216 et
2345 1180 2469 1219 cum
2516 1176 2745 1235 uterque
2795 1169 2862 1222 de
2896 1169 3072 1235 iacto,
3126 1172 3243 1226 sive
3282 1174 3349 1226 de
3403 1190 3507 1227 usu

1934 1256 2311 1310 tantummodo
2345 1246 2622 1326 loquatur,
2652 1269 2705 1314 et
2736 1262 2994 1316 historice
3043 1278 3157 1317 rem
3192 1265 3334 1319 nude
3378 1282 3504 1319 nar-

1931 1357 2036 1413 rat,
2076 1349 2222 1401 Alter
2254 1349 2316 1402 de
2354 1351 2528 1419 facto,
2578 1351 2782 1420 inquit,
2825 1353 3060 1422 loquitur
3089 1356 3246 1407 simul
3285 1373 3347 1409 ac
3383 1357 3507 1425 jure

1932 1438 2035 1491 loci
2074 1441 2338 1510 simplici,
2395 1453 2675 1513 antequam
2697 1444 2807 1497 ulla
2842 1447 3053 1499 omnino
3087 1464 3213 1501 usus
3247 1458 3338 1501 aut
3376 1450 3508 1518 facti

1932 1534 2159 1585 mutatio
2184 1532 2259 1585 ibi
2301 1533 2758 1599 introduceretur;
2786 1536 2923 1592 alter
2947 1538 3010 1591 de
3028 1539 3153 1606 jure
3200 1541 3429 1609 simplici
3455 1554 3507 1598 et

1931 1623 2166 1677 instituti
2206 1626 2518 1682 mutatione.
2575 1625 2619 1681 0
2672 1627 2987 1696 praeclaram
3036 1638 3201 1699 atque
3251 1633 3506 1687 subtilem

1932 1715 2361 1783 distinctionem,
2396 1727 2451 1772 et
2498 1719 2715 1788 qualem
2769 1719 3007 1776 fortasse
3058 1722 3290 1779 diversis
3337 1723 3509 1780 Justi-

1933 1808 2273 1876 nianeijuris
2305 1810 2579 1878 periochis
2616 1812 2874 1880 adaptare
2914 1814 3160 1882 poteris:
3206 1815 3291 1870 his
3322 1826 3507 1871 autem

220 1893 373 1947 Nam
430 1905 483 1948 et
514 1894 869 1949 Alexandrite
900 1912 931 1948 a
974 1893 1159 1947 Marco
1186 1894 1537 1963 evangelista,
1564 1909 1727 1963 usque
1760 1894 1829 1946 ad
1862 1869 1903 1923 Β
1934 1899 2211 1954 historicis
2241 1902 2666 1957 narratiunculis
2698 1920 2976 1974 nunquam
3004 1907 3275 1975 quadrare
3318 1918 3507 1964 osten-

222 1986 529 2041 Heraclam
559 1997 614 2040 et
650 1986 973 2056 Dionysium
1001 1987 1289 2054 episcopos,
1320 1985 1608 2054 presbyteri
1633 2000 1831 2052 semper

220 2097 387 2133 unum
418 2095 489 2133 ea:
539 2096 601 2133 se
641 2080 869 2132 electum
900 2080 955 2132 in
984 2078 1261 2132 excelsiori
1302 2078 1474 2148 gradu
1500 2077 1829 2130 collocatum

217 2174 535 2239 episcepum
586 2169 980 2236 nominabant;
1004 2170 1264 2240 quomodo
1289 2170 1336 2222 si
1370 2170 1633 2223 exercitus
1664 2170 1832 2238 impe-

220 2275 461 2318 ratorem
490 2264 695 2333 faciat,
730 2272 823 2315 aut
854 2263 1064 2316 diaconi
1096 2262 1379 2333 eligantde
1410 2278 1483 2327 se,
1500 2278 1649 2331 quem
1672 2262 1831 2314 indu-

220 2357 417 2409 strium
453 2358 731 2420 noverint,
751 2364 800 2409 et
838 2356 1273 2409 arrhidiaconum
1296 2363 1494 2408 vocent.
1516 2353 1828 2409 Secundum

221 2457 404 2501 autem
440 2446 787 2517 Entychium
828 2446 1148 2517 huiusmodi
1191 2455 1311 2501 est:
1346 2446 1639 2501 Constituit
1672 2462 1829 2499 evan-

222 2540 416 2611 gelista
450 2538 683 2592 Marcus
717 2555 825 2592 una
865 2554 985 2591 cum
1015 2538 1225 2592 Anania
1275 2538 1586 2607 patriarcha
1630 2537 1830 2591 duode-

220 2634 325 2685 cim
352 2631 725 2702 presbyteros,
746 2632 837 2700 qui
866 2647 1048 2700 nempe
1071 2648 1188 2684 cum
1204 2632 1510 2701 patriarcha
1534 2639 1826 2695 manerent,

224 2726 355 2778 adeo
394 2734 456 2777 ut
494 2741 623 2778 cum
654 2732 867 2777 vacaret
896 2724 1315 2793 patriarchatus,
1342 2740 1504 2777 unum
1535 2741 1562 2777 e
1593 2724 1661 2777 12
1712 2739 1830 2789 pre-

224 2816 452 2885 sbyteris
476 2816 761 2885 eligerent,
787 2815 938 2883 cujus
968 2816 1128 2882 capiti
1162 2815 1350 2884 reliqui
1372 2816 1611 2868 undecim
1640 2831 1827 2867 manus

227 2907 562 2974 impatientes
613 2907 720 2974 ipsi
753 2906 1147 2970 benedicerent,
1188 2917 1237 2960 et
1277 2908 1639 2975 patriarcham
1680 2924 1823 2961 crea-

226 3009 367 3060 rent,
402 2999 606 3052 deinde
634 3000 808 3051 virum
835 2998 1065 3067 aliquem
1097 3000 1352 3068 insignem
1377 2999 1649 3069 eligerent,
1676 3015 1829 3069 quem

224 3109 401 3145 secum
438 3090 817 3161 presbyterum
846 3092 1242 3154 constituerent,
1261 3090 1374 3142 loco
1404 3091 1516 3159 ejus
1543 3092 1633 3161 qui
1655 3092 1828 3160 factus

221 3195 301 3237 est
344 3186 703 3252 patriarcha,
748 3192 807 3237 ut
843 3185 924 3237 ita
975 3199 1176 3253 semper
1217 3194 1485 3238 exstarent
1526 3184 1823 3237 duodecim.
1854 3216 1899 3276 ο

225 3274 416 3347 Neque
437 3276 605 3330 desiit
635 3276 980 3330 Alexandriw
1005 3277 1311 3329 institutum
1336 3280 1432 3328 hoc
1455 3276 1518 3329 de
1556 3276 1826 3345 presbyte-

225 3369 327 3432 ris,
376 3376 437 3419 ut
490 3366 700 3420 scilicet
744 3366 1081 3434 patriarchas
1128 3376 1364 3421 crearent
1404 3381 1470 3420 ea:
1508 3367 1826 3436 presbyteris

226 3459 328 3525 12,
354 3474 523 3529 usque
555 3459 628 3511 ad
662 3467 900 3527 tempora
924 3458 1217 3512 Alexandri
1242 3457 1562 3529 patriarchae
1588 3459 1826 3513 Alcman--

219 3552 410 3615 drini,
442 3552 539 3621 qui
572 3551 679 3619 fuit
737 3565 802 3603 ea:
845 3567 1062 3604 numero
1102 3550 1199 3604 illo
1239 3565 1495 3606 CCCXVIII.
1546 3550 1660 3606 Hos
1712 3556 1826 3606 vult

225 3643 468 3697 Dallzeus
515 3645 573 3697 in
602 3659 818 3697 summa
850 3645 926 3698 rei
959 3645 1290 3708 consentire,
1323 3645 1389 3699 de
1415 3654 1657 3714 tempore
1691 3643 1822 3697 levi-

224 3747 314 3792 ter
341 3738 685 3808 discrepare.
734 3736 889 3802 Quod
930 3740 1070 3792 enim
1098 3740 1426 3802 institutum,
1465 3738 1663 3808 inquit,
1698 3736 1826 3792 Ilie-

221 3845 487 3901 ronymus
531 3832 603 3884 ad
627 3830 974 3900 Dionysium,
998 3833 1034 3885 i.
1068 3848 1116 3886 e.
1148 3834 1213 3885 ad
1274 3843 1327 3885 a.
1360 3831 1420 3884 Ι).
1446 3832 1573 3898 264,
1605 3832 1825 3886 durasse

215 3922 381 3988 dicit,
424 3926 485 3976 id
518 3923 818 3993 Eutychius
866 3923 934 3975 ad
962 3924 1345 3988 Alexandrum,
1379 3925 1417 3979 i.
1452 3939 1502 3979 e.
1536 3925 1604 3978 ad
1669 3939 1725 3978 a.
1757 3924 1822 3981 D.

217 4017 450 4071 circiter
484 4016 593 4071 508
612 4056 626 4080 ,
660 4032 1015 4084 perseverasse
1040 4016 1171 4070 vult.

297 4108 510 4165 Verum
562 4110 700 4163 mihi
744 4126 857 4165 non
901 4111 1038 4165 adeo
1084 4110 1219 4165 levis
1261 4110 1623 4178 discrepantia
1673 4110 1824 4164 vide-

215 4212 310 4255 tur
340 4220 355 4255 :
383 4216 516 4255 cum
549 4201 701 4255 enim
734 4200 1099 4271 Hieronymus
1135 4216 1345 4257 morem
1376 4218 1503 4257 eum
1535 4217 1711 4272 usque
1750 4202 1819 4256 ad

220 4292 522 4347 Heraclam
552 4302 609 4347 et
658 4292 979 4364 Dionysium
1021 4293 1253 4348 durasse
1294 4294 1467 4360 dicit,
1518 4303 1609 4348 aut
1653 4294 1821 4348 dura-

218 4386 433 4439 tionem
464 4395 731 4453 tanquam
764 4386 1028 4441 incertam
1078 4386 1264 4449 tradit,
1301 4396 1398 4440 aut
1436 4396 1581 4441 certe
1615 4388 1821 4441 indicat

218 4474 519 4529 Heraclam
568 4474 742 4529 fuisse
788 4475 1042 4529 ultimum
1078 4476 1173 4544 qui
1226 4474 1445 4544 priori,
1496 4472 1817 4544 Dionysium

1931 1991 2107 2045 deris!
2146 1990 2389 2046 Priorem
2426 2003 2635 2063 partem
2670 1993 3003 2066 Hieronymo
3049 2000 3326 2068 assignat;
3380 2017 3506 2056 eum

1934 2084 2048 2137 vult
2084 2094 2198 2138 tum
2224 2086 2291 2139 de
2326 2084 2489 2150 facto,
2521 2096 2635 2140 tum
2671 2086 2738 2140 de
2782 2087 2906 2157 jure
2938 2089 3041 2143 loci
3074 2090 3306 2160 simplici
3333 2094 3508 2149 disse-

1931 2190 2087 2242 rere,
2115 2192 2239 2230 cum
2277 2176 2400 2242 ille,
2434 2178 2581 2231 nulla
2631 2180 2856 2232 omnino
2886 2179 2952 2233 de
2988 2180 3112 2249 jure
3158 2180 3303 2236 facta
3348 2200 3507 2237 meno.

1935 2266 2099 2330 tione,
2131 2267 2197 2321 de
2234 2266 2379 2322 facto
2406 2269 2787 2322 tantummodo
2813 2270 3087 2339 loquatur,
3119 2273 3361 2343 illudque
3395 2285 3507 2329 tam

1931 2359 2170 2413 breviter
2204 2368 2424 2429 tamque
2475 2360 2711 2416 obseure
2765 2361 2976 2425 tradat,
3011 2372 3070 2416 ut
3110 2364 3199 2417 vix
3247 2366 3378 2433 quid
3414 2383 3510 2419 vo-

1931 2450 2095 2505 luerit
2128 2452 2416 2521 intelligas.
2466 2452 2768 2523 Presbyteri
2799 2470 2959 2507 unum
3003 2470 3068 2508 ex
3103 2472 3157 2509 se
3198 2455 3419 2510 electum
3454 2459 3510 2511 in

1929 2544 2206 2597 excelsiori
2247 2545 2419 2614 gradu
2448 2545 2765 2598 collocatum
2793 2547 3094 2615 episcopum
3125 2548 3508 2612 nominabant;

1930 2650 2041 2703 quo
2062 2636 2205 2704 jure,
2236 2652 2413 2705 quave
2437 2637 2633 2705 injuria
2661 2638 2763 2691 hoc
2795 2636 2996 2692 factum
3022 2640 3113 2701 sit.
3140 2638 3508 2711 Hieronymus

1933 2742 2040 2779 non
2076 2728 2245 2795 dicit;
2299 2730 2410 2781 imo
2462 2728 2593 2797 quid
2626 2728 2775 2783 aliud
2833 2728 3095 2797 fecerint,
3149 2747 3313 2800 quam
3359 2733 3508 2801 quod

1930 2819 2249 2888 episcopum
2294 2821 2669 2885 nominarint,
2723 2837 2833 2876 non
2875 2823 3053 2877 docet.
3103 2822 3233 2877 Vult
3284 2825 3505 2893 quidem

1933 2905 2201 2964 Seldenus
2253 2924 2318 2963 ex
2352 2910 2532 2964 verbis
2582 2908 2900 2982 Hieronymi
2931 2912 3113 2984 colligi
3163 2914 3361 2969 debere
3414 2931 3511 2985 pa-

1931 2999 2227 3054 triarcham
2254 3016 2282 3055 a
2308 3002 2641 3072 presbyteris
2656 3003 2887 3057 electum
2911 3012 2965 3058 et
2981 3006 3293 3060 ordinatum
3314 3006 3510 3074 fuisSe,

1930 3106 2055 3145 cum
2101 3090 2465 3164 Hieronymus
2514 3103 2772 3149 neutrum
2824 3095 3037 3150 doceat.
3100 3096 3242 3152 Dicit
3284 3098 3508 3167 quidem

1931 3182 2251 3253 episc0pum
2284 3200 2348 3239 ex
2386 3186 2717 3257 presbyteris
2770 3185 3034 3253 electum,
3078 3203 3108 3242 a
3151 3190 3507 3260 presbyteris,

1931 3288 2040 3329 non
2076 3276 2271 3342 docet;
2321 3278 2499 3346 potuit
2549 3288 2730 3333 autem
2774 3296 2842 3335 ex
2890 3280 3223 3351 presbyteris
3270 3281 3339 3336 ab
3389 3283 3511 3337 aliis

1929 3367 2076 3437 eligi,
2105 3368 2189 3422 vel
2221 3382 2252 3422 a
2298 3370 2520 3439 populo,
2557 3371 2641 3424 vel
2678 3371 2745 3425 ab
2777 3372 3055 3441 episcopis
3091 3372 3249 3438 aliis;
3285 3382 3339 3427 et
3378 3389 3512 3428 sane

1929 3459 2182 3514 videntur
2205 3459 2274 3513 ab
2300 3460 2700 3530 antiquissimis
2728 3464 3065 3531 temporibus
3095 3480 3125 3518 a
3159 3465 3361 3533 pepulo
3380 3465 3510 3536 eligi

1926 3549 2271 3605 Alexandria:
2303 3551 2565 3622 episcopi.
2606 3553 2775 3623 quue
2824 3570 2889 3609 ex
2943 3555 3169 3624 antiqua
3204 3568 3508 3611 consuetu-

1925 3643 2053 3696 dine
2096 3643 2164 3698 ab
2200 3642 2510 3713 Epiphanio
2565 3645 2852 3701 observata
2900 3647 3084 3717 colligi
3128 3648 3354 3702 meliore
3382 3649 3509 3717 jure

1926 3740 2107 3802 potest
2132 3750 2147 3799 ;
2187 3733 2346 3801 cujus
2377 3734 2493 3788 haec
2524 3735 2688 3789 verba
2720 3745 2847 3789 sunt
2883 3736 3081 3792 haeresi
3112 3734 3180 3789 69
3211 3752 3224 3786 :
3264 3735 3423 3798 Ἔθος
3450 3736 3508 3789 δὲ

1923 3826 1983 3879 ὲν
2018 3826 2391 3898 Ἀλεξανδρείᾳ
2421 3827 2495 3898 μὴ
2516 3828 2783 3899 χρονίζειν
2819 3828 2958 3898 μετὰ
2988 3828 3246 3898 τελευτὴν
3282 3828 3507 3881 ἐπισκό-

1925 3936 2029 3973 που
2058 3921 2184 3982 τοὺς
2212 3919 2664 3990 καθισταμένους,
2698 3920 2812 3973 ἀλλ’
2850 3919 2966 3990 ἅμα
3009 3919 3250 3988 γίνεσθαι
3283 3921 3507 3991 εἰρήνης

1922 4008 2103 4070 ἕνεκα,
2127 4008 2221 4061 τοῦ
2252 4010 2325 4080 μὴ
2361 4008 2702 4079 παρατριϐὰς
2724 4008 2971 4076 γίνεσθαι
3002 4009 3058 4060 ὲν
3079 4011 3189 4070 τοῖς
3207 4007 3373 4071 λαοῖς,
3396 4008 3506 4059 τῶν

1926 4099 2024 4169 μὲν
2052 4099 2201 4152 τόνδε
2232 4098 2514 4163 θελόντων,
2543 4100 2651 4152 τῶν
2678 4100 2734 4152 δὲ
2757 4099 2926 4152 τόνδε.
2951 4099 3295 4154 Alexandria?
3327 4110 3507 4153 autem

1922 4192 2241 4245 consuetudo
2287 4200 2386 4250 est,
2426 4200 2481 4244 ut
2526 4201 2646 4260 post
2695 4193 2923 4260 episcopi
2976 4201 3197 4245 mortem
3232 4206 3505 4245 successor

1922 4298 2024 4335 non
2067 4283 2270 4336 diutius
2315 4282 2631 4351 di/feratur,
2679 4283 2769 4336 sed
2804 4282 3025 4337 subinde
3050 4322 3065 4347 ,
3106 4284 3253 4348 pacis
3293 4285 3503 4337 tuenda:

1920 4374 2117 4444 gratia.
2163 4373 2475 4444 subrogatur
2494 4414 2508 4435 .
2538 4391 2600 4427 ne
2627 4375 2751 4428 aliis
2780 4375 2939 4436 hunc,
2960 4374 3082 4428 aliis
3113 4374 3266 4427 illum
3313 4385 3501 4442 postu-

1920 4465 2182 4529 lantibus,
2222 4466 2277 4519 in
2294 4466 2485 4535 populo
2504 4466 2689 4535 jurgia
2720 4477 2767 4519 et
2784 4468 3143 4520 contentiones
3158 4467 3497 4524 exsisterent.

220 4579 408 4623 autem
446 4568 693 4637 primum
719 4566 813 4636 qui
850 4566 959 4621 alio
986 4581 1140 4623 more
1182 4564 1361 4620 factus
1391 4572 1477 4621 est
1498 4565 1813 4634 episcopus.
1852 4570 1893 4624 ι)
1987 4558 2115 4614 Haec
2159 4566 2341 4612 autem
2389 4558 2733 4612 consuetudo
2774 4557 3034 4626 supponit
3075 4559 3340 4627 populum
3369 4558 3500 4612 Ale-

219 4657 514 4723 Heraclas,
538 4658 841 4713 secundum
864 4656 1183 4723 Eusebium,
1209 4657 1501 4711 undecimo
1521 4657 1816 4711 Alexandri

218 4767 370 4806 anno
404 4758 632 4807 creatus
659 4758 744 4805 est
764 4750 1060 4819 episcopus
1102 4748 1534 4816 Alexandrinus,
1570 4749 1677 4804 hoc
1709 4757 1813 4815 est,

217 4848 283 4900 Δ.
318 4844 381 4898 D.
418 4843 554 4898 252.
592 4843 665 4897 At
696 4841 996 4913 Eutychius
1030 4842 1401 4897 Alexandrum
1434 4841 1812 4910 patriarcham

216 4938 468 4993 vetuisse
499 4936 691 5000 tradit,
724 4952 794 4991 ne
820 4935 1080 5004 deinceps
1110 4935 1483 5004 patriarcham
1511 4932 1815 5004 presbyteri

215 5038 515 5096 crearent;
548 5027 762 5098 primus
817 5026 985 5097 igitur
1032 5026 1124 5096 qui
1176 5027 1286 5080 alio
1318 5040 1471 5081 more
1516 5024 1694 5080 factus
1733 5032 1817 5079 est

213 5118 576 5174 Alexandria
608 5118 936 5187 episcopus,
974 5118 1274 5173 secundum
1309 5116 1639 5189 Eutychium
1663 5159 1678 5183 ,
1711 5114 1815 5170 fuit

215 5210 525 5264 Alexandri
555 5223 845 5264 successor
863 5207 1223 5271 Athanasius,
1252 5208 1347 5276 qui
1368 5206 1434 5260 A.
1456 5204 1517 5260 D.
1542 5205 1668 5272 526,
1692 5214 1815 5275 post

212 5303 519 5357 concnium
550 5298 832 5356 Nicaenum
875 5309 1093 5355 creatus
1124 5307 1224 5354 est.
1262 5297 1411 5353 Inter
1463 5298 1628 5365 igitur
1659 5313 1815 5353 crea-

216 5398 429 5451 tionem
462 5393 709 5450 Heraclea
730 5434 746 5459 ,
775 5394 871 5464 qui
917 5392 1145 5447 ultimus
1177 5407 1207 5445 a
1253 5390 1586 5462 presbyteris
1633 5388 1811 5444 factus

216 5497 324 5553 est,
342 5497 571 5542 auctore
584 5485 941 5557 Hieronymo,
956 5494 1011 5538 et
1030 5484 1500 5539 consecrationem
1520 5481 1810 5537 Athanasii

216 5580 313 5649 qui
357 5580 574 5649 primus
604 5579 673 5633 ab
719 5575 998 5648 episcopis
1042 5584 1400 5630 consecratus
1440 5584 1546 5641 est,
1581 5584 1809 5627 auctore

216 5670 517 5744 Eutycbio,
552 5672 683 5726 anni
730 5670 903 5726 l'erme
935 5676 1153 5723 centum
1187 5678 1335 5723 sunt.
1370 5670 1492 5722 lmo
1539 5667 1806 5736 majorem

215 5762 649 5832 discrepantiam
676 5760 767 5816 hic
800 5758 1049 5831 agnoscit
1079 5758 1369 5825 Seldenus,
1403 5758 1615 5828 primus
1646 5758 1808 5827 hujus

216 5855 531 5925 argumenti
578 5854 963 5910 architectus:
1018 5849 1129 5906 Nec
1181 5853 1320 5907 enim
1374 5850 1665 5907 lleraclam
1717 5866 1807 5905 nec

1918 4651 2181 4717 xandrite,
2212 4660 2273 4704 ut
2304 4650 2359 4703 in
2387 4649 2510 4703 aliis
2540 4648 2814 4715 ecclesiis,
2848 4664 2978 4703 suas
3010 4649 3064 4702 in
3094 4648 3347 4718 eligendo
3383 4650 3501 4718 epi-

1917 4758 2083 4814 scopo
2118 4743 2424 4813 antiquitus
2454 4754 2634 4813 partes
2676 4742 2955 4797 habuisse.
2983 4740 3145 4795 Certe
3177 4740 3496 4808 Eusebiani,

1914 4837 2010 4906 qui
2057 4836 2390 4892 creationem
2443 4835 2501 4889 S.
2546 4834 2832 4888 Athanasii
2867 4834 3133 4902 abrogare
3182 4833 3496 4899 voluerunt,

1913 4929 2187 4984 defectum
2237 4926 2522 4997 popularis
2573 4926 2858 4981 electionis
2902 4924 3269 4994 objiciebant,
3301 4934 3355 4979 et
3381 4926 3500 4994 epi-

1915 5020 2069 5090 scopi
2107 5018 2364 5090 Egypti,
2409 5019 2465 5072 in
2512 5017 2722 5089 synodo
2769 5015 3118 5086 congregati,
3148 5016 3379 5085 epistola
3427 5017 3497 5070 ad

1914 5127 2107 5169 omnes
2158 5111 2414 5167 Ecclesiae
2457 5110 2743 5165 catholicae
2792 5108 3078 5178 episcopos
3113 5107 3314 5175 scripta
3364 5122 3497 5161 cnn-

1914 5205 2143 5260 trarium
2192 5219 2390 5275 magna
2441 5202 2611 5257 animi
2657 5200 3008 5257 contentione
3047 5207 3402 5254 asseruerunt
3440 5208 3495 5253 et

1913 5297 2093 5354 testati
2136 5305 2295 5362 sunt,
2325 5297 2407 5349 ὂτι
2438 5296 2495 5348 δὲ
2527 5296 2636 5348 πᾶν
2682 5294 2744 5346 τὸ
2789 5292 2994 5363 πλῆθος
3033 5292 3130 5345 καὶ
3172 5293 3280 5355 πᾶς
3310 5293 3340 5345 ὁ
3368 5290 3495 5356 λαὸς

1910 5390 2010 5461 τῆς
2050 5388 2344 5458 καθολικῆς
2390 5384 2742 5456 Ἐκκλησίας,
2790 5382 2981 5454 ὥσπερ
3027 5383 3091 5435 ὲκ
3139 5382 3267 5451 μιᾶς
3314 5381 3494 5451 ψυχῆς

1910 5481 2005 5534 καὶ
2049 5478 2299 5550 σώματος
2346 5473 2760 5544 συνεληλυθότες
2805 5470 3063 5534 ἀνεϐόων,
3112 5468 3374 5540 ἔκραζον,
3406 5471 3493 5522 ai—

1908 5571 2127 5634 τοῦντες
2170 5569 2483 5623 Ἀθανάσιον
2534 5565 2834 5618 ἐπίσκοπον
2880 5560 3282 5633 τῇἘκκλησίᾳ.
3337 5560 3491 5624 Quod

1911 5664 2079 5718 omnis
2123 5661 2446 5723 multitudo,
2492 5658 2765 5726 omnisque
2808 5656 3032 5724 populus
3078 5651 3351 5707 catholica:
3385 5650 3490 5704 Ec-

1910 5757 2103 5818 clesite,
2132 5764 2380 5823 tanquam
2407 5765 2471 5805 ea:
2514 5766 2623 5803 una
2651 5749 2831 5803 anima
2858 5758 2908 5801 et
2938 5762 3153 5817 corpore
3189 5744 3493 5815 congregati

1913 5845 2229 5903 clamoribus
2266 5843 2832 5913 vociferationibusque
2877 5839 3213 5910 postularunt
3242 5837 3489 5893 Athana-
