4078 6384
618 400 721 453 227

1619 396 1677 451 S.
1716 394 2062 452 lGNATlUS.
2101 422 2170 434 —-
2208 394 2739 453 PROLEGOMLNA.

3768 402 3868 455 2‘28

619 522 759 574 sium
799 518 1051 573 Ecclesia!
1099 518 1395 587 episcopum
1442 519 1598 583 duri;
1627 517 1774 587 quod
1807 533 1981 587 neque
2016 517 2069 569 hi
2101 532 2198 569 ne-
2224 529 2272 583 Α
2306 517 2644 583 Ileracleani,
2678 531 2751 572 tot
2778 536 2992 573 numero
3026 521 3258 579 instituti
3277 530 3420 585 sunt,
3470 522 3581 574 sine
3615 523 3870 590 episcopis

618 630 727 683 que
764 612 842 666 illl
896 610 1187 674 fecissent,
1223 609 1268 663 si
1318 609 1502 679 populi
1556 608 1814 678 suﬂ‘ragia
1864 610 1916 661 iu
1947 608 2196 677 eligendo

618 705 874 773 episcopo
908 703 1215 771 antiquitus
1256 702 1436 754 locum
1466 701 1673 753 nullum
1716 700 2055 753 habuissent.
2082 697 2196 752 lmo

619 794 915 865 Gregorius
960 793 1340 847 Nazianzenus
1390 801 1529 846 orat.
1578 791 1641 845 9.1
1692 792 1831 845 hanc
1876 791 2194 845 electionem

620 902 728 941 non
776 886 1082 955 prioribus,
1116 885 1207 938 sed
1241 884 1640 953 posterioribus
1683 884 1940 952 opponit,
1966 898 2197 951 eamque

619 977 971 1045 apostolicam
1023 976 1275 1044 appellat.
1314 974 1470 1027 Οὕτω
1512 974 1610 1044 μὲν
1642 969 1735 1026 οὖν
1768 974 1861 1027 καὶ
1893 974 1979 1027 διὰ
2001 973 2194 1036 ταῦτα,

616 1067 781 1138 ψήφῳ
826 1067 919 1119 τοῦ
964 1067 1091 1118 λαοῦ
1127 1066 1327 1128 παντὸς
1350 1104 1365 1128 ,
1400 1067 1461 1117 οὐ
1488 1064 1630 1117 κατὰ
1668 1065 1759 1117 τὸν
1793 1064 2016 1135 ὕστερον
2044 1068 2197 1137 νική-

619 1176 786 1211 σαντα
822 1158 1120 1229 πονηρὸνθ,
1149 1157 1269 1210 οὐδὲ
1314 1157 1549 1225 φονικῶς
1594 1174 1654 1209 τε
1705 1158 1799 1210 καὶ
1839 1160 2193 1229 τυραννικῶς,

614 1252 730 1305 ἀλλ’
753 1250 1122 1313 ἀποπολικῶς
1160 1267 1219 1302 τε
1260 1249 1354 1301 καὶ
1387 1248 1771 1319 πνευματικῶς
1797 1250 1889 1301 ἐπὶ
1923 1250 2014 1302 τὸν
2041 1251 2197 1322 Μάρ-

617 1361 717 1396 κου
747 1342 934 1413 θρόνον
984 1342 1261 1409 ἀνάγεται.
1302 1338 1391 1393 Sic
1423 1340 1609 1409 igitur,
1656 1353 1811 1409 atque
1840 1340 1900 1393 ob
1938 1357 2025 1393 eas
2066 1358 2195 1394 cau-

617 1451 736 1500 sas,
774 1436 934 1486 totius
966 1432 1145 1503 populi
1194 1432 1500 1501 su/I‘ragiis,
1534 1448 1635 1484 non
1683 1442 1859 1484 autent
1907 1435 2193 1485 secundum

616 1540 837 1593 pravum
874 1522 1169 1591 exemplum
1195 1522 1331 1591 quod
1385 1531 1567 1589 postea
1615 1521 1862 1584 inolevit,
1901 1537 2061 1590 neque
2104 1538 2195 1590 per

616 1617 721 1669 vim
754 1632 816 1668 ac
856 1615 1049 1669 cwdem
1070 1656 1086 1681 ,
1115 1613 1204 1667 sed
1235 1612 1527 1682 apostolico
1558 1622 1605 1666 et
1642 1612 1912 1679 spirituali
1940 1613 2094 1665 modo
2124 1614 2193 1665 ad

619 1707 792 1761 Marci
825 1706 1069 1759 thronum
1098 1705 1351 1758 evehitur.
1390 1703 1529 1758 Cum
1574 1690 1757 1774 igitur.
1784 1712 1933 1757 totus
1963 1704 2194 1773 populus

614 1799 874 1853 clectioni
921 1798 1161 1868 episcopi
1202 1813 1260 1851 se
1307 1797 1596 1858 insereret,
1647 1805 1700 1850 et
1746 1796 1939 1851 civitas
1971 1798 2194 1866 amplis-

615 1892 756 1946 sima
803 1901 987 1954 esset,
1044 1900 1098 1945 et
1144 1890 1387 1943 maximo
1448 1887 1890 1943 Christianorum
1964 1905 2193 1945 numero
2224 1884 2266 1937 B

611 1982 940 2049 abundaret,
984 1991 1037 2036 et
1069 1990 1329 2051 praterea
1361 1981 1658 2051 presbyteri
1701 1997 1832 2036 suos
1869 1981 1941 2034 ibi
1996 1982 2192 2037 distin-

611 2085 733 2129 ctos
786 2083 964 2129 cmtus
1010 2074 1125 2129 sive
1182 2073 1458 2128 Ecclesias
1512 2073 1776 2129 haberent
1828 2074 2192 2144 (observante

611 2164 936 2233 Epiphanio,
970 2165 1100 2218 liter.
1135 2163 1244 2218 69:
1286 2163 1443 2216 Ὅσαι
1476 2162 1584 2233 γὰρ
1614 2163 1899 2235 ἐκκλησίαι
1920 2166 2020 2236 τῆς
2056 2166 2192 2219 καθ-

605 2256 797 2325 ολικῆς
843 2255 1166 2327 Ἐκκλησίας
1220 2256 1280 2308 ὲν
1338 2254 1714 2327 Ἀλεξανδρείᾳ
1759 2257 1864 2309 ὑπὸ
1904 2258 1999 2310 ἕνα
2037 2259 2194 2329 ἀρχι-

609 2348 910 2400 επίσκοπον
933 2344 1111 2411 οὖσαι,
1145 2347 1239 2399 καὶ
1267 2348 1385 2399 κατ’
1422 2348 1556 2400 ίδίαν
1580 2347 1802 2411 ταύταις
1832 2349 2085 2419 ὲπιτεταγ
2097 2350 2193 2422 μέ-

605 2455 689 2493 νοι
718 2438 856 2492 εἰσίν
888 2439 1268 2510 πρεσϐύτεροι,
1290 2438 1377 2491 διὰ
1404 2439 1503 2503 τὰς
1526 2441 1983 2511 ἐκκλησιαστικὰς
2007 2442 2192 2514 χρείας

605 2528 716 2582 τῶν
749 2530 1070 2600 οἰκητόρων.
1106 2529 1319 2583 Etenim
1354 2540 1604 2600 quotquot
1643 2532 1985 2586 Alexandria:
2014 2534 2194 2586 catlto-

606 2623 729 2676 lica:
773 2622 1156 2675 communionis
1201 2621 1453 2675 Ecclesia:
1500 2633 1652 2689 sunt,
1680 2626 1771 2676 uni
1804 2625 2191 2693 archiepiscopo

608 2714 885 2783 subjecta',
919 2731 1045 2767 suus
1076 2714 1262 2783 cuique
1289 2715 1603 2782 pmpositus
1631 2725 1708 2767 est
1740 2715 2029 2785 presbyter,
2067 2733 2192 2786 pro-

608 2816 726 2875 pter
755 2808 1141 2860 ecclesiasticas
1178 2806 1534 2859 habitantium
1564 2808 1935 2871 necessitates;
1968 2817 2192 2863 notante

608 2899 774 2953 etiam
830 2898 1173 2962 Sozomeno,
1224 2898 1320 2952 lib.
1372 2914 1422 2961 t,
1470 2914 1589 2967 cap.
1648 2899 1715 2953 15
1760 2895 1956 2952 ;Εἷναι
1991 2899 2101 2972 γὰρ
2133 2902 2192 2955 ὲν

620 2989 997 3061 ’Λλεξανδρείᾳ
1027 2989 1165 3053 ἔθος,
1200 2988 1449 3059 καθάπερ
1477 2989 1571 3042 καὶ
1608 2988 1703 3041 νῦν
1722 3028 1736 3053 ,
1768 2989 1884 3052 ἑνὸς
1917 2990 2068 3054 ὄντος
2096 2990 2190 3044 τοῦ

606 3082 753 3137 κατὰ
776 3082 990 3135 πάντων
1019 3080 1348 3145 ἐπισκόπου,
1378 3080 1780 3152 πρεσϐυτέρους
1818 3082 1923 3153 ίδίᾳ
1961 3082 2061 3146 τὰς
2100 3084 2191 3136 ὲκ-

607 3175 839 3245 κλησίας
872 3174 1141 3244 κατέχειν,
1182 3174 1277 3227 καὶ
1321 3174 1411 3227 τὸν
1439 3176 1496 3226 ὲν
1526 3174 1714 3237 αὑταῖς
1753 3174 1879 3229 λαδν
1918 3176 2185 3245 συνάγειν.

610 3266 768 3321 Hunc
797 3268 936 3320 enim
980 3282 1179 3319 morem
1225 3282 1336 3319 esse
1384 3264 1747 3330 Alexandriaz,
1776 3267 1866 3336 qui
1896 3269 2188 3321 etiamnum

607 3367 803 3424 manet,
836 3366 914 3423 ut,
944 3374 1063 3410 cum
1103 3374 1238 3410 unus
1271 3358 1539 3427 episcopus
1570 3360 1809 3411 omnibus
1834 3360 2039 3425 praesit,
2070 3376 2191 3429 pre-

603 3450 803 3520 sbyteri
830 3450 1118 3519 separatim
1151 3448 1398 3503 ecclesias
1430 3449 1723 3516 obtineant,
1755 3460 1804 3503 et
1831 3451 2086 3520 populum
2117 3452 2187 3505 ad

601 3542 733 3596 Illas
767 3542 1038 3595 convenire
1066 3541 1287 3595 solitum
1316 3540 1619 3610 colligant);
1657 3540 1887 3611 ideoque
1917 3542 2057 3611 apud
2089 3558 2186 3612 po-

605 3634 795 3703 pulum
844 3642 1005 3688 suum
1039 3648 1291 3703 magnam
1327 3632 1563 3701 quisque
1612 3633 1991 3687 auctoritatem
2042 3634 2187 3688 ohti-

604 3735 779 3790 neret,
811 3725 1103 3780 electiones
1151 3724 1335 3779 subito
1365 3723 1535 3778 factas
1580 3739 1703 3779 esse
1750 3724 2048 3794 putandum
2078 3734 2183 3790 est,

604 3832 675 3870 ne
744 3833 901 3871 mora
965 3816 1292 3871 tumultibus
1343 3813 1785 3886 factionibusque
1837 3817 2182 3871 occasionem

603 3910 891 3979 prteheret.
941 3907 1177 3976 Indeque
1232 3916 1419 3961 natum
1476 3922 1683 3961 morem
1737 3907 1891 3961 illum
1943 3908 2183 3961 Alexan-

604 4000 780 4053 driuis
806 4007 953 4052 certe
984 3999 1313 4068 peculiarem
1343 4014 1440 4067 par
1465 4007 1548 4052 est
1580 3998 1824 4063 credere,
1859 4014 2021 4068 quem
2065 4014 2183 4052 me-

604 4098 786 4143 morat
826 4087 1114 4143 Liberatus
1146 4091 1199 4141 iu
1247 4088 1525 4143 Breviavrio
1559 4107 1570 4141 :
1612 4089 1946 4143 Consuetudo
1973 4089 2181 4158 quidem

606 4190 685 4233 est
728 4180 1091 4244 Alexandriae,
1136 4179 1290 4232 illum
1331 4180 1419 4249 qui
1460 4179 1709 4248 defuncto
1738 4180 1989 4244 succedit,
2024 4197 2183 4232 excu-

606 4271 723 4323 bias
752 4286 909 4339 super
946 4271 1182 4339 defuncti
1210 4286 1399 4338 corpus
1430 4287 1603 4340 agere,
1639 4285 1956 4339 manumque
2000 4271 2182 4321 dexte-

606 4379 727 4415 ram
765 4362 879 4431 ejus
916 4363 1080 4431 capiti
1128 4379 1223 4415 suo
1271 4364 1558 4429 imponere,
1597 4373 1647 4415 et
1699 4362 1903 4431 sepulto
1937 4362 2180 4415 manibus

603 4453 716 4507 suis
750 4454 984 4522 accipere
1029 4452 1165 4505 collo
1212 4469 1308 4506 suo
1349 4452 1413 4507 Β.
1460 4454 1632 4507 Marci
1663 4452 1922 4521 pallium,
1968 4462 2017 4506 et
2058 4463 2180 4507 tunc

2300 610 2498 680 factum
2522 628 2653 673 esse,
2686 612 2999 679 conjectura
3039 614 3198 681 plane
3220 622 3303 665 est
3322 614 3472 666 omni
3498 613 3873 667 verisimilitu-

2300 704 2427 758 dine
2452 704 2733 757 destituta.
2761 703 2920 770 Nam,
2951 706 3165 759 etiamsi
3200 703 3603 759 ordinationem
3635 705 3872 775 patriar-

2298 797 2532 863 chaletn,
2551 814 2675 851 eum
2710 799 2762 851 in
2783 797 3016 869 Egypto
3039 800 3221 868 plures
3246 799 3489 868 episc0pi
3517 807 3723 863 essent,
3758 798 3875 853 sine

2296 893 2569 961 episeOpis
2600 892 2795 946 factam
2810 908 2931 947 esse
2959 894 3141 946 credet
3171 907 3351 957 nemo,
3379 892 3503 961 quis
3531 902 3715 945 tamen
3738 906 3875 959 prai-

2298 984 2481 1049 stabit,
2511 983 2842 1055 llieronymo
2868 993 3054 1037 notum
3080 983 3273 1046 fuisse,
3298 994 3423 1037 ante
3448 984 3705 1037 Demetrii
3737 992 3875 1037 tem-

2297 1093 2430 1147 pora
2462 1078 2671 1131 nullum
2705 1077 2757 1130 in
2791 1076 3024 1149 Aigypto
3052 1089 3251 1147 praeter
3284 1078 3505 1131 unicum
3548 1077 3874 1130 Alexandrio

2298 1188 2429 1225 num
2459 1171 2735 1225 exstitisse
2764 1171 3075 1239 episcopum
3101 1170 3123 1221 ?
3146 1168 3446 1240 Eutychius
3479 1170 3730 1222 omnium
3758 1168 3871 1237 pri.

2297 1282 2421 1321 mus
2447 1267 2551 1319 hoc
2590 1265 2896 1335 prodidisse
2934 1262 3393 1333 deprehenditur,
3426 1276 3458 1315 a
3510 1278 3621 1330 quo
3671 1260 3843 1317 lliero

2298 1374 2495 1428 nytnus
2524 1360 2663 1413 idem
2697 1358 2907 1411 discere
2964 1372 3071 1410 non
3126 1354 3323 1424 potuit.
3370 1352 3485 1410 lmo
3528 1356 3653 1423 quis
3688 1353 3867 1408 credet

2297 1450 2711 1522 Hieronymum,
2734 1451 2778 1504 si
2801 1450 2901 1503 hoc
2926 1448 3288 1514 novisset,vel
3317 1448 3361 1501 si
3383 1447 3545 1501 fando
3574 1447 3873 1516 aliquando

2295 1547 2629 1612 audivisset,
2690 1545 2741 1599 id
2774 1545 2843 1599 ab
2870 1543 3103 1613 Evagrio
3147 1544 3326 1597 celare
3363 1544 3604 1597 voluisse
3654 1545 3707 1596 in
3771 1544 3871 1596 hoc

2294 1649 2639 1709 argumento,
2664 1638 2809 1708 quod
2843 1636 3015 1705 magis
3036 1634 3103 1688 ad
3133 1637 3506 1691 exornandam
3539 1636 3866 1706 presbyterii

2294 1733 2612 1804 dignitatem
2661 1733 2837 1786 multo
2890 1732 3145 1787 fecisset?
3187 1729 3374 1800 Neque
3404 1730 3570 1800 igitur
3600 1727 3870 1799 Hierony-

2294 1842 2420 1880 mus
2450 1826 2516 1879 de
2545 1825 2621 1879 rei
2643 1824 2768 1895 jure
2802 1825 3101 1894 quidquam
3131 1824 3373 1893 scripsit,
3405 1839 3584 1892 neque
3624 1823 3693 1876 de
3722 1819 3867 1876 laeto

2296 1932 2510 1992 tempus
2537 1931 2649 1976 tam
2678 1922 2991 1992 scrupulose
3046 1915 3320 1982 litnitavit,
3370 1918 3463 1973 sed
3483 1917 3868 1970 tantummodo

2292 2025 2533 2072 veterem
2567 2014 2862 2084 quamdam
2881 2014 3253 2079 traditionem,
3279 2026 3443 2082 quam
3478 2025 3508 2063 a
3537 2009 3728 2064 nescio
3763 2026 3868 2079 quo

2293 2118 2598 2179 acceperat,
2634 2108 2769 2162 satis
2794 2108 3027 2163 obscure
3049 2106 3357 2176 descripsit,
3383 2114 3437 2159 et
3465 2103 3533 2159 ad
3569 2100 3869 2158 retunden-

2292 2202 2418 2257 dam
2468 2202 2825 2256 diaconorum
2872 2201 3235 2270 quorumdam
3289 2198 3551 2254 Romanae
3584 2195 3869 2257 Ecclesiae

2293 2293 2641 2348 insolentiam
2673 2294 2978 2363 usurpavit.

2362 2382 2548 2455 Neque
2570 2385 2743 2455 magis
2773 2384 3129 2455 Eutycbianze
3157 2384 3459 2438 narrationi
3513 2384 3751 2438 alterum
3781 2380 3865 2439 di-

2292 2476 2606 2531 stinctionis
2634 2477 2946 2530 membrum
2998 2476 3335 2547 respondet;
3366 2476 3671 2548 Eutychius
3718 2476 3867 2533 enim

2293 2586 2405 2624 non
2428 2570 2495 2624 de
2519 2570 2645 2640 jure
2670 2569 2932 2639 disputat,
2961 2570 3055 2624 sed
3085 2570 3152 2623 de
3168 2564 3332 2635 facto,
3367 2571 3435 2624 de
3460 2586 3613 2624 more
3636 2572 3871 2638 scilicet,

2292 2672 2457 2732 atque
2492 2664 2781 2718 duratione
2815 2672 2868 2718 et
2909 2663 3280 2733 exspiratione
3302 2662 3422 2733 ejus
3443 2704 3458 2727 ,
3508 2680 3675 2735 quam
3708 2669 3869 2718 attri-

2292 2755 2411 2810 buit
2442 2755 2620 2811 edicto
2648 2756 2945 2810 Alexandri
2982 2757 3326 2825 patriarchae.
3355 2755 3535 2826 Neque
3578 2757 3763 2824 desiit,
3791 2758 3872 2811 in-

2290 2850 2429 2919 quit,
2452 2865 2564 2904 mos
2592 2849 2680 2901 ille
2705 2848 3126 2918 presbyterorum
3145 2848 3485 2903 Alexandria:
3512 2849 3869 2903 constituendi

2290 2939 2651 3009 patriarcltam
2702 2954 2765 2992 ea:
2796 2940 2862 2992 iis
2891 2940 3167 2992 duodecim
3220 2939 3533 3009 presbyteris
3578 2956 3746 3009 usque
3802 2940 3869 2992 ad

2294 3042 2495 3100 tempus
2523 3030 2836 3085 Alexandri.
2859 3029 2997 3085 Male
3021 3041 3202 3085 autem
3225 3033 3383 3086 docet
3412 3031 3678 3085 Seldenus
3712 3030 3871 3101 Euty-

2293 3128 2478 3181 chiutn
2501 3126 2780 3183 decretum
2814 3125 3125 3180 Alexandro
3145 3126 3401 3189 tribuere,
3423 3128 3568 3197 quod
3598 3142 3629 3179 a
3646 3124 3870 3179 Nicaqu

2215 3223 2257 3280 C
2290 3222 2528 3277 concilio
2584 3219 2791 3275 factum
2845 3229 2951 3286 est,
3011 3235 3223 3275 canone
3272 3231 3502 3289 quarto;
3561 3220 3870 3291 Eutycbius

2288 3316 2436 3371 enim
2465 3314 2631 3370 tradit
2667 3315 3062 3381 Alexandrum,
3124 3330 3233 3370 non
3293 3324 3502 3369 tantum
3557 3316 3869 3370 instituisse

2288 3410 2621 3465 creationem
2679 3409 3004 3478 patriarchae
3051 3423 3148 3477 per
3196 3408 3508 3478 episcopos,
3567 3409 3667 3465 sed
3697 3412 3868 3464 etiam

2285 3502 2606 3557 electionem
2635 3516 2702 3556 ex
2725 3502 2849 3555 aliis
2884 3516 3051 3572 quam
3082 3500 3466 3557 Alexandrinis
3503 3503 3867 3573 presbyteris,

2286 3598 2353 3652 de
2373 3611 2482 3666 qua
2526 3611 2587 3651 re
2612 3596 2748 3650 nihil
2796 3596 2960 3650 habet
2986 3610 3165 3651 canon
3216 3596 3305 3650 ille
3353 3593 3641 3649 Niesenus:
3685 3610 3872 3665 neque

2286 3698 2432 3745 recte
2459 3688 2705 3759 coniicit,
2732 3704 2998 3744 canonum
3056 3690 3209 3742 illum
3266 3704 3334 3742 ex
3361 3699 3489 3743 voto
3538 3687 3869 3753 Alexandri,

2285 3792 2381 3837 aut
2404 3796 2555 3837 more
2584 3782 2677 3836 illo
2695 3782 3065 3836 Alexandrino
3098 3792 3278 3835 ortum
3305 3780 3593 3847 habuisse;
3636 3780 3871 3835 minime

2284 3877 2429 3930 enim
2470 3876 2828 3931 dubitandum
2852 3884 2936 3930 est
2965 3876 3096 3944 quin
3121 3876 3331 3944 primus
3367 3890 3567 3941 canon,
3596 3875 3693 3944 qui
3722 3876 3869 3930 dici-

2284 3981 2375 4025 tur
2409 3970 2767 4040 apostolicus,
2798 3970 2891 4024 diu
2917 3980 3043 4024 aute
3084 3970 3238 4023 illum
3273 3984 3541 4024 canonem
3574 3967 3869 4024 Nicsenum

2283 4068 2536 4124 conditus
2560 4067 2658 4121 sit:
2707 4066 3034 4128 Ἐπίσκοπος
3066 4063 3477 4135 χειροτονείσθω
3506 4064 3610 4117 ὑπὸ
3632 4065 3868 4117 ἐπισκό-

2284 4177 2402 4213 πων
2420 4160 2513 4213 δύο
2544 4160 2577 4229 ἢ
2614 4158 2798 4230 τριῶν.
2828 4157 2998 4212 Nemo
3015 4159 3183 4223 enim,
3214 4167 3500 4227 postquam
3530 4156 3736 4211 Nicaani
3757 4157 3868 4213 Pa-

2282 4267 2394 4313 tres
2422 4266 2531 4311 tres
2559 4258 2846 4325 episcOpos
2895 4256 2961 4309 ad
3010 4255 3407 4308 ordinationem
3460 4255 3865 4323 postulassent,

2280 4352 2420 4407 duos
2450 4350 2699 4406 sufficere
2728 4351 2977 4405 dixisset.
3030 4350 3171 4415 Quid
3205 4350 3350 4418 quod
3393 4364 3521 4419 pars
3546 4348 3755 4404 decreti
3793 4352 3867 4405 ab

2280 4443 2589 4497 Alexandro
2636 4442 2805 4506 lacti,
2857 4457 2957 4496 nec
3010 4442 3077 4495 ad
3108 4456 3372 4495 eanonem
3424 4439 3705 4495 Nicaenum
3747 4444 3866 4496 ullo

603 4542 836 4613 legitime
881 4545 1073 4598 sedere.
1128 4545 1254 4599 Erat
1301 4544 1468 4615 igitur
1498 4544 1839 4598 Alexandriae
1887 4559 2083 4614 magna
2120 4546 2173 4598 in
2210 4563 2252 4618 ι)
2283 4536 2444 4591 modo
2464 4536 2762 4605 pertinens,
2790 4534 3029 4589 maxime
3058 4534 3293 4588 notanda
3320 4533 3410 4599 sit,
3436 4533 3583 4603 quod
3604 4534 3866 4588 videatur

604 4634 854 4703 eligendo
883 4636 1165 4704 episcopo,
1192 4634 1346 4705 pacis
1378 4634 1573 4705 gratia,
1619 4632 1919 4700 festinatio,
1949 4643 2003 4687 et
2030 4634 2179 4688 inso-

605 4726 700 4780 lita
732 4742 844 4796 pra:
872 4726 1082 4781 honore
1115 4724 1175 4780 S.
1230 4726 1419 4792 Marci,
1460 4727 1517 4781 in
1563 4726 1801 4781 creando
1830 4727 2174 4781 caeremonia.

607 4819 713 4874 Sed
742 4817 1108 4890 Hieronymus
1154 4834 1332 4889 neque
1374 4818 1595 4872 modum
1634 4818 1689 4871 in
1717 4819 2001 4885 electione,
2030 4819 2177 4889 quod

605 4907 681 4961 ad
703 4908 961 4979 suilragia
995 4907 1208 4974 attinet,
1244 4922 1419 4977 neque
1443 4908 1797 4963 caeremonias
1821 4909 1876 4962 in
1901 4909 2179 4964 creatione

604 4999 897 5067 adbibitas,
938 5015 1114 5068 neque
1147 5000 1238 5069 jus
1272 5000 1441 5054 ullum
1470 5017 1583 5070 pra:
1606 5000 1817 5055 caeteris
1845 5001 2178 5071 presbyterio

605 5094 793 5147 datum
834 5102 930 5146 aut
969 5107 1291 5147 concessum
1340 5101 1753 5159 commemorat,
1790 5094 1895 5148 nisi
1928 5094 2074 5163 quod
2110 5110 2173 5147 ex

606 5186 742 5256 ipsis
771 5186 836 5240 de
869 5184 1014 5240 facto
1036 5200 1211 5254 usque
1242 5185 1307 5239 ad
1350 5184 1633 5241 Heraclam
1681 5186 1969 5256 episcopus
2007 5186 2175 5255 elige-

606 5287 780 5341 retur,
810 5285 866 5332 et
890 5276 961 5330 ab
990 5277 1124 5346 ipsis
1153 5277 1613 5347 promulgaretur.

678 5367 815 5422 Nam
857 5368 1003 5438 quod
1034 5366 1297 5423 Seldenus
1325 5368 1760 5423 comminiscitur
1787 5367 2175 5440 Hieronymum

606 5476 847 5514 securum
879 5460 943 5513 de
969 5470 1193 5530 tempore
1220 5460 1501 5514 Heraclam
1527 5470 1891 5527 antevertente,
1918 5462 2175 5531 quoniam

605 5551 865 5621 cognovit
899 5552 1107 5609 nullum
1146 5552 1201 5606 in
1238 5551 1476 5623 Egypto
1514 5562 1642 5607 ante
1688 5563 1932 5623 tempora
1984 5553 2176 5607 Deme-

607 5644 699 5696 trii
728 5644 1041 5712 episcopum
1094 5643 1286 5709 fuisse,
1337 5644 1405 5697 ad
1434 5645 1684 5697 citeriora
1732 5644 2040 5699 descendere
2083 5660 2177 5697 no-

607 5735 767 5789 luisse
790 5746 1055 5807 tempora:
1083 5740 1209 5808 quia
1248 5740 1333 5791 vix
1357 5738 1541 5806 forsan
1562 5738 1703 5791 credi
1736 5738 1991 5805 potuisset
2024 5738 2173 5790 ordi—

606 5829 873 5883 nationem
899 5828 1305 5885 oatriarchalem
1327 5868 1341 5897 ,
1376 5837 1651 5898 postquam
1696 5828 1942 5896 episcopi,
1981 5829 2169 5884 saltem

2281 4628 2607 4699 restringere
2655 4643 2866 4683 morem
2905 4628 3192 4697 antiquum
3228 4626 3295 4682 de
3330 4627 3580 4697 eligendo
3616 4628 3862 4696 patriar-

2280 4721 2381 4774 cha
2407 4736 2514 4776 non
2534 4721 2603 4775 ad
2626 4720 2944 4775 electionem
2975 4736 3005 4773 a
3030 4720 3382 4789 presbyteris,
3407 4720 3500 4773 sed
3522 4735 3587 4774 ex
3622 4720 3865 4790 presby-

2280 4813 2411 4868 teris
2435 4812 2659 4877 faetam,
2684 4812 2753 4867 de
2782 4829 2887 4883 qua
2920 4812 2987 4866 ad
3022 4812 3186 4866 verba
3219 4810 3535 4883 Hieronymi
3585 4811 3861 4867 diximus.

2276 4906 2576 4975 Antiquum
2597 4905 2743 4959 enim
2770 4921 2978 4960 morem
3003 4906 3235 4961 desiisse
3254 4905 3437 4971 tradit,
3461 4921 3526 4959 eo
3549 4906 3697 4975 quod
3726 4905 3865 4961 Ale-

2278 5001 2485 5056 xander
2512 5000 2738 5053 decrevit
2766 5009 2845 5065 ut,
2893 5011 3107 5053 vacante
3155 5000 3545 5069 patriarchatu,
3600 5000 3863 5071 eligerent

2274 5108 2340 5147 ea:
2360 5109 2667 5163 quacunque
2691 5093 2900 5145 tandem
2940 5094 3167 5163 regione,
3186 5095 3293 5146 sive
3334 5110 3398 5147 ex
3434 5095 3709 5148 duodecim
3738 5096 3861 5151 illis

2275 5183 2731 5251 presbyteris,sive
2746 5181 2869 5235 aliis
2897 5182 3069 5235 virum
3090 5182 3318 5252 aliquem
3342 5184 3615 5251 eximium,
3640 5202 3862 5255 perspe—

2276 5287 2374 5329 cta:
2396 5276 2699 5344 probitatis,
2722 5292 2940 5346 eumque
2964 5278 3617 5345 patriarchamcrearent.
3641 5278 3862 5336 Electio

2276 5368 2442 5439 igitur
2466 5368 2568 5422 vir-i
2591 5367 2898 5438 cujuspiam
2939 5369 3164 5435 eximii,
3218 5380 3516 5439 perspecta:
3556 5374 3859 5440 probitatis

2275 5460 2559 5527 antiquum
2594 5475 2801 5514 morem
2831 5461 3143 5526 evacuavit;
3190 5477 3301 5530 quo
3342 5473 3621 5532 spectasse
3650 5466 3856 5520 viden-

2276 5561 2364 5605 tur
2389 5551 2478 5606 illa
2522 5553 3035 5620 pseudo-Ambrosii
3086 5554 3139 5607 in
3171 5570 3291 5625 cap.
3342 5557 3377 5610 4
3416 5557 3482 5610 ad
3540 5556 3851 5628 Ephesios:

2275 5642 2510 5714 Denique
2562 5643 2703 5714 apud
2746 5643 3039 5715 {Egyptum
3085 5647 3372 5717 presbyteri
3423 5651 3771 5720 consignant,
3800 5655 3856 5706 si

2273 5751 2502 5805 praesens
2549 5752 2655 5790 non
2699 5738 2768 5791 sit
2815 5741 3106 5807 episcopus.
3152 5738 3257 5794 Sed
3306 5742 3432 5811 quia
3458 5756 3727 5812 coeperunt
3759 5762 3867 5799 sem

2272 5838 2485 5898 quentes
2511 5830 2796 5899 presbyteri
2820 5832 3019 5900 indigni
3048 5834 3270 5889 inveniri
3290 5836 3359 5889 ad
3378 5837 3640 5892 primatus
3661 5847 3862 5892 tenella
