4078 6394
266 370 376 424 2‘39

980 368 1029 423 J.
1069 366 1432 424 PEARSONII
1468 363 1793 424 VINDICIE
1829 365 2248 423 ΙΟΝΑΤΙΑΝᾸΣ.
2281 399 2349 411 -
2388 364 2570 429 PARS
2609 367 2647 426 Ι.

3428 365 3532 417 ξδι

259 493 381 556 dos,
413 495 698 546 immutata
717 503 795 546 est
828 490 989 557 ratio,
1020 490 1370 561 prospiciente
1394 493 1638 557 concilio,
1671 502 1727 546 ut
1747 509 1849 546 non
1880 494 1927 550 Α
2022 490 2165 557 Quid
2232 466 2441 561 praeter
2462 494 2785 548 electionem
2836 493 3137 566 presbyteri
3191 490 3534 551 Alexandria!

258 586 417 646 ordo,
443 585 535 638 sed
560 584 806 637 meritum
825 592 1027 637 crearet
1049 584 1348 653 episcopum
1366 583 1656 636 multorum
1679 600 1855 637 sacer-

257 675 667 744 dotumjudicio
699 678 1073 739 constitutum,
1097 692 1160 728 ne
1185 676 1436 747 indignus
1483 685 1669 730 temere
1697 692 1855 730 usur-

185 817 197 831 ,
259 777 429 833 paret,
462 779 513 821 et
536 778 675 822 esset
699 767 884 822 multis
914 768 1254 821 scandalum.

326 860 436 914 Sed
462 877 816 931 quaecunque
844 860 918 916 sit
953 860 1098 915 inter
1131 859 1522 932 Hieronymum
1583 870 1639 916 et
1687 862 1854 934 Euty-

258 953 444 1009 cbium
500 954 900 1023 discrepantia,
946 969 1014 1009 ex
1039 969 1254 1008 summa
1281 954 1359 1008 rei
1388 954 1459 1008 ita
1495 955 1738 1023 disputat
1770 956 1853 1009 vir

257 1044 655 1099 doctissimus:
696 1043 941 1115 lgnatius
962 1055 1117 1115 negat
1144 1047 1257 1099 sine
1276 1042 1521 1114 episcopo
1559 1047 1849 1116 quidquam

256 1132 591 1200 faciendum.
636 1133 795 1201 Apud
818 1134 1203 1188 Alexandriam
1226 1137 1535 1205 presbyteri,
1585 1136 1696 1188 sine
1741 1137 1852 1201 epi-

249 1238 425 1291 scopo,
496 1241 603 1276 non
645 1234 853 1278 tantum
902 1226 1286 1296 presbyterum,
1333 1227 1423 1280 sed
1469 1228 1650 1289 etiam,
1709 1229 1847 1296 quod

246 1317 961 1384 maximum,patriarcham
992 1319 1221 1386 faciunt.
1279 1318 1514 1372 Nescivit
1563 1336 1684 1388 ergo
1725 1320 1850 1372 Ale-

245 1408 487 1460 xandria
544 1410 882 1462 contrarium
934 1428 1091 1464 usum
1164 1428 1275 1464 esse
1314 1428 1428 1464 vere
1473 1412 1844 1480 apostolicum.

246 1496 533 1569 Ignatium
561 1518 690 1570 ergo
715 1502 1050 1570 epistolicum
1075 1515 1259 1557 uotum
1291 1521 1393 1557 non
1426 1504 1630 1558 habuit.

312 1589 660 1661 Respondeo
687 1594 887 1661 primo,
917 1593 1321 1649 Hammondum
1363 1604 1613 1650 nostrum
1646 1596 1842 1651 disser.

240 1679 293 1742 3,
324 1696 452 1749 cap.
496 1680 590 1745 10,
634 1682 762 1737 huic
796 1683 900 1752 ipsi
925 1695 1248 1754 argumento
1281 1701 1311 1738 a
1337 1684 1619 1740 Blondello
1648 1703 1714 1741 ex
1745 1686 1848 1742 Eu-

238 1772 405 1839 tychii
445 1773 768 1829 Annalibus
790 1775 1079 1844 desumpta
1111 1791 1221 1830 non
1252 1778 1443 1846 paucis
1471 1778 1839 1848 respondisse,

239 1864 305 1916 ad
338 1880 472 1933 quae
510 1866 658 1920 nihil
720 1867 808 1923 hic
857 1869 1074 1937 reponit
1108 1867 1360 1924 Dallaeus.
1415 1868 1589 1936 Quam
1640 1872 1845 1926 silentii

237 1970 470 2022 causam
498 1956 803 2023 habuerit,
843 1959 1064 2019 nescio;
1112 1960 1450 2029 diligentiam
1504 1963 1695 2016 saltem
1726 1963 1846 2031 ejus

233 2046 458 2099 solitam
489 2047 585 2101 hic
611 2049 1024 2105 desideramus.
1050 2050 1374 2121 Respondeo
1398 2053 1663 2118 secundo,
1685 2070 1844 2109 usum

233 2135 379 2192 hunc
405 2138 863 2195 Alexandrinum
892 2184 907 2208 ,
932 2144 1113 2212 qualis
1140 2146 1319 2214 qualis
1377 2144 1497 2211 fuit,
1561 2163 1669 2201 non
1721 2163 1846 2203 esse

230 2228 552 2299 disciplinae
575 2231 882 2299 lgnatiana:
915 2235 1053 2289 adeo
1086 2237 1449 2303 contrarium,
1477 2246 1531 2291 et
1554 2253 1619 2293 ex
1636 2239 1846 2294 diame-

232 2331 315 2375 tro
343 2324 709 2391 oppositum,
748 2336 809 2379 ut
858 2326 986 2381 inde
1018 2328 1291 2396 ignoratio
1328 2328 1522 2398 lgnatii
1570 2331 1843 2399 epistolici

230 2414 415 2485 θυιιίςὶ
450 2417 663 2485 possit.
704 2415 957 2471 Obtinuit
989 2418 1133 2471 enim
1169 2419 1224 2473 in
1256 2420 1544 2477 vacatione
1588 2421 1756 2486 sedis,
1790 2430 1845 2474 et

231 2507 299 2562 ad
330 2508 681 2561 electionem
713 2518 809 2562 aut
839 2510 1235 2578 promotionem
1269 2522 1479 2566 tantum
1509 2522 1722 2582 tpectat
1749 2531 1763 2567 ε
1788 2522 1845 2568 at

230 2599 297 2653 de
322 2599 632 2655 vacatione
686 2600 837 2655 sedis
862 2642 877 2666 ,
913 2601 980 2653 de
1025 2602 1313 2666 electione,
1349 2614 1445 2657 aut
1496 2605 1841 2673 promotione

228 2694 484 2765 episcopi
524 2696 671 2749 nihil
699 2694 922 2764 scripsit
948 2693 1206 2762 Ignatins.
1235 2696 1555 2766 Alloquitur
1576 2698 1837 2767 populum

226 2786 650 2851 Christianum,
667 2802 907 2856 eumque
930 2787 996 2840 ad
1028 2787 1393 2842 obedientiam
1416 2789 1693 2859 episcopis
1721 2790 1839 2846 suis

228 2882 331 2935 sibi
374 2880 708 2951 praepositis
733 2880 1100 2949 praestandam
1145 2881 1436 2946 hortatur,
1486 2891 1541 2938 et
1586 2885 1722 2939 nihil
1782 2886 1837 2939 in

226 2972 645 3025 ecclesiasticis
683 2970 921 3040 negotiis
956 2971 1075 3025 sine
1132 2972 1241 3026 illis
1273 2974 1542 3043 agendum
1598 2987 1786 3031 mouet
1817 2995 1833 3043 ;

223 3066 381 3133 quid,
416 3064 700 3133 episcopo
726 3065 1012 3130 defuncto,
1041 3064 1350 3119 faciendum
1371 3068 1461 3131 sit,
1496 3067 1836 3124 minimedo—

222 3164 327 3207 cet.
364 3155 704 3225 Alloquitur
726 3169 827 3209 eos
855 3155 923 3209 ad
954 3170 1093 3224 quos
1130 3156 1322 3210 scribit
1354 3158 1422 3212 de
1452 3158 1724 3228 episcopis
1747 3161 1832 3214 vi-

218 3249 520 3314 ventibus,
552 3263 664 3301 non
696 3248 764 3301 de
789 3248 1045 3313 mortuis,
1077 3248 1144 3302 de
1167 3249 1305 3315 suis,
1339 3264 1447 3303 non
1497 3250 1565 3304 de
1615 3252 1832 3308 alienis.

223 3338 501 3408 Seipsutn
557 3340 697 3393 satis
728 3339 966 3409 explicat
1022 3339 1265 3408 Epistula
1300 3341 1368 3394 ad
1426 3339 1830 3412 Smyrnenses:

226 3432 437 3485 Nullus
488 3434 610 3485 sine
670 3434 916 3501 episcopo
972 3432 1176 3503 aliquid
1224 3443 1469 3502 operetur
1501 3451 1684 3488 eorum
1713 3454 1832 3507 qua:

220 3527 555 3578 conveniunt
584 3526 657 3577 ad
681 3524 999 3586 Ecclesiam,
1039 3526 1185 3578 verbi
1218 3526 1413 3595 gratia,
1436 3526 1533 3580 illa
1559 3528 1718 3596 firma
1740 3530 1834 3583 de-

217 3632 368 3667 mum
426 3616 772 3668 eucharistia
830 3626 1101 3683 reputetur
1129 3654 1144 3679 ,
1183 3631 1301 3684 qua:
1336 3616 1430 3668 sub
1462 3617 1576 3685 ipso
1624 3628 1720 3683 est,
1753 3619 1832 3673 vel

217 3726 380 3777 quam
412 3710 613 3777 utique
641 3708 752 3777 ipse
777 3710 1109 3762 concesserit.
1170 3707 1294 3760 Non
1331 3709 1539 3761 licitum
1595 3720 1671 3763 est
1717 3712 1831 3765 sine

214 3802 482 3868 episcopo
503 3817 672 3869 neque
703 3801 998 3868 baptizare,
1044 3816 1206 3869 neque
1231 3816 1431 3867 agapen
1473 3802 1686 3869 facere;
1725 3802 1829 3857 hoc

212 3901 324 3950 cu.
360 3892 557 3946 ofﬁcia
595 3892 779 3945 divina
806 3907 916 3945 non
945 3905 1075 3945 sunt
1123 3893 1177 3944 in
1232 3890 1475 3946 Ecclesia
1522 3895 1827 3963 peragenda

212 3982 340 4036 sine
354 3985 662 4052 episcopo,
683 3992 781 4037 aut
808 3982 931 4052 ejus
955 3981 1338 4036 concessione.
1366 3981 1444 4036 lta
1464 3982 1825 4054 Polycarpum

210 4076 563 4144 episcopum
596 4085 806 4140 monet,
839 4084 899 4128 ut
925 4075 1061 4128 nihil
1085 4076 1206 4129 sine
1250 4076 1519 4130 sententia
1561 4078 1682 4145 ejus
1712 4078 1823 4132 ﬁat.

216 4164 287 4220 Ut
316 4178 523 4220 autem
558 4165 676 4219 [nec
703 4165 1007 4218 admonitio
1055 4165 1361 4236 Polycarpo
1395 4168 1522 4221 data
1576 4174 1827 4235 spectare

214 4276 327 4313 non
359 4260 560 4328 potuit
588 4258 657 4311 ad
685 4272 773 4319 ea,
812 4272 935 4326 quae
985 4258 1104 4326 ipso
1128 4267 1348 4312 mortuo
1392 4258 1447 4311 in
1505 4271 1826 4312 successore

212 4348 634 4405 constituendo
659 4348 968 4419 peragenda
1000 4357 1207 4412 essent,
1232 4350 1305 4402 ita
1326 4364 1428 4403 nec
1466 4349 1711 4419 reliquae.
1765 4348 1823 4403 Si

210 4443 617 4498 extendantur
658 4440 833 4509 verba
852 4439 1047 4510 lgnatii
1096 4441 1237 4495 ultra
1268 4457 1431 4495 suum
1484 4444 1823 4512 propositum

1953 583 2213 653 episcopo
2264 586 2621 652 contulerint,
2680 587 2947 641 incertum
2986 595 3098 641 est:
3143 585 3210 640 In
3257 588 3534 642 excelsiori

1953 675 2124 744 gradu
2181 676 2501 731 collocatum
2564 679 2866 748 episcopum
2922 679 3288 745 nominabant,
3353 681 3535 750 inquit

1952 764 2339 838 Hieronymus.
2371 768 2450 822 Ex
2488 776 2601 823 tam
2635 770 2983 839 generalibus
3011 770 3195 825 verbis
3220 770 3349 839 quid
3394 786 3534 840 υνξε-

1952 861 2037 907 ter
2059 855 2381 910 electionem
2409 857 2771 912 determinate
2821 857 3025 913 factum
3057 859 3127 914 sit
3158 859 3385 931 intelligi
3417 875 3529 916 non

1950 953 2150 1012 potest.
2186 944 2485 1016 Eutychius
2514 946 2686 1014 addit,
2720 948 2941 1002 eosdem
2970 949 3135 1018 capiti
3188 950 3308 1018 ejus
3334 968 3532 1008 manus

1950 1036 2305 1105 imposuisse,
2352 1038 2715 1105 benedixisse,
2762 1048 2818 1093 et
2879 1040 3247 1108 patriarcham
3290 1058 3528 1100 creasse.

1933 1126 2056 1205 ,Sed
2110 1128 2439 1199 Eutychium
2509 1146 2577 1186 ex
2636 1147 2792 1186 more
2861 1133 2949 1186 sui
3018 1136 3204 1190 saeculi
3286 1138 3529 1194 locutum

1907 1202 2149 1284 ‘Vfuisse,
2182 1222 2417 1276 dubitari
2451 1239 2559 1278 non
2592 1232 2789 1292 potest.
2846 1222 3181 1281 Patriarchaa
3224 1231 3371 1283 enim
3418 1233 3531 1301 pri-

1948 1312 2136 1366 maevis
2175 1310 2432 1367 Ecclesiae
2459 1315 2843 1371 Alexandrinae
2872 1319 3214 1386 temporibus
3258 1323 3392 1376 nulli
3445 1323 3531 1377 in-

1948 1412 2032 1457 ter
2082 1403 2430 1460 Christianos
2487 1406 2659 1462 fuere.
2723 1408 2867 1462 ldem
2912 1419 3026 1463 tum
3077 1411 3143 1465 de
3182 1413 3529 1482 impositione

1946 1512 2229 1557 manuum,
2256 1506 2371 1551 tum
2401 1499 2467 1552 de
2498 1498 2873 1554 benedictione
2913 1502 3079 1556 sentit
3135 1501 3439 1560 Salmasius
3472 1507 3525 1559 in

1943 1588 2263 1658 Apparatu:
2312 1588 2471 1651 Puto,
2503 1590 2700 1659 inquit,
2728 1589 3053 1660 Eutychium
3084 1594 3153 1646 ad
3182 1598 3335 1647 suam
3394 1605 3529 1649 aeta-

1947 1690 2051 1733 tem
2071 1681 2376 1749 respetrisse,
2410 1697 2516 1750 qua
2541 1680 2658 1749 jam
2686 1681 2749 1733 ab
2783 1681 3074 1735 Alexandri
3101 1700 3261 1753 usque
3290 1686 3528 1752 patriar-

1945 1769 2057 1823 cha:
2112 1780 2162 1823 et
2216 1769 2426 1823 Νὴ*ωηὶ
2465 1771 2675 1823 concilii
2704 1770 3023 1840 temporibus
3046 1774 3276 1841 episcopi
3301 1775 3525 1843 imposi-

1878 1857 1920 1911 B
1950 1862 2089 1915 tione
2122 1878 2373 1914 manuum
2420 1866 2898 1929 consecrabantur,
2947 1875 2995 1918 et
3046 1865 3293 1918 similiter
3334 1867 3523 1920 existi-

1948 1964 2119 2001 masse
2158 1950 2367 2017 quando
2414 1951 2705 2019 presbyteri
2755 1952 3013 2021 eligebant
3072 1956 3373 2023 episcopum
3426 1956 3524 2009 hoc

1946 2038 2125 2090 eodem
2152 2039 2259 2090 ritu
2290 2054 2409 2090 usos
2439 2054 2568 2092 esse.
2596 2038 2804 2092 Diserte
2836 2050 3008 2092 tamen
3034 2040 3385 2109 Hieronymus
3409 2043 3524 2096 sine

1947 2129 2356 2193 consecratione,
2389 2127 2484 2180 hoc
2506 2138 2583 2181 est
2606 2126 2715 2180 sine
2740 2142 2992 2178 manuum
3018 2128 3372 2200 impositione,
3405 2134 3521 2200 epi-

1945 2236 2159 2288 scopum
2180 2219 2243 2271 de
2264 2235 2318 2271 se
2345 2220 2559 2289 elegisse
2588 2230 2793 2272 narrat.
2828 2219 3103 2290 Quidquid
3143 2222 3311 2291 igitur
3362 2222 3519 2276 dixe-

1946 2308 2020 2362 rit
2048 2307 2415 2380 Hieronymus
2439 2309 2507 2363 de
2560 2310 2848 2373 electione,
2903 2312 3168 2381 quidquid
3220 2310 3522 2383 Eutychius

1945 2417 2009 2457 ex
2067 2401 2257 2455 eadem
2305 2401 2635 2467 traditione,
2677 2414 2736 2456 ut
2788 2404 3019 2469 volunt,
3073 2404 3141 2458 de
3172 2404 3521 2473 impositlone

1945 2506 2208 2544 manuum
2237 2491 2440 2557 addita,
2463 2506 2628 2560 quam
2657 2507 2723 2545 ex
2756 2492 2839 2545 sui
2879 2493 3063 2547 saeculi
3092 2509 3246 2548 more
3278 2504 3520 2550 tantum-

1944 2581 2111 2637 modo
2141 2583 2490 2651 excogitavit,
2518 2593 2570 2637 et
2610 2584 2943 2655 presbyteris
2979 2600 3265 2655 perperam
3307 2587 3517 2651 allixit;

1941 2674 2061 2729 ﬁeri
2090 2684 2264 2744 potest
2293 2676 2475 2730 utalia
2499 2676 2719 2730 traditio
2740 2678 2904 2731 etiam
2936 2693 3062 2732 vera
3091 2679 3182 2742 sit,
3206 2695 3327 2748 qua:
3352 2681 3518 2735 etiam

1942 2775 2081 2829 tum,
2120 2782 2245 2822 cum
2274 2784 2340 2822 ex
2376 2769 2708 2839 presbyteris
2737 2770 2941 2826 electos
2969 2771 3139 2826 fuisse
3167 2772 3359 2826 volunt
3385 2771 3516 2825 Hie-

1942 2875 2205 2929 ronymus
2236 2870 2291 2915 et
2337 2859 2659 2931 Eutychius,
2694 2863 2986 2932 episcopos
3016 2862 3417 2918 Alexandrinos
3448 2865 3519 2918 ab

1938 2952 2063 3007 aliis
2093 2952 2377 3008 ordinatos
2403 2953 2575 3008 fuisse
2603 2955 2872 3023 perhibet.
2930 2954 3098 3009 Libro
3126 2957 3270 3010 enim
3302 2956 3517 3010 Consti-

1939 3046 2204 3098 tutionum
2240 3045 2654 3114 apostolicarum
2689 3062 2788 3111 vn,
2820 3062 2942 3116 cap.
2975 3047 3066 3113 48,
3100 3048 3361 3117 legimus:
3407 3048 3517 3119 Τῆς

1938 3137 1995 3190 δὲ
2041 3136 2432 3208 Ἀλεξανδρέων
2496 3139 2766 3203 Ἀννιανὸς
2814 3138 3028 3211 πρῶτος
3078 3140 3184 3193 ἀπὸ
3234 3138 3351 3210 (vel
3375 3141 3515 3212 ὑπὸ)

1864 3197 1905 3255 C
1938 3197 2189 3301 Μάρκου-
2212 3197 2600 3299 εὐάγγελιστοῠ
2646 3197 3085 3303 κεχιειροιτόνηέαι
3108 3249 3122 3262 ο
3158 3197 3406 3305 δειίτερκς
3460 3197 3517 3287 δέ

1951 3324 2210 3387 Ἀϐἱλλιος
2248 3324 2354 3377 ὑπὸ
2386 3326 2571 3377 Λουκᾶ
2603 3324 2696 3377 καὶ
2730 3324 2893 3377 αὑτοῦ
2928 3325 3337 3393 εὐαγγελιστοῦ.
3390 3326 3518 3379 Ale-

1934 3414 2216 3467 xandrina:
2239 3412 2494 3468 Ecclesiw
2516 3415 2717 3484 primus
2753 3415 2990 3469 Anianus
3014 3433 3045 3469 a
3070 3415 3251 3470 Marco
3291 3434 3513 3487 evange-

1934 3505 2061 3560 lista
2091 3507 2370 3559 ordinatus
2398 3517 2509 3571 est;
2541 3507 2799 3559 secundus
2829 3516 3004 3559 autem
3032 3506 3239 3559 Abilius
3289 3525 3322 3560 a
3365 3506 3511 3561 Luca

1933 3596 2117 3648 itidem
2139 3596 2478 3665 evangelista.
2500 3594 2707 3661 Quarto
2723 3595 3016 3650 Domitiani
3050 3611 3194 3650 anno
3214 3638 3228 3662 ,
3263 3597 3315 3650 in
3341 3595 3515 3650 Chro-

1933 3689 2057 3742 nico
2084 3686 2423 3757 Hieronymi,
2460 3687 2695 3753 Abilius,
2729 3698 2788 3742 ut
2822 3688 2937 3757 ipse
2966 3688 3102 3751 vult,
3131 3703 3197 3743 ex
3228 3688 3511 3758 presbyte-

1933 3780 2012 3833 ris
2043 3779 2271 3845 electus,
2304 3781 2605 3833 secundum
2636 3778 2951 3833 Graecorum
2995 3779 3346 3834 traditionem
3376 3796 3405 3833 a
3446 3779 3504 3834 S.

1930 3869 2080 3924 Luca
2112 3872 2399 3925 ordinatus
2423 3881 2525 3926 est.
2563 3870 2745 3925 Abilio
2773 3872 2963 3939 (quem
2992 3871 3211 3925 Melium
3236 3873 3509 3941 appellare

1930 3964 2144 4017 videtur
2173 3973 2364 4017 auctor
2403 3962 2536 4017 Vitae
2578 3961 2636 4016 S.
2676 3963 2848 4015 Marci
2875 3980 3205 4034 anonymus,
3250 3980 3356 4017 non
3383 3973 3505 4017 tan—

1930 4064 2044 4109 tum
2074 4056 2202 4125 quia
2238 4057 2293 4109 in
2316 4072 2477 4109 manu
2505 4057 2740 4110 exaratis
2795 4056 3063 4109 codicibus
3096 4056 3127 4126 β
3155 4064 3207 4109 et
3238 4073 3277 4126 μ
3317 4056 3503 4110 eadem

1927 4145 2041 4201 fere
2070 4148 2245 4217 ﬁgura
2261 4148 2476 4218 pingere
2500 4165 2611 4202 mos
2637 4149 2762 4216 fuit,
2783 4159 2841 4203 ut
2871 4158 3027 4202 notat
3051 4147 3381 4205 Bloudellus.
3410 4148 3505 4201 sed

1926 4241 2090 4293 etiam
2122 4242 2267 4310 quod
2293 4258 2329 4311 η
2362 4249 2417 4295 et
2444 4259 2460 4293 ι
2483 4256 2550 4295 ex
2582 4241 2844 4295 affinitate
2870 4241 3340 4310 pronuntiationis
3362 4250 3506 4308 saepe

1927 4331 1982 4386 in
2008 4348 2142 4387 mss.
2176 4333 2490 4402 promiscue
2521 4347 2889 4403 usurpentur:
2938 4350 3115 4403 neque
3143 4332 3369 4411 Latinus
3398 4332 3503 4387 Le-

1926 4427 2210 4496 gendarius
2244 4442 2312 4481 ex
2336 4427 2520 4481 Abilio
2548 4426 2770 4482 Melium
2816 4427 2964 4493 fecit,
3019 4428 3113 4482 sed
3140 4469 3155 4493 ,
3186 4428 3399 4496 opinor,
3434 4428 3504 4480 ab

212 4535 390 4587 etiam
432 4532 513 4586 ad
538 4546 834 4601 episcopos
872 4533 1102 4598 alienos,
1150 4549 1293 4603 quos
1335 4534 1423 4589 ille
1454 4543 1637 4589 tamen
1679 4552 1824 4591 ηυη-
1854 4536 1899 4591 ι)
1928 4519 2330 4587 antiquioribus
2380 4520 2453 4573 ita
2495 4520 2760 4589 scriptum
2818 4520 3061 4585 invenit;
3090 4528 3235 4573 certe
3267 4516 3503 4572 Severus

213 4640 390 4691 quam
416 4624 692 4692 respexit,
725 4623 880 4689 illud,
916 4624 1052 4677 nihil
1080 4626 1193 4679 sine
1220 4627 1463 4695 episcopo
1498 4628 1821 4695 ludendum,

213 4733 329 4771 non
359 4725 559 4787 potest
578 4716 841 4784 applicari
874 4715 943 4770 ad
975 4717 1301 4771 electionem
1343 4717 1513 4773 futuri
1548 4721 1821 4790 episc0pi;

213 4808 267 4859 id
292 4808 459 4861 enim
497 4807 552 4859 in
596 4806 988 4862 vetustissimis
1013 4808 1263 4862 ecclesiis
1299 4825 1583 4879 nunquam
1615 4809 1818 4866 factum

208 4909 323 4962 est,
377 4907 447 4951 ut
506 4913 617 4950 non
649 4898 771 4952 sine
802 4897 1059 4968 episcopo
1081 4899 1401 4968 episcopum
1445 4901 1643 4971 eligere
1672 4910 1822 4957 tene-

208 4998 447 5041 rentur.
481 4986 566 5039 An
602 4986 656 5040 id
674 4986 881 5040 dixisse
901 4985 1146 5055 lgnatius
1184 4987 1505 5056 epistolicus
1544 4988 1819 5057 putandus

205 5089 341 5132 est:
386 5078 530 5131 Sine
564 5078 825 5147 episcOpo
885 5077 1162 5131 neminem
1222 5078 1541 5147 episcopum
1594 5077 1820 5149 eligite?

204 5170 383 5237 Quod
419 5170 494 5223 ad
522 5170 845 5224 electionem
872 5169 1039 5239 igitur
1065 5169 1282 5235 attinet,
1314 5170 1686 5223 certissimum
1710 5179 1814 5233 est,

204 5278 345 5316 eam
373 5276 476 5330 per
505 5262 857 5332 presbyteros
887 5260 970 5314 vel
991 5276 1056 5314 ex
1080 5259 1415 5331 presbyteris
1461 5260 1660 5313 tactam
1697 5259 1817 5315 sine

207 5354 513 5422 episcopo,
536 5367 647 5407 non
680 5351 852 5408 fuisse
878 5352 1111 5407 consilio
1144 5350 1430 5422 lgnatiano
1454 5350 1811 5406 contrariam.

212 5444 562 5516 Ubicunque
591 5446 736 5500 facta
760 5456 846 5501 est
889 5444 1005 5499 sive
1036 5460 1135 5513 per
1183 5444 1555 5514 presbyteros.
1586 5442 1672 5497 vel
1702 5441 1815 5511 ple-

208 5539 375 5603 bem,
410 5538 527 5593 sive
570 5552 639 5593 ex
697 5536 1053 5607 presbyteris,
1096 5537 1213 5591 sive
1245 5551 1311 5590 es
1344 5536 1507 5599 aliis,
1537 5535 1656 5589 sine
1697 5549 1785 5603 ept

211 5647 399 5701 scopo
425 5632 654 5686 omnino
677 5630 795 5684 tieri
823 5627 1021 5699 potuit.
1060 5626 1204 5683 Usus
1236 5627 1405 5698 igitur
1442 5627 1530 5681 hic
1554 5626 1813 5682 Ecclesia:

207 5723 610 5779 Alexandrinae
664 5722 719 5775 in
757 5720 1009 5792 eligendo
1043 5719 1301 5789 episcopo
1332 5718 1443 5773 dici
1494 5734 1601 5773 non
1634 5726 1811 5788 potest

210 5812 526 5883 disciplina:
556 5813 629 5871 ab
660 5811 873 5883 lgnatio
898 5810 1113 5867 traditae
1140 5809 1476 5867 contrarius.

1926 4623 1993 4661 ex
2019 4608 2391 4677 antiquiorum
2422 4609 2795 4664 monumentis
2841 4625 2967 4661 eum
2999 4607 3291 4662 Melianum
3317 4615 3501 4671 vocat,

1925 4716 2087 4770 quem
2115 4701 2206 4754 alii
2238 4701 2500 4767 Abilium,
2532 4700 2836 4773 Eutychius
2865 4699 3199 4765 Philetium)
3235 4698 3502 4751 successit

1922 4791 2158 4857 Cerdon,
2183 4792 2251 4846 ad
2278 4793 2437 4861 cujus
2468 4793 2877 4846 ordinationem
2923 4798 2982 4842 ut
3017 4797 3071 4841 et
3111 4788 3344 4841 aliorum
3378 4796 3502 4854 post

1921 4895 2139 4949 eum,et
2165 4894 2291 4939 ante
2319 4884 2677 4949 Demetrium,
2701 4882 2943 4952 episcopi
2974 4896 3038 4934 ex
3063 4896 3125 4933 ea
3157 4879 3376 4947 regione
3406 4893 3497 4931 ac-

1921 4988 2229 5043 cesserunt,
2259 4987 2318 5032 ut
2347 4978 2513 5031 tradit
2550 4976 2807 5038 Severus,
2840 4974 2934 5045 qui
2960 4973 3190 5027 Arabice
3224 4970 3374 5024 Vitas
3402 4986 3499 5039 pa-

1921 5069 2286 5124 triarcharnm
2302 5068 2802 5123 Alexandrinorum
2833 5065 3075 5134 scripsit,
3109 5063 3251 5131 apud
3282 5059 3498 5113 Eccth-

1918 5160 2146 5215 lensem.
2179 5158 2433 5214 Nondum
2462 5159 2630 5229 igitur
2658 5165 2823 5227 patet,
2875 5155 3223 5225 presbyteros
3258 5150 3491 5204 Alexan-

1918 5250 2053 5305 driae
2085 5252 2454 5322 patriarcham
2508 5250 2726 5316 fecisse,
2755 5247 2895 5318 quod
2946 5247 3240 5300 maximum
3282 5255 3382 5307 est,
3436 5251 3495 5295 ut

1917 5344 2096 5416 inquit
2146 5343 2420 5399 Dallaaus:
2476 5342 2650 5395 multo
2684 5342 2864 5395 minus
2919 5346 3087 5407 patet.
3145 5335 3494 5406 presbyteros

1915 5438 2294 5509 presbyterum
2327 5436 2542 5501 fecisse,
2573 5435 2717 5504 quod
2742 5434 2859 5489 sine
2877 5428 3216 5501 Hieronymi,
3243 5428 3361 5483 sine
3383 5425 3493 5479 Ειι-

1914 5528 2105 5601 tychii,
2132 5528 2252 5583 sine
2277 5525 2585 5597 cuiuspiam
2619 5523 2943 5579 auctoritate
2980 5520 3165 5575 tradit.
3223 5518 3493 5573 Seldeuus

1913 5622 2134 5691 quidem
2165 5635 2233 5674 ex
2267 5634 2333 5673 eo
2357 5614 2673 5687 Hieronymi
2700 5615 2819 5669 loco
2842 5614 3022 5684 palam
3045 5626 3167 5666 esse
3192 5608 3326 5671 vult,
3358 5608 3487 5677 legi-

1912 5714 2102 5767 timam
2130 5710 2260 5765 olim
2286 5707 2621 5781 presbyteris
2652 5704 3039 5760 Alexandrinis
3058 5699 3348 5757 ordinandi
3375 5707 3489 5751 tutu

1912 5804 2230 5875 episcopum
2260 5797 2715 5865 Alexandrinum,
2739 5805 2855 5853 tum
2893 5792 3243 5867 presbyteros
3298 5787 3487 5845 saltent
