  <div class='ocr_page' id='page_1' title='image "/cluster/home/n/w/nwhite01/storage/ocr_20150623/5/coo.31924054872845/123.png"; bbox 0 0 4078 6406; ppageno 0'>
   <div class='ocr_carea' id='block_1_1' title="bbox 578 346 675 401">
    <p class='ocr_par' dir='ltr' id='par_1_1' title="bbox 578 346 675 401">
     <span class='ocr_line' id='line_1_1' title="bbox 578 346 675 401; baseline -0.021 0"><span class='ocrx_word' id='word_1_1' title='bbox 578 346 675 401; x_wconf 70' lang='grc'><strong>251</strong></span> 
     </span>
    </p>
   </div>
   <div class='ocr_carea' id='block_1_2' title="bbox 1606 345 2724 405">
    <p class='ocr_par' dir='ltr' id='par_1_2' title="bbox 1606 345 2724 405">
     <span class='ocr_line' id='line_1_2' title="bbox 1606 345 2724 405; baseline 0 -5"><span class='ocrx_word' id='word_1_2' title='bbox 1606 346 1662 401; x_wconf 91' lang='lat' dir='ltr'><strong>S.</strong></span> <span class='ocrx_word' id='word_1_3' title='bbox 1710 345 2060 405; x_wconf 83' lang='lat' dir='ltr'><strong>IGNATIUS.</strong></span> <span class='ocrx_word' id='word_1_4' title='bbox 2094 380 2163 388; x_wconf 95' lang='lat'><strong><em>—</em></strong></span> <span class='ocrx_word' id='word_1_5' title='bbox 2185 345 2724 404; x_wconf 80' lang='lat' dir='ltr'><strong>PROLEGOMENA.</strong></span> 
     </span>
    </p>
   </div>
   <div class='ocr_carea' id='block_1_3' title="bbox 3743 350 3855 405">
    <p class='ocr_par' dir='ltr' id='par_1_3' title="bbox 3743 350 3855 405">
     <span class='ocr_line' id='line_1_3' title="bbox 3743 350 3855 405; baseline 0.018 -2"><span class='ocrx_word' id='word_1_6' title='bbox 3743 350 3855 405; x_wconf 71' lang='lat'><strong>252</strong></span> 
     </span>
    </p>
   </div>
   <div class='ocr_carea' id='block_1_4' title="bbox 582 465 3857 537">
    <p class='ocr_par' dir='ltr' id='par_1_4' title="bbox 582 465 3857 537">
     <span class='ocr_line' id='line_1_4' title="bbox 582 465 3857 537; baseline 0.001 -16"><span class='ocrx_word' id='word_1_7' title='bbox 582 469 636 521; x_wconf 92' lang='lat' dir='ltr'><strong>iu</strong></span> <span class='ocrx_word' id='word_1_8' title='bbox 676 466 919 521; x_wconf 82' lang='lat' dir='ltr'><strong>Ecclesia</strong></span> <span class='ocrx_word' id='word_1_9' title='bbox 947 465 1316 520; x_wconf 80' lang='lat' dir='ltr'><strong>Alexandrina</strong></span> <span class='ocrx_word' id='word_1_10' title='bbox 1347 466 1661 522; x_wconf 78' lang='lat' dir='ltr'><strong>facultatem</strong></span> <span class='ocrx_word' id='word_1_11' title='bbox 1712 469 1956 524; x_wconf 90' lang='lat' dir='ltr'><strong>habitam</strong></span> <span class='ocrx_word' id='word_1_12' title='bbox 2002 485 2160 532; x_wconf 85' lang='lat' dir='ltr'><strong>esse;</strong></span> <span class='ocrx_word' id='word_1_13' title='bbox 2195 483 2238 533; x_wconf 79' lang='grc' dir='ltr'><strong>Α</strong></span> <span class='ocrx_word' id='word_1_14' title='bbox 2267 481 2316 522; x_wconf 87' lang='lat' dir='ltr'><strong>et</strong></span> <span class='ocrx_word' id='word_1_15' title='bbox 2342 470 2593 532; x_wconf 84' lang='lat' dir='ltr'><strong>castella;</strong></span> <span class='ocrx_word' id='word_1_16' title='bbox 2626 468 2958 537; x_wconf 86' lang='lat' dir='ltr'><strong>metropolim</strong></span> <span class='ocrx_word' id='word_1_17' title='bbox 2986 478 3164 522; x_wconf 85' lang='lat' dir='ltr'><strong>autem</strong></span> <span class='ocrx_word' id='word_1_18' title='bbox 3194 468 3347 521; x_wconf 70' lang='lat' dir='ltr'><strong>habet</strong></span> <span class='ocrx_word' id='word_1_19' title='bbox 3402 467 3587 524; x_wconf 83' lang='lat' dir='ltr'><strong>Tomes</strong></span> <span class='ocrx_word' id='word_1_20' title='bbox 3608 512 3624 531; x_wconf 91' lang='lat'><strong>,</strong></span> <span class='ocrx_word' id='word_1_21' title='bbox 3675 473 3857 524; x_wconf 81' lang='lat' dir='ltr'><strong><em>urbem</em></strong></span> 
     </span>
    </p>
   </div>
   <div class='ocr_carea' id='block_1_5' title="bbox 580 559 2164 629">
    <p class='ocr_par' dir='ltr' id='par_1_5' title="bbox 580 559 2164 629">
     <span class='ocr_line' id='line_1_5' title="bbox 580 559 2164 629; baseline 0.003 -17"><span class='ocrx_word' id='word_1_22' title='bbox 580 560 676 613; x_wconf 84' lang='lat' dir='ltr'><strong>sed</strong></span> <span class='ocrx_word' id='word_1_23' title='bbox 703 559 982 628; x_wconf 88' lang='lat' dir='ltr'><strong>quomodo</strong></span> <span class='ocrx_word' id='word_1_24' title='bbox 1028 560 1154 612; x_wconf 89' lang='lat' dir='ltr'><strong>inde</strong></span> <span class='ocrx_word' id='word_1_25' title='bbox 1184 560 1367 628; x_wconf 77' lang='lat' dir='ltr'><strong>colligi</strong></span> <span class='ocrx_word' id='word_1_26' title='bbox 1406 561 1601 629; x_wconf 86' lang='lat' dir='ltr'><strong>possit,</strong></span> <span class='ocrx_word' id='word_1_27' title='bbox 1637 576 1749 615; x_wconf 89' lang='lat' dir='ltr'><strong>non</strong></span> <span class='ocrx_word' id='word_1_28' title='bbox 1778 562 1958 617; x_wconf 90' lang='lat' dir='ltr'><strong>docet.</strong></span> <span class='ocrx_word' id='word_1_29' title='bbox 2002 562 2164 617; x_wconf 82' lang='lat' dir='ltr'><strong>Certe</strong></span> 
     </span>
    </p>
   </div>
   <div class='ocr_carea' id='block_1_6' title="bbox 580 650 2163 724">
    <p class='ocr_par' dir='ltr' id='par_1_6' title="bbox 580 650 2163 724">
     <span class='ocr_line' id='line_1_6' title="bbox 580 650 2163 724; baseline 0.003 -21"><span class='ocrx_word' id='word_1_30' title='bbox 580 650 948 721; x_wconf 79' lang='lat' dir='ltr'><strong>Hieronymus</strong></span> <span class='ocrx_word' id='word_1_31' title='bbox 973 650 1041 705; x_wconf 89' lang='lat' dir='ltr'><strong>de</strong></span> <span class='ocrx_word' id='word_1_32' title='bbox 1086 652 1434 705; x_wconf 90' lang='lat' dir='ltr'><strong>ordinatione</strong></span> <span class='ocrx_word' id='word_1_33' title='bbox 1458 650 1765 724; x_wconf 84' lang='lat' dir='ltr'><strong>presbyteri</strong></span> <span class='ocrx_word' id='word_1_34' title='bbox 1798 670 1907 709; x_wconf 90' lang='lat' dir='ltr'><strong>non</strong></span> <span class='ocrx_word' id='word_1_35' title='bbox 1935 654 2163 709; x_wconf 88' lang='lat' dir='ltr'><strong>omnino</strong></span> 
     </span>
    </p>
   </div>
   <div class='ocr_carea' id='block_1_7' title="bbox 579 742 2161 814">
    <p class='ocr_par' dir='ltr' id='par_1_7' title="bbox 579 742 2161 814">
     <span class='ocr_line' id='line_1_7' title="bbox 579 742 2161 814; baseline 0.002 -19"><span class='ocrx_word' id='word_1_36' title='bbox 579 742 838 806; x_wconf 88' lang='lat' dir='ltr'><strong>loouitur,</strong></span> <span class='ocrx_word' id='word_1_37' title='bbox 872 742 979 796; x_wconf 89' lang='lat' dir='ltr'><strong>hoc</strong></span> <span class='ocrx_word' id='word_1_38' title='bbox 1016 751 1122 806; x_wconf 90' lang='lat' dir='ltr'><strong>est,</strong></span> <span class='ocrx_word' id='word_1_39' title='bbox 1157 744 1224 798; x_wconf 91' lang='lat' dir='ltr'><strong>de</strong></span> <span class='ocrx_word' id='word_1_40' title='bbox 1258 744 1579 814; x_wconf 81' lang='lat' dir='ltr'><strong>presbytero</strong></span> <span class='ocrx_word' id='word_1_41' title='bbox 1612 760 1707 813; x_wconf 90' lang='lat' dir='ltr'><strong>per</strong></span> <span class='ocrx_word' id='word_1_42' title='bbox 1761 746 2161 800; x_wconf 85' lang='lat' dir='ltr'><strong>ordinationem</strong></span> 
     </span>
    </p>
   </div>
   <div class='ocr_carea' id='block_1_8' title="bbox 575 834 2161 908">
    <p class='ocr_par' dir='ltr' id='par_1_8' title="bbox 575 834 2161 908">
     <span class='ocr_line' id='line_1_8' title="bbox 575 834 2161 908; baseline 0.004 -21"><span class='ocrx_word' id='word_1_43' title='bbox 575 838 742 900; x_wconf 83' lang='lat' dir='ltr'><strong>facto,</strong></span> <span class='ocrx_word' id='word_1_44' title='bbox 767 834 879 888; x_wconf 90' lang='lat' dir='ltr'><strong>imo</strong></span> <span class='ocrx_word' id='word_1_45' title='bbox 912 850 1090 904; x_wconf 89' lang='lat' dir='ltr'><strong>neque</strong></span> <span class='ocrx_word' id='word_1_46' title='bbox 1119 837 1183 890; x_wconf 90' lang='lat' dir='ltr'><strong>de</strong></span> <span class='ocrx_word' id='word_1_47' title='bbox 1210 836 1559 891; x_wconf 86' lang='lat' dir='ltr'><strong>ordinatione</strong></span> <span class='ocrx_word' id='word_1_48' title='bbox 1576 837 1888 907; x_wconf 84' lang='lat' dir='ltr'><strong>eujuspiam</strong></span> <span class='ocrx_word' id='word_1_49' title='bbox 1921 854 2013 907; x_wconf 89' lang='lat' dir='ltr'><strong>per</strong></span> <span class='ocrx_word' id='word_1_50' title='bbox 2038 855 2161 908; x_wconf 87' lang='lat' dir='ltr'><strong>pre-</strong></span> 
     </span>
    </p>
   </div>
   <div class='ocr_carea' id='block_1_9' title="bbox 576 927 2158 1000">
    <p class='ocr_par' dir='ltr' id='par_1_9' title="bbox 576 927 2158 1000">
     <span class='ocr_line' id='line_1_9' title="bbox 576 927 2158 1000; baseline 0.003 -19"><span class='ocrx_word' id='word_1_51' title='bbox 576 928 855 998; x_wconf 90' lang='lat' dir='ltr'><strong>sbyterum</strong></span> <span class='ocrx_word' id='word_1_52' title='bbox 884 927 1027 982; x_wconf 89' lang='lat' dir='ltr'><strong>facta</strong></span> <span class='ocrx_word' id='word_1_53' title='bbox 1048 943 1114 981; x_wconf 91' lang='lat' dir='ltr'><strong>eo</strong></span> <span class='ocrx_word' id='word_1_54' title='bbox 1143 927 1247 982; x_wconf 87' lang='lat' dir='ltr'><strong>loci</strong></span> <span class='ocrx_word' id='word_1_55' title='bbox 1281 927 1508 998; x_wconf 79' lang='lat' dir='ltr'><strong>intelligi</strong></span> <span class='ocrx_word' id='word_1_56' title='bbox 1551 940 1769 998; x_wconf 91' lang='lat' dir='ltr'><strong>potest,</strong></span> <span class='ocrx_word' id='word_1_57' title='bbox 1824 931 1953 1000; x_wconf 89' lang='lat' dir='ltr'><strong>quia</strong></span> <span class='ocrx_word' id='word_1_58' title='bbox 1994 932 2158 986; x_wconf 88' lang='lat' dir='ltr'><strong>verba</strong></span> 
     </span>
    </p>
   </div>
   <div class='ocr_carea' id='block_1_10' title="bbox 575 1022 2155 1091">
    <p class='ocr_par' dir='ltr' id='par_1_10' title="bbox 575 1022 2155 1091">
     <span class='ocr_line' id='line_1_10' title="bbox 575 1022 2155 1091; baseline 0.003 -16"><span class='ocrx_word' id='word_1_59' title='bbox 575 1038 697 1091; x_wconf 76' lang='lat' dir='ltr'><strong>quae</strong></span> <span class='ocrx_word' id='word_1_60' title='bbox 740 1022 990 1091; x_wconf 78' lang='lat' dir='ltr'><strong>proxime</strong></span> <span class='ocrx_word' id='word_1_61' title='bbox 1032 1029 1375 1090; x_wconf 89' lang='lat' dir='ltr'><strong>sequuntur,</strong></span> <span class='ocrx_word' id='word_1_62' title='bbox 1416 1031 1471 1075; x_wconf 88' lang='lat' dir='ltr'><strong>et</strong></span> <span class='ocrx_word' id='word_1_63' title='bbox 1502 1023 1815 1091; x_wconf 89' lang='lat' dir='ltr'><strong>periocham</strong></span> <span class='ocrx_word' id='word_1_64' title='bbox 1870 1024 2155 1089; x_wconf 88' lang='lat' dir='ltr'><strong>claudunt,</strong></span> 
     </span>
    </p>
   </div>
   <div class='ocr_carea' id='block_1_11' title="bbox 576 1112 2159 1185">
    <p class='ocr_par' dir='ltr' id='par_1_11' title="bbox 576 1112 2159 1185">
     <span class='ocr_line' id='line_1_11' title="bbox 576 1112 2159 1185; baseline 0.001 -16"><span class='ocrx_word' id='word_1_65' title='bbox 576 1116 690 1169; x_wconf 70' lang='lat' dir='ltr'><strong>haec</strong></span> <span class='ocrx_word' id='word_1_66' title='bbox 724 1123 879 1168; x_wconf 87' lang='lat' dir='ltr'><strong>sunt:</strong></span> <span class='ocrx_word' id='word_1_67' title='bbox 918 1112 1059 1178; x_wconf 86' lang='lat' dir='ltr'><strong>Quid</strong></span> <span class='ocrx_word' id='word_1_68' title='bbox 1083 1115 1221 1167; x_wconf 88' lang='lat' dir='ltr'><strong>enim</strong></span> <span class='ocrx_word' id='word_1_69' title='bbox 1247 1114 1399 1181; x_wconf 80' lang='lat' dir='ltr'><strong>facit,</strong></span> <span class='ocrx_word' id='word_1_70' title='bbox 1419 1128 1635 1183; x_wconf 73' lang='lat' dir='ltr'><strong>excepta</strong></span> <span class='ocrx_word' id='word_1_71' title='bbox 1660 1116 2017 1182; x_wconf 78' lang='lat' dir='ltr'><strong>ordinatione,</strong></span> <span class='ocrx_word' id='word_1_72' title='bbox 2049 1120 2159 1185; x_wconf 85' lang='lat' dir='ltr'><strong>epi-</strong></span> 
     </span>
    </p>
   </div>
   <div class='ocr_carea' id='block_1_12' title="bbox 572 1208 2158 1281">
    <p class='ocr_par' dir='ltr' id='par_1_12' title="bbox 572 1208 2158 1281">
     <span class='ocr_line' id='line_1_12' title="bbox 572 1208 2158 1281; baseline 0.003 -20"><span class='ocrx_word' id='word_1_73' title='bbox 572 1225 760 1277; x_wconf 88' lang='lat' dir='ltr'><strong>scopus</strong></span> <span class='ocrx_word' id='word_1_74' title='bbox 789 1250 804 1273; x_wconf 92' lang='lat'><strong>,</strong></span> <span class='ocrx_word' id='word_1_75' title='bbox 849 1209 988 1277; x_wconf 88' lang='lat' dir='ltr'><strong>quod</strong></span> <span class='ocrx_word' id='word_1_76' title='bbox 1017 1208 1285 1276; x_wconf 83' lang='lat' dir='ltr'><strong>presbyter</strong></span> <span class='ocrx_word' id='word_1_77' title='bbox 1321 1224 1425 1261; x_wconf 88' lang='lat' dir='ltr'><strong>non</strong></span> <span class='ocrx_word' id='word_1_78' title='bbox 1472 1210 1747 1277; x_wconf 67' lang='lat' dir='ltr'><strong>facitiAd</strong></span> <span class='ocrx_word' id='word_1_79' title='bbox 1791 1211 2158 1281; x_wconf 83' lang='lat' dir='ltr'><strong>quodcunque</strong></span> 
     </span>
    </p>
   </div>
   <div class='ocr_carea' id='block_1_13' title="bbox 574 1298 2159 1367">
    <p class='ocr_par' dir='ltr' id='par_1_13' title="bbox 574 1298 2159 1367">
     <span class='ocr_line' id='line_1_13' title="bbox 574 1298 2159 1367; baseline 0.003 -14"><span class='ocrx_word' id='word_1_80' title='bbox 574 1300 719 1354; x_wconf 88' lang='lat' dir='ltr'><strong>enim</strong></span> <span class='ocrx_word' id='word_1_81' title='bbox 756 1307 972 1367; x_wconf 86' lang='lat' dir='ltr'><strong>tempus</strong></span> <span class='ocrx_word' id='word_1_82' title='bbox 1002 1299 1117 1353; x_wconf 70' lang='lat' dir='ltr'><strong>hmc</strong></span> <span class='ocrx_word' id='word_1_83' title='bbox 1149 1299 1310 1352; x_wconf 89' lang='lat' dir='ltr'><strong>verba</strong></span> <span class='ocrx_word' id='word_1_84' title='bbox 1344 1298 1675 1365; x_wconf 81' lang='lat' dir='ltr'><strong>referantur,</strong></span> <span class='ocrx_word' id='word_1_85' title='bbox 1727 1302 1774 1355; x_wconf 86' lang='lat' dir='ltr'><strong>si</strong></span> <span class='ocrx_word' id='word_1_86' title='bbox 1821 1302 1890 1355; x_wconf 89' lang='lat' dir='ltr'><strong>de</strong></span> <span class='ocrx_word' id='word_1_87' title='bbox 1933 1303 2159 1357; x_wconf 87' lang='lat' dir='ltr'><strong>ordina-</strong></span> 
     </span>
    </p>
   </div>
   <div class='ocr_carea' id='block_1_14' title="bbox 574 1387 2156 1459">
    <p class='ocr_par' dir='ltr' id='par_1_14' title="bbox 574 1387 2156 1459">
     <span class='ocr_line' id='line_1_14' title="bbox 574 1387 2156 1459; baseline 0.002 -16"><span class='ocrx_word' id='word_1_88' title='bbox 574 1390 724 1444; x_wconf 88' lang='lat' dir='ltr'><strong>tione</strong></span> <span class='ocrx_word' id='word_1_89' title='bbox 759 1405 854 1459; x_wconf 90' lang='lat' dir='ltr'><strong>per</strong></span> <span class='ocrx_word' id='word_1_90' title='bbox 888 1390 1268 1458; x_wconf 81' lang='lat' dir='ltr'><strong>presbyterum</strong></span> <span class='ocrx_word' id='word_1_91' title='bbox 1301 1387 1445 1445; x_wconf 84' lang='lat' dir='ltr'><strong>facta</strong></span> <span class='ocrx_word' id='word_1_92' title='bbox 1476 1392 1693 1446; x_wconf 92' lang='lat' dir='ltr'><strong>locutus</strong></span> <span class='ocrx_word' id='word_1_93' title='bbox 1710 1389 1927 1459; x_wconf 88' lang='lat' dir='ltr'><strong>fuisset,</strong></span> <span class='ocrx_word' id='word_1_94' title='bbox 1953 1392 2045 1447; x_wconf 88' lang='lat' dir='ltr'><strong>hic</strong></span> <span class='ocrx_word' id='word_1_95' title='bbox 2074 1392 2156 1446; x_wconf 89' lang='lat' dir='ltr'><strong>lo-</strong></span> 
     </span>
    </p>
   </div>
   <div class='ocr_carea' id='block_1_15' title="bbox 573 1484 1371 1552">
    <p class='ocr_par' dir='ltr' id='par_1_15' title="bbox 573 1484 1371 1552">
     <span class='ocr_line' id='line_1_15' title="bbox 573 1484 1371 1552; baseline -0.003 -14"><span class='ocrx_word' id='word_1_96' title='bbox 573 1500 698 1539; x_wconf 94' lang='lat' dir='ltr'><strong>cum</strong></span> <span class='ocrx_word' id='word_1_97' title='bbox 746 1484 949 1538; x_wconf 88' lang='lat' dir='ltr'><strong>habere</strong></span> <span class='ocrx_word' id='word_1_98' title='bbox 988 1500 1096 1538; x_wconf 90' lang='lat' dir='ltr'><strong>non</strong></span> <span class='ocrx_word' id='word_1_99' title='bbox 1126 1492 1371 1552; x_wconf 88' lang='lat' dir='ltr'><strong>possent.</strong></span> 
     </span>
    </p>
   </div>
   <div class='ocr_carea' id='block_1_16' title="bbox 644 1577 2154 1647">
    <p class='ocr_par' dir='ltr' id='par_1_16' title="bbox 644 1577 2154 1647">
     <span class='ocr_line' id='line_1_16' title="bbox 644 1577 2154 1647; baseline 0.003 -17"><span class='ocrx_word' id='word_1_100' title='bbox 644 1577 782 1630; x_wconf 84' lang='lat' dir='ltr'><strong>Cum</strong></span> <span class='ocrx_word' id='word_1_101' title='bbox 838 1577 1004 1647; x_wconf 78' lang='lat' dir='ltr'><strong>igitur</strong></span> <span class='ocrx_word' id='word_1_102' title='bbox 1034 1594 1167 1632; x_wconf 89' lang='lat' dir='ltr'><strong>usus</strong></span> <span class='ocrx_word' id='word_1_103' title='bbox 1192 1578 1281 1633; x_wconf 89' lang='lat' dir='ltr'><strong>ille</strong></span> <span class='ocrx_word' id='word_1_104' title='bbox 1306 1579 1375 1632; x_wconf 92' lang='lat' dir='ltr'><strong>de</strong></span> <span class='ocrx_word' id='word_1_105' title='bbox 1422 1578 1693 1633; x_wconf 87' lang='lat' dir='ltr'><strong>electione</strong></span> <span class='ocrx_word' id='word_1_106' title='bbox 1725 1587 1779 1633; x_wconf 89' lang='lat' dir='ltr'><strong>et</strong></span> <span class='ocrx_word' id='word_1_107' title='bbox 1807 1578 2154 1647; x_wconf 89' lang='lat' dir='ltr'><strong>promotione</strong></span> 
     </span>
    </p>
   </div>
   <div class='ocr_carea' id='block_1_17' title="bbox 573 1668 2155 1739">
    <p class='ocr_par' dir='ltr' id='par_1_17' title="bbox 573 1668 2155 1739">
     <span class='ocr_line' id='line_1_17' title="bbox 573 1668 2155 1739; baseline 0 -16"><span class='ocrx_word' id='word_1_108' title='bbox 573 1668 816 1739; x_wconf 86' lang='lat' dir='ltr'><strong>episcopi</strong></span> <span class='ocrx_word' id='word_1_109' title='bbox 860 1668 1238 1732; x_wconf 83' lang='lat' dir='ltr'><strong>Alexandrini,</strong></span> <span class='ocrx_word' id='word_1_110' title='bbox 1280 1669 1460 1738; x_wconf 87' lang='lat' dir='ltr'><strong>qualis</strong></span> <span class='ocrx_word' id='word_1_111' title='bbox 1484 1669 1665 1739; x_wconf 84' lang='lat' dir='ltr'><strong>qualis</strong></span> <span class='ocrx_word' id='word_1_112' title='bbox 1716 1668 1901 1730; x_wconf 90' lang='lat' dir='ltr'><strong>fuerit,</strong></span> <span class='ocrx_word' id='word_1_113' title='bbox 1936 1672 2155 1739; x_wconf 87' lang='lat' dir='ltr'><strong>(neque</strong></span> 
     </span>
    </p>
   </div>
   <div class='ocr_carea' id='block_1_18' title="bbox 575 1759 2152 1829">
    <p class='ocr_par' dir='ltr' id='par_1_18' title="bbox 575 1759 2152 1829">
     <span class='ocr_line' id='line_1_18' title="bbox 575 1759 2152 1829; baseline 0.001 -14"><span class='ocrx_word' id='word_1_114' title='bbox 575 1762 720 1816; x_wconf 89' lang='lat' dir='ltr'><strong>enim</strong></span> <span class='ocrx_word' id='word_1_115' title='bbox 753 1761 1154 1814; x_wconf 88' lang='lat' dir='ltr'><strong>ordinationem</strong></span> <span class='ocrx_word' id='word_1_116' title='bbox 1216 1759 1543 1825; x_wconf 76' lang='lat' dir='ltr'><strong>Salmasius,</strong></span> <span class='ocrx_word' id='word_1_117' title='bbox 1603 1776 1780 1829; x_wconf 89' lang='lat' dir='ltr'><strong>neque</strong></span> <span class='ocrx_word' id='word_1_118' title='bbox 1830 1761 2152 1815; x_wconf 89' lang='lat' dir='ltr'><strong>electionem</strong></span> 
     </span>
    </p>
   </div>
   <div class='ocr_carea' id='block_1_19' title="bbox 576 1852 2156 1923">
    <p class='ocr_par' dir='ltr' id='par_1_19' title="bbox 576 1852 2156 1923">
     <span class='ocr_line' id='line_1_19' title="bbox 576 1852 2156 1923; baseline 0.001 -14"><span class='ocrx_word' id='word_1_119' title='bbox 576 1855 818 1909; x_wconf 89' lang='lat' dir='ltr'><strong>admittit</strong></span> <span class='ocrx_word' id='word_1_120' title='bbox 844 1853 1191 1921; x_wconf 89' lang='lat' dir='ltr'><strong>Bloudellns)</strong></span> <span class='ocrx_word' id='word_1_121' title='bbox 1224 1855 1356 1907; x_wconf 89' lang='lat' dir='ltr'><strong>nulli</strong></span> <span class='ocrx_word' id='word_1_122' title='bbox 1406 1853 1570 1907; x_wconf 79' lang='lat' dir='ltr'><strong>elfato</strong></span> <span class='ocrx_word' id='word_1_123' title='bbox 1627 1852 1909 1923; x_wconf 87' lang='lat' dir='ltr'><strong>lguatiano</strong></span> <span class='ocrx_word' id='word_1_124' title='bbox 1950 1855 2156 1910; x_wconf 87' lang='lat' dir='ltr'><strong>directe</strong></span> 
     </span>
    </p>
   </div>
   <div class='ocr_carea' id='block_1_20' title="bbox 575 1946 2157 2017">
    <p class='ocr_par' dir='ltr' id='par_1_20' title="bbox 575 1946 2157 2017">
     <span class='ocr_line' id='line_1_20' title="bbox 575 1946 2157 2017; baseline 0 -15"><span class='ocrx_word' id='word_1_125' title='bbox 575 1958 922 2017; x_wconf 90' lang='lat' dir='ltr'><strong>opponatur,</strong></span> <span class='ocrx_word' id='word_1_126' title='bbox 952 1960 1007 2001; x_wconf 92' lang='lat' dir='ltr'><strong>et</strong></span> <span class='ocrx_word' id='word_1_127' title='bbox 1052 1955 1325 2015; x_wconf 84' lang='lat' dir='ltr'><strong>supponat</strong></span> <span class='ocrx_word' id='word_1_128' title='bbox 1355 1947 1521 2000; x_wconf 90' lang='lat' dir='ltr'><strong>etiam</strong></span> <span class='ocrx_word' id='word_1_129' title='bbox 1579 1947 1827 2000; x_wconf 88' lang='lat' dir='ltr'><strong>eamdem</strong></span> <span class='ocrx_word' id='word_1_130' title='bbox 1875 1946 2157 2017; x_wconf 81' lang='lat' dir='ltr'><strong>regiminis</strong></span> 
     </span>
    </p>
   </div>
   <div class='ocr_carea' id='block_1_21' title="bbox 574 2037 2154 2109">
    <p class='ocr_par' dir='ltr' id='par_1_21' title="bbox 574 2037 2154 2109">
     <span class='ocr_line' id='line_1_21' title="bbox 574 2037 2154 2109; baseline 0 -15"><span class='ocrx_word' id='word_1_131' title='bbox 574 2040 807 2095; x_wconf 86' lang='lat' dir='ltr'><strong>formam</strong></span> <span class='ocrx_word' id='word_1_132' title='bbox 831 2038 1175 2094; x_wconf 73' lang='lat' dir='ltr'><strong>Alexandriae</strong></span> <span class='ocrx_word' id='word_1_133' title='bbox 1199 2039 1441 2093; x_wconf 85' lang='lat' dir='ltr'><strong>abinitio</strong></span> <span class='ocrx_word' id='word_1_134' title='bbox 1460 2054 1675 2107; x_wconf 89' lang='lat' dir='ltr'><strong>semper</strong></span> <span class='ocrx_word' id='word_1_135' title='bbox 1691 2037 1965 2102; x_wconf 80' lang='lat' dir='ltr'><strong>floruisse,</strong></span> <span class='ocrx_word' id='word_1_136' title='bbox 1990 2056 2154 2109; x_wconf 90' lang='lat' dir='ltr'><strong>quam</strong></span> 
     </span>
    </p>
   </div>
   <div class='ocr_carea' id='block_1_22' title="bbox 575 2131 2157 2203">
    <p class='ocr_par' dir='ltr' id='par_1_22' title="bbox 575 2131 2157 2203">
     <span class='ocr_line' id='line_1_22' title="bbox 575 2131 2157 2203; baseline 0 -15"><span class='ocrx_word' id='word_1_137' title='bbox 575 2133 809 2203; x_wconf 82' lang='lat' dir='ltr'><strong>requirit</strong></span> <span class='ocrx_word' id='word_1_138' title='bbox 854 2142 908 2187; x_wconf 91' lang='lat' dir='ltr'><strong>et</strong></span> <span class='ocrx_word' id='word_1_139' title='bbox 940 2131 1127 2185; x_wconf 88' lang='lat' dir='ltr'><strong>laudat</strong></span> <span class='ocrx_word' id='word_1_140' title='bbox 1158 2131 1438 2200; x_wconf 84' lang='lat' dir='ltr'><strong>lgnatius;</strong></span> <span class='ocrx_word' id='word_1_141' title='bbox 1473 2146 1711 2200; x_wconf 89' lang='lat' dir='ltr'><strong>cumque</strong></span> <span class='ocrx_word' id='word_1_142' title='bbox 1764 2131 2001 2186; x_wconf 90' lang='lat' dir='ltr'><strong>durante</strong></span> <span class='ocrx_word' id='word_1_143' title='bbox 2051 2134 2157 2188; x_wconf 90' lang='lat' dir='ltr'><strong>hoc</strong></span> 
     </span>
    </p>
   </div>
   <div class='ocr_carea' id='block_1_23' title="bbox 574 2221 2157 2295">
    <p class='ocr_par' dir='ltr' id='par_1_23' title="bbox 574 2221 2157 2295">
     <span class='ocr_line' id='line_1_23' title="bbox 574 2221 2157 2295; baseline 0.001 -15"><span class='ocrx_word' id='word_1_144' title='bbox 574 2242 701 2290; x_wconf 91' lang='lat' dir='ltr'><strong>usu,</strong></span> <span class='ocrx_word' id='word_1_145' title='bbox 734 2225 838 2281; x_wconf 88' lang='lat' dir='ltr'><strong>sub</strong></span> <span class='ocrx_word' id='word_1_146' title='bbox 869 2235 1114 2295; x_wconf 89' lang='lat' dir='ltr'><strong>tempora</strong></span> <span class='ocrx_word' id='word_1_147' title='bbox 1150 2224 1430 2289; x_wconf 91' lang='lat' dir='ltr'><strong>Demetrii,</strong></span> <span class='ocrx_word' id='word_1_148' title='bbox 1487 2221 1771 2295; x_wconf 89' lang='lat' dir='ltr'><strong>Origenes,</strong></span> <span class='ocrx_word' id='word_1_149' title='bbox 1813 2225 2157 2281; x_wconf 77' lang='lat' dir='ltr'><strong>Alexandria:</strong></span> 
     </span>
    </p>
   </div>
   <div class='ocr_carea' id='block_1_24' title="bbox 572 2314 2157 2387">
    <p class='ocr_par' dir='ltr' id='par_1_24' title="bbox 572 2314 2157 2387">
     <span class='ocr_line' id='line_1_24' title="bbox 572 2314 2157 2387; baseline -0.001 -13"><span class='ocrx_word' id='word_1_150' title='bbox 572 2319 778 2374; x_wconf 77' lang='lat' dir='ltr'><strong>schola:</strong></span> <span class='ocrx_word' id='word_1_151' title='bbox 793 2318 1189 2373; x_wconf 89' lang='lat' dir='ltr'><strong>celeberrimus</strong></span> <span class='ocrx_word' id='word_1_152' title='bbox 1218 2314 1541 2381; x_wconf 89' lang='lat' dir='ltr'><strong>catechista,</strong></span> <span class='ocrx_word' id='word_1_153' title='bbox 1561 2314 1753 2386; x_wconf 81' lang='lat' dir='ltr'><strong>lgnatii</strong></span> <span class='ocrx_word' id='word_1_154' title='bbox 1777 2317 2038 2387; x_wconf 90' lang='lat' dir='ltr'><strong>epistolas</strong></span> <span class='ocrx_word' id='word_1_155' title='bbox 2066 2335 2157 2373; x_wconf 83' lang='lat' dir='ltr'><strong>uo-</strong></span> 
     </span>
    </p>
   </div>
   <div class='ocr_carea' id='block_1_25' title="bbox 572 2408 2155 2479">
    <p class='ocr_par' dir='ltr' id='par_1_25' title="bbox 572 2408 2155 2479">
     <span class='ocr_line' id='line_1_25' title="bbox 572 2408 2155 2479; baseline 0.002 -17"><span class='ocrx_word' id='word_1_156' title='bbox 572 2410 713 2464; x_wconf 88' lang='lat' dir='ltr'><strong>verit</strong></span> <span class='ocrx_word' id='word_1_157' title='bbox 756 2410 1152 2479; x_wconf 88' lang='lat' dir='ltr'><strong>citaveritque;</strong></span> <span class='ocrx_word' id='word_1_158' title='bbox 1178 2422 1245 2463; x_wconf 88' lang='lat' dir='ltr'><strong>ex</strong></span> <span class='ocrx_word' id='word_1_159' title='bbox 1272 2408 1378 2462; x_wconf 92' lang='lat' dir='ltr'><strong>hoc</strong></span> <span class='ocrx_word' id='word_1_160' title='bbox 1420 2410 1529 2462; x_wconf 91' lang='lat' dir='ltr'><strong>ritu</strong></span> <span class='ocrx_word' id='word_1_161' title='bbox 1570 2408 1752 2478; x_wconf 85' lang='lat' dir='ltr'><strong>colligi</strong></span> <span class='ocrx_word' id='word_1_162' title='bbox 1805 2410 1955 2463; x_wconf 93' lang='lat' dir='ltr'><strong>nullo</strong></span> <span class='ocrx_word' id='word_1_163' title='bbox 1990 2412 2155 2465; x_wconf 86' lang='lat' dir='ltr'><strong>modo</strong></span> 
     </span>
    </p>
   </div>
   <div class='ocr_carea' id='block_1_26' title="bbox 574 2501 2156 2573">
    <p class='ocr_par' dir='ltr' id='par_1_26' title="bbox 574 2501 2156 2573">
     <span class='ocr_line' id='line_1_26' title="bbox 574 2501 2156 2573; baseline 0.001 -16"><span class='ocrx_word' id='word_1_164' title='bbox 574 2510 779 2572; x_wconf 84' lang='lat' dir='ltr'><strong>potest,</strong></span> <span class='ocrx_word' id='word_1_165' title='bbox 809 2501 1079 2573; x_wconf 79' lang='lat' dir='ltr'><strong>lgnatium</strong></span> <span class='ocrx_word' id='word_1_166' title='bbox 1118 2501 1467 2570; x_wconf 87' lang='lat' dir='ltr'><strong>epistolicum</strong></span> <span class='ocrx_word' id='word_1_167' title='bbox 1498 2502 1597 2555; x_wconf 90' lang='lat' dir='ltr'><strong>toti</strong></span> <span class='ocrx_word' id='word_1_168' title='bbox 1643 2503 2025 2559; x_wconf 79' lang='lat' dir='ltr'><strong>Alexandrina:</strong></span> <span class='ocrx_word' id='word_1_169' title='bbox 2060 2502 2156 2559; x_wconf 91' lang='lat' dir='ltr'><strong>Ec-</strong></span> 
     </span>
    </p>
   </div>
   <div class='ocr_carea' id='block_1_27' title="bbox 574 2593 1505 2665">
    <p class='ocr_par' dir='ltr' id='par_1_27' title="bbox 574 2593 1505 2665">
     <span class='ocr_line' id='line_1_27' title="bbox 574 2593 1505 2665; baseline -0.006 -12"><span class='ocrx_word' id='word_1_170' title='bbox 574 2597 758 2653; x_wconf 78' lang='lat' dir='ltr'><strong>clesia:</strong></span> <span class='ocrx_word' id='word_1_171' title='bbox 789 2598 1007 2665; x_wconf 91' lang='lat' dir='ltr'><strong>penitus</strong></span> <span class='ocrx_word' id='word_1_172' title='bbox 1032 2597 1279 2665; x_wconf 83' lang='lat' dir='ltr'><strong>ignotum</strong></span> <span class='ocrx_word' id='word_1_173' title='bbox 1313 2593 1505 2648; x_wconf 92' lang='lat' dir='ltr'><strong>fuisse.</strong></span> 
     </span>
    </p>
   </div>
   <div class='ocr_carea' id='block_1_28' title="bbox 640 2686 2154 2758">
    <p class='ocr_par' dir='ltr' id='par_1_28' title="bbox 640 2686 2154 2758">
     <span class='ocr_line' id='line_1_28' title="bbox 640 2686 2154 2758; baseline 0 -15"><span class='ocrx_word' id='word_1_174' title='bbox 640 2688 757 2743; x_wconf 87' lang='lat' dir='ltr'><strong>Sed</strong></span> <span class='ocrx_word' id='word_1_175' title='bbox 782 2697 838 2742; x_wconf 89' lang='lat' dir='ltr'><strong>et</strong></span> <span class='ocrx_word' id='word_1_176' title='bbox 860 2689 1010 2741; x_wconf 84' lang='lat' dir='ltr'><strong>aliud</strong></span> <span class='ocrx_word' id='word_1_177' title='bbox 1037 2689 1317 2758; x_wconf 81' lang='lat' dir='ltr'><strong>quiddam,</strong></span> <span class='ocrx_word' id='word_1_178' title='bbox 1344 2689 1525 2758; x_wconf 89' lang='lat' dir='ltr'><strong>inquit</strong></span> <span class='ocrx_word' id='word_1_179' title='bbox 1566 2686 1821 2753; x_wconf 70' lang='lat' dir='ltr'><strong>Dallteus,</strong></span> <span class='ocrx_word' id='word_1_180' title='bbox 1847 2704 1949 2743; x_wconf 88' lang='lat' dir='ltr'><strong>non</strong></span> <span class='ocrx_word' id='word_1_181' title='bbox 1981 2691 2154 2743; x_wconf 89' lang='lat' dir='ltr'><strong>minus</strong></span> 
     </span>
    </p>
   </div>
   <div class='ocr_carea' id='block_1_29' title="bbox 575 2779 2155 2851">
    <p class='ocr_par' dir='ltr' id='par_1_29' title="bbox 575 2779 2155 2851">
     <span class='ocr_line' id='line_1_29' title="bbox 575 2779 2155 2851; baseline 0 -16"><span class='ocrx_word' id='word_1_182' title='bbox 575 2780 820 2835; x_wconf 86' lang='lat' dir='ltr'><strong>mirabile</strong></span> <span class='ocrx_word' id='word_1_183' title='bbox 850 2783 997 2833; x_wconf 84' lang='lat' dir='ltr'><strong>docet</strong></span> <span class='ocrx_word' id='word_1_184' title='bbox 1035 2779 1357 2851; x_wconf 86' lang='lat' dir='ltr'><strong>Eutychius,</strong></span> <span class='ocrx_word' id='word_1_185' title='bbox 1387 2797 1582 2851; x_wconf 86' lang='lat' dir='ltr'><strong>nempe</strong></span> <span class='ocrx_word' id='word_1_186' title='bbox 1616 2784 1769 2833; x_wconf 89' lang='lat' dir='ltr'><strong>annis</strong></span> <span class='ocrx_word' id='word_1_187' title='bbox 1817 2798 1849 2834; x_wconf 93' lang='lat' dir='ltr'><strong>a</strong></span> <span class='ocrx_word' id='word_1_188' title='bbox 1876 2781 2057 2835; x_wconf 82' lang='lat' dir='ltr'><strong>Marco</strong></span> <span class='ocrx_word' id='word_1_189' title='bbox 2088 2784 2155 2835; x_wconf 87' lang='lat' dir='ltr'><strong>ad</strong></span> 
     </span>
    </p>
   </div>
   <div class='ocr_carea' id='block_1_30' title="bbox 538 2870 2156 2943">
    <p class='ocr_par' dir='ltr' id='par_1_30' title="bbox 538 2870 2156 2943">
     <span class='ocr_line' id='line_1_30' title="bbox 538 2870 2156 2943; baseline 0.001 -19"><span class='ocrx_word' id='word_1_190' title='bbox 538 2919 549 2929; x_wconf 84' lang='lat'><strong>.</strong></span> <span class='ocrx_word' id='word_1_191' title='bbox 571 2870 902 2924; x_wconf 74' lang='lat' dir='ltr'><strong>Demetrium</strong></span> <span class='ocrx_word' id='word_1_192' title='bbox 931 2879 1339 2940; x_wconf 67' lang='lat' dir='ltr'><strong>prwterpropter</strong></span> <span class='ocrx_word' id='word_1_193' title='bbox 1368 2872 1476 2926; x_wconf 73' lang='grc'><strong>120</strong></span> <span class='ocrx_word' id='word_1_194' title='bbox 1495 2912 1510 2938; x_wconf 85' lang='grc'><em>,</em></span> <span class='ocrx_word' id='word_1_195' title='bbox 1536 2871 1743 2925; x_wconf 88' lang='lat' dir='ltr'><strong>nullum</strong></span> <span class='ocrx_word' id='word_1_196' title='bbox 1785 2880 1953 2925; x_wconf 86' lang='lat' dir='ltr'><strong>totum</strong></span> <span class='ocrx_word' id='word_1_197' title='bbox 1986 2871 2156 2943; x_wconf 68' lang='grc' dir='ltr'><strong>Αἰθυ-</strong></span> 
     </span>
    </p>
   </div>
   <div class='ocr_carea' id='block_1_31' title="bbox 575 2962 2156 3034">
    <p class='ocr_par' dir='ltr' id='par_1_31' title="bbox 575 2962 2156 3034">
     <span class='ocr_line' id='line_1_31' title="bbox 575 2962 2156 3034; baseline 0.003 -18"><span class='ocrx_word' id='word_1_198' title='bbox 575 2965 743 3016; x_wconf 80' lang='grc' dir='ltr'><strong>υιὶαηι</strong></span> <span class='ocrx_word' id='word_1_199' title='bbox 770 2962 1065 3017; x_wconf 82' lang='lat' dir='ltr'><strong>Ecclesium</strong></span> <span class='ocrx_word' id='word_1_200' title='bbox 1091 2966 1389 3033; x_wconf 74' lang='lat' dir='ltr'><strong>episcopum</strong></span> <span class='ocrx_word' id='word_1_201' title='bbox 1418 2975 1610 3034; x_wconf 71' lang='lat' dir='ltr'><strong>praeter</strong></span> <span class='ocrx_word' id='word_1_202' title='bbox 1645 2982 1807 3018; x_wconf 89' lang='lat' dir='ltr'><strong>unum</strong></span> <span class='ocrx_word' id='word_1_203' title='bbox 1832 2966 2156 3020; x_wconf 64' lang='lat' dir='ltr'><strong>Alexandri-</strong></span> 
     </span>
    </p>
   </div>
   <div class='ocr_carea' id='block_1_32' title="bbox 2270 558 3857 630">
    <p class='ocr_par' dir='ltr' id='par_1_32' title="bbox 2270 558 3857 630">
     <span class='ocr_line' id='line_1_32' title="bbox 2270 558 3857 630; baseline 0.001 -17"><span class='ocrx_word' id='word_1_204' title='bbox 2270 578 2519 630; x_wconf 81' lang='lat' dir='ltr'><strong>magnam</strong></span> <span class='ocrx_word' id='word_1_205' title='bbox 2548 571 2597 614; x_wconf 90' lang='lat' dir='ltr'><strong>et</strong></span> <span class='ocrx_word' id='word_1_206' title='bbox 2630 560 2956 630; x_wconf 86' lang='lat' dir='ltr'><strong>opulentam.</strong></span> <span class='ocrx_word' id='word_1_207' title='bbox 2987 601 3001 615; x_wconf 95' lang='lat'><strong>.</strong></span> <span class='ocrx_word' id='word_1_208' title='bbox 3028 601 3041 615; x_wconf 93' lang='lat'><strong>.</strong></span> <span class='ocrx_word' id='word_1_209' title='bbox 3072 599 3085 613; x_wconf 94' lang='lat'><strong>.</strong></span> <span class='ocrx_word' id='word_1_210' title='bbox 3116 600 3129 613; x_wconf 94' lang='lat'><strong>.</strong></span> <span class='ocrx_word' id='word_1_211' title='bbox 3179 558 3335 613; x_wconf 82' lang='lat' dir='ltr'><strong>Vetus</strong></span> <span class='ocrx_word' id='word_1_212' title='bbox 3368 573 3547 614; x_wconf 84' lang='lat' dir='ltr'><strong>autem</strong></span> <span class='ocrx_word' id='word_1_213' title='bbox 3580 562 3694 615; x_wconf 86' lang='lat' dir='ltr'><strong>illic</strong></span> <span class='ocrx_word' id='word_1_214' title='bbox 3725 580 3857 615; x_wconf 85' lang='lat' dir='ltr'><strong>con-</strong></span> 
     </span>
    </p>
   </div>
   <div class='ocr_carea' id='block_1_33' title="bbox 2264 657 3859 727">
    <p class='ocr_par' dir='ltr' id='par_1_33' title="bbox 2264 657 3859 727">
     <span class='ocr_line' id='line_1_33' title="bbox 2264 657 3859 727; baseline 0 -16"><span class='ocrx_word' id='word_1_215' title='bbox 2264 658 2489 711; x_wconf 81' lang='lat' dir='ltr'><strong>suetudo</strong></span> <span class='ocrx_word' id='word_1_216' title='bbox 2506 657 2799 711; x_wconf 86' lang='lat' dir='ltr'><strong>etiamnum</strong></span> <span class='ocrx_word' id='word_1_217' title='bbox 2829 666 3041 723; x_wconf 84' lang='lat' dir='ltr'><strong>manet,</strong></span> <span class='ocrx_word' id='word_1_218' title='bbox 3086 667 3143 710; x_wconf 90' lang='lat' dir='ltr'><strong>ut</strong></span> <span class='ocrx_word' id='word_1_219' title='bbox 3176 659 3336 711; x_wconf 80' lang='lat' dir='ltr'><strong>totius</strong></span> <span class='ocrx_word' id='word_1_220' title='bbox 3378 658 3547 727; x_wconf 88' lang='lat' dir='ltr'><strong>gentis</strong></span> <span class='ocrx_word' id='word_1_221' title='bbox 3603 658 3859 713; x_wconf 76' lang='lat' dir='ltr'><strong>ecclesias</strong></span> 
     </span>
    </p>
   </div>
   <div class='ocr_carea' id='block_1_34' title="bbox 2264 746 3863 820">
    <p class='ocr_par' dir='ltr' id='par_1_34' title="bbox 2264 746 3863 820">
     <span class='ocr_line' id='line_1_34' title="bbox 2264 746 3863 820; baseline -0.001 -18"><span class='ocrx_word' id='word_1_222' title='bbox 2264 766 2399 805; x_wconf 83' lang='lat' dir='ltr'><strong>unus</strong></span> <span class='ocrx_word' id='word_1_223' title='bbox 2433 760 2641 803; x_wconf 86' lang='lat' dir='ltr'><strong>tantum</strong></span> <span class='ocrx_word' id='word_1_224' title='bbox 2666 760 2809 820; x_wconf 86' lang='lat' dir='ltr'><strong>regat</strong></span> <span class='ocrx_word' id='word_1_225' title='bbox 2833 752 3127 819; x_wconf 84' lang='lat' dir='ltr'><strong>episcopus.</strong></span> <span class='ocrx_word' id='word_1_226' title='bbox 3157 748 3285 803; x_wconf 68' lang='lat' dir='ltr'><strong>llaec</strong></span> <span class='ocrx_word' id='word_1_227' title='bbox 3313 750 3657 803; x_wconf 86' lang='lat' dir='ltr'><strong>Sozomenus</strong></span> <span class='ocrx_word' id='word_1_228' title='bbox 3688 746 3863 802; x_wconf 82' lang='lat' dir='ltr'><strong>refert</strong></span> 
     </span>
    </p>
   </div>
   <div class='ocr_carea' id='block_1_35' title="bbox 2265 840 3861 912">
    <p class='ocr_par' dir='ltr' id='par_1_35' title="bbox 2265 840 3861 912">
     <span class='ocr_line' id='line_1_35' title="bbox 2265 840 3861 912; baseline -0.001 -17"><span class='ocrx_word' id='word_1_229' title='bbox 2265 841 2333 895; x_wconf 90' lang='lat' dir='ltr'><strong>ad</strong></span> <span class='ocrx_word' id='word_1_230' title='bbox 2375 858 2438 897; x_wconf 89' lang='lat' dir='ltr'><strong>ea</strong></span> <span class='ocrx_word' id='word_1_231' title='bbox 2486 853 2751 911; x_wconf 85' lang='lat' dir='ltr'><strong>tempora,</strong></span> <span class='ocrx_word' id='word_1_232' title='bbox 2779 842 2981 912; x_wconf 84' lang='lat' dir='ltr'><strong>quibus</strong></span> <span class='ocrx_word' id='word_1_233' title='bbox 3010 840 3269 895; x_wconf 84' lang='lat' dir='ltr'><strong>Vetrauio</strong></span> <span class='ocrx_word' id='word_1_234' title='bbox 3299 840 3603 895; x_wconf 90' lang='lat' dir='ltr'><strong>Tomorum</strong></span> <span class='ocrx_word' id='word_1_235' title='bbox 3634 842 3861 910; x_wconf 83' lang='lat' dir='ltr'><strong>episco-</strong></span> 
     </span>
    </p>
   </div>
   <div class='ocr_carea' id='block_1_36' title="bbox 2262 928 3859 1000">
    <p class='ocr_par' dir='ltr' id='par_1_36' title="bbox 2262 928 3859 1000">
     <span class='ocr_line' id='line_1_36' title="bbox 2262 928 3859 1000; baseline 0.001 -20"><span class='ocrx_word' id='word_1_236' title='bbox 2262 942 2365 996; x_wconf 89' lang='lat' dir='ltr'><strong>pus</strong></span> <span class='ocrx_word' id='word_1_237' title='bbox 2395 928 2520 991; x_wconf 89' lang='lat' dir='ltr'><strong>fuit,</strong></span> <span class='ocrx_word' id='word_1_238' title='bbox 2547 930 2643 998; x_wconf 92' lang='lat' dir='ltr'><strong>qui</strong></span> <span class='ocrx_word' id='word_1_239' title='bbox 2670 928 2902 984; x_wconf 70' lang='lat' dir='ltr'><strong>Nicaeus:</strong></span> <span class='ocrx_word' id='word_1_240' title='bbox 2933 930 3128 1000; x_wconf 88' lang='lat' dir='ltr'><strong>synodi</strong></span> <span class='ocrx_word' id='word_1_241' title='bbox 3154 930 3459 984; x_wconf 89' lang='lat' dir='ltr'><strong>doctrinam</strong></span> <span class='ocrx_word' id='word_1_242' title='bbox 3479 929 3859 999; x_wconf 88' lang='lat' dir='ltr'><strong>amplecteba-</strong></span> 
     </span>
    </p>
   </div>
   <div class='ocr_carea' id='block_1_37' title="bbox 2263 1022 3860 1094">
    <p class='ocr_par' dir='ltr' id='par_1_37' title="bbox 2263 1022 3860 1094">
     <span class='ocr_line' id='line_1_37' title="bbox 2263 1022 3860 1094; baseline 0 -18"><span class='ocrx_word' id='word_1_243' title='bbox 2263 1030 2371 1076; x_wconf 92' lang='lat' dir='ltr'><strong>tur.</strong></span> <span class='ocrx_word' id='word_1_244' title='bbox 2420 1022 2613 1078; x_wconf 87' lang='lat' dir='ltr'><strong>Plures</strong></span> <span class='ocrx_word' id='word_1_245' title='bbox 2666 1032 2849 1078; x_wconf 90' lang='lat' dir='ltr'><strong>autem</strong></span> <span class='ocrx_word' id='word_1_246' title='bbox 2896 1024 3143 1079; x_wconf 74' lang='lat' dir='ltr'><strong>ecclesia:</strong></span> <span class='ocrx_word' id='word_1_247' title='bbox 3170 1024 3223 1077; x_wconf 92' lang='lat' dir='ltr'><strong>iu</strong></span> <span class='ocrx_word' id='word_1_248' title='bbox 3257 1023 3480 1094; x_wconf 87' lang='lat' dir='ltr'><strong>Scythia</strong></span> <span class='ocrx_word' id='word_1_249' title='bbox 3511 1034 3642 1078; x_wconf 88' lang='lat' dir='ltr'><strong>tunc</strong></span> <span class='ocrx_word' id='word_1_250' title='bbox 3677 1022 3860 1078; x_wconf 82' lang='lat' dir='ltr'><strong>fuisse</strong></span> 
     </span>
    </p>
   </div>
   <div class='ocr_carea' id='block_1_38' title="bbox 2261 1113 3856 1184">
    <p class='ocr_par' dir='ltr' id='par_1_38' title="bbox 2261 1113 3856 1184">
     <span class='ocr_line' id='line_1_38' title="bbox 2261 1113 3856 1184; baseline 0.001 -19"><span class='ocrx_word' id='word_1_251' title='bbox 2261 1113 2538 1178; x_wconf 88' lang='lat' dir='ltr'><strong>videntur,</strong></span> <span class='ocrx_word' id='word_1_252' title='bbox 2565 1128 2731 1182; x_wconf 87' lang='lat' dir='ltr'><strong>quam</strong></span> <span class='ocrx_word' id='word_1_253' title='bbox 2761 1113 2986 1169; x_wconf 90' lang='lat' dir='ltr'><strong>fuerunt</strong></span> <span class='ocrx_word' id='word_1_254' title='bbox 3008 1115 3060 1168; x_wconf 94' lang='lat' dir='ltr'><strong>in</strong></span> <span class='ocrx_word' id='word_1_255' title='bbox 3082 1113 3315 1184; x_wconf 66' lang='lat' dir='ltr'><strong>Egypto</strong></span> <span class='ocrx_word' id='word_1_256' title='bbox 3340 1124 3465 1169; x_wconf 89' lang='lat' dir='ltr'><strong>ante</strong></span> <span class='ocrx_word' id='word_1_257' title='bbox 3488 1113 3856 1170; x_wconf 77' lang='lat' dir='ltr'><strong>Demetrium.</strong></span> 
     </span>
    </p>
   </div>
   <div class='ocr_carea' id='block_1_39' title="bbox 2259 1202 3857 1276">
    <p class='ocr_par' dir='ltr' id='par_1_39' title="bbox 2259 1202 3857 1276">
     <span class='ocr_line' id='line_1_39' title="bbox 2259 1202 3857 1276; baseline 0.002 -19"><span class='ocrx_word' id='word_1_258' title='bbox 2259 1202 2397 1259; x_wconf 85' lang='lat' dir='ltr'><strong>Nam</strong></span> <span class='ocrx_word' id='word_1_259' title='bbox 2426 1206 2745 1275; x_wconf 89' lang='lat' dir='ltr'><strong>quicunque</strong></span> <span class='ocrx_word' id='word_1_260' title='bbox 2770 1207 3136 1276; x_wconf 87' lang='lat' dir='ltr'><strong>cogitaverit,</strong></span> <span class='ocrx_word' id='word_1_261' title='bbox 3169 1222 3334 1275; x_wconf 89' lang='lat' dir='ltr'><strong>quam</strong></span> <span class='ocrx_word' id='word_1_262' title='bbox 3361 1207 3857 1275; x_wconf 86' lang='lat' dir='ltr'><strong>superstitionibus</strong></span> 
     </span>
    </p>
   </div>
   <div class='ocr_carea' id='block_1_40' title="bbox 2260 1298 3855 1368">
    <p class='ocr_par' dir='ltr' id='par_1_40' title="bbox 2260 1298 3855 1368">
     <span class='ocr_line' id='line_1_40' title="bbox 2260 1298 3855 1368; baseline 0.001 -17"><span class='ocrx_word' id='word_1_263' title='bbox 2260 1298 2559 1367; x_wconf 80' lang='lat' dir='ltr'><strong>gentilibus</strong></span> <span class='ocrx_word' id='word_1_264' title='bbox 2587 1313 2652 1351; x_wconf 87' lang='lat' dir='ltr'><strong>ea</strong></span> <span class='ocrx_word' id='word_1_265' title='bbox 2693 1314 2827 1367; x_wconf 85' lang='lat' dir='ltr'><strong>gens</strong></span> <span class='ocrx_word' id='word_1_266' title='bbox 2856 1299 3034 1353; x_wconf 86' lang='lat' dir='ltr'><strong>dedita</strong></span> <span class='ocrx_word' id='word_1_267' title='bbox 3097 1298 3281 1362; x_wconf 82' lang='lat' dir='ltr'><strong>fuerit,</strong></span> <span class='ocrx_word' id='word_1_268' title='bbox 3332 1309 3469 1368; x_wconf 89' lang='lat' dir='ltr'><strong>quot</strong></span> <span class='ocrx_word' id='word_1_269' title='bbox 3524 1298 3855 1354; x_wconf 63' lang='lat' dir='ltr'><strong>Judzeoruut</strong></span> 
     </span>
    </p>
   </div>
   <div class='ocr_carea' id='block_1_41' title="bbox 2260 1386 3853 1457">
    <p class='ocr_par' dir='ltr' id='par_1_41' title="bbox 2260 1386 3853 1457">
     <span class='ocr_line' id='line_1_41' title="bbox 2260 1386 3853 1457; baseline 0.001 -19"><span class='ocrx_word' id='word_1_270' title='bbox 2260 1387 2429 1440; x_wconf 87' lang='lat' dir='ltr'><strong>millia</strong></span> <span class='ocrx_word' id='word_1_271' title='bbox 2448 1386 2777 1442; x_wconf 79' lang='lat' dir='ltr'><strong>Christiana:</strong></span> <span class='ocrx_word' id='word_1_272' title='bbox 2799 1387 3045 1457; x_wconf 82' lang='lat' dir='ltr'><strong>religioni</strong></span> <span class='ocrx_word' id='word_1_273' title='bbox 3066 1386 3278 1442; x_wconf 80' lang='lat' dir='ltr'><strong>infensa</strong></span> <span class='ocrx_word' id='word_1_274' title='bbox 3310 1387 3421 1441; x_wconf 85' lang='lat' dir='ltr'><strong>illic</strong></span> <span class='ocrx_word' id='word_1_275' title='bbox 3453 1386 3853 1452; x_wconf 85' lang='lat' dir='ltr'><strong>habitaverint,</strong></span> 
     </span>
    </p>
   </div>
   <div class='ocr_carea' id='block_1_42' title="bbox 2258 1478 3855 1550">
    <p class='ocr_par' dir='ltr' id='par_1_42' title="bbox 2258 1478 3855 1550">
     <span class='ocr_line' id='line_1_42' title="bbox 2258 1478 3855 1550; baseline 0.001 -18"><span class='ocrx_word' id='word_1_276' title='bbox 2258 1490 2520 1549; x_wconf 88' lang='lat' dir='ltr'><strong>quautam</strong></span> <span class='ocrx_word' id='word_1_277' title='bbox 2548 1480 2872 1535; x_wconf 87' lang='lat' dir='ltr'><strong>seditionem</strong></span> <span class='ocrx_word' id='word_1_278' title='bbox 2898 1482 2977 1535; x_wconf 92' lang='lat' dir='ltr'><strong>illi</strong></span> <span class='ocrx_word' id='word_1_279' title='bbox 2996 1482 3098 1537; x_wconf 89' lang='lat' dir='ltr'><strong>sub</strong></span> <span class='ocrx_word' id='word_1_280' title='bbox 3121 1480 3361 1548; x_wconf 84' lang='lat' dir='ltr'><strong>Trajauo</strong></span> <span class='ocrx_word' id='word_1_281' title='bbox 3388 1481 3439 1533; x_wconf 93' lang='lat' dir='ltr'><strong>iu</strong></span> <span class='ocrx_word' id='word_1_282' title='bbox 3469 1479 3659 1550; x_wconf 83' lang='lat' dir='ltr'><strong>Libya,</strong></span> <span class='ocrx_word' id='word_1_283' title='bbox 3677 1478 3855 1550; x_wconf 65' lang='lat' dir='ltr'><strong>Egy-</strong></span> 
     </span>
    </p>
   </div>
   <div class='ocr_carea' id='block_1_43' title="bbox 2257 1570 3855 1643">
    <p class='ocr_par' dir='ltr' id='par_1_43' title="bbox 2257 1570 3855 1643">
     <span class='ocr_line' id='line_1_43' title="bbox 2257 1570 3855 1643; baseline 0.001 -20"><span class='ocrx_word' id='word_1_284' title='bbox 2257 1579 2352 1640; x_wconf 86' lang='lat' dir='ltr'><strong>pto</strong></span> <span class='ocrx_word' id='word_1_285' title='bbox 2386 1578 2442 1624; x_wconf 90' lang='lat' dir='ltr'><strong>et</strong></span> <span class='ocrx_word' id='word_1_286' title='bbox 2478 1571 2839 1638; x_wconf 78' lang='lat' dir='ltr'><strong>Alexandria,</strong></span> <span class='ocrx_word' id='word_1_287' title='bbox 2874 1571 3085 1643; x_wconf 88' lang='lat' dir='ltr'><strong>Cyrene</strong></span> <span class='ocrx_word' id='word_1_288' title='bbox 3112 1581 3167 1625; x_wconf 86' lang='lat' dir='ltr'><strong>et</strong></span> <span class='ocrx_word' id='word_1_289' title='bbox 3189 1571 3487 1637; x_wconf 85' lang='lat' dir='ltr'><strong>Thebaide,</strong></span> <span class='ocrx_word' id='word_1_290' title='bbox 3522 1580 3655 1626; x_wconf 90' lang='lat' dir='ltr'><strong>teste</strong></span> <span class='ocrx_word' id='word_1_291' title='bbox 3679 1570 3855 1625; x_wconf 87' lang='lat' dir='ltr'><strong>Euse-</strong></span> 
     </span>
    </p>
   </div>
   <div class='ocr_carea' id='block_1_44' title="bbox 2259 1662 3853 1733">
    <p class='ocr_par' dir='ltr' id='par_1_44' title="bbox 2259 1662 3853 1733">
     <span class='ocr_line' id='line_1_44' title="bbox 2259 1662 3853 1733; baseline 0.001 -18"><span class='ocrx_word' id='word_1_292' title='bbox 2259 1662 2371 1725; x_wconf 93' lang='lat' dir='ltr'><strong>bio,</strong></span> <span class='ocrx_word' id='word_1_293' title='bbox 2406 1662 2791 1729; x_wconf 81' lang='lat' dir='ltr'><strong>excitaverint,</strong></span> <span class='ocrx_word' id='word_1_294' title='bbox 2815 1679 3092 1733; x_wconf 89' lang='lat' dir='ltr'><strong>quamque</strong></span> <span class='ocrx_word' id='word_1_295' title='bbox 3124 1674 3235 1717; x_wconf 89' lang='lat' dir='ltr'><strong>tota</strong></span> <span class='ocrx_word' id='word_1_296' title='bbox 3268 1662 3437 1731; x_wconf 83' lang='lat' dir='ltr'><strong>Libya</strong></span> <span class='ocrx_word' id='word_1_297' title='bbox 3485 1673 3605 1717; x_wconf 88' lang='lat' dir='ltr'><strong>tunc</strong></span> <span class='ocrx_word' id='word_1_298' title='bbox 3631 1704 3647 1729; x_wconf 97' lang='lat'><strong>,</strong></span> <span class='ocrx_word' id='word_1_299' title='bbox 3679 1664 3853 1718; x_wconf 81' lang='lat' dir='ltr'><strong>inter-</strong></span> 
     </span>
    </p>
   </div>
   <div class='ocr_carea' id='block_1_45' title="bbox 2259 1754 3851 1825">
    <p class='ocr_par' dir='ltr' id='par_1_45' title="bbox 2259 1754 3851 1825">
     <span class='ocr_line' id='line_1_45' title="bbox 2259 1754 3851 1825; baseline 0.003 -18"><span class='ocrx_word' id='word_1_300' title='bbox 2259 1755 2411 1824; x_wconf 79' lang='lat' dir='ltr'><strong>fectis</strong></span> <span class='ocrx_word' id='word_1_301' title='bbox 2444 1754 2761 1821; x_wconf 74' lang='lat' dir='ltr'><strong>cultoribus,</strong></span> <span class='ocrx_word' id='word_1_302' title='bbox 2782 1756 3026 1810; x_wconf 89' lang='lat' dir='ltr'><strong>desolata</strong></span> <span class='ocrx_word' id='word_1_303' title='bbox 3048 1757 3140 1819; x_wconf 84' lang='lat' dir='ltr'><strong>sit,</strong></span> <span class='ocrx_word' id='word_1_304' title='bbox 3166 1765 3224 1809; x_wconf 89' lang='lat' dir='ltr'><strong>ut</strong></span> <span class='ocrx_word' id='word_1_305' title='bbox 3242 1758 3344 1810; x_wconf 75' lang='lat' dir='ltr'><strong>nisi</strong></span> <span class='ocrx_word' id='word_1_306' title='bbox 3369 1765 3548 1825; x_wconf 85' lang='lat' dir='ltr'><strong>postea</strong></span> <span class='ocrx_word' id='word_1_307' title='bbox 3573 1758 3851 1812; x_wconf 75' lang='lat' dir='ltr'><strong>Adrianus</strong></span> 
     </span>
    </p>
   </div>
   <div class='ocr_carea' id='block_1_46' title="bbox 2264 1845 3849 1914">
    <p class='ocr_par' dir='ltr' id='par_1_46' title="bbox 2264 1845 3849 1914">
     <span class='ocr_line' id='line_1_46' title="bbox 2264 1845 3849 1914; baseline 0.004 -17"><span class='ocrx_word' id='word_1_308' title='bbox 2264 1845 2554 1914; x_wconf 84' lang='lat' dir='ltr'><strong>imperator</strong></span> <span class='ocrx_word' id='word_1_309' title='bbox 2581 1845 2829 1900; x_wconf 84' lang='lat' dir='ltr'><strong>collectas</strong></span> <span class='ocrx_word' id='word_1_310' title='bbox 2858 1847 2987 1899; x_wconf 87' lang='lat' dir='ltr'><strong>illuc</strong></span> <span class='ocrx_word' id='word_1_311' title='bbox 3016 1847 3230 1901; x_wconf 84' lang='lat' dir='ltr'><strong>aliunde</strong></span> <span class='ocrx_word' id='word_1_312' title='bbox 3255 1847 3491 1900; x_wconf 82' lang='lat' dir='ltr'><strong>colonias</strong></span> <span class='ocrx_word' id='word_1_313' title='bbox 3516 1846 3849 1912; x_wconf 75' lang='lat' dir='ltr'><strong>deduxisset,</strong></span> 
     </span>
    </p>
   </div>
   <div class='ocr_carea' id='block_1_47' title="bbox 2260 1940 3851 2008">
    <p class='ocr_par' dir='ltr' id='par_1_47' title="bbox 2260 1940 3851 2008">
     <span class='ocr_line' id='line_1_47' title="bbox 2260 1940 3851 2008; baseline 0 -15"><span class='ocrx_word' id='word_1_314' title='bbox 2260 1954 2427 1993; x_wconf 83' lang='lat' dir='ltr'><strong>vacua</strong></span> <span class='ocrx_word' id='word_1_315' title='bbox 2452 1940 2662 2008; x_wconf 86' lang='lat' dir='ltr'><strong>penitus</strong></span> <span class='ocrx_word' id='word_1_316' title='bbox 2696 1949 2864 2005; x_wconf 88' lang='lat' dir='ltr'><strong>terra,</strong></span> <span class='ocrx_word' id='word_1_317' title='bbox 2889 1941 3084 1995; x_wconf 86' lang='lat' dir='ltr'><strong>abraso</strong></span> <span class='ocrx_word' id='word_1_318' title='bbox 3116 1941 3417 1994; x_wconf 81' lang='lat' dir='ltr'><strong>habitatore</strong></span> <span class='ocrx_word' id='word_1_319' title='bbox 3448 1951 3755 2007; x_wconf 76' lang='lat' dir='ltr'><strong>mansisset,</strong></span> <span class='ocrx_word' id='word_1_320' title='bbox 3793 1949 3851 1994; x_wconf 82' lang='lat' dir='ltr'><strong>ut</strong></span> 
     </span>
    </p>
   </div>
   <div class='ocr_carea' id='block_1_48' title="bbox 2260 2028 3851 2103">
    <p class='ocr_par' dir='ltr' id='par_1_48' title="bbox 2260 2028 3851 2103">
     <span class='ocr_line' id='line_1_48' title="bbox 2260 2028 3851 2103; baseline 0.004 -20"><span class='ocrx_word' id='word_1_321' title='bbox 2260 2028 2429 2084; x_wconf 80' lang='lat' dir='ltr'><strong>refert</strong></span> <span class='ocrx_word' id='word_1_322' title='bbox 2449 2029 2704 2094; x_wconf 87' lang='lat' dir='ltr'><strong>Orosius,</strong></span> <span class='ocrx_word' id='word_1_323' title='bbox 2730 2029 2891 2086; x_wconf 81' lang='lat' dir='ltr'><strong>facile</strong></span> <span class='ocrx_word' id='word_1_324' title='bbox 2916 2032 3246 2099; x_wconf 87' lang='lat' dir='ltr'><strong>consentiet,</strong></span> <span class='ocrx_word' id='word_1_325' title='bbox 3266 2032 3453 2101; x_wconf 90' lang='lat' dir='ltr'><strong>plures</strong></span> <span class='ocrx_word' id='word_1_326' title='bbox 3478 2033 3531 2087; x_wconf 90' lang='lat' dir='ltr'><strong>in</strong></span> <span class='ocrx_word' id='word_1_327' title='bbox 3556 2035 3851 2103; x_wconf 73' lang='lat' dir='ltr'><strong>provincia</strong></span> 
     </span>
    </p>
   </div>
   <div class='ocr_carea' id='block_1_49' title="bbox 2261 2121 3849 2207">
    <p class='ocr_par' dir='ltr' id='par_1_49' title="bbox 2261 2121 3849 2207">
     <span class='ocr_line' id='line_1_49' title="bbox 2261 2121 3849 2207; baseline 0.002 -30"><span class='ocrx_word' id='word_1_328' title='bbox 2261 2121 2499 2193; x_wconf 79' lang='lat' dir='ltr'><strong>Scythia:</strong></span> <span class='ocrx_word' id='word_1_329' title='bbox 2528 2123 2875 2207; x_wconf 79' lang='lat' dir='ltr'><strong>Christianos</strong></span> <span class='ocrx_word' id='word_1_330' title='bbox 2903 2124 3076 2179; x_wconf 86' lang='lat' dir='ltr'><strong>fuisse</strong></span> <span class='ocrx_word' id='word_1_331' title='bbox 3100 2126 3202 2180; x_wconf 87' lang='lat' dir='ltr'><strong>sub</strong></span> <span class='ocrx_word' id='word_1_332' title='bbox 3237 2124 3482 2192; x_wconf 82' lang='lat' dir='ltr'><strong>Valente,</strong></span> <span class='ocrx_word' id='word_1_333' title='bbox 3524 2142 3693 2196; x_wconf 85' lang='lat' dir='ltr'><strong>quam</strong></span> <span class='ocrx_word' id='word_1_334' title='bbox 3722 2125 3849 2181; x_wconf 83' lang='lat' dir='ltr'><strong>fue-</strong></span> 
     </span>
    </p>
   </div>
   <div class='ocr_carea' id='block_1_50' title="bbox 2259 2215 3845 2289">
    <p class='ocr_par' dir='ltr' id='par_1_50' title="bbox 2259 2215 3845 2289">
     <span class='ocr_line' id='line_1_50' title="bbox 2259 2215 3845 2289; baseline 0.003 -22"><span class='ocrx_word' id='word_1_335' title='bbox 2259 2223 2383 2269; x_wconf 85' lang='lat' dir='ltr'><strong>rant</strong></span> <span class='ocrx_word' id='word_1_336' title='bbox 2408 2224 2535 2268; x_wconf 90' lang='lat' dir='ltr'><strong>ante</strong></span> <span class='ocrx_word' id='word_1_337' title='bbox 2577 2224 2822 2285; x_wconf 89' lang='lat' dir='ltr'><strong>tempora</strong></span> <span class='ocrx_word' id='word_1_338' title='bbox 2852 2215 3115 2271; x_wconf 85' lang='lat' dir='ltr'><strong>Demetrii</strong></span> <span class='ocrx_word' id='word_1_339' title='bbox 3152 2218 3206 2271; x_wconf 91' lang='lat' dir='ltr'><strong>in</strong></span> <span class='ocrx_word' id='word_1_340' title='bbox 3239 2217 3564 2289; x_wconf 68' lang='lat' dir='ltr'><strong>Egyptiaca</strong></span> <span class='ocrx_word' id='word_1_341' title='bbox 3590 2219 3845 2275; x_wconf 67' lang='lat' dir='ltr'><strong>dioecesi.</strong></span> 
     </span>
    </p>
   </div>
   <div class='ocr_carea' id='block_1_51' title="bbox 2257 2305 3848 2379">
    <p class='ocr_par' dir='ltr' id='par_1_51' title="bbox 2257 2305 3848 2379">
     <span class='ocr_line' id='line_1_51' title="bbox 2257 2305 3848 2379; baseline 0.001 -18"><span class='ocrx_word' id='word_1_342' title='bbox 2257 2306 2395 2361; x_wconf 89' lang='lat' dir='ltr'><strong>Cum</strong></span> <span class='ocrx_word' id='word_1_343' title='bbox 2427 2307 2574 2361; x_wconf 90' lang='lat' dir='ltr'><strong>enim</strong></span> <span class='ocrx_word' id='word_1_344' title='bbox 2602 2305 2805 2362; x_wconf 83' lang='lat' dir='ltr'><strong>Valens</strong></span> <span class='ocrx_word' id='word_1_345' title='bbox 2832 2306 3224 2363; x_wconf 82' lang='lat' dir='ltr'><strong>Vetranionem</strong></span> <span class='ocrx_word' id='word_1_346' title='bbox 3258 2310 3577 2379; x_wconf 89' lang='lat' dir='ltr'><strong>episcopum</strong></span> <span class='ocrx_word' id='word_1_347' title='bbox 3609 2310 3665 2365; x_wconf 93' lang='lat' dir='ltr'><strong>in</strong></span> <span class='ocrx_word' id='word_1_348' title='bbox 3693 2310 3848 2365; x_wconf 77' lang='lat' dir='ltr'><strong>exsi-</strong></span> 
     </span>
    </p>
   </div>
   <div class='ocr_carea' id='block_1_52' title="bbox 2258 2397 3849 2467">
    <p class='ocr_par' dir='ltr' id='par_1_52' title="bbox 2258 2397 3849 2467">
     <span class='ocr_line' id='line_1_52' title="bbox 2258 2397 3849 2467; baseline 0.002 -17"><span class='ocrx_word' id='word_1_349' title='bbox 2258 2398 2392 2451; x_wconf 89' lang='lat' dir='ltr'><strong>lium</strong></span> <span class='ocrx_word' id='word_1_350' title='bbox 2420 2397 2621 2451; x_wconf 89' lang='lat' dir='ltr'><strong>abduci</strong></span> <span class='ocrx_word' id='word_1_351' title='bbox 2655 2398 2934 2467; x_wconf 87' lang='lat' dir='ltr'><strong>jussisset,</strong></span> <span class='ocrx_word' id='word_1_352' title='bbox 2982 2399 3051 2453; x_wconf 87' lang='lat' dir='ltr'><strong>ab</strong></span> <span class='ocrx_word' id='word_1_353' title='bbox 3088 2399 3344 2454; x_wconf 90' lang='lat' dir='ltr'><strong>instituto</strong></span> <span class='ocrx_word' id='word_1_354' title='bbox 3372 2401 3602 2465; x_wconf 87' lang='lat' dir='ltr'><strong>destitit,</strong></span> <span class='ocrx_word' id='word_1_355' title='bbox 3631 2416 3702 2456; x_wconf 86' lang='lat' dir='ltr'><strong>ne</strong></span> <span class='ocrx_word' id='word_1_356' title='bbox 3728 2410 3849 2455; x_wconf 86' lang='lat' dir='ltr'><strong>tota</strong></span> 
     </span>
    </p>
   </div>
   <div class='ocr_carea' id='block_1_53' title="bbox 2258 2490 3849 2561">
    <p class='ocr_par' dir='ltr' id='par_1_53' title="bbox 2258 2490 3849 2561">
     <span class='ocr_line' id='line_1_53' title="bbox 2258 2490 3849 2561; baseline 0.003 -19"><span class='ocrx_word' id='word_1_357' title='bbox 2258 2490 2346 2543; x_wconf 86' lang='lat' dir='ltr'><strong>illa</strong></span> <span class='ocrx_word' id='word_1_358' title='bbox 2378 2490 2660 2558; x_wconf 87' lang='lat' dir='ltr'><strong>provincia</strong></span> <span class='ocrx_word' id='word_1_359' title='bbox 2693 2491 2952 2559; x_wconf 89' lang='lat' dir='ltr'><strong>episcopo</strong></span> <span class='ocrx_word' id='word_1_360' title='bbox 2994 2491 3240 2561; x_wconf 89' lang='lat' dir='ltr'><strong>subjecta</strong></span> <span class='ocrx_word' id='word_1_361' title='bbox 3284 2492 3646 2548; x_wconf 84' lang='lat' dir='ltr'><strong>defectionem</strong></span> <span class='ocrx_word' id='word_1_362' title='bbox 3680 2493 3849 2546; x_wconf 86' lang='lat' dir='ltr'><strong>moli-</strong></span> 
     </span>
    </p>
   </div>
   <div class='ocr_carea' id='block_1_54' title="bbox 2260 2581 3846 2653">
    <p class='ocr_par' dir='ltr' id='par_1_54' title="bbox 2260 2581 3846 2653">
     <span class='ocr_line' id='line_1_54' title="bbox 2260 2581 3846 2653; baseline 0.003 -18"><span class='ocrx_word' id='word_1_363' title='bbox 2260 2592 2427 2637; x_wconf 88' lang='lat' dir='ltr'><strong>retur.</strong></span> <span class='ocrx_word' id='word_1_364' title='bbox 2481 2581 2621 2637; x_wconf 81' lang='lat' dir='ltr'><strong>Huic</strong></span> <span class='ocrx_word' id='word_1_365' title='bbox 2654 2581 2995 2649; x_wconf 83' lang='lat' dir='ltr'><strong>Vetranioui,</strong></span> <span class='ocrx_word' id='word_1_366' title='bbox 3039 2584 3257 2653; x_wconf 90' lang='lat' dir='ltr'><strong>opinor,</strong></span> <span class='ocrx_word' id='word_1_367' title='bbox 3297 2586 3565 2640; x_wconf 87' lang='lat' dir='ltr'><strong>successit</strong></span> <span class='ocrx_word' id='word_1_368' title='bbox 3615 2584 3846 2640; x_wconf 82' lang='lat' dir='ltr'><strong>Theoti-</strong></span> 
     </span>
    </p>
   </div>
   <div class='ocr_carea' id='block_1_55' title="bbox 2258 2662 3848 2746">
    <p class='ocr_par' dir='ltr' id='par_1_55' title="bbox 2258 2662 3848 2746">
     <span class='ocr_line' id='line_1_55' title="bbox 2258 2662 3848 2746; baseline 0.003 -20"><span class='ocrx_word' id='word_1_369' title='bbox 2258 2689 2415 2739; x_wconf 87' lang='lat' dir='ltr'><strong>mus,</strong></span> <span class='ocrx_word' id='word_1_370' title='bbox 2451 2672 2684 2744; x_wconf 77' lang='lat' dir='ltr'><strong>Scythia:</strong></span> <span class='ocrx_word' id='word_1_371' title='bbox 2740 2662 3023 2729; x_wconf 85' lang='lat' dir='ltr'><strong>Tomorum</strong></span> <span class='ocrx_word' id='word_1_372' title='bbox 3051 2677 3355 2745; x_wconf 85' lang='lat' dir='ltr'><strong>episcopus,</strong></span> <span class='ocrx_word' id='word_1_373' title='bbox 3399 2679 3493 2746; x_wconf 91' lang='lat' dir='ltr'><strong>qui</strong></span> <span class='ocrx_word' id='word_1_374' title='bbox 3536 2680 3591 2733; x_wconf 86' lang='lat' dir='ltr'><strong>in</strong></span> <span class='ocrx_word' id='word_1_375' title='bbox 3644 2695 3848 2732; x_wconf 85' lang='lat' dir='ltr'><strong>morem</strong></span> 
     </span>
    </p>
   </div>
   <div class='ocr_carea' id='block_1_56' title="bbox 2258 2769 3849 2839">
    <p class='ocr_par' dir='ltr' id='par_1_56' title="bbox 2258 2769 3849 2839">
     <span class='ocr_line' id='line_1_56' title="bbox 2258 2769 3849 2839; baseline 0.001 -18"><span class='ocrx_word' id='word_1_376' title='bbox 2258 2769 2591 2838; x_wconf 83' lang='lat' dir='ltr'><strong>dialogorum</strong></span> <span class='ocrx_word' id='word_1_377' title='bbox 2613 2782 2662 2823; x_wconf 89' lang='lat' dir='ltr'><strong>et</strong></span> <span class='ocrx_word' id='word_1_378' title='bbox 2695 2771 2880 2822; x_wconf 81' lang='lat' dir='ltr'><strong>veteris</strong></span> <span class='ocrx_word' id='word_1_379' title='bbox 2906 2769 3218 2839; x_wconf 74' lang='lat' dir='ltr'><strong>eloquentia:</strong></span> <span class='ocrx_word' id='word_1_380' title='bbox 3251 2770 3426 2823; x_wconf 82' lang='lat' dir='ltr'><strong>breves</strong></span> <span class='ocrx_word' id='word_1_381' title='bbox 3473 2772 3849 2823; x_wconf 78' lang='lat' dir='ltr'><strong>commaticos-</strong></span> 
     </span>
    </p>
   </div>
   <div class='ocr_carea' id='block_1_57' title="bbox 2257 2861 3849 2931">
    <p class='ocr_par' dir='ltr' id='par_1_57' title="bbox 2257 2861 3849 2931">
     <span class='ocr_line' id='line_1_57' title="bbox 2257 2861 3849 2931; baseline 0.003 -19"><span class='ocrx_word' id='word_1_382' title='bbox 2257 2875 2353 2929; x_wconf 88' lang='lat' dir='ltr'><strong>que</strong></span> <span class='ocrx_word' id='word_1_383' title='bbox 2413 2869 2671 2912; x_wconf 86' lang='lat' dir='ltr'><strong>tractatus</strong></span> <span class='ocrx_word' id='word_1_384' title='bbox 2706 2861 2873 2915; x_wconf 85' lang='lat' dir='ltr'><strong>edidit</strong></span> <span class='ocrx_word' id='word_1_385' title='bbox 2902 2899 2917 2922; x_wconf 83' lang='lat'><strong>.</strong></span> <span class='ocrx_word' id='word_1_386' title='bbox 2976 2861 3191 2931; x_wconf 87' lang='lat' dir='ltr'><strong>aliaque</strong></span> <span class='ocrx_word' id='word_1_387' title='bbox 3223 2862 3468 2930; x_wconf 82' lang='lat' dir='ltr'><strong>scripsit,</strong></span> <span class='ocrx_word' id='word_1_388' title='bbox 3505 2870 3564 2914; x_wconf 93' lang='lat' dir='ltr'><strong>ut</strong></span> <span class='ocrx_word' id='word_1_389' title='bbox 3600 2862 3849 2931; x_wconf 81' lang='lat' dir='ltr'><strong>loquitur</strong></span> 
     </span>
    </p>
   </div>
   <div class='ocr_carea' id='block_1_58' title="bbox 2260 2949 3848 3024">
    <p class='ocr_par' dir='ltr' id='par_1_58' title="bbox 2260 2949 3848 3024">
     <span class='ocr_line' id='line_1_58' title="bbox 2260 2949 3848 3024; baseline 0.003 -22"><span class='ocrx_word' id='word_1_390' title='bbox 2260 2949 2626 3021; x_wconf 85' lang='lat' dir='ltr'><strong>Hieronymus</strong></span> <span class='ocrx_word' id='word_1_391' title='bbox 2649 2952 2703 3005; x_wconf 92' lang='lat' dir='ltr'><strong>in</strong></span> <span class='ocrx_word' id='word_1_392' title='bbox 2727 2952 3012 3023; x_wconf 83' lang='lat' dir='ltr'><strong>Catalogo.</strong></span> <span class='ocrx_word' id='word_1_393' title='bbox 3034 2951 3134 3006; x_wconf 81' lang='lat' dir='ltr'><strong>Hic</strong></span> <span class='ocrx_word' id='word_1_394' title='bbox 3156 2962 3336 3007; x_wconf 90' lang='lat' dir='ltr'><strong>autem</strong></span> <span class='ocrx_word' id='word_1_395' title='bbox 3362 2952 3419 3007; x_wconf 91' lang='lat' dir='ltr'><strong>S.</strong></span> <span class='ocrx_word' id='word_1_396' title='bbox 3445 2952 3848 3024; x_wconf 77' lang='lat' dir='ltr'><strong>Chrysostomo</strong></span> 
     </span>
    </p>
   </div>
   <div class='ocr_carea' id='block_1_59' title="bbox 574 3044 3849 3127">
    <p class='ocr_par' dir='ltr' id='par_1_59' title="bbox 574 3044 3849 3127">
     <span class='ocr_line' id='line_1_59' title="bbox 574 3044 3849 3127; baseline 0.003 -20"><span class='ocrx_word' id='word_1_397' title='bbox 574 3070 703 3107; x_wconf 85' lang='lat' dir='ltr'><strong>num</strong></span> <span class='ocrx_word' id='word_1_398' title='bbox 735 3053 995 3109; x_wconf 83' lang='lat' dir='ltr'><strong>habuisse.</strong></span> <span class='ocrx_word' id='word_1_399' title='bbox 1054 3053 1209 3109; x_wconf 90' lang='lat' dir='ltr'><strong>Unde</strong></span> <span class='ocrx_word' id='word_1_400' title='bbox 1242 3056 1324 3110; x_wconf 91' lang='lat' dir='ltr'><strong>sic</strong></span> <span class='ocrx_word' id='word_1_401' title='bbox 1364 3055 1639 3125; x_wconf 86' lang='lat' dir='ltr'><strong>disputat:</strong></span> <span class='ocrx_word' id='word_1_402' title='bbox 1695 3054 1943 3127; x_wconf 86' lang='lat' dir='ltr'><strong>Ignatius</strong></span> <span class='ocrx_word' id='word_1_403' title='bbox 1981 3074 2157 3111; x_wconf 84' lang='lat' dir='ltr'><strong>neces-</strong></span> <span class='ocrx_word' id='word_1_404' title='bbox 2259 3046 2498 3099; x_wconf 62' lang='lat' dir='ltr'><strong>ma‘ime</strong></span> <span class='ocrx_word' id='word_1_405' title='bbox 2532 3044 2686 3109; x_wconf 63' lang='grc' dir='ltr'><strong>ἶδνίῑο</strong></span> <span class='ocrx_word' id='word_1_406' title='bbox 2734 3055 2790 3099; x_wconf 53' lang='lat' dir='ltr'><strong>ei</strong></span> <span class='ocrx_word' id='word_1_407' title='bbox 2838 3047 3146 3115; x_wconf 59' lang='lat' dir='ltr'><strong>Epiphanio</strong></span> <span class='ocrx_word' id='word_1_408' title='bbox 3181 3046 3508 3102; x_wconf 54' lang='lat' dir='ltr'><strong>adversatus</strong></span> <span class='ocrx_word' id='word_1_409' title='bbox 3537 3055 3656 3112; x_wconf 59' lang='lat' dir='ltr'><strong>es&quot;</strong></span> <span class='ocrx_word' id='word_1_410' title='bbox 3696 3047 3849 3116; x_wconf 62' lang='grc' dir='ltr'><strong>θυοδ</strong></span> 
     </span>
    </p>
   </div>
   <div class='ocr_carea' id='block_1_60' title="bbox 574 3135 3850 3236">
    <p class='ocr_par' dir='ltr' id='par_1_60' title="bbox 574 3135 3850 3236">
     <span class='ocr_line' id='line_1_60' title="bbox 574 3135 3850 3236; baseline 0.002 -33"><span class='ocrx_word' id='word_1_411' title='bbox 574 3149 780 3204; x_wconf 89' lang='lat' dir='ltr'><strong>sarium</strong></span> <span class='ocrx_word' id='word_1_412' title='bbox 810 3164 920 3201; x_wconf 85' lang='lat' dir='ltr'><strong>esse</strong></span> <span class='ocrx_word' id='word_1_413' title='bbox 941 3147 1147 3217; x_wconf 80' lang='lat' dir='ltr'><strong>deﬁnit,</strong></span> <span class='ocrx_word' id='word_1_414' title='bbox 1182 3149 1315 3202; x_wconf 86' lang='lat' dir='ltr'><strong>nihil</strong></span> <span class='ocrx_word' id='word_1_415' title='bbox 1340 3150 1541 3236; x_wconf 31' lang='lat' dir='ltr'><strong>absque.</strong></span> <span class='ocrx_word' id='word_1_416' title='bbox 1553 3150 1793 3220; x_wconf 86' lang='lat' dir='ltr'><strong>episcopo</strong></span> <span class='ocrx_word' id='word_1_417' title='bbox 1823 3152 2052 3219; x_wconf 87' lang='lat' dir='ltr'><strong>operari.</strong></span> <span class='ocrx_word' id='word_1_418' title='bbox 2084 3152 2153 3204; x_wconf 84' lang='lat' dir='ltr'><strong>At</strong></span> <span class='ocrx_word' id='word_1_419' title='bbox 2185 3177 2229 3236; x_wconf 68' lang='grc' dir='ltr'><strong>ο</strong></span> <span class='ocrx_word' id='word_1_420' title='bbox 2256 3135 2731 3236; x_wconf 52' lang='grc' dir='ltr'><strong>(ᾗτίεθηξεξετξριδ</strong></span> <span class='ocrx_word' id='word_1_421' title='bbox 2752 3140 3165 3236; x_wconf 50' lang='grc' dir='ltr'><strong>οοηξίθῐηῐξξτεξιν</strong></span> <span class='ocrx_word' id='word_1_422' title='bbox 3187 3141 3347 3208; x_wconf 69' lang='lat' dir='ltr'><strong>cuius</strong></span> <span class='ocrx_word' id='word_1_423' title='bbox 3372 3140 3545 3236; x_wconf 36' lang='lat' dir='ltr'><strong>lib&quot;)?</strong></span> <span class='ocrx_word' id='word_1_424' title='bbox 3580 3140 3703 3209; x_wconf 70' lang='lat' dir='ltr'><strong>ipse</strong></span> <span class='ocrx_word' id='word_1_425' title='bbox 3732 3150 3850 3195; x_wconf 69' lang='grc' dir='ltr'><strong>ειυ-</strong></span> 
     </span>
    </p>
   </div>
   <div class='ocr_carea' id='block_1_61' title="bbox 573 3227 2156 3313">
    <p class='ocr_par' dir='ltr' id='par_1_61' title="bbox 573 3230 2156 3313">
     <span class='ocr_line' id='line_1_61' title="bbox 573 3230 2156 3313; baseline 0.002 -19"><span class='ocrx_word' id='word_1_426' title='bbox 573 3257 730 3295; x_wconf 86' lang='lat' dir='ltr'><strong>omne</strong></span> <span class='ocrx_word' id='word_1_427' title='bbox 764 3241 1118 3294; x_wconf 84' lang='lat' dir='ltr'><strong>ministerium</strong></span> <span class='ocrx_word' id='word_1_428' title='bbox 1170 3230 1588 3296; x_wconf 81' lang='lat' dir='ltr'><strong>ecclesiasticum</strong></span> <span class='ocrx_word' id='word_1_429' title='bbox 1612 3248 1805 3313; x_wconf 87' lang='lat' dir='ltr'><strong>absque</strong></span> <span class='ocrx_word' id='word_1_430' title='bbox 1830 3245 2074 3313; x_wconf 87' lang='lat' dir='ltr'><strong>episcopo</strong></span> <span class='ocrx_word' id='word_1_431' title='bbox 2102 3245 2156 3297; x_wconf 91' lang='lat' dir='ltr'><strong>in</strong></span> 
     </span>
    </p>
   </div>
   <div class='ocr_carea' id='block_1_62' title="bbox 2259 3227 3851 3313">
    <p class='ocr_par' dir='ltr' id='par_1_62' title="bbox 2259 3227 3851 3300">
     <span class='ocr_line' id='line_1_62' title="bbox 2259 3227 3851 3300; baseline 0.003 -19"><span class='ocrx_word' id='word_1_432' title='bbox 2259 3227 2414 3284; x_wconf 88' lang='lat' dir='ltr'><strong>diose</strong></span> <span class='ocrx_word' id='word_1_433' title='bbox 2444 3228 2711 3295; x_wconf 87' lang='lat' dir='ltr'><strong>defendit;</strong></span> <span class='ocrx_word' id='word_1_434' title='bbox 2772 3231 2915 3285; x_wconf 91' lang='lat' dir='ltr'><strong>unde</strong></span> <span class='ocrx_word' id='word_1_435' title='bbox 2944 3230 3253 3298; x_wconf 78' lang='lat' dir='ltr'><strong>colligimus</strong></span> <span class='ocrx_word' id='word_1_436' title='bbox 3286 3246 3436 3293; x_wconf 90' lang='lat' dir='ltr'><strong>eum,</strong></span> <span class='ocrx_word' id='word_1_437' title='bbox 3491 3232 3580 3284; x_wconf 89' lang='lat' dir='ltr'><strong>illa</strong></span> <span class='ocrx_word' id='word_1_438' title='bbox 3614 3246 3851 3300; x_wconf 69' lang='lat' dir='ltr'><strong>praeser-</strong></span> 
     </span>
    </p>
   </div>
   <div class='ocr_carea' id='block_1_63' title="bbox 573 3330 2156 3402">
    <p class='ocr_par' dir='ltr' id='par_1_63' title="bbox 573 3330 2156 3402">
     <span class='ocr_line' id='line_1_63' title="bbox 573 3330 2156 3402; baseline 0.003 -16"><span class='ocrx_word' id='word_1_439' title='bbox 573 3331 819 3386; x_wconf 84' lang='lat' dir='ltr'><strong>omnibus</strong></span> <span class='ocrx_word' id='word_1_440' title='bbox 856 3330 1119 3401; x_wconf 66' lang='lat' dir='ltr'><strong>Egypti,</strong></span> <span class='ocrx_word' id='word_1_441' title='bbox 1168 3343 1386 3402; x_wconf 77' lang='lat' dir='ltr'><strong>excepta</strong></span> <span class='ocrx_word' id='word_1_442' title='bbox 1436 3334 1766 3388; x_wconf 68' lang='lat' dir='ltr'><strong>Alexandria</strong></span> <span class='ocrx_word' id='word_1_443' title='bbox 1794 3375 1808 3398; x_wconf 92' lang='lat'><strong>,</strong></span> <span class='ocrx_word' id='word_1_444' title='bbox 1855 3336 2156 3390; x_wconf 85' lang='lat' dir='ltr'><strong>civitatibus</strong></span> 
     </span>
    </p>
   </div>
   <div class='ocr_carea' id='block_1_64' title="bbox 572 3423 2157 3496">
    <p class='ocr_par' dir='ltr' id='par_1_64' title="bbox 572 3423 2157 3496">
     <span class='ocr_line' id='line_1_64' title="bbox 572 3423 2157 3496; baseline 0.004 -19"><span class='ocrx_word' id='word_1_445' title='bbox 572 3424 647 3477; x_wconf 81' lang='lat' dir='ltr'><strong>ad</strong></span> <span class='ocrx_word' id='word_1_446' title='bbox 678 3425 741 3478; x_wconf 81' lang='grc' dir='ltr'><strong>Α.</strong></span> <span class='ocrx_word' id='word_1_447' title='bbox 772 3423 834 3477; x_wconf 89' lang='lat' dir='ltr'><strong>D.</strong></span> <span class='ocrx_word' id='word_1_448' title='bbox 860 3424 962 3479; x_wconf 67' lang='lat'><strong>1.90</strong></span> <span class='ocrx_word' id='word_1_449' title='bbox 982 3437 1255 3493; x_wconf 88' lang='lat' dir='ltr'><strong>peractum</strong></span> <span class='ocrx_word' id='word_1_450' title='bbox 1280 3434 1377 3479; x_wconf 85' lang='lat' dir='ltr'><strong>est.</strong></span> <span class='ocrx_word' id='word_1_451' title='bbox 1402 3425 1727 3495; x_wconf 65' lang='lat' dir='ltr'><strong>Afgyptiaca</strong></span> <span class='ocrx_word' id='word_1_452' title='bbox 1773 3428 1942 3496; x_wconf 81' lang='lat' dir='ltr'><strong>igitur</strong></span> <span class='ocrx_word' id='word_1_453' title='bbox 1967 3426 2157 3483; x_wconf 85' lang='lat' dir='ltr'><strong>Eccle-</strong></span> 
     </span>
    </p>
   </div>
   <div class='ocr_carea' id='block_1_65' title="bbox 577 3515 1642 3587">
    <p class='ocr_par' dir='ltr' id='par_1_65' title="bbox 577 3515 1642 3587">
     <span class='ocr_line' id='line_1_65' title="bbox 577 3515 1642 3587; baseline 0.003 -18"><span class='ocrx_word' id='word_1_454' title='bbox 577 3517 657 3569; x_wconf 73' lang='lat' dir='ltr'><strong>sia</strong></span> <span class='ocrx_word' id='word_1_455' title='bbox 686 3515 959 3587; x_wconf 84' lang='lat' dir='ltr'><strong>Ignatium</strong></span> <span class='ocrx_word' id='word_1_456' title='bbox 979 3516 1315 3586; x_wconf 86' lang='lat' dir='ltr'><strong>epistolicum</strong></span> <span class='ocrx_word' id='word_1_457' title='bbox 1345 3534 1449 3571; x_wconf 85' lang='lat' dir='ltr'><strong>non</strong></span> <span class='ocrx_word' id='word_1_458' title='bbox 1478 3520 1642 3572; x_wconf 87' lang='lat' dir='ltr'><strong>novit.</strong></span> 
     </span>
    </p>
   </div>
   <div class='ocr_carea' id='block_1_66' title="bbox 650 3609 2158 3682">
    <p class='ocr_par' dir='ltr' id='par_1_66' title="bbox 650 3609 2158 3682">
     <span class='ocr_line' id='line_1_66' title="bbox 650 3609 2158 3682; baseline 0.001 -19"><span class='ocrx_word' id='word_1_459' title='bbox 650 3609 977 3679; x_wconf 81' lang='lat' dir='ltr'><strong>Respondeo</strong></span> <span class='ocrx_word' id='word_1_460' title='bbox 1010 3612 1210 3679; x_wconf 90' lang='lat' dir='ltr'><strong>primo,</strong></span> <span class='ocrx_word' id='word_1_461' title='bbox 1240 3611 1490 3665; x_wconf 87' lang='lat' dir='ltr'><strong>mirabile</strong></span> <span class='ocrx_word' id='word_1_462' title='bbox 1513 3611 1734 3680; x_wconf 88' lang='lat' dir='ltr'><strong>quidem</strong></span> <span class='ocrx_word' id='word_1_463' title='bbox 1780 3620 1863 3667; x_wconf 89' lang='lat' dir='ltr'><strong>est</strong></span> <span class='ocrx_word' id='word_1_464' title='bbox 1890 3612 2037 3682; x_wconf 91' lang='lat' dir='ltr'><strong>quod</strong></span> <span class='ocrx_word' id='word_1_465' title='bbox 2058 3613 2158 3667; x_wconf 86' lang='lat' dir='ltr'><strong>do-</strong></span> 
     </span>
    </p>
   </div>
   <div class='ocr_carea' id='block_1_67' title="bbox 573 3699 2158 3771">
    <p class='ocr_par' dir='ltr' id='par_1_67' title="bbox 573 3699 2158 3771">
     <span class='ocr_line' id='line_1_67' title="bbox 573 3699 2158 3771; baseline 0 -15"><span class='ocrx_word' id='word_1_466' title='bbox 573 3712 662 3756; x_wconf 86' lang='lat' dir='ltr'><strong>cet</strong></span> <span class='ocrx_word' id='word_1_467' title='bbox 683 3699 1006 3771; x_wconf 79' lang='lat' dir='ltr'><strong>Eutychius,</strong></span> <span class='ocrx_word' id='word_1_468' title='bbox 1047 3702 1140 3756; x_wconf 90' lang='lat' dir='ltr'><strong>sed</strong></span> <span class='ocrx_word' id='word_1_469' title='bbox 1171 3700 1216 3754; x_wconf 89' lang='lat' dir='ltr'><strong>si</strong></span> <span class='ocrx_word' id='word_1_470' title='bbox 1253 3717 1443 3755; x_wconf 87' lang='lat' dir='ltr'><strong>verum</strong></span> <span class='ocrx_word' id='word_1_471' title='bbox 1478 3702 1643 3754; x_wconf 86' lang='lat' dir='ltr'><strong>etiam</strong></span> <span class='ocrx_word' id='word_1_472' title='bbox 1672 3711 1838 3766; x_wconf 88' lang='lat' dir='ltr'><strong>esset,</strong></span> <span class='ocrx_word' id='word_1_473' title='bbox 1876 3718 1984 3756; x_wconf 91' lang='lat' dir='ltr'><strong>non</strong></span> <span class='ocrx_word' id='word_1_474' title='bbox 2034 3703 2158 3757; x_wconf 90' lang='lat' dir='ltr'><strong>inde</strong></span> 
     </span>
    </p>
   </div>
   <div class='ocr_carea' id='block_1_68' title="bbox 575 3791 2155 3865">
    <p class='ocr_par' dir='ltr' id='par_1_68' title="bbox 575 3791 2155 3865">
     <span class='ocr_line' id='line_1_68' title="bbox 575 3791 2155 3865; baseline -0.001 -17"><span class='ocrx_word' id='word_1_475' title='bbox 575 3804 919 3862; x_wconf 80' lang='lat' dir='ltr'><strong>sequeretur,</strong></span> <span class='ocrx_word' id='word_1_476' title='bbox 972 3800 1142 3848; x_wconf 87' lang='lat' dir='ltr'><strong>totam</strong></span> <span class='ocrx_word' id='word_1_477' title='bbox 1188 3791 1565 3864; x_wconf 68' lang='lat' dir='ltr'><strong>JEgyptiacam</strong></span> <span class='ocrx_word' id='word_1_478' title='bbox 1614 3791 1916 3849; x_wconf 86' lang='lat' dir='ltr'><strong>Ecclesiam</strong></span> <span class='ocrx_word' id='word_1_479' title='bbox 1961 3796 2155 3865; x_wconf 84' lang='lat' dir='ltr'><strong>lgnatii</strong></span> 
     </span>
    </p>
   </div>
   <div class='ocr_carea' id='block_1_69' title="bbox 575 3884 2156 3959">
    <p class='ocr_par' dir='ltr' id='par_1_69' title="bbox 575 3884 2156 3959">
     <span class='ocr_line' id='line_1_69' title="bbox 575 3884 2156 3959; baseline 0.001 -20"><span class='ocrx_word' id='word_1_480' title='bbox 575 3886 838 3954; x_wconf 84' lang='lat' dir='ltr'><strong>epistolas</strong></span> <span class='ocrx_word' id='word_1_481' title='bbox 882 3886 1185 3954; x_wconf 85' lang='lat' dir='ltr'><strong>ignorasse.</strong></span> <span class='ocrx_word' id='word_1_482' title='bbox 1234 3884 1439 3940; x_wconf 86' lang='lat' dir='ltr'><strong>Omnes</strong></span> <span class='ocrx_word' id='word_1_483' title='bbox 1478 3887 1624 3939; x_wconf 88' lang='lat' dir='ltr'><strong>enim</strong></span> <span class='ocrx_word' id='word_1_484' title='bbox 1675 3885 1935 3941; x_wconf 81' lang='lat' dir='ltr'><strong>Ecclesia:</strong></span> <span class='ocrx_word' id='word_1_485' title='bbox 1986 3886 2156 3959; x_wconf 65' lang='lat' dir='ltr'><strong>JEgy-</strong></span> 
     </span>
    </p>
   </div>
   <div class='ocr_carea' id='block_1_70' title="bbox 576 3979 2160 4049">
    <p class='ocr_par' dir='ltr' id='par_1_70' title="bbox 576 3979 2160 4049">
     <span class='ocr_line' id='line_1_70' title="bbox 576 3979 2160 4049; baseline 0 -16"><span class='ocrx_word' id='word_1_486' title='bbox 576 3981 789 4049; x_wconf 73' lang='lat' dir='ltr'><strong>ptiacze,</strong></span> <span class='ocrx_word' id='word_1_487' title='bbox 817 3980 932 4033; x_wconf 87' lang='lat' dir='ltr'><strong>sive</strong></span> <span class='ocrx_word' id='word_1_488' title='bbox 953 3979 1190 4048; x_wconf 87' lang='lat' dir='ltr'><strong>aliquem</strong></span> <span class='ocrx_word' id='word_1_489' title='bbox 1222 3980 1537 4049; x_wconf 90' lang='lat' dir='ltr'><strong>episcopum</strong></span> <span class='ocrx_word' id='word_1_490' title='bbox 1560 3979 1869 4045; x_wconf 90' lang='lat' dir='ltr'><strong>habuerint,</strong></span> <span class='ocrx_word' id='word_1_491' title='bbox 1898 3980 2010 4035; x_wconf 85' lang='lat' dir='ltr'><strong>sive</strong></span> <span class='ocrx_word' id='word_1_492' title='bbox 2036 3981 2160 4033; x_wconf 81' lang='lat' dir='ltr'><strong>nul—</strong></span> 
     </span>
    </p>
   </div>
   <div class='ocr_carea' id='block_1_71' title="bbox 576 4068 2157 4141">
    <p class='ocr_par' dir='ltr' id='par_1_71' title="bbox 576 4068 2157 4141">
     <span class='ocr_line' id='line_1_71' title="bbox 576 4068 2157 4141; baseline 0.003 -19"><span class='ocrx_word' id='word_1_493' title='bbox 576 4070 712 4133; x_wconf 88' lang='lat' dir='ltr'><strong>lum,</strong></span> <span class='ocrx_word' id='word_1_494' title='bbox 740 4068 1000 4137; x_wconf 82' lang='lat' dir='ltr'><strong>subjecta:</strong></span> <span class='ocrx_word' id='word_1_495' title='bbox 1041 4078 1198 4123; x_wconf 87' lang='lat' dir='ltr'><strong>erant</strong></span> <span class='ocrx_word' id='word_1_496' title='bbox 1231 4068 1490 4137; x_wconf 90' lang='lat' dir='ltr'><strong>episcopo</strong></span> <span class='ocrx_word' id='word_1_497' title='bbox 1543 4070 1950 4137; x_wconf 85' lang='lat' dir='ltr'><strong>Alexandrino;</strong></span> <span class='ocrx_word' id='word_1_498' title='bbox 1983 4088 2157 4141; x_wconf 82' lang='lat' dir='ltr'><strong>neque</strong></span> 
     </span>
    </p>
   </div>
   <div class='ocr_carea' id='block_1_72' title="bbox 578 4156 2156 4227">
    <p class='ocr_par' dir='ltr' id='par_1_72' title="bbox 578 4156 2156 4227">
     <span class='ocr_line' id='line_1_72' title="bbox 578 4156 2156 4227; baseline -0.001 -14"><span class='ocrx_word' id='word_1_499' title='bbox 578 4160 685 4213; x_wconf 89' lang='lat' dir='ltr'><strong>hoc</strong></span> <span class='ocrx_word' id='word_1_500' title='bbox 715 4166 877 4227; x_wconf 86' lang='lat' dir='ltr'><strong>negat</strong></span> <span class='ocrx_word' id='word_1_501' title='bbox 912 4157 1234 4227; x_wconf 71' lang='lat' dir='ltr'><strong>Eutychius.</strong></span> <span class='ocrx_word' id='word_1_502' title='bbox 1260 4156 1503 4227; x_wconf 84' lang='lat' dir='ltr'><strong>lgnatius</strong></span> <span class='ocrx_word' id='word_1_503' title='bbox 1525 4157 1748 4226; x_wconf 88' lang='lat' dir='ltr'><strong>quidem</strong></span> <span class='ocrx_word' id='word_1_504' title='bbox 1773 4160 1992 4221; x_wconf 89' lang='lat' dir='ltr'><strong>asserit,</strong></span> <span class='ocrx_word' id='word_1_505' title='bbox 2026 4160 2156 4212; x_wconf 92' lang='lat' dir='ltr'><strong>illud</strong></span> 
     </span>
    </p>
   </div>
   <div class='ocr_carea' id='block_1_73' title="bbox 574 4249 2156 4318">
    <p class='ocr_par' dir='ltr' id='par_1_73' title="bbox 574 4249 2156 4318">
     <span class='ocr_line' id='line_1_73' title="bbox 574 4249 2156 4318; baseline -0.002 -14"><span class='ocrx_word' id='word_1_506' title='bbox 574 4250 797 4305; x_wconf 88' lang='lat' dir='ltr'><strong>demum</strong></span> <span class='ocrx_word' id='word_1_507' title='bbox 846 4250 1212 4304; x_wconf 87' lang='lat' dir='ltr'><strong>ministerium</strong></span> <span class='ocrx_word' id='word_1_508' title='bbox 1251 4249 1689 4304; x_wconf 89' lang='lat' dir='ltr'><strong>ecclesiasticum</strong></span> <span class='ocrx_word' id='word_1_509' title='bbox 1742 4258 1895 4304; x_wconf 90' lang='lat' dir='ltr'><strong>recte</strong></span> <span class='ocrx_word' id='word_1_510' title='bbox 1948 4249 2156 4318; x_wconf 89' lang='lat' dir='ltr'><strong>peragi,</strong></span> 
     </span>
    </p>
   </div>
   <div class='ocr_carea' id='block_1_74' title="bbox 575 4338 2158 4410">
    <p class='ocr_par' dir='ltr' id='par_1_74' title="bbox 575 4338 2158 4410">
     <span class='ocr_line' id='line_1_74' title="bbox 575 4338 2158 4410; baseline -0.001 -17"><span class='ocrx_word' id='word_1_511' title='bbox 575 4340 728 4410; x_wconf 84' lang='lat' dir='ltr'><strong>quod</strong></span> <span class='ocrx_word' id='word_1_512' title='bbox 756 4340 838 4403; x_wconf 79' lang='lat' dir='ltr'><strong>vel</strong></span> <span class='ocrx_word' id='word_1_513' title='bbox 863 4340 967 4393; x_wconf 92' lang='lat' dir='ltr'><strong>sub</strong></span> <span class='ocrx_word' id='word_1_514' title='bbox 993 4339 1111 4408; x_wconf 88' lang='lat' dir='ltr'><strong>ipso</strong></span> <span class='ocrx_word' id='word_1_515' title='bbox 1143 4338 1401 4408; x_wconf 84' lang='lat' dir='ltr'><strong>episcopo</strong></span> <span class='ocrx_word' id='word_1_516' title='bbox 1436 4338 1517 4405; x_wconf 80' lang='lat' dir='ltr'><strong>tit,</strong></span> <span class='ocrx_word' id='word_1_517' title='bbox 1545 4339 1630 4393; x_wconf 89' lang='lat' dir='ltr'><strong>vel</strong></span> <span class='ocrx_word' id='word_1_518' title='bbox 1673 4339 1823 4409; x_wconf 85' lang='lat' dir='ltr'><strong>quod</strong></span> <span class='ocrx_word' id='word_1_519' title='bbox 1856 4339 1976 4408; x_wconf 88' lang='lat' dir='ltr'><strong>ipse</strong></span> <span class='ocrx_word' id='word_1_520' title='bbox 2021 4354 2158 4395; x_wconf 79' lang='lat' dir='ltr'><strong>con-</strong></span> 
     </span>
    </p>
   </div>
   <div class='ocr_carea' id='block_1_75' title="bbox 577 4429 2159 4502">
    <p class='ocr_par' dir='ltr' id='par_1_75' title="bbox 577 4429 2159 4502">
     <span class='ocr_line' id='line_1_75' title="bbox 577 4429 2159 4502; baseline -0.002 -15"><span class='ocrx_word' id='word_1_521' title='bbox 577 4432 828 4487; x_wconf 87' lang='lat' dir='ltr'><strong>cesserit.</strong></span> <span class='ocrx_word' id='word_1_522' title='bbox 864 4432 935 4486; x_wconf 86' lang='lat' dir='ltr'><strong>At</strong></span> <span class='ocrx_word' id='word_1_523' title='bbox 990 4431 1098 4486; x_wconf 85' lang='lat' dir='ltr'><strong>hoc</strong></span> <span class='ocrx_word' id='word_1_524' title='bbox 1123 4430 1241 4485; x_wconf 81' lang='lat' dir='ltr'><strong>fieri</strong></span> <span class='ocrx_word' id='word_1_525' title='bbox 1272 4431 1451 4500; x_wconf 91' lang='lat' dir='ltr'><strong>potuit</strong></span> <span class='ocrx_word' id='word_1_526' title='bbox 1497 4431 1552 4484; x_wconf 93' lang='lat' dir='ltr'><strong>in</strong></span> <span class='ocrx_word' id='word_1_527' title='bbox 1587 4429 1931 4502; x_wconf 60' lang='lat' dir='ltr'><strong>Egyptiacis</strong></span> <span class='ocrx_word' id='word_1_528' title='bbox 1980 4431 2159 4485; x_wconf 79' lang='lat' dir='ltr'><strong>eccle-</strong></span> 
     </span>
    </p>
   </div>
   <div class='ocr_carea' id='block_1_76' title="bbox 2261 3320 3853 3393">
    <p class='ocr_par' dir='ltr' id='par_1_76' title="bbox 2261 3320 3853 3393">
     <span class='ocr_line' id='line_1_76' title="bbox 2261 3320 3853 3393; baseline 0.001 -17"><span class='ocrx_word' id='word_1_529' title='bbox 2261 3320 2356 3376; x_wconf 92' lang='lat' dir='ltr'><strong>tim</strong></span> <span class='ocrx_word' id='word_1_530' title='bbox 2408 3331 2609 3389; x_wconf 65' lang='lat' dir='ltr'><strong>aetate,</strong></span> <span class='ocrx_word' id='word_1_531' title='bbox 2667 3322 2935 3393; x_wconf 81' lang='lat' dir='ltr'><strong>lgnatium</strong></span> <span class='ocrx_word' id='word_1_532' title='bbox 2970 3324 3186 3378; x_wconf 83' lang='lat' dir='ltr'><strong>nescire</strong></span> <span class='ocrx_word' id='word_1_533' title='bbox 3239 3339 3350 3379; x_wconf 91' lang='lat' dir='ltr'><strong>non</strong></span> <span class='ocrx_word' id='word_1_534' title='bbox 3396 3325 3665 3393; x_wconf 87' lang='lat' dir='ltr'><strong>potuisse,</strong></span> <span class='ocrx_word' id='word_1_535' title='bbox 3724 3325 3853 3378; x_wconf 79' lang='lat' dir='ltr'><strong>licet</strong></span> 
     </span>
    </p>
   </div>
   <div class='ocr_carea' id='block_1_77' title="bbox 2260 3414 3600 3485">
    <p class='ocr_par' dir='ltr' id='par_1_77' title="bbox 2260 3414 3600 3485">
     <span class='ocr_line' id='line_1_77' title="bbox 2260 3414 3600 3485; baseline 0.001 -17"><span class='ocrx_word' id='word_1_536' title='bbox 2260 3421 2425 3468; x_wconf 78' lang='lat' dir='ltr'><strong>tantze</strong></span> <span class='ocrx_word' id='word_1_537' title='bbox 2455 3414 2753 3483; x_wconf 79' lang='lat' dir='ltr'><strong>provincia:</strong></span> <span class='ocrx_word' id='word_1_538' title='bbox 2779 3415 2976 3470; x_wconf 89' lang='lat' dir='ltr'><strong>unicus</strong></span> <span class='ocrx_word' id='word_1_539' title='bbox 2999 3415 3294 3484; x_wconf 87' lang='lat' dir='ltr'><strong>episcopus</strong></span> <span class='ocrx_word' id='word_1_540' title='bbox 3323 3424 3600 3485; x_wconf 69' lang='lat' dir='ltr'><strong>praeesset.</strong></span> 
     </span>
    </p>
   </div>
   <div class='ocr_carea' id='block_1_78' title="bbox 2330 3506 3851 3576">
    <p class='ocr_par' dir='ltr' id='par_1_78' title="bbox 2330 3506 3851 3576">
     <span class='ocr_line' id='line_1_78' title="bbox 2330 3506 3851 3576; baseline 0.003 -16"><span class='ocrx_word' id='word_1_541' title='bbox 2330 3506 2651 3576; x_wconf 82' lang='lat' dir='ltr'><strong>Respondeo</strong></span> <span class='ocrx_word' id='word_1_542' title='bbox 2680 3511 2943 3576; x_wconf 90' lang='lat' dir='ltr'><strong>secundo,</strong></span> <span class='ocrx_word' id='word_1_543' title='bbox 2989 3511 3333 3565; x_wconf 89' lang='lat' dir='ltr'><strong>bistoriolam</strong></span> <span class='ocrx_word' id='word_1_544' title='bbox 3364 3512 3512 3565; x_wconf 86' lang='lat' dir='ltr'><strong>illam</strong></span> <span class='ocrx_word' id='word_1_545' title='bbox 3559 3511 3628 3565; x_wconf 90' lang='lat' dir='ltr'><strong>de</strong></span> <span class='ocrx_word' id='word_1_546' title='bbox 3665 3512 3851 3565; x_wconf 85' lang='lat' dir='ltr'><strong>tribus</strong></span> 
     </span>
    </p>
   </div>
   <div class='ocr_carea' id='block_1_79' title="bbox 2257 3599 3849 3672">
    <p class='ocr_par' dir='ltr' id='par_1_79' title="bbox 2257 3599 3849 3672">
     <span class='ocr_line' id='line_1_79' title="bbox 2257 3599 3849 3672; baseline 0.001 -18"><span class='ocrx_word' id='word_1_547' title='bbox 2257 3600 2533 3669; x_wconf 89' lang='lat' dir='ltr'><strong>episcopis</strong></span> <span class='ocrx_word' id='word_1_548' title='bbox 2563 3616 2591 3653; x_wconf 91' lang='lat' dir='ltr'><strong>a</strong></span> <span class='ocrx_word' id='word_1_549' title='bbox 2617 3599 2891 3655; x_wconf 90' lang='lat' dir='ltr'><strong>Demetrio</strong></span> <span class='ocrx_word' id='word_1_550' title='bbox 2917 3602 3155 3671; x_wconf 90' lang='lat' dir='ltr'><strong>primum</strong></span> <span class='ocrx_word' id='word_1_551' title='bbox 3188 3602 3241 3657; x_wconf 90' lang='lat' dir='ltr'><strong>in</strong></span> <span class='ocrx_word' id='word_1_552' title='bbox 3268 3601 3504 3672; x_wconf 65' lang='lat' dir='ltr'><strong>Egypto</strong></span> <span class='ocrx_word' id='word_1_553' title='bbox 3538 3601 3703 3657; x_wconf 85' lang='lat' dir='ltr'><strong>factis</strong></span> <span class='ocrx_word' id='word_1_554' title='bbox 3737 3603 3849 3656; x_wconf 90' lang='lat' dir='ltr'><strong>mi-</strong></span> 
     </span>
    </p>
   </div>
   <div class='ocr_carea' id='block_1_80' title="bbox 2260 3692 3881 3763">
    <p class='ocr_par' dir='ltr' id='par_1_80' title="bbox 2260 3692 3881 3763">
     <span class='ocr_line' id='line_1_80' title="bbox 2260 3692 3881 3763; baseline 0.002 -17"><span class='ocrx_word' id='word_1_555' title='bbox 2260 3694 2407 3747; x_wconf 90' lang='lat' dir='ltr'><strong>nime</strong></span> <span class='ocrx_word' id='word_1_556' title='bbox 2445 3694 2551 3747; x_wconf 87' lang='lat' dir='ltr'><strong>tide</strong></span> <span class='ocrx_word' id='word_1_557' title='bbox 2577 3693 2800 3763; x_wconf 89' lang='lat' dir='ltr'><strong>dignam</strong></span> <span class='ocrx_word' id='word_1_558' title='bbox 2855 3710 3000 3760; x_wconf 86' lang='lat' dir='ltr'><strong>esse,</strong></span> <span class='ocrx_word' id='word_1_559' title='bbox 3042 3696 3161 3751; x_wconf 88' lang='lat' dir='ltr'><strong>sive</strong></span> <span class='ocrx_word' id='word_1_560' title='bbox 3210 3704 3518 3761; x_wconf 90' lang='lat' dir='ltr'><strong>auctorem,</strong></span> <span class='ocrx_word' id='word_1_561' title='bbox 3567 3696 3688 3750; x_wconf 85' lang='lat' dir='ltr'><strong>sive</strong></span> <span class='ocrx_word' id='word_1_562' title='bbox 3731 3692 3881 3750; x_wconf 52' lang='lat' dir='ltr'><strong>rem&#39;</strong></span> 
     </span>
    </p>
   </div>
   <div class='ocr_carea' id='block_1_81' title="bbox 2260 3785 3851 3857">
    <p class='ocr_par' dir='ltr' id='par_1_81' title="bbox 2260 3785 3851 3857">
     <span class='ocr_line' id='line_1_81' title="bbox 2260 3785 3851 3857; baseline 0.003 -18"><span class='ocrx_word' id='word_1_563' title='bbox 2260 3786 2434 3856; x_wconf 89' lang='lat' dir='ltr'><strong>ipsam</strong></span> <span class='ocrx_word' id='word_1_564' title='bbox 2466 3796 2700 3856; x_wconf 90' lang='lat' dir='ltr'><strong>spectes.</strong></span> <span class='ocrx_word' id='word_1_565' title='bbox 2746 3785 2965 3842; x_wconf 90' lang='lat' dir='ltr'><strong>Primus</strong></span> <span class='ocrx_word' id='word_1_566' title='bbox 2997 3788 3268 3843; x_wconf 86' lang='lat' dir='ltr'><strong>mirabilis</strong></span> <span class='ocrx_word' id='word_1_567' title='bbox 3308 3788 3473 3857; x_wconf 88' lang='lat' dir='ltr'><strong>hujus</strong></span> <span class='ocrx_word' id='word_1_568' title='bbox 3504 3786 3851 3843; x_wconf 81' lang='lat' dir='ltr'><strong>narrationis</strong></span> 
     </span>
    </p>
   </div>
   <div class='ocr_carea' id='block_1_82' title="bbox 2258 3878 3850 3950">
    <p class='ocr_par' dir='ltr' id='par_1_82' title="bbox 2258 3878 3850 3950">
     <span class='ocr_line' id='line_1_82' title="bbox 2258 3878 3850 3950; baseline 0.001 -18"><span class='ocrx_word' id='word_1_569' title='bbox 2258 3890 2453 3933; x_wconf 88' lang='lat' dir='ltr'><strong>auctor</strong></span> <span class='ocrx_word' id='word_1_570' title='bbox 2481 3888 2568 3933; x_wconf 89' lang='lat' dir='ltr'><strong>est</strong></span> <span class='ocrx_word' id='word_1_571' title='bbox 2590 3878 2917 3950; x_wconf 87' lang='lat' dir='ltr'><strong>Eutychius,</strong></span> <span class='ocrx_word' id='word_1_572' title='bbox 2969 3881 3281 3950; x_wconf 81' lang='lat' dir='ltr'><strong>patriarcha</strong></span> <span class='ocrx_word' id='word_1_573' title='bbox 3340 3882 3560 3950; x_wconf 87' lang='lat' dir='ltr'><strong>quidem</strong></span> <span class='ocrx_word' id='word_1_574' title='bbox 3596 3880 3850 3934; x_wconf 60' lang='lat' dir='ltr'><strong>Alexana</strong></span> 
     </span>
    </p>
   </div>
   <div class='ocr_carea' id='block_1_83' title="bbox 2256 3966 3853 4041">
    <p class='ocr_par' dir='ltr' id='par_1_83' title="bbox 2256 3966 3853 4041">
     <span class='ocr_line' id='line_1_83' title="bbox 2256 3966 3853 4041; baseline 0.001 -16"><span class='ocrx_word' id='word_1_575' title='bbox 2256 3971 2472 4034; x_wconf 88' lang='lat' dir='ltr'><strong>drinus,</strong></span> <span class='ocrx_word' id='word_1_576' title='bbox 2503 3971 2597 4024; x_wconf 89' lang='lat' dir='ltr'><strong>sed</strong></span> <span class='ocrx_word' id='word_1_577' title='bbox 2628 3966 2791 4025; x_wconf 87' lang='lat' dir='ltr'><strong>nimis</strong></span> <span class='ocrx_word' id='word_1_578' title='bbox 2837 3972 2907 4025; x_wconf 92' lang='lat' dir='ltr'><strong>ab</strong></span> <span class='ocrx_word' id='word_1_579' title='bbox 2933 3971 3243 4041; x_wconf 84' lang='lat' dir='ltr'><strong>originibus</strong></span> <span class='ocrx_word' id='word_1_580' title='bbox 3278 3971 3425 4027; x_wconf 92' lang='lat' dir='ltr'><strong>illius</strong></span> <span class='ocrx_word' id='word_1_581' title='bbox 3452 3970 3716 4025; x_wconf 72' lang='lat' dir='ltr'><strong>Ecclesia:</strong></span> <span class='ocrx_word' id='word_1_582' title='bbox 3758 3988 3853 4026; x_wconf 83' lang='lat' dir='ltr'><strong>re-</strong></span> 
     </span>
    </p>
   </div>
   <div class='ocr_carea' id='block_1_84' title="bbox 2258 4063 3850 4134">
    <p class='ocr_par' dir='ltr' id='par_1_84' title="bbox 2258 4063 3850 4134">
     <span class='ocr_line' id='line_1_84' title="bbox 2258 4063 3850 4134; baseline 0.001 -17"><span class='ocrx_word' id='word_1_583' title='bbox 2258 4072 2459 4129; x_wconf 90' lang='lat' dir='ltr'><strong>motus,</strong></span> <span class='ocrx_word' id='word_1_584' title='bbox 2484 4072 2670 4133; x_wconf 87' lang='lat' dir='ltr'><strong>utpote</strong></span> <span class='ocrx_word' id='word_1_585' title='bbox 2699 4063 2899 4119; x_wconf 90' lang='lat' dir='ltr'><strong>decimi</strong></span> <span class='ocrx_word' id='word_1_586' title='bbox 2922 4064 3107 4119; x_wconf 83' lang='lat' dir='ltr'><strong>sa:culi</strong></span> <span class='ocrx_word' id='word_1_587' title='bbox 3137 4066 3372 4134; x_wconf 88' lang='lat' dir='ltr'><strong>scriptor</strong></span> <span class='ocrx_word' id='word_1_588' title='bbox 3404 4082 3418 4118; x_wconf 89' lang='lat'><strong>:</strong></span> <span class='ocrx_word' id='word_1_589' title='bbox 3459 4064 3850 4119; x_wconf 80' lang='lat' dir='ltr'><strong>Melchitarum</strong></span> 
     </span>
    </p>
   </div>
   <div class='ocr_carea' id='block_1_85' title="bbox 2255 4156 3848 4227">
    <p class='ocr_par' dir='ltr' id='par_1_85' title="bbox 2255 4156 3848 4227">
     <span class='ocr_line' id='line_1_85' title="bbox 2255 4156 3848 4227; baseline 0.001 -16"><span class='ocrx_word' id='word_1_590' title='bbox 2255 4160 2478 4227; x_wconf 88' lang='lat' dir='ltr'><strong>quidem</strong></span> <span class='ocrx_word' id='word_1_591' title='bbox 2519 4158 2831 4227; x_wconf 87' lang='lat' dir='ltr'><strong>episcopus,</strong></span> <span class='ocrx_word' id='word_1_592' title='bbox 2865 4157 2958 4211; x_wconf 88' lang='lat' dir='ltr'><strong>sed</strong></span> <span class='ocrx_word' id='word_1_593' title='bbox 3004 4172 3117 4227; x_wconf 91' lang='lat' dir='ltr'><strong>quo</strong></span> <span class='ocrx_word' id='word_1_594' title='bbox 3173 4158 3346 4213; x_wconf 88' lang='lat' dir='ltr'><strong>multo</strong></span> <span class='ocrx_word' id='word_1_595' title='bbox 3376 4158 3553 4227; x_wconf 88' lang='lat' dir='ltr'><strong>major</strong></span> <span class='ocrx_word' id='word_1_596' title='bbox 3581 4156 3685 4212; x_wconf 89' lang='lat' dir='ltr'><strong>fuit</strong></span> <span class='ocrx_word' id='word_1_597' title='bbox 3705 4156 3848 4212; x_wconf 83' lang='lat' dir='ltr'><strong>Ale-</strong></span> 
     </span>
    </p>
   </div>
   <div class='ocr_carea' id='block_1_86' title="bbox 2257 4247 3851 4320">
    <p class='ocr_par' dir='ltr' id='par_1_86' title="bbox 2257 4247 3851 4320">
     <span class='ocr_line' id='line_1_86' title="bbox 2257 4247 3851 4320; baseline 0.003 -17"><span class='ocrx_word' id='word_1_598' title='bbox 2257 4249 2503 4303; x_wconf 78' lang='lat' dir='ltr'><strong>xandria:</strong></span> <span class='ocrx_word' id='word_1_599' title='bbox 2548 4247 2741 4304; x_wconf 88' lang='lat' dir='ltr'><strong>eodem</strong></span> <span class='ocrx_word' id='word_1_600' title='bbox 2803 4257 3047 4319; x_wconf 86' lang='lat' dir='ltr'><strong>tempore</strong></span> <span class='ocrx_word' id='word_1_601' title='bbox 3100 4248 3477 4306; x_wconf 86' lang='lat' dir='ltr'><strong>Jacobitarum</strong></span> <span class='ocrx_word' id='word_1_602' title='bbox 3545 4252 3851 4320; x_wconf 79' lang='lat' dir='ltr'><strong>episcopus</strong></span> 
     </span>
    </p>
   </div>
   <div class='ocr_carea' id='block_1_87' title="bbox 2258 4340 3847 4412">
    <p class='ocr_par' dir='ltr' id='par_1_87' title="bbox 2258 4340 3847 4412">
     <span class='ocr_line' id='line_1_87' title="bbox 2258 4340 3847 4412; baseline 0.001 -17"><span class='ocrx_word' id='word_1_603' title='bbox 2258 4340 2552 4406; x_wconf 81' lang='lat' dir='ltr'><strong>Macarius,</strong></span> <span class='ocrx_word' id='word_1_604' title='bbox 2577 4348 2633 4393; x_wconf 83' lang='lat' dir='ltr'><strong>et</strong></span> <span class='ocrx_word' id='word_1_605' title='bbox 2656 4340 2745 4395; x_wconf 92' lang='lat' dir='ltr'><strong>cui</strong></span> <span class='ocrx_word' id='word_1_606' title='bbox 2772 4341 2939 4395; x_wconf 89' lang='lat' dir='ltr'><strong>etiam</strong></span> <span class='ocrx_word' id='word_1_607' title='bbox 2965 4357 3090 4396; x_wconf 92' lang='lat' dir='ltr'><strong>cum</strong></span> <span class='ocrx_word' id='word_1_608' title='bbox 3123 4343 3326 4412; x_wconf 92' lang='lat' dir='ltr'><strong>populo</strong></span> <span class='ocrx_word' id='word_1_609' title='bbox 3364 4360 3487 4409; x_wconf 87' lang='lat' dir='ltr'><strong>suo,</strong></span> <span class='ocrx_word' id='word_1_610' title='bbox 3548 4342 3847 4408; x_wconf 81' lang='lat' dir='ltr'><strong>Melchitis,</strong></span> 
     </span>
    </p>
   </div>
   <div class='ocr_carea' id='block_1_88' title="bbox 2258 4432 3847 4502">
    <p class='ocr_par' dir='ltr' id='par_1_88' title="bbox 2258 4432 3847 4502">
     <span class='ocr_line' id='line_1_88' title="bbox 2258 4432 3847 4502; baseline 0.003 -14"><span class='ocrx_word' id='word_1_611' title='bbox 2258 4432 2507 4501; x_wconf 88' lang='lat' dir='ltr'><strong>inquam,</strong></span> <span class='ocrx_word' id='word_1_612' title='bbox 2538 4432 2741 4501; x_wconf 90' lang='lat' dir='ltr'><strong>quibus</strong></span> <span class='ocrx_word' id='word_1_613' title='bbox 2777 4432 3013 4502; x_wconf 65' lang='lat' dir='ltr'><strong>praefuit,</strong></span> <span class='ocrx_word' id='word_1_614' title='bbox 3047 4436 3284 4488; x_wconf 81' lang='lat' dir='ltr'><strong>maxima</strong></span> <span class='ocrx_word' id='word_1_615' title='bbox 3325 4436 3579 4490; x_wconf 90' lang='lat' dir='ltr'><strong>simultas</strong></span> <span class='ocrx_word' id='word_1_616' title='bbox 3604 4436 3726 4492; x_wconf 89' lang='lat' dir='ltr'><strong>fuit.</strong></span> <span class='ocrx_word' id='word_1_617' title='bbox 3766 4438 3847 4492; x_wconf 80' lang='lat' dir='ltr'><strong>Ita</strong></span> 
     </span>
    </p>
   </div>
   <div class='ocr_carea' id='block_1_89' title="bbox 578 4520 3848 4598">
    <p class='ocr_par' dir='ltr' id='par_1_89' title="bbox 578 4520 3848 4598">
     <span class='ocr_line' id='line_1_89' title="bbox 578 4520 3848 4598; baseline 0.001 -18"><span class='ocrx_word' id='word_1_618' title='bbox 578 4525 679 4580; x_wconf 90' lang='lat' dir='ltr'><strong>siis</strong></span> <span class='ocrx_word' id='word_1_619' title='bbox 712 4524 973 4595; x_wconf 89' lang='lat' dir='ltr'><strong>episcopo</strong></span> <span class='ocrx_word' id='word_1_620' title='bbox 994 4522 1365 4577; x_wconf 75' lang='lat' dir='ltr'><strong>Alexandrino</strong></span> <span class='ocrx_word' id='word_1_621' title='bbox 1394 4520 1678 4591; x_wconf 83' lang='lat' dir='ltr'><strong>subjectis,</strong></span> <span class='ocrx_word' id='word_1_622' title='bbox 1719 4535 1842 4590; x_wconf 72' lang='lat' dir='ltr'><strong>qua:</strong></span> <span class='ocrx_word' id='word_1_623' title='bbox 1874 4520 2025 4575; x_wconf 92' lang='lat' dir='ltr'><strong>nullo</strong></span> <span class='ocrx_word' id='word_1_624' title='bbox 2050 4521 2157 4575; x_wconf 91' lang='lat' dir='ltr'><strong>alio</strong></span> <span class='ocrx_word' id='word_1_625' title='bbox 2190 4537 2234 4595; x_wconf 76' lang='grc' dir='ltr'><strong>ι)</strong></span> <span class='ocrx_word' id='word_1_626' title='bbox 2262 4526 2408 4579; x_wconf 90' lang='lat' dir='ltr'><strong>enim</strong></span> <span class='ocrx_word' id='word_1_627' title='bbox 2445 4524 2513 4579; x_wconf 89' lang='lat' dir='ltr'><strong>de</strong></span> <span class='ocrx_word' id='word_1_628' title='bbox 2548 4524 2654 4579; x_wconf 83' lang='lat' dir='ltr'><strong>hoc</strong></span> <span class='ocrx_word' id='word_1_629' title='bbox 2697 4523 2967 4595; x_wconf 88' lang='lat' dir='ltr'><strong>Eutychio</strong></span> <span class='ocrx_word' id='word_1_630' title='bbox 3002 4526 3251 4595; x_wconf 88' lang='lat' dir='ltr'><strong>loquitur</strong></span> <span class='ocrx_word' id='word_1_631' title='bbox 3285 4525 3623 4584; x_wconf 87' lang='lat' dir='ltr'><strong>Elmacinus.</strong></span> <span class='ocrx_word' id='word_1_632' title='bbox 3660 4529 3848 4598; x_wconf 80' lang='lat' dir='ltr'><strong>Hujus</strong></span> 
     </span>
    </p>
   </div>
   <div class='ocr_carea' id='block_1_90' title="bbox 577 4612 2158 4690">
    <p class='ocr_par' dir='ltr' id='par_1_90' title="bbox 577 4612 2158 4690">
     <span class='ocr_line' id='line_1_90' title="bbox 577 4612 2158 4690; baseline -0.004 -17"><span class='ocrx_word' id='word_1_633' title='bbox 577 4620 840 4690; x_wconf 88' lang='lat' dir='ltr'><strong>episcopo</strong></span> <span class='ocrx_word' id='word_1_634' title='bbox 869 4616 1192 4689; x_wconf 88' lang='lat' dir='ltr'><strong>gauderent.</strong></span> <span class='ocrx_word' id='word_1_635' title='bbox 1225 4614 1364 4670; x_wconf 88' lang='lat' dir='ltr'><strong>Hinc</strong></span> <span class='ocrx_word' id='word_1_636' title='bbox 1391 4614 1557 4685; x_wconf 88' lang='lat' dir='ltr'><strong>igitur</strong></span> <span class='ocrx_word' id='word_1_637' title='bbox 1601 4613 1876 4684; x_wconf 85' lang='lat' dir='ltr'><strong>ignoratio</strong></span> <span class='ocrx_word' id='word_1_638' title='bbox 1924 4612 2158 4684; x_wconf 87' lang='lat' dir='ltr'><strong>lgnatia-</strong></span> 
     </span>
    </p>
   </div>
   <div class='ocr_carea' id='block_1_91' title="bbox 576 4704 2158 4777">
    <p class='ocr_par' dir='ltr' id='par_1_91' title="bbox 576 4704 2158 4777">
     <span class='ocr_line' id='line_1_91' title="bbox 576 4704 2158 4777; baseline -0.005 -12"><span class='ocrx_word' id='word_1_639' title='bbox 576 4727 777 4765; x_wconf 88' lang='lat' dir='ltr'><strong>norum</strong></span> <span class='ocrx_word' id='word_1_640' title='bbox 833 4725 943 4763; x_wconf 91' lang='lat' dir='ltr'><strong>non</strong></span> <span class='ocrx_word' id='word_1_641' title='bbox 994 4709 1264 4777; x_wconf 89' lang='lat' dir='ltr'><strong>sequitur.</strong></span> <span class='ocrx_word' id='word_1_642' title='bbox 1315 4704 1644 4776; x_wconf 82' lang='lat' dir='ltr'><strong>Scytharum</strong></span> <span class='ocrx_word' id='word_1_643' title='bbox 1671 4704 1964 4774; x_wconf 87' lang='lat' dir='ltr'><strong>episcopus</strong></span> <span class='ocrx_word' id='word_1_644' title='bbox 1995 4706 2158 4759; x_wconf 78' lang='lat' dir='ltr'><strong>inter-</strong></span> 
     </span>
    </p>
   </div>
   <div class='ocr_carea' id='block_1_92' title="bbox 576 4792 2152 4862">
    <p class='ocr_par' dir='ltr' id='par_1_92' title="bbox 576 4792 2152 4862">
     <span class='ocr_line' id='line_1_92' title="bbox 576 4792 2152 4862; baseline -0.005 -7"><span class='ocrx_word' id='word_1_645' title='bbox 576 4800 681 4856; x_wconf 85' lang='lat' dir='ltr'><strong>fuit</strong></span> <span class='ocrx_word' id='word_1_646' title='bbox 710 4800 944 4856; x_wconf 92' lang='lat' dir='ltr'><strong>concilio</strong></span> <span class='ocrx_word' id='word_1_647' title='bbox 966 4797 1050 4852; x_wconf 74' lang='lat' dir='ltr'><strong>Nic</strong></span> <span class='ocrx_word' id='word_1_648' title='bbox 1067 4814 1207 4862; x_wconf 74' lang='lat' dir='ltr'><strong>aeno,</strong></span> <span class='ocrx_word' id='word_1_649' title='bbox 1241 4796 1445 4851; x_wconf 86' lang='lat' dir='ltr'><strong>Euseb.</strong></span> <span class='ocrx_word' id='word_1_650' title='bbox 1464 4794 1541 4848; x_wconf 87' lang='lat' dir='ltr'><strong>De</strong></span> <span class='ocrx_word' id='word_1_651' title='bbox 1562 4794 1672 4848; x_wconf 85' lang='lat' dir='ltr'><strong>vita</strong></span> <span class='ocrx_word' id='word_1_652' title='bbox 1689 4792 2027 4848; x_wconf 84' lang='lat' dir='ltr'><strong>Constantini</strong></span> <span class='ocrx_word' id='word_1_653' title='bbox 2059 4794 2152 4847; x_wconf 85' lang='lat' dir='ltr'><strong>lib.</strong></span> 
     </span>
    </p>
   </div>
   <div class='ocr_carea' id='block_1_93' title="bbox 580 4884 2155 4961">
    <p class='ocr_par' dir='ltr' id='par_1_93' title="bbox 580 4884 2155 4961">
     <span class='ocr_line' id='line_1_93' title="bbox 580 4884 2155 4961; baseline -0.007 -12"><span class='ocrx_word' id='word_1_654' title='bbox 580 4909 666 4961; x_wconf 84' lang='lat' dir='ltr'><strong>tn,</strong></span> <span class='ocrx_word' id='word_1_655' title='bbox 695 4908 745 4948; x_wconf 90' lang='lat' dir='ltr'><strong>c.</strong></span> <span class='ocrx_word' id='word_1_656' title='bbox 777 4892 834 4958; x_wconf 85' lang='lat'><strong>7,</strong></span> <span class='ocrx_word' id='word_1_657' title='bbox 867 4906 992 4945; x_wconf 91' lang='lat' dir='ltr'><strong>cum</strong></span> <span class='ocrx_word' id='word_1_658' title='bbox 1025 4889 1306 4959; x_wconf 79' lang='lat' dir='ltr'><strong>lgnaliana</strong></span> <span class='ocrx_word' id='word_1_659' title='bbox 1328 4897 1513 4943; x_wconf 88' lang='lat' dir='ltr'><strong>essent</strong></span> <span class='ocrx_word' id='word_1_660' title='bbox 1535 4886 1850 4942; x_wconf 89' lang='lat' dir='ltr'><strong>notissima.</strong></span> <span class='ocrx_word' id='word_1_661' title='bbox 1879 4884 2034 4941; x_wconf 91' lang='lat' dir='ltr'><strong>Unus</strong></span> <span class='ocrx_word' id='word_1_662' title='bbox 2058 4902 2155 4940; x_wconf 83' lang='lat' dir='ltr'><strong>au-</strong></span> 
     </span>
    </p>
   </div>
   <div class='ocr_carea' id='block_1_94' title="bbox 579 4978 2151 5054">
    <p class='ocr_par' dir='ltr' id='par_1_94' title="bbox 579 4978 2151 5054">
     <span class='ocr_line' id='line_1_94' title="bbox 579 4978 2151 5054; baseline -0.007 -12"><span class='ocrx_word' id='word_1_663' title='bbox 579 4995 689 5042; x_wconf 88' lang='lat' dir='ltr'><strong>tem</strong></span> <span class='ocrx_word' id='word_1_664' title='bbox 718 4986 773 5039; x_wconf 92' lang='lat' dir='ltr'><strong>in</strong></span> <span class='ocrx_word' id='word_1_665' title='bbox 802 4994 915 5038; x_wconf 91' lang='lat' dir='ltr'><strong>tota</strong></span> <span class='ocrx_word' id='word_1_666' title='bbox 940 4981 1165 5054; x_wconf 90' lang='lat' dir='ltr'><strong>Scythia</strong></span> <span class='ocrx_word' id='word_1_667' title='bbox 1193 4982 1490 5050; x_wconf 83' lang='lat' dir='ltr'><strong>episcopus</strong></span> <span class='ocrx_word' id='word_1_668' title='bbox 1522 4978 1647 5033; x_wconf 91' lang='lat' dir='ltr'><strong>fuit.</strong></span> <span class='ocrx_word' id='word_1_669' title='bbox 1684 4979 2025 5034; x_wconf 80' lang='lat' dir='ltr'><strong>Sozomenus</strong></span> <span class='ocrx_word' id='word_1_670' title='bbox 2054 4980 2151 5032; x_wconf 90' lang='lat' dir='ltr'><strong>lib.</strong></span> 
     </span>
    </p>
   </div>
   <div class='ocr_carea' id='block_1_95' title="bbox 574 5072 2157 5145">
    <p class='ocr_par' dir='ltr' id='par_1_95' title="bbox 574 5072 2157 5145">
     <span class='ocr_line' id='line_1_95' title="bbox 574 5072 2157 5145; baseline -0.006 -11"><span class='ocrx_word' id='word_1_671' title='bbox 574 5096 676 5145; x_wconf 71' lang='grc' dir='ltr'><strong>1νιι,</strong></span> <span class='ocrx_word' id='word_1_672' title='bbox 700 5094 750 5133; x_wconf 89' lang='lat' dir='ltr'><strong>c.</strong></span> <span class='ocrx_word' id='word_1_673' title='bbox 783 5078 880 5131; x_wconf 75' lang='lat' dir='ltr'><strong>l9:</strong></span> <span class='ocrx_word' id='word_1_674' title='bbox 927 5075 1144 5145; x_wconf 82' lang='grc' dir='ltr'><strong>Ἀμέλει</strong></span> <span class='ocrx_word' id='word_1_675' title='bbox 1172 5073 1375 5127; x_wconf 82' lang='grc' dir='ltr'>Σκύθαι</span> <span class='ocrx_word' id='word_1_676' title='bbox 1402 5072 1594 5125; x_wconf 79' lang='grc' dir='ltr'>πολλαὶ</span> <span class='ocrx_word' id='word_1_677' title='bbox 1628 5073 1813 5135; x_wconf 84' lang='grc' dir='ltr'><strong>πόλεις</strong></span> <span class='ocrx_word' id='word_1_678' title='bbox 1863 5072 2016 5135; x_wconf 70' lang='grc' dir='ltr'>ὄντες</span> <span class='ocrx_word' id='word_1_679' title='bbox 2060 5072 2157 5125; x_wconf 75' lang='grc' dir='ltr'><strong>ἕνα</strong></span> 
     </span>
    </p>
   </div>
   <div class='ocr_carea' id='block_1_96' title="bbox 579 5164 2157 5238">
    <p class='ocr_par' dir='ltr' id='par_1_96' title="bbox 579 5164 2157 5238">
     <span class='ocr_line' id='line_1_96' title="bbox 579 5164 2157 5238; baseline -0.004 -14"><span class='ocrx_word' id='word_1_680' title='bbox 579 5172 781 5233; x_wconf 58' lang='grc' dir='ltr'>πάντες</span> <span class='ocrx_word' id='word_1_681' title='bbox 815 5167 1113 5222; x_wconf 74' lang='grc' dir='ltr'>ἐπίσκοπον</span> <span class='ocrx_word' id='word_1_682' title='bbox 1147 5166 1351 5238; x_wconf 72' lang='grc' dir='ltr'>ἔχουσι.</span> <span class='ocrx_word' id='word_1_683' title='bbox 1390 5166 1543 5221; x_wconf 87' lang='lat' dir='ltr'><strong>Certe</strong></span> <span class='ocrx_word' id='word_1_684' title='bbox 1600 5169 1655 5218; x_wconf 86' lang='lat' dir='ltr'><strong>in</strong></span> <span class='ocrx_word' id='word_1_685' title='bbox 1700 5167 1974 5234; x_wconf 85' lang='lat' dir='ltr'><strong>provincia</strong></span> <span class='ocrx_word' id='word_1_686' title='bbox 2025 5164 2157 5235; x_wconf 77' lang='lat' dir='ltr'><strong>Scy-</strong></span> 
     </span>
    </p>
   </div>
   <div class='ocr_carea' id='block_1_97' title="bbox 574 5258 2155 5333">
    <p class='ocr_par' dir='ltr' id='par_1_97' title="bbox 574 5258 2155 5333">
     <span class='ocr_line' id='line_1_97' title="bbox 574 5258 2155 5333; baseline -0.005 -16"><span class='ocrx_word' id='word_1_687' title='bbox 574 5265 728 5329; x_wconf 71' lang='lat' dir='ltr'><strong>thiae,</strong></span> <span class='ocrx_word' id='word_1_688' title='bbox 746 5262 980 5333; x_wconf 85' lang='lat' dir='ltr'><strong>quamvis</strong></span> <span class='ocrx_word' id='word_1_689' title='bbox 1012 5258 1194 5313; x_wconf 72' lang='lat' dir='ltr'><strong>multa:</strong></span> <span class='ocrx_word' id='word_1_690' title='bbox 1217 5258 1368 5311; x_wconf 79' lang='lat' dir='ltr'><strong>urbes</strong></span> <span class='ocrx_word' id='word_1_691' title='bbox 1384 5258 1513 5321; x_wconf 87' lang='lat' dir='ltr'><strong>sint,</strong></span> <span class='ocrx_word' id='word_1_692' title='bbox 1531 5274 1665 5311; x_wconf 85' lang='lat' dir='ltr'><strong>unus</strong></span> <span class='ocrx_word' id='word_1_693' title='bbox 1686 5268 1762 5310; x_wconf 84' lang='lat' dir='ltr'><strong>est</strong></span> <span class='ocrx_word' id='word_1_694' title='bbox 1793 5259 2024 5321; x_wconf 79' lang='lat' dir='ltr'><strong>omnium</strong></span> <span class='ocrx_word' id='word_1_695' title='bbox 2041 5259 2155 5325; x_wconf 86' lang='lat' dir='ltr'><strong>epi-</strong></span> 
     </span>
    </p>
   </div>
   <div class='ocr_carea' id='block_1_98' title="bbox 575 5350 2157 5426">
    <p class='ocr_par' dir='ltr' id='par_1_98' title="bbox 575 5350 2157 5426">
     <span class='ocr_line' id='line_1_98' title="bbox 575 5350 2157 5426; baseline -0.005 -15"><span class='ocrx_word' id='word_1_696' title='bbox 575 5373 789 5426; x_wconf 84' lang='lat' dir='ltr'><strong>scopus.</strong></span> <span class='ocrx_word' id='word_1_697' title='bbox 824 5354 887 5408; x_wconf 89' lang='lat' dir='ltr'><strong>Et</strong></span> <span class='ocrx_word' id='word_1_698' title='bbox 917 5354 1011 5407; x_wconf 91' lang='lat' dir='ltr'><strong>lib.</strong></span> <span class='ocrx_word' id='word_1_699' title='bbox 1052 5369 1128 5419; x_wconf 80' lang='lat' dir='ltr'><strong>Vl,</strong></span> <span class='ocrx_word' id='word_1_700' title='bbox 1160 5368 1280 5422; x_wconf 86' lang='lat' dir='ltr'><strong>cap.</strong></span> <span class='ocrx_word' id='word_1_701' title='bbox 1316 5353 1379 5406; x_wconf 70' lang='grc'><strong>21</strong></span> <span class='ocrx_word' id='word_1_702' title='bbox 1407 5372 1419 5406; x_wconf 91' lang='lat'><strong>:</strong></span> <span class='ocrx_word' id='word_1_703' title='bbox 1463 5350 1634 5405; x_wconf 82' lang='grc' dir='ltr'>Τοῦτο</span> <span class='ocrx_word' id='word_1_704' title='bbox 1661 5350 1721 5404; x_wconf 78' lang='grc' dir='ltr'><strong>τὸ</strong></span> <span class='ocrx_word' id='word_1_705' title='bbox 1771 5350 1922 5413; x_wconf 76' lang='grc' dir='ltr'>ἔθνος</span> <span class='ocrx_word' id='word_1_706' title='bbox 1956 5350 2157 5413; x_wconf 83' lang='grc' dir='ltr'><strong>πολλὰς</strong></span> 
     </span>
    </p>
   </div>
   <div class='ocr_carea' id='block_1_99' title="bbox 578 5443 2158 5519">
    <p class='ocr_par' dir='ltr' id='par_1_99' title="bbox 578 5443 2158 5519">
     <span class='ocr_line' id='line_1_99' title="bbox 578 5443 2158 5519; baseline -0.003 -20"><span class='ocrx_word' id='word_1_707' title='bbox 578 5449 682 5519; x_wconf 79' lang='grc' dir='ltr'>μὲν</span> <span class='ocrx_word' id='word_1_708' title='bbox 709 5446 821 5517; x_wconf 77' lang='grc' dir='ltr'>ἔχει</span> <span class='ocrx_word' id='word_1_709' title='bbox 855 5446 947 5499; x_wconf 79' lang='grc' dir='ltr'>καὶ</span> <span class='ocrx_word' id='word_1_710' title='bbox 981 5444 1161 5508; x_wconf 84' lang='grc' dir='ltr'>πόλεις</span> <span class='ocrx_word' id='word_1_711' title='bbox 1180 5446 1274 5499; x_wconf 78' lang='grc' dir='ltr'>καὶ</span> <span class='ocrx_word' id='word_1_712' title='bbox 1306 5443 1499 5515; x_wconf 83' lang='grc' dir='ltr'><strong>κώμας</strong></span> <span class='ocrx_word' id='word_1_713' title='bbox 1521 5444 1612 5498; x_wconf 75' lang='grc' dir='ltr'>καὶ</span> <span class='ocrx_word' id='word_1_714' title='bbox 1646 5443 1879 5516; x_wconf 83' lang='grc' dir='ltr'>φρούρια</span> <span class='ocrx_word' id='word_1_715' title='bbox 1902 5461 1914 5473; x_wconf 88' lang='grc'><strong>·</strong></span> <span class='ocrx_word' id='word_1_716' title='bbox 1956 5444 2158 5515; x_wconf 78' lang='grc' dir='ltr'><strong>μητρό-</strong></span> 
     </span>
    </p>
   </div>
   <div class='ocr_carea' id='block_1_100' title="bbox 581 5533 2152 5604">
    <p class='ocr_par' dir='ltr' id='par_1_100' title="bbox 581 5533 2152 5604">
     <span class='ocr_line' id='line_1_100' title="bbox 581 5533 2152 5604; baseline 0 -17"><span class='ocrx_word' id='word_1_717' title='bbox 581 5533 737 5597; x_wconf 84' lang='grc' dir='ltr'>πολις</span> <span class='ocrx_word' id='word_1_718' title='bbox 768 5533 825 5586; x_wconf 77' lang='grc' dir='ltr'><strong>δέ</strong></span> <span class='ocrx_word' id='word_1_719' title='bbox 861 5536 975 5586; x_wconf 73' lang='grc' dir='ltr'>ἐστι</span> <span class='ocrx_word' id='word_1_720' title='bbox 1009 5534 1197 5604; x_wconf 82' lang='grc' dir='ltr'><strong>Τόμις,</strong></span> <span class='ocrx_word' id='word_1_721' title='bbox 1234 5534 1387 5597; x_wconf 84' lang='grc' dir='ltr'>πόλις</span> <span class='ocrx_word' id='word_1_722' title='bbox 1420 5533 1630 5604; x_wconf 82' lang='grc' dir='ltr'><strong>μεγάλη</strong></span> <span class='ocrx_word' id='word_1_723' title='bbox 1665 5535 1759 5587; x_wconf 76' lang='grc' dir='ltr'>καὶ</span> <span class='ocrx_word' id='word_1_724' title='bbox 1792 5533 2152 5602; x_wconf 54' lang='lat' dir='ltr'><strong>subditum...</strong></span> 
     </span>
    </p>
   </div>
   <div class='ocr_carea' id='block_1_101' title="bbox 583 5623 2155 5695">
    <p class='ocr_par' dir='ltr' id='par_1_101' title="bbox 583 5623 2155 5695">
     <span class='ocr_line' id='line_1_101' title="bbox 583 5623 2155 5695; baseline -0.003 -17"><span class='ocrx_word' id='word_1_725' title='bbox 583 5625 766 5679; x_wconf 84' lang='grc' dir='ltr'><strong>Εἱσέτι</strong></span> <span class='ocrx_word' id='word_1_726' title='bbox 800 5624 856 5677; x_wconf 81' lang='grc' dir='ltr'>δὲ</span> <span class='ocrx_word' id='word_1_727' title='bbox 890 5624 983 5677; x_wconf 76' lang='grc' dir='ltr'><strong>καὶ</strong></span> <span class='ocrx_word' id='word_1_728' title='bbox 1017 5624 1109 5677; x_wconf 74' lang='grc' dir='ltr'>νῦν</span> <span class='ocrx_word' id='word_1_729' title='bbox 1162 5624 1280 5688; x_wconf 76' lang='grc' dir='ltr'>ἔθος</span> <span class='ocrx_word' id='word_1_730' title='bbox 1315 5624 1542 5677; x_wconf 76' lang='grc' dir='ltr'><strong>παλαιὸν</strong></span> <span class='ocrx_word' id='word_1_731' title='bbox 1594 5624 1778 5677; x_wconf 74' lang='grc' dir='ltr'>ἐνθάδε</span> <span class='ocrx_word' id='word_1_732' title='bbox 1818 5626 2012 5695; x_wconf 82' lang='grc' dir='ltr'>κρατεῖ</span> <span class='ocrx_word' id='word_1_733' title='bbox 2061 5623 2155 5675; x_wconf 79' lang='grc' dir='ltr'><strong>τοῦ</strong></span> 
     </span>
    </p>
   </div>
   <div class='ocr_carea' id='block_1_102' title="bbox 582 5716 2155 5789">
    <p class='ocr_par' dir='ltr' id='par_1_102' title="bbox 582 5716 2155 5789">
     <span class='ocr_line' id='line_1_102' title="bbox 582 5716 2155 5789; baseline -0.001 -18"><span class='ocrx_word' id='word_1_734' title='bbox 582 5721 781 5782; x_wconf 80' lang='grc' dir='ltr'><strong>παντὸς</strong></span> <span class='ocrx_word' id='word_1_735' title='bbox 826 5718 1008 5781; x_wconf 80' lang='grc' dir='ltr'><strong>ἔθνους</strong></span> <span class='ocrx_word' id='word_1_736' title='bbox 1040 5718 1135 5771; x_wconf 73' lang='grc' dir='ltr'>ἕνα</span> <span class='ocrx_word' id='word_1_737' title='bbox 1166 5718 1266 5781; x_wconf 83' lang='grc' dir='ltr'><strong>τὰς</strong></span> <span class='ocrx_word' id='word_1_738' title='bbox 1300 5717 1595 5789; x_wconf 78' lang='grc' dir='ltr'><strong>ἐκκλησίας</strong></span> <span class='ocrx_word' id='word_1_739' title='bbox 1628 5719 1968 5770; x_wconf 76' lang='grc' dir='ltr'>ἐπισκοπεῖν.</span> <span class='ocrx_word' id='word_1_740' title='bbox 2029 5716 2155 5769; x_wconf 80' lang='lat' dir='ltr'><strong>Ilwc</strong></span> 
     </span>
    </p>
   </div>
   <div class='ocr_carea' id='block_1_103' title="bbox 576 5809 2151 5877">
    <p class='ocr_par' dir='ltr' id='par_1_103' title="bbox 576 5809 2151 5877">
     <span class='ocr_line' id='line_1_103' title="bbox 576 5809 2151 5877; baseline -0.006 -11"><span class='ocrx_word' id='word_1_741' title='bbox 576 5810 850 5866; x_wconf 67' lang='lat' dir='ltr'><strong>provincia</strong></span> <span class='ocrx_word' id='word_1_742' title='bbox 874 5811 1197 5877; x_wconf 80' lang='lat' dir='ltr'><strong>Scytharum</strong></span> <span class='ocrx_word' id='word_1_743' title='bbox 1228 5809 1427 5861; x_wconf 85' lang='lat' dir='ltr'><strong>multas</strong></span> <span class='ocrx_word' id='word_1_744' title='bbox 1461 5810 1614 5863; x_wconf 79' lang='lat' dir='ltr'><strong>urbes</strong></span> <span class='ocrx_word' id='word_1_745' title='bbox 1643 5819 1692 5864; x_wconf 91' lang='lat' dir='ltr'><strong>et</strong></span> <span class='ocrx_word' id='word_1_746' title='bbox 1738 5810 1875 5863; x_wconf 71' lang='lat' dir='ltr'><strong>vim:</strong></span> <span class='ocrx_word' id='word_1_747' title='bbox 1925 5811 2151 5859; x_wconf 67' lang='lat' dir='ltr'><strong>continet</strong></span> 
     </span>
    </p>
   </div>
   <div class='ocr_carea' id='block_1_104' title="bbox 2260 4616 3849 4685">
    <p class='ocr_par' dir='ltr' id='par_1_104' title="bbox 2260 4616 3849 4685">
     <span class='ocr_line' id='line_1_104' title="bbox 2260 4616 3849 4685; baseline 0.003 -15"><span class='ocrx_word' id='word_1_748' title='bbox 2260 4627 2488 4684; x_wconf 83' lang='lat' dir='ltr'><strong>tempore</strong></span> <span class='ocrx_word' id='word_1_749' title='bbox 2519 4616 2687 4670; x_wconf 89' lang='lat' dir='ltr'><strong>multa</strong></span> <span class='ocrx_word' id='word_1_750' title='bbox 2722 4616 2935 4685; x_wconf 77' lang='lat' dir='ltr'><strong>fuerunt</strong></span> <span class='ocrx_word' id='word_1_751' title='bbox 2960 4618 3216 4684; x_wconf 89' lang='lat' dir='ltr'><strong>dissidia,</strong></span> <span class='ocrx_word' id='word_1_752' title='bbox 3244 4628 3293 4672; x_wconf 82' lang='lat' dir='ltr'><strong>et</strong></span> <span class='ocrx_word' id='word_1_753' title='bbox 3320 4621 3629 4673; x_wconf 86' lang='lat' dir='ltr'><strong>continuum</strong></span> <span class='ocrx_word' id='word_1_754' title='bbox 3658 4622 3849 4674; x_wconf 84' lang='lat' dir='ltr'><strong>odium</strong></span> 
     </span>
    </p>
   </div>
   <div class='ocr_carea' id='block_1_105' title="bbox 2258 4709 3849 4779">
    <p class='ocr_par' dir='ltr' id='par_1_105' title="bbox 2258 4709 3849 4779">
     <span class='ocr_line' id='line_1_105' title="bbox 2258 4709 3849 4779; baseline 0.003 -16"><span class='ocrx_word' id='word_1_755' title='bbox 2258 4710 2398 4763; x_wconf 86' lang='lat' dir='ltr'><strong>inter</strong></span> <span class='ocrx_word' id='word_1_756' title='bbox 2425 4711 2601 4778; x_wconf 82' lang='lat' dir='ltr'><strong>ipsum</strong></span> <span class='ocrx_word' id='word_1_757' title='bbox 2636 4718 2685 4762; x_wconf 87' lang='lat' dir='ltr'><strong>et</strong></span> <span class='ocrx_word' id='word_1_758' title='bbox 2724 4709 2974 4779; x_wconf 86' lang='lat' dir='ltr'><strong>populum</strong></span> <span class='ocrx_word' id='word_1_759' title='bbox 3017 4711 3155 4779; x_wconf 84' lang='lat' dir='ltr'><strong>ejus.</strong></span> <span class='ocrx_word' id='word_1_760' title='bbox 3202 4710 3361 4777; x_wconf 85' lang='lat' dir='ltr'><strong>Quod</strong></span> <span class='ocrx_word' id='word_1_761' title='bbox 3409 4713 3572 4766; x_wconf 91' lang='lat' dir='ltr'><strong>etiam</strong></span> <span class='ocrx_word' id='word_1_762' title='bbox 3607 4723 3849 4769; x_wconf 89' lang='lat' dir='ltr'><strong>testatur</strong></span> 
     </span>
    </p>
   </div>
   <div class='ocr_carea' id='block_1_106' title="bbox 2258 4797 3849 4873">
    <p class='ocr_par' dir='ltr' id='par_1_106' title="bbox 2258 4797 3849 4873">
     <span class='ocr_line' id='line_1_106' title="bbox 2258 4797 3849 4873; baseline 0.004 -21"><span class='ocrx_word' id='word_1_763' title='bbox 2258 4797 2375 4853; x_wconf 90' lang='lat' dir='ltr'><strong>Ebn</strong></span> <span class='ocrx_word' id='word_1_764' title='bbox 2400 4798 2503 4853; x_wconf 86' lang='lat' dir='ltr'><strong>Abi</strong></span> <span class='ocrx_word' id='word_1_765' title='bbox 2541 4797 2823 4854; x_wconf 80' lang='lat' dir='ltr'><strong>Osaibeaa:</strong></span> <span class='ocrx_word' id='word_1_766' title='bbox 2853 4799 2907 4854; x_wconf 90' lang='lat' dir='ltr'><strong>in</strong></span> <span class='ocrx_word' id='word_1_767' title='bbox 2942 4799 3060 4855; x_wconf 84' lang='lat' dir='ltr'><strong>Vita</strong></span> <span class='ocrx_word' id='word_1_768' title='bbox 3106 4800 3379 4873; x_wconf 90' lang='lat' dir='ltr'><strong>Eutychii.</strong></span> <span class='ocrx_word' id='word_1_769' title='bbox 3408 4801 3479 4858; x_wconf 90' lang='lat' dir='ltr'><strong>Ut</strong></span> <span class='ocrx_word' id='word_1_770' title='bbox 3505 4813 3686 4858; x_wconf 78' lang='lat' dir='ltr'><strong>autent</strong></span> <span class='ocrx_word' id='word_1_771' title='bbox 3719 4821 3849 4859; x_wconf 90' lang='lat' dir='ltr'><strong>ma-</strong></span> 
     </span>
    </p>
   </div>
   <div class='ocr_carea' id='block_1_107' title="bbox 2254 4888 3853 4961">
    <p class='ocr_par' dir='ltr' id='par_1_107' title="bbox 2254 4888 3853 4961">
     <span class='ocr_line' id='line_1_107' title="bbox 2254 4888 3853 4961; baseline 0.004 -18"><span class='ocrx_word' id='word_1_772' title='bbox 2254 4888 2433 4957; x_wconf 81' lang='lat' dir='ltr'><strong>jorem</strong></span> <span class='ocrx_word' id='word_1_773' title='bbox 2468 4890 2597 4944; x_wconf 89' lang='lat' dir='ltr'><strong>huic</strong></span> <span class='ocrx_word' id='word_1_774' title='bbox 2641 4890 2882 4945; x_wconf 86' lang='lat' dir='ltr'><strong>Arabico</strong></span> <span class='ocrx_word' id='word_1_775' title='bbox 2929 4892 3184 4961; x_wconf 89' lang='lat' dir='ltr'><strong>scriptori</strong></span> <span class='ocrx_word' id='word_1_776' title='bbox 3225 4894 3387 4949; x_wconf 79' lang='lat' dir='ltr'><strong>fidem</strong></span> <span class='ocrx_word' id='word_1_777' title='bbox 3419 4897 3676 4950; x_wconf 89' lang='lat' dir='ltr'><strong>conciliet</strong></span> <span class='ocrx_word' id='word_1_778' title='bbox 3721 4894 3853 4950; x_wconf 75' lang='lat' dir='ltr'><strong>Sel-</strong></span> 
     </span>
    </p>
   </div>
   <div class='ocr_carea' id='block_1_108' title="bbox 2259 4980 3851 5055">
    <p class='ocr_par' dir='ltr' id='par_1_108' title="bbox 2259 4980 3851 5055">
     <span class='ocr_line' id='line_1_108' title="bbox 2259 4980 3851 5055; baseline 0.004 -20"><span class='ocrx_word' id='word_1_779' title='bbox 2259 4982 2464 5045; x_wconf 89' lang='lat' dir='ltr'><strong>denus,</strong></span> <span class='ocrx_word' id='word_1_780' title='bbox 2488 4980 2625 5034; x_wconf 78' lang='lat' dir='ltr'><strong>Mihi</strong></span> <span class='ocrx_word' id='word_1_781' title='bbox 2654 4998 2798 5045; x_wconf 87' lang='lat' dir='ltr'><strong>sane,</strong></span> <span class='ocrx_word' id='word_1_782' title='bbox 2827 4984 3025 5051; x_wconf 86' lang='lat' dir='ltr'><strong>inquit,</strong></span> <span class='ocrx_word' id='word_1_783' title='bbox 3054 4983 3349 5055; x_wconf 76' lang='lat' dir='ltr'><strong>Eutychius</strong></span> <span class='ocrx_word' id='word_1_784' title='bbox 3376 4987 3431 5039; x_wconf 88' lang='lat' dir='ltr'><strong>in</strong></span> <span class='ocrx_word' id='word_1_785' title='bbox 3452 4987 3592 5041; x_wconf 88' lang='lat' dir='ltr'><strong>hisce</strong></span> <span class='ocrx_word' id='word_1_786' title='bbox 3626 4998 3704 5041; x_wconf 87' lang='lat' dir='ltr'><strong>est</strong></span> <span class='ocrx_word' id='word_1_787' title='bbox 3735 4989 3851 5042; x_wconf 82' lang='lat' dir='ltr'><strong>vel-</strong></span> 
     </span>
    </p>
   </div>
   <div class='ocr_carea' id='block_1_109' title="bbox 2259 5073 3849 5147">
    <p class='ocr_par' dir='ltr' id='par_1_109' title="bbox 2259 5073 3849 5147">
     <span class='ocr_line' id='line_1_109' title="bbox 2259 5073 3849 5147; baseline 0.004 -22"><span class='ocrx_word' id='word_1_788' title='bbox 2259 5076 2338 5127; x_wconf 88' lang='lat' dir='ltr'><strong>uti</strong></span> <span class='ocrx_word' id='word_1_789' title='bbox 2362 5073 2510 5127; x_wconf 88' lang='lat' dir='ltr'><strong>Beda</strong></span> <span class='ocrx_word' id='word_1_790' title='bbox 2554 5075 2706 5143; x_wconf 87' lang='lat' dir='ltr'><strong>plane</strong></span> <span class='ocrx_word' id='word_1_791' title='bbox 2737 5073 3046 5145; x_wconf 64' lang='lat' dir='ltr'><strong>Aigyptius,</strong></span> <span class='ocrx_word' id='word_1_792' title='bbox 3084 5086 3139 5130; x_wconf 91' lang='lat' dir='ltr'><strong>et</strong></span> <span class='ocrx_word' id='word_1_793' title='bbox 3181 5093 3411 5133; x_wconf 87' lang='lat' dir='ltr'><strong>rursus:</strong></span> <span class='ocrx_word' id='word_1_794' title='bbox 3447 5078 3680 5131; x_wconf 83' lang='lat' dir='ltr'><strong>Annales</strong></span> <span class='ocrx_word' id='word_1_795' title='bbox 3724 5080 3849 5147; x_wconf 79' lang='lat' dir='ltr'><strong>ejus</strong></span> 
     </span>
    </p>
   </div>
   <div class='ocr_carea' id='block_1_110' title="bbox 2258 5168 3851 5240">
    <p class='ocr_par' dir='ltr' id='par_1_110' title="bbox 2258 5168 3851 5240">
     <span class='ocr_line' id='line_1_110' title="bbox 2258 5168 3851 5240; baseline 0.003 -20"><span class='ocrx_word' id='word_1_796' title='bbox 2258 5168 2388 5236; x_wconf 86' lang='lat' dir='ltr'><strong>ipsis</strong></span> <span class='ocrx_word' id='word_1_797' title='bbox 2418 5168 2670 5222; x_wconf 66' lang='lat' dir='ltr'><strong>Ecclesia</strong></span> <span class='ocrx_word' id='word_1_798' title='bbox 2699 5170 3071 5223; x_wconf 64' lang='lat' dir='ltr'><strong>Alexandrinam</strong></span> <span class='ocrx_word' id='word_1_799' title='bbox 3114 5170 3344 5224; x_wconf 86' lang='lat' dir='ltr'><strong>archivis</strong></span> <span class='ocrx_word' id='word_1_800' title='bbox 3390 5171 3624 5240; x_wconf 83' lang='lat' dir='ltr'><strong>plurima</strong></span> <span class='ocrx_word' id='word_1_801' title='bbox 3656 5170 3851 5225; x_wconf 85' lang='lat' dir='ltr'><strong>debere</strong></span> 
     </span>
    </p>
   </div>
   <div class='ocr_carea' id='block_1_111' title="bbox 2258 5260 3850 5335">
    <p class='ocr_par' dir='ltr' id='par_1_111' title="bbox 2258 5260 3850 5335">
     <span class='ocr_line' id='line_1_111' title="bbox 2258 5260 3850 5335; baseline 0.004 -22"><span class='ocrx_word' id='word_1_802' title='bbox 2258 5260 2439 5314; x_wconf 84' lang='lat' dir='ltr'><strong>nullus</strong></span> <span class='ocrx_word' id='word_1_803' title='bbox 2470 5262 2675 5315; x_wconf 87' lang='lat' dir='ltr'><strong>dubito.</strong></span> <span class='ocrx_word' id='word_1_804' title='bbox 2736 5261 2881 5316; x_wconf 81' lang='lat' dir='ltr'><strong>Satis</strong></span> <span class='ocrx_word' id='word_1_805' title='bbox 2914 5263 3132 5330; x_wconf 87' lang='lat' dir='ltr'><strong>quidem</strong></span> <span class='ocrx_word' id='word_1_806' title='bbox 3168 5261 3455 5328; x_wconf 75' lang='lat' dir='ltr'><strong>magniﬁce</strong></span> <span class='ocrx_word' id='word_1_807' title='bbox 3477 5264 3545 5317; x_wconf 88' lang='lat' dir='ltr'><strong>de</strong></span> <span class='ocrx_word' id='word_1_808' title='bbox 3572 5262 3850 5335; x_wconf 83' lang='lat' dir='ltr'><strong>Eutychio</strong></span> 
     </span>
    </p>
   </div>
   <div class='ocr_carea' id='block_1_112' title="bbox 2256 5353 3849 5423">
    <p class='ocr_par' dir='ltr' id='par_1_112' title="bbox 2256 5353 3849 5423">
     <span class='ocr_line' id='line_1_112' title="bbox 2256 5353 3849 5423; baseline 0.003 -17"><span class='ocrx_word' id='word_1_809' title='bbox 2256 5362 2311 5407; x_wconf 89' lang='lat' dir='ltr'><strong>et</strong></span> <span class='ocrx_word' id='word_1_810' title='bbox 2331 5353 2635 5408; x_wconf 79' lang='lat' dir='ltr'><strong>Annalibus</strong></span> <span class='ocrx_word' id='word_1_811' title='bbox 2664 5354 2784 5423; x_wconf 88' lang='lat' dir='ltr'><strong>ejus</strong></span> <span class='ocrx_word' id='word_1_812' title='bbox 2821 5355 2935 5407; x_wconf 66' lang='lat' dir='ltr'><strong>haec</strong></span> <span class='ocrx_word' id='word_1_813' title='bbox 2963 5354 3107 5407; x_wconf 88' lang='lat' dir='ltr'><strong>dicta</strong></span> <span class='ocrx_word' id='word_1_814' title='bbox 3137 5363 3305 5418; x_wconf 87' lang='lat' dir='ltr'><strong>sunt;</strong></span> <span class='ocrx_word' id='word_1_815' title='bbox 3337 5354 3430 5409; x_wconf 88' lang='lat' dir='ltr'><strong>sed</strong></span> <span class='ocrx_word' id='word_1_816' title='bbox 3461 5356 3581 5409; x_wconf 91' lang='lat' dir='ltr'><strong>sine</strong></span> <span class='ocrx_word' id='word_1_817' title='bbox 3608 5356 3717 5409; x_wconf 90' lang='lat' dir='ltr'><strong>ulla</strong></span> <span class='ocrx_word' id='word_1_818' title='bbox 3748 5372 3849 5410; x_wconf 78' lang='lat' dir='ltr'><strong>ve-</strong></span> 
     </span>
    </p>
   </div>
   <div class='ocr_carea' id='block_1_113' title="bbox 2257 5446 3847 5514">
    <p class='ocr_par' dir='ltr' id='par_1_113' title="bbox 2257 5446 3847 5514">
     <span class='ocr_line' id='line_1_113' title="bbox 2257 5446 3847 5514; baseline 0.003 -17"><span class='ocrx_word' id='word_1_819' title='bbox 2257 5446 2438 5499; x_wconf 89' lang='lat' dir='ltr'><strong>ritatis</strong></span> <span class='ocrx_word' id='word_1_820' title='bbox 2461 5447 2660 5514; x_wconf 80' lang='lat' dir='ltr'><strong>specie.</strong></span> <span class='ocrx_word' id='word_1_821' title='bbox 2686 5446 2862 5500; x_wconf 87' lang='lat' dir='ltr'><strong>Arabs</strong></span> <span class='ocrx_word' id='word_1_822' title='bbox 2886 5447 3033 5499; x_wconf 90' lang='lat' dir='ltr'><strong>enim</strong></span> <span class='ocrx_word' id='word_1_823' title='bbox 3069 5447 3157 5498; x_wconf 87' lang='lat' dir='ltr'><strong>ille</strong></span> <span class='ocrx_word' id='word_1_824' title='bbox 3190 5461 3297 5498; x_wconf 90' lang='lat' dir='ltr'><strong>non</strong></span> <span class='ocrx_word' id='word_1_825' title='bbox 3324 5455 3535 5502; x_wconf 84' lang='lat' dir='ltr'><strong>tantum</strong></span> <span class='ocrx_word' id='word_1_826' title='bbox 3570 5446 3713 5500; x_wconf 83' lang='lat' dir='ltr'><strong>Beda</strong></span> <span class='ocrx_word' id='word_1_827' title='bbox 3743 5464 3847 5502; x_wconf 82' lang='lat' dir='ltr'><strong>uo-</strong></span> 
     </span>
    </p>
   </div>
   <div class='ocr_carea' id='block_1_114' title="bbox 2259 5537 3846 5607">
    <p class='ocr_par' dir='ltr' id='par_1_114' title="bbox 2259 5537 3846 5607">
     <span class='ocr_line' id='line_1_114' title="bbox 2259 5537 3846 5607; baseline 0.002 -16"><span class='ocrx_word' id='word_1_828' title='bbox 2259 5548 2375 5591; x_wconf 92' lang='lat' dir='ltr'><strong>stro</strong></span> <span class='ocrx_word' id='word_1_829' title='bbox 2429 5537 2590 5607; x_wconf 88' lang='lat' dir='ltr'><strong>longe</strong></span> <span class='ocrx_word' id='word_1_830' title='bbox 2642 5538 2829 5607; x_wconf 90' lang='lat' dir='ltr'><strong>junior</strong></span> <span class='ocrx_word' id='word_1_831' title='bbox 2884 5537 3008 5600; x_wconf 87' lang='lat' dir='ltr'><strong>fuit,</strong></span> <span class='ocrx_word' id='word_1_832' title='bbox 3048 5546 3101 5591; x_wconf 88' lang='lat' dir='ltr'><strong>et</strong></span> <span class='ocrx_word' id='word_1_833' title='bbox 3132 5538 3200 5591; x_wconf 89' lang='lat' dir='ltr'><strong>ab</strong></span> <span class='ocrx_word' id='word_1_834' title='bbox 3233 5538 3540 5607; x_wconf 85' lang='lat' dir='ltr'><strong>originibus</strong></span> <span class='ocrx_word' id='word_1_835' title='bbox 3582 5538 3846 5594; x_wconf 71' lang='lat' dir='ltr'><strong>Ecclesiae</strong></span> 
     </span>
    </p>
   </div>
   <div class='ocr_carea' id='block_1_115' title="bbox 2256 5628 3846 5697">
    <p class='ocr_par' dir='ltr' id='par_1_115' title="bbox 2256 5628 3846 5697">
     <span class='ocr_line' id='line_1_115' title="bbox 2256 5628 3846 5697; baseline 0.003 -17"><span class='ocrx_word' id='word_1_836' title='bbox 2256 5629 2519 5681; x_wconf 87' lang='lat' dir='ltr'><strong>remotior</strong></span> <span class='ocrx_word' id='word_1_837' title='bbox 2573 5633 2783 5696; x_wconf 90' lang='lat' dir='ltr'><strong>(utpote</strong></span> <span class='ocrx_word' id='word_1_838' title='bbox 2813 5628 2906 5697; x_wconf 89' lang='lat' dir='ltr'><strong>qui</strong></span> <span class='ocrx_word' id='word_1_839' title='bbox 2939 5637 3099 5682; x_wconf 91' lang='lat' dir='ltr'><strong>natus</strong></span> <span class='ocrx_word' id='word_1_840' title='bbox 3128 5629 3200 5682; x_wconf 88' lang='lat' dir='ltr'><strong>sit</strong></span> <span class='ocrx_word' id='word_1_841' title='bbox 3247 5628 3312 5682; x_wconf 88' lang='lat' dir='ltr'><strong>A.</strong></span> <span class='ocrx_word' id='word_1_842' title='bbox 3348 5628 3409 5683; x_wconf 84' lang='grc' dir='ltr'><strong>Ι).</strong></span> <span class='ocrx_word' id='word_1_843' title='bbox 3439 5629 3567 5694; x_wconf 84' lang='lat'><strong>876,</strong></span> <span class='ocrx_word' id='word_1_844' title='bbox 3593 5647 3717 5685; x_wconf 91' lang='lat' dir='ltr'><strong>cum</strong></span> <span class='ocrx_word' id='word_1_845' title='bbox 3746 5648 3846 5685; x_wconf 86' lang='lat' dir='ltr'><strong>ua-</strong></span> 
     </span>
    </p>
   </div>
   <div class='ocr_carea' id='block_1_116' title="bbox 2259 5717 3845 5783">
    <p class='ocr_par' dir='ltr' id='par_1_116' title="bbox 2259 5717 3845 5783">
     <span class='ocr_line' id='line_1_116' title="bbox 2259 5717 3845 5783; baseline 0.004 -11"><span class='ocrx_word' id='word_1_846' title='bbox 2259 5718 2384 5772; x_wconf 87' lang='lat' dir='ltr'><strong>talis</strong></span> <span class='ocrx_word' id='word_1_847' title='bbox 2425 5717 2581 5772; x_wconf 68' lang='lat' dir='ltr'><strong>Beda:</strong></span> <span class='ocrx_word' id='word_1_848' title='bbox 2626 5720 2743 5773; x_wconf 89' lang='lat' dir='ltr'><strong>dies</strong></span> <span class='ocrx_word' id='word_1_849' title='bbox 2788 5721 2854 5773; x_wconf 88' lang='lat' dir='ltr'><strong>ad</strong></span> <span class='ocrx_word' id='word_1_850' title='bbox 2903 5720 2968 5772; x_wconf 91' lang='lat' dir='ltr'><strong>A.</strong></span> <span class='ocrx_word' id='word_1_851' title='bbox 3005 5719 3069 5772; x_wconf 93' lang='lat' dir='ltr'><strong>D.</strong></span> <span class='ocrx_word' id='word_1_852' title='bbox 3096 5719 3201 5773; x_wconf 80' lang='grc'><strong>675</strong></span> <span class='ocrx_word' id='word_1_853' title='bbox 3238 5719 3533 5783; x_wconf 88' lang='lat' dir='ltr'><strong>referatur,</strong></span> <span class='ocrx_word' id='word_1_854' title='bbox 3568 5730 3629 5775; x_wconf 91' lang='lat' dir='ltr'><strong>ut</strong></span> <span class='ocrx_word' id='word_1_855' title='bbox 3678 5724 3845 5779; x_wconf 88' lang='lat' dir='ltr'><strong>annis</strong></span> 
     </span>
    </p>
   </div>
   <div class='ocr_carea' id='block_1_117' title="bbox 2261 5810 3846 5879">
    <p class='ocr_par' dir='ltr' id='par_1_117' title="bbox 2261 5810 3846 5879">
     <span class='ocr_line' id='line_1_117' title="bbox 2261 5810 3846 5879; baseline 0.003 -15"><span class='ocrx_word' id='word_1_856' title='bbox 2261 5810 2507 5864; x_wconf 79' lang='lat' dir='ltr'><strong>pluribus</strong></span> <span class='ocrx_word' id='word_1_857' title='bbox 2530 5826 2694 5879; x_wconf 89' lang='lat' dir='ltr'><strong>quam</strong></span> <span class='ocrx_word' id='word_1_858' title='bbox 2725 5812 2833 5863; x_wconf 68' lang='lat'><strong>21:0</strong></span> <span class='ocrx_word' id='word_1_859' title='bbox 2864 5821 3054 5867; x_wconf 74' lang='lat' dir='ltr'><strong>roster</strong></span> <span class='ocrx_word' id='word_1_860' title='bbox 3085 5814 3336 5879; x_wconf 85' lang='lat' dir='ltr'><strong>superior</strong></span> <span class='ocrx_word' id='word_1_861' title='bbox 3364 5817 3684 5878; x_wconf 79' lang='lat' dir='ltr'><strong>auoareat);</strong></span> <span class='ocrx_word' id='word_1_862' title='bbox 3747 5816 3846 5871; x_wconf 82' lang='lat' dir='ltr'><strong>sed</strong></span> 
     </span>
    </p>
   </div>
  </div>
