4078 6394
208 383 309 437 ω

909 382 959 435 J.
997 380 1360 436 PEARSONH
1402 377 1720 433 VINDICIIE
1762 374 2182 433 lGNATlANrE.
2218 412 2285 420 —
2320 379 2498 434 PARS
2528 380 2569 433 l.

3346 382 3452 435 254

205 504 364 558 etiam
389 503 457 557 ad
488 503 840 572 antiquitates
883 502 1140 557 Ecclesiae
1173 517 1287 557 suae
1330 500 1600 555 eruendas
1621 504 1782 567 atque
1812 500 1856 555 A
1886 514 2111 568 scopum
2142 499 2473 563 Rohensem,
2531 497 2866 553 Thaddaeum
2910 500 3222 570 episcopum
3256 499 3450 555 Massi-

201 594 557 663 esplicandas
595 595 771 647 multo
815 592 1134 662 imparatior
1164 600 1219 645 et
1264 590 1497 659 ineptior
1525 596 1661 642 erat.
1704 585 1779 639 De

201 687 441 744 urchivis
487 695 673 739 autem
733 684 1103 745 Alexandriae.
1162 682 1364 751 quibus
1402 680 1644 733 Annales
1700 685 1780 732 tot

204 781 394 837 debere
420 788 603 849 putat,
639 794 870 847 prorsus
916 776 1235 832 incredibile
1270 782 1375 829 est.
1408 773 1556 827 Libri
1587 787 1779 826 omnes

207 872 554 928 bibliothecae
602 870 1011 934 Alexandrinae,
1042 884 1197 938 capta
1227 883 1256 921 a
1285 866 1581 920 Meslemiis
1621 864 1777 929 urbe,

204 969 381 1025 statim
414 968 731 1037 perierunt.
791 965 967 1019 Jussit
1000 965 1195 1017 Amrus
1230 962 1418 1016 Ebno‘l
1444 961 1518 1014 As
1548 958 1781 1028 dispergi

202 1078 280 1115 eos
308 1078 403 1129 per
435 1061 631 1113 balnea
664 1057 1009 1113 Alexandria:
1040 1066 1192 1126 atque
1242 1055 1352 1108 illis
1382 1054 1780 1123 calefaciendis,

200 1153 437 1207 conburi
467 1168 485 1204 :
511 1154 593 1205 ita
621 1151 798 1220 spatio
832 1150 1069 1203 semestri
1089 1148 1383 1215 consumpti
1413 1155 1555 1212 sunt,
1589 1154 1783 1199 uttra-

197 1246 273 1302 dit
291 1245 604 1316 Gregorius
640 1243 1015 1297 Abulfaraius.
1050 1242 1189 1295 Audi
1218 1240 1347 1311 quid
1372 1240 1569 1309 factum
1600 1239 1783 1308 fuerit,

195 1336 372 1406 inquit
413 1335 531 1401 ille,
573 1344 624 1387 et
652 1334 870 1387 mirare.
902 1331 1015 1386 lmo
1062 1332 1236 1401 magis
1274 1331 1463 1384 mirari
1488 1338 1783 1399 oporteret,

194 1430 238 1483 si
278 1437 411 1499 post
453 1444 638 1482 annos
686 1426 857 1481 ferme
908 1424 1016 1479 200
1065 1439 1365 1494 paucorum
1405 1421 1782 1477 Melchitarum

195 1524 491 1591 episcopus
532 1519 780 1589 origines
826 1518 1082 1573 Ecclesiae
1111 1516 1494 1570 Alexandrinae
1522 1514 1594 1568 ibi
1636 1515 1789 1568 inve-

194 1612 353 1665 niret.
380 1610 558 1663 Certe
587 1618 703 1661 tam
747 1606 1083 1675 negligenter
1114 1602 1499 1658 Alexandrina:
1529 1600 1789 1655 Ecclesiae

195 1702 491 1756 historiam
529 1698 834 1769 pertexuit,
866 1706 928 1751 ut
969 1712 1077 1751 non
1102 1696 1278 1765 magis
1309 1694 1474 1764 hujus
1520 1707 1684 1762 quam
1716 1690 1792 1746 al-

189 1794 363 1848 terius
416 1791 741 1860 cujuspiam
794 1796 1152 1843 monumenta
1204 1786 1309 1856 ipsi
1362 1785 1581 1855 cognita
1618 1782 1791 1837 fuisse

189 1855 768 1955 appareat.'Ma_rcum
794 1880 1182 1951 evangelistam
1213 1879 1383 1933 tradit
1406 1892 1551 1931 nono
1574 1874 1785 1930 Claudii
1818 1855 1861 1910 Β

189 1992 335 2033 anno
381 1978 786 2032 Alexandriam
843 1976 1080 2035 venisse,
1125 1973 1304 2043 primo
1331 1970 1562 2025 Neronis
1589 1970 1789 2023 ibidem

189 2070 466 2142 martyrio
492 2078 826 2125 coronatum
873 2082 1028 2132 esse;
1076 2077 1129 2120 et
1178 2074 1357 2118 tamen
1409 2063 1551 2117 idem
1600 2060 1787 2125 refert,

188 2171 445 2231 tempore
497 2160 742 2215 Neronis
813 2159 1035 2212 Petrum
1108 2156 1398 2224 scripsisse
1437 2154 1790 2223 Evangelium

190 2252 385 2317 Iarei,
419 2252 675 2307 dictante
710 2250 914 2315 Marco,
957 2250 1011 2303 in
1050 2249 1183 2304 urbe
1209 2247 1407 2303 Roma.
1437 2244 1562 2300 Haec
1591 2260 1699 2299 non
1723 2259 1789 2298 ex

192 2346 552 2401 A'msandrize
598 2343 870 2409 archivis,
900 2343 993 2399 sed
1019 2340 1249 2398 diversis
1293 2341 1673 2410 scriptoribus,
1698 2339 1792 2409 qui

191 2436 481 2491 contraria
536 2433 907 2497 tradiderunt,
960 2432 1075 2487 sine
1102 2432 1308 2502 judicio
1344 2431 1546 2485 hausit.
1594 2429 1794 2484 Conci-

196 2529 330 2581 liare
359 2528 486 2581 haec
513 2525 743 2595 quidem
771 2524 945 2578 voluit
972 2522 1259 2589 Seldenus,
1291 2523 1385 2577 sed
1414 2522 1640 2576 frustra.
1670 2520 1794 2573 Non

195 2620 371 2674 solum
424 2627 617 2671 autem
672 2626 919 2686 tempore
970 2614 1223 2681 Neronis,
1261 2616 1352 2668 sed
1388 2630 1526 2668 anno
1558 2613 1794 2680 ejusdem

194 2713 394 2783 primo,
454 2726 673 2764 necesse
714 2719 792 2763 est
841 2720 900 2762 ut
933 2708 1085 2763 vellet
1130 2719 1307 2761 noster
1331 2706 1675 2777 Evangelium
1698 2704 1795 2757 hoc

197 2804 490 2871 scriptum,
525 2800 672 2871 quod
706 2800 885 2868 palam
913 2809 1079 2854 estex
1105 2800 1172 2853 iis
1223 2815 1339 2869 qure
1368 2799 1514 2867 infra
1557 2796 1710 2851 habet
1733 2798 1797 2851 de

199 2896 350 2949 ait:
394 2907 514 2948 tum
547 2892 701 2947 Petri
732 2902 845 2946 tum
874 2892 1045 2946 Marci
1079 2892 1255 2947 eodem
1286 2893 1340 2945 in
1370 2908 1531 2946 anno.
1559 2890 1618 2945 Si
1648 2890 1796 2945 enim

202 2992 558 3054 supponatur
596 2982 955 3053 Evangelium
989 2982 1151 3038 Marci
1182 2983 1447 3052 scriptum
1489 2981 1662 3037 fuisse
1685 2982 1798 3051 pri-

203 3086 295 3125 mo
344 3068 596 3125 Neronis
647 3085 815 3135 anno,
853 3071 1061 3140 reliqua
1113 3079 1295 3126 tamen
1349 3075 1657 3127 consistere
1686 3087 1797 3126 non

202 3168 467 3231 possunt.
504 3160 589 3215 Eo
620 3162 768 3216 enim
824 3176 970 3217 anno
1000 3178 1109 3232 quo
1157 3172 1409 3219 mortuus
1453 3176 1534 3218 est
1578 3163 1797 3219 Marcus

203 3253 565 3309 Alexandria:
597 3269 705 3308 non
739 3255 921 3324 potuit
946 3254 1133 3310 Romae
1176 3257 1382 3311 dictare
1402 3256 1748 3327 Evangelium
1777 3275 1792 3323 ;

205 3360 390 3415 neque
422 3347 582 3401 enim
630 3345 953 3417 Eutyehius,
990 3363 1163 3416 neque
1199 3348 1490 3418 quisquam
1520 3349 1663 3403 alius
1698 3348 1798 3402 do-

206 3444 290 3489 cet
320 3433 584 3491 Marcum
617 3434 856 3507 Egypto
915 3437 981 3491 ad
1022 3436 1244 3491 Petrum
1273 3438 1666 3509 commigrasse
1687 3439 1801 3492 Ro-

208 3546 397 3586 mam:
432 3543 622 3598 neque
672 3528 727 3583 id
774 3527 979 3582 factum
1032 3529 1227 3582 docere
1265 3529 1463 3598 potuit
1492 3528 1801 3600 Eutychius

207 3626 393 3694 primo
420 3620 667 3676 Neronis
707 3634 875 3686 anno,
924 3634 1048 3675 eum
1080 3620 1196 3688 ipse
1229 3620 1409 3674 tradat
1449 3618 1676 3674 Petrum
1711 3635 1804 3675 oc—

207 3716 391 3771 cisum
423 3728 555 3768 esse
593 3726 742 3766 anno
771 3711 863 3775 22,
902 3720 1025 3779 post
1051 3711 1360 3780 passionem
1412 3710 1648 3776 Domini,
1701 3713 1806 3767 hoc

206 3815 316 3869 est.
365 3815 503 3860 ante
552 3802 847 3872 imperium
897 3799 1148 3855 Neronis.
1199 3799 1325 3856 Haec
1374 3810 1555 3856 autem
1619 3802 1804 3855 omnia

204 3908 343 3956 sunt
399 3896 715 3951 ἀσύστατα.
772 3892 1218 3946 Patriarcharum
1269 3893 1515 3957 nomina,
1568 3901 1623 3947 et
1667 3892 1807 3946 mira

204 3990 443 4062 quidem
488 4000 657 4056 saepe,
688 3983 872 4055 prodit
899 3982 1198 4053 Eutyebius
1225 3999 1240 4035 :
1272 3996 1449 4035 annos
1472 3981 1637 4035 etiam
1670 3997 1808 4037 enu-

208 4090 425 4145 merat,
471 4092 565 4132 res
596 4084 781 4147 gestas
826 4072 1053 4127 minime
1104 4084 1520 4127 commemorat.
1551 4071 1687 4125 Cum
1738 4072 1807 4126 ad

209 4169 569 4228 Demetrium
621 4165 887 4236 pervenit,
934 4161 1081 4233 quod
1126 4171 1252 4216 ante
1284 4163 1518 4227 dixerat,
1578 4162 1804 4231 repetit:

213 4266 443 4320 Primus
468 4261 562 4315 ille
602 4257 1032 4328 patriarcharum
1081 4257 1348 4324 episcopos
1379 4256 1433 4307 in
1466 4252 1686 4324 Egypti
1719 4252 1808 4305 di-

213 4358 362 4409 tione
406 4351 735 4414 ordinavit;
790 4356 853 4402 ut
890 4356 945 4402 et
988 4347 1055 4402 de
1106 4345 1369 4401 lleracla:
1404 4345 1536 4414 Ejus
1582 4355 1810 4413 tempore

210 4447 528 4518 appellatus
552 4450 632 4497 est
669 4440 980 4511 patriarcha
1006 4439 1403 4494 Alexandrinus
1431 4438 1601 4504 Baba,
1637 4439 1692 4492 id
1732 4446 1810 4493 est

210 4556 374 4594 nos.
393 4536 546 4604 Quid
574 4543 760 4589 autem
791 4533 850 4587 in
877 4531 1120 4587 Ecclesia
1151 4541 1283 4587 tunc
1310 4532 1575 4602 temporis
1605 4530 1809 4586 factum

210 4641 322 4698 est,
347 4627 644 4700 quomodo
685 4623 948 4693 Origenes
997 4623 1107 4678 illic
1147 4623 1405 4694 agitatus,
1445 4638 1553 4677 non
1587 4624 1813 4677 omnino

212 4724 422 4778 docet:
459 4729 524 4775 ut
549 4717 805 4772 videatur
848 4714 1236 4771 Adamantium
1286 4714 1440 4768 illum
1472 4714 1633 4783 plane
1659 4713 1815 4784 igno-

213 4827 404 4870 rasse.
436 4808 635 4878 Neque
663 4807 780 4862 haec
808 4806 1128 4876 conjectura
1174 4820 1326 4861 mera
1360 4814 1487 4867 est;
1522 4806 1639 4875 ipse
1665 4806 1812 4860 enim

213 4906 285 4961 de
314 4904 523 4975 quinto
558 4900 797 4955 concilio
830 4914 1019 4969 agens,
1068 4898 1187 4953 haec
1224 4898 1448 4952 scribit:
1478 4896 1608 4952 Fuit
1652 4897 1813 4951 etiam

214 5003 460 5063 tempore
498 4991 805 5046 Iustiniani
834 4988 1085 5059 Origenes
1115 4989 1387 5058 episcopus
1417 4987 1810 5059 Manbagensis,

213 5090 310 5157 qui
337 5084 820 5154 metcmpsychosin
851 5083 1103 5145 asseruit,
1142 5081 1577 5135 resurrectionem
1596 5098 1810 5151 negans.

213 5178 289 5232 At
320 5177 417 5232 hic
449 5176 591 5246 ipse,
623 5189 788 5244 quem
815 5174 1134 5243 episcopum
1182 5170 1607 5242 Manbagensem
1631 5180 1813 5239 vocat,

216 5270 371 5325 alius
410 5283 523 5323 non
545 5274 667 5321 erat
689 5281 855 5336 quam
888 5263 1152 5334 Origenes
1180 5262 1560 5330 Adamantius,
1593 5264 1818 5319 notissi-

215 5374 352 5415 mus
380 5359 474 5412 ille
504 5356 710 5412 scholae
752 5354 1135 5409 Alexandrinae
1166 5354 1456 5423 praefectus
1478 5363 1534 5407 et
1556 5352 1817 5408 Demetrii

215 5448 605 5521 synchronus.
646 5446 783 5500 Eum
820 5456 1027 5511 tamen,
1075 5447 1122 5501 si
1147 5446 1415 5516 Eutychio
1459 5445 1590 5499 huic
1641 5445 1819 5500 credi-

216 5555 376 5605 mus,
404 5538 755 5593 Justinianus
793 5539 1090 5607 imperator
1143 5537 1674 5607 Constantinopolim
1727 5553 1819 5591 ac—

217 5633 474 5697 cersivit,
505 5642 559 5687 et
601 5631 905 5703 Eutychius
958 5632 1269 5701 patriarcha
1317 5631 1820 5703 Constantinopoli-

219 5735 395 5781 tanus
441 5727 968 5780 excommunieavtt.
1019 5726 1243 5780 Addidit
1283 5736 1467 5779 autem
1495 5725 1573 5779 illi
1620 5734 1727 5781 tres
1763 5727 1819 5781 in

220 5818 426 5873 itinere
463 5826 520 5872 et
567 5816 1141 5873 excommunicatione
1200 5818 1453 5891 comites,
1507 5818 1655 5873 Ibam
1698 5820 1814 5889 epi-

520 5909 786 5967 PATBOL.
822 5910 941 5970 Gn.
998 5908 1071 5967 ν.

1884 606 2106 644 nensem
2166 599 2220 645 et
2251 590 2655 645 Theodoretum
2690 590 3005 660 episcopum
3056 592 3447 663 Ancyrensem,

1882 699 2020 751 quos
2057 698 2240 737 coram
2275 685 2604 754 imperatore
2646 692 2812 754 atque
2863 684 3179 753 patriarcha
3228 700 3450 755 compa-

1881 776 2060 830 ruisse
2084 776 2275 841 docet;
2308 791 2402 845 per
2458 775 2791 831 Thaddazum
2841 776 3229 831 Massiliensem
3272 776 3451 831 Theo-

1884 867 2078 921 dorum
2123 866 2569 937 Mopsuestenum
2603 869 2933 939 intelligens,
2958 877 3011 922 et
3040 868 3447 922 Theodoretum

1883 972 1983 1026 pro
2026 957 2254 1028 Cyrensi
2294 958 2663 1028 Aneyrensem
2713 958 3009 1026 appellans.
3068 957 3255 1012 Solum
3303 958 3450 1013 enim

1884 1047 2031 1101 Iliam
2057 1057 2202 1103 recte
2230 1050 2473 1103 nominat
2491 1048 2819 1113 Rohensem,
2845 1050 2948 1103 hoc
2965 1058 3046 1104 est
3089 1049 3446 1105 Edessenum.

1886 1136 2038 1191 Roha
2081 1138 2224 1191 enim
2271 1146 2324 1191 et
2357 1137 2590 1189 Ἔδεσσα
2626 1137 2814 1191 eadem
2858 1137 3072 1192 civitas.
3103 1136 3259 1193 Unde
3284 1140 3453 1192 Abul-

1884 1228 2112 1299 pharaio
2156 1228 2336 1299 Abgar
2358 1245 2451 1283 rex
2476 1227 2655 1293 Rohte,
2704 1229 2796 1296 qui
2822 1229 2962 1297 apud
2993 1228 3285 1284 Eusebium
3316 1231 3454 1286 diei—

1886 1331 1975 1373 tur
2009 1318 2283 1392 Ἀὄγαρος
2309 1319 2589 1390 τοπάρχης
2629 1318 2897 1389 Ἐδέσσης.
2922 1319 3052 1373 Erat
3076 1328 3255 1375 autem
3279 1322 3455 1392 Abga-

1886 1427 1999 1477 rus,
2031 1412 2147 1467 sive
2178 1412 2421 1482 Abgarus
2459 1426 2751 1467 commune
2801 1427 3002 1467 nomen
3046 1412 3340 1469 Osdroenae
3370 1431 3456 1469 re—

1886 1505 2161 1573 gulorum,
2196 1521 2433 1575 quorum
2478 1506 2628 1576 regia
2686 1506 2903 1563 Edessa:
2938 1508 3061 1575 fuit,
3112 1516 3174 1563 ut
3224 1518 3455 1564 testatur

1886 1594 2207 1668 Procopius.
2237 1597 2381 1652 Idem
2420 1598 2586 1652 tradit
2635 1598 2932 1653 Antonium
2976 1600 3120 1654 inter
3160 1599 3370 1655 Roham
3401 1608 3457 1654 et

1887 1685 2163 1742 Haranum
2193 1690 2435 1744 occisum
2468 1704 2609 1757 esse,
2645 1699 2706 1745 ut
2734 1690 2787 1745 in
2821 1691 3038 1747 Eusebii
3071 1692 3347 1748 Chronico
3379 1694 3457 1747 le-

1888 1780 2102 1850 gimus:
2136 1780 2399 1835 Antonius
2432 1782 2753 1852 interficitur
2792 1785 2931 1838 inter
2960 1782 3217 1839 Edessam
3248 1797 3296 1840 et
3318 1786 3456 1840 Car-

1890 1886 2000 1925 ras.
2036 1869 2114 1925 lta
2139 1869 2326 1935 Rohae,
2364 1871 2467 1925 hoc
2513 1878 2598 1925 est
2643 1870 2863 1927 Edessa:
2890 1871 3273 1929 Constantium
3302 1874 3459 1930 llele—

1890 1974 2014 2014 nam
2048 1961 2324 2015 invenisse
2373 1962 2539 2016 refert
2567 1961 2887 2033 Eutychius.
2919 1964 3076 2030 Quod
3107 1967 3152 2020 si
3174 1967 3461 2022 observas-

1891 2062 1972 2106 set
2000 2051 2288 2117 Seldenus,
2330 2068 2612 2121 nunquam
2639 2054 2692 2106 in
2716 2053 3073 2125 Eutychianis
3123 2056 3239 2111 suis
3290 2057 3461 2113 dixis-

1893 2150 2004 2197 set:
2041 2143 2266 2195 Ubinam
2295 2144 2405 2197 ha'c
2434 2144 2609 2210 Rhea,
2640 2162 2733 2215 ego
2756 2162 2837 2199 me
2874 2149 3070 2201 nescire
3094 2149 3287 2217 fateor,
3322 2166 3463 2205 nun-

1893 2248 2058 2303 quam
2116 2234 2184 2289 ad
2221 2235 2448 2304 Ῥαφίαν
2497 2236 2791 2291 thnicite
2842 2238 3032 2293 urbem
3088 2238 3461 2309 confugisset,

1896 2342 2178 2396 nunquam
2211 2328 2337 2382 inde
2369 2327 2676 2398 Drepanum
2718 2330 2771 2383 in
2819 2329 3070 2401 Bithynia
3125 2332 3462 2399 deduxisset,

1894 2433 2176 2488 nunquam
2198 2420 2358 2473 verba
2378 2419 2607 2473 Cedreni
2636 2421 2760 2492 περὶ
2775 2422 2872 2491 τὴν
2892 2422 2991 2492 τῆς
3010 2423 3211 2487 Anxia;
3232 2424 3385 2477 πόλιν
3408 2426 3464 2480 in

1896 2511 2026 2581 περὶ
2043 2511 2143 2581 τὴν
2163 2511 2262 2581 τῆς
2294 2511 2519 2579 Ῥαφίας
2549 2510 2700 2564 πόλιν
2739 2523 3151 2579 commutasset,
3186 2524 3466 2586 totamque

1898 2599 2117 2657 Helenae
2170 2603 2454 2656 historiam
2494 2618 2591 2672 per
2627 2618 2686 2659 se
2709 2604 2843 2659 satis
2876 2606 3140 2660 incertam
3176 2616 3252 2662 tot
3282 2610 3465 2679 conje-

1896 2695 2069 2749 cturis
2098 2695 2681 2765 emendationibusque
2728 2696 3071 2751 incertiorem
3119 2698 3465 2755 reddidisset.

1897 2785 2146 2852 Quatuor
2196 2787 2381 2856 itaque
2419 2788 2568 2843 viros
2598 2788 2652 2841 in
2682 2788 2911 2844 historia
2944 2790 3314 2845 ecclesiastica
3371 2808 3468 2845 no-

1899 2878 2146 2933 tissimos
2190 2893 2374 2933 coram
2405 2877 2714 2935 Iustiniano
2745 2882 3118 2952 comparuisse
3167 2882 3332 2937 tradit
3361 2882 3469 2938 Eu-

1901 2970 2137 3040 tychius,
2171 2970 2264 3039 qui
2298 2986 2490 3025 omnes
2524 2972 2615 3025 diu
2645 2982 2770 3026 ante
2795 2973 2991 3026 mortui
3025 2972 3244 3028 fuerant
3277 2993 3290 3029 :
3328 2992 3469 3045 quo-

1902 3076 2024 3116 rum
2056 3063 2302 3117 omnium
2333 3063 2753 3132 antiquissimus
2780 3062 3199 3133 eratOrigenes,
3223 3080 3329 3119 non
3356 3067 3471 3135 epi—

1905 3170 2108 3224 scopus
2162 3154 2563 3226 Manhagensis,
2600 3154 2695 3210 sed
2740 3155 3025 3226 presbyter
3074 3166 3129 3210 et
3174 3157 3471 3213 catechista

1899 3247 2322 3314 Alexandrinus,
2379 3248 2496 3317 ipse
2542 3247 2922 3314 Adamantius,
2956 3264 3117 3318 quem
3165 3247 3472 3305 Demetrius

1902 3340 2136 3412 Egypto
2186 3341 2414 3411 fugavit,
2452 3342 2614 3410 idque
2640 3356 2743 3407 ope
2786 3342 2951 3395 trium
3004 3340 3471 3413 Eutychianorum

1901 3434 2311 3502 episcoporum,
2368 3441 2428 3486 ut
2476 3433 2744 3488 Seldenus
2799 3433 3120 3487 hariolatur.
3157 3433 3263 3487 Sed
3292 3433 3473 3503 qualis

1904 3524 1980 3577 illi
2005 3524 2073 3578 de
2098 3523 2374 3579 Demetrio
2407 3524 2540 3579 fides
2568 3525 2875 3580 adhibenda
2919 3534 3020 3591 est,
3046 3526 3139 3595 qui
3182 3525 3473 3597 Origenem

1905 3616 2174 3671 nescivit?
2200 3615 2301 3671 I-lic
2326 3624 2507 3671 autem
2539 3616 2847 3673 Demetrius
2879 3625 2939 3673 ut
2967 3626 3078 3672 tres
3102 3618 3394 3688 episc0pos
3416 3620 3474 3673 in

1908 3707 2128 3779 IEgypti
2177 3709 2385 3763 ditione
2411 3708 2703 3773 ordinavit,
2734 3709 2805 3763 ita
2840 3709 2907 3764 ad
2934 3718 3044 3764 tres
3068 3710 3356 3779 episcopos
3380 3726 3477 3766 ex-

1907 3808 1991 3854 tra
2024 3800 2317 3871 IEgyptum
2343 3800 2587 3869 scripsit.
2626 3799 2705 3853 Eo
2749 3809 2993 3870 tempore,
3034 3801 3231 3871 inquit,
3266 3804 3477 3872 scripsit

1907 3889 2206 3945 Demetrius
2236 3893 2546 3961 patriarcha
2597 3892 2989 3947 Alexandrinus
3024 3894 3094 3947 ad
3122 3893 3347 3949 Gabium
3367 3898 3478 3965 ερίε

1908 4001 2123 4054 scopum
2166 3984 2731 4055 flierosolymitanum,
2768 3985 3062 4039 Maximum
3113 3988 3479 4057 patriarcham

1908 4074 2292 4129 Antiochenam
2320 4084 2368 4128 et
2432 4074 2693 4128 Victorem
2750 4078 3115 4145 patriarcham
3162 4077 3477 4146 Romanum,

1908 4167 1972 4220 de
2003 4168 2206 4220 ratione
2252 4169 2483 4235 computi
2528 4165 2806 4220 Paschalis
2842 4177 2892 4221 et
2908 4168 3104 4238 jejunii
3142 4167 3481 4225 Christiano-

1909 4276 2049 4322 rum,
2079 4269 2128 4313 et
2157 4261 2417 4329 quomodo
2450 4275 2482 4310 a
2510 4256 2770 4313 Paschate
2818 4259 3132 4315 Judworum
3163 4262 3478 4317 deducatur.

1909 4352 1978 4408 At
2011 4352 2246 4408 Gabium
2278 4353 2392 4422 ipse
2434 4352 2598 4407 tradit
2644 4353 2709 4405 l7
2739 4353 2946 4408 Aurelii
2989 4370 3135 4408 anno
3168 4354 3480 4428 llierosolyv

1911 4445 2018 4499 mis
2041 4444 2359 4514 episcopum
2398 4454 2639 4499 creatum
2671 4456 2780 4498 tres
2810 4453 3018 4500 tantum
3044 4462 3218 4502 annos
3248 4447 3480 4503 sedisse:

1842 4549 1887 4604 ι)
1917 4542 2011 4589 aut
2049 4535 2215 4605 igitur
2244 4536 2347 4589 sub
2393 4537 2501 4590 line
2551 4537 2762 4605 imperii
2818 4536 3045 4604 Aurelii,
3078 4542 3296 4595 autsuh
3325 4542 3483 4597 initio

1915 4626 2102 4680 statim
2161 4624 2450 4679 Commodi
2513 4628 2713 4696 scripta
2761 4636 2844 4680 est
2897 4628 3011 4681 lucc
3059 4628 3306 4697 epistola.
3362 4631 3483 4697 Quo

1916 4727 2178 4786 tempore,
2227 4731 2328 4772 nec
2357 4716 2663 4772 Demetrius
2714 4717 3057 4772 Alexandria:
3113 4720 3350 4788 praefuit,
3388 4722 3482 4775 sed

1913 4806 2185 4873 Julianus,
2222 4824 2322 4863 nec
2348 4808 2535 4863 Victor
2581 4806 2797 4873 Romae;
2823 4809 2916 4862 sed
2950 4808 3293 4865 Eleutherus.
3323 4810 3485 4869 Certe

1915 4913 2040 4953 eum
2062 4899 2304 4968 epistolae
2335 4915 2401 4953 ex
2432 4899 2640 4953 oriente
2667 4900 2733 4952 ad
2766 4898 3037 4955 Victorem
3063 4900 3129 4954 de
3154 4901 3483 4957 celebrando

1914 4991 2183 5047 Paschate
2209 4993 2393 5047 missae
2438 5001 2587 5057 sunt,
2635 4990 2927 5048 Narcissus
2978 4992 3482 5065 Hierosolymorum

1915 5084 2203 5154 episcopus
2235 5083 2372 5150 fuit;
2422 5084 2565 5138 inter
2599 5081 2868 5138 Gaianum
2916 5094 3119 5150 autem,
3167 5101 3329 5154 quem
3372 5085 3482 5142 Ga-

1916 5176 2067 5230 bium
2095 5176 2329 5245 appellat
2353 5174 2673 5247 Eutychius,
2702 5185 2756 5229 et
2786 5175 3127 5242 Narcissum,
3165 5192 3360 5231 novem
3384 5195 3483 5248 pa-

1918 5267 2170 5321 triarcha:
2216 5265 2609 5336 Hierosolymis
2665 5269 2942 5322 sederunt.
2994 5266 3179 5336 Neque
3207 5282 3337 5321 vero
3376 5270 3484 5324 ulla

1917 5367 2094 5413 exstat
2140 5358 2405 5411 memoria
2452 5357 2667 5426 scriptae
2711 5358 2775 5410 ad
2824 5357 3100 5412 Victorem
3147 5374 3177 5413 a
3210 5358 3485 5415 Demetrio

1917 5450 2192 5519 epistolae;
2223 5448 2465 5517 episc0pi
2492 5457 2703 5502 tantum
2752 5448 3041 5503 Palestinaa
3084 5449 3330 5504 indicant
3358 5450 3487 5505 Ale-

1921 5542 2219 5595 xandrinos
2246 5554 2431 5593 secum
2464 5540 2516 5592 in
2541 5540 2629 5593 die
2667 5538 2950 5595 Paschalis
2982 5540 3325 5595 observando
3354 5557 3485 5595 con-

1922 5633 2140 5699 sentire,
2170 5632 2331 5701 idque
2354 5641 2538 5701 patere
2572 5647 2638 5685 ex
2668 5632 2863 5687 litteris
2892 5634 2959 5687 ad
2989 5648 3048 5688 se
3078 5634 3308 5687 invicem
3350 5634 3485 5687 mis-

1922 5727 2020 5790 sis,
2048 5726 2197 5780 nulla
2220 5724 2477 5779 Demetrii
2529 5726 2808 5779 mentione
2856 5724 3020 5779 facta.
3053 5725 3185 5792 Quae
3215 5725 3353 5779 dixit
3389 5726 3485 5793 igi—

1922 5825 2012 5870 tur
2035 5817 2101 5871 de
2133 5814 2407 5871 Demetrio
2467 5815 2788 5886 Eutychius,
2838 5834 2904 5871 ex
2940 5819 3178 5873 archivis
3231 5817 3481 5872 Ecclesia

3172 5910 3212 5969 8
