4078 6386
581 350 689 405 2'55

1596 342 1654 397 S.
1696 341 2042 400 lGNATIUS.
2077 372 2145 382 —
2172 339 2703 397 PROLEGOMENA.

3724 342 3832 399 250

583 469 963 526 Alexandrina:
1000 480 1111 522 non
1152 464 1380 533 habuit;
1412 462 1697 520 videamus
1724 480 1792 523 an
1818 464 2054 522 certiora
2083 462 2151 518 de
2181 466 2228 522 Α
2255 464 2367 531 ipse
2412 462 2505 516 ille
2554 460 2864 531 patriarcha
2926 460 3172 515 Adriano
3221 460 3402 516 dictus
3460 460 3531 515 tle
3568 460 3832 531 episcopo

586 562 920 625 Alexandro,
986 557 1090 614 sub
1146 573 1256 628 quo
1311 565 1548 612 veterem
1582 556 2031 610 consuetudinem
2062 556 2155 609 de-

585 658 744 712 siisse
765 655 861 720 ait,
882 651 1062 708 tradat
1083 670 1095 705 :
1116 649 1436 716 Alexander,
1451 648 1649 719 inquit,
1669 647 1933 701 Achillam
1954 650 2154 701 socium

580 761 759 811 suum,
803 744 895 814 qui
940 750 1062 796 ante
1098 742 1275 809 ipsum
1322 738 1633 808 patriarcha
1664 738 1858 807 fuerat,
1891 738 1956 791 de
1984 738 2155 807 gradu

581 833 936 907 patriarchali
984 832 1195 901 dejecit,
1234 831 1383 901 quia,
1420 830 1549 883 Ario
1590 838 1815 899 recepto,
1846 838 2030 883 contra
2054 827 2157 883 Pe-

586 929 655 981 tri
680 925 1032 981 Alexandrini
1073 922 1387 977 mandatum
1412 922 1628 991 fecerat.
1681 919 1819 975 Cum
1862 922 1976 991 ipse
1999 929 2155 975 antea

585 1027 883 1085 narrasset,
930 1016 1221 1081 Achillam,
1272 1021 1562 1084 postquam
1587 1026 1681 1067 sex
1705 1027 1879 1067 annos
1920 1012 2157 1079 sederat,

582 1120 863 1167 mortuum
904 1106 1099 1163 fuisse.
1129 1104 1419 1172 Quomodo
1447 1102 1614 1175 igitur
1640 1103 1709 1157 ad
1755 1103 1917 1157 ﬁnem
1941 1104 2159 1159 concilii

581 1202 809 1269 Nicmni,
838 1200 1146 1256 Alexander
1173 1213 1300 1253 eum
1330 1196 1400 1252 de
1432 1196 1604 1267 gradu
1638 1195 1993 1266 patriarchali
2017 1196 2158 1266 deji-

582 1312 707 1352 cere
738 1294 958 1366 potuit?
984 1292 1207 1362 Decepit
1224 1304 1372 1356 eum,
1398 1298 1461 1343 ut
1480 1289 1698 1359 opinor,
1730 1288 1972 1343 nominis
2006 1289 2161 1344 simi-

586 1388 778 1444 litudo.
806 1386 937 1440 Erat
966 1384 1112 1440 enim
1157 1382 1401 1437 Achillas
1429 1380 1652 1450 quidam
1684 1380 1985 1451 presbyter,
2025 1379 2159 1435 Ario

585 1476 961 1541 consentiens,
997 1487 1161 1544 quem
1200 1470 1364 1526 simul
1392 1484 1521 1524 cum
1548 1467 1680 1523 Ario
1707 1470 2159 1523 excommunica-

584 1573 663 1625 vit
691 1568 1014 1625 Alexander.
1046 1565 1165 1621 Non
1207 1572 1293 1619 est
1333 1563 1501 1634 igitur
1521 1562 1656 1617 adeo
1690 1561 1796 1617 fide
1827 1562 2026 1632 dignus
2052 1560 2162 1615 Eu-

586 1663 823 1735 tychius,
849 1668 912 1715 ut
938 1659 988 1714 ei
1018 1668 1114 1712 aut
1165 1655 1290 1721 soli,
1334 1662 1431 1711 aut
1473 1655 1652 1725 primo
1703 1653 1869 1725 hujus
1917 1653 2161 1709 historiae

586 1753 858 1810 conditori
895 1750 1206 1806 credamus.

2260 554 2635 608 Alexandrino
2681 552 2908 622 intelligi
2951 553 3151 607 debere
3188 554 3341 608 nullo
3372 553 3537 607 modo
3592 553 3832 609 videtur.

2257 646 2375 701 Non
2416 655 2629 701 tantum
2659 646 2790 716 quia
2819 645 3012 699 titulus
3040 645 3128 700 ille
3157 645 3293 699 nulli
3314 645 3575 714 episcopo
3607 660 3672 699 ea
3710 654 3837 700 aeta-

2262 750 2332 805 te,
2365 750 2459 794 aut
2485 739 2737 809 sequenti
2775 738 2977 793 sarculo
3004 738 3242 803 tributus
3272 752 3395 793 esse
3417 745 3710 807 appareat:
3740 738 3836 792 sed

2258 841 2312 887 et
2340 832 2484 901 quod
2511 846 2574 883 ea
2606 846 2729 899 qua:
2759 829 2826 883 de
2856 828 3171 899 patriarcha
3193 836 3381 882 narrat
3403 828 3699 894 Adrianus,
3728 827 3839 896 epi-

2260 936 2425 991 scopo
2469 919 2842 975 Alexandrino
2886 920 3114 975 minime
3159 919 3503 975 conveniant.
3556 916 3714 985 Cum,
3746 918 3837 971 in-

2259 1012 2399 1082 quit,
2447 1008 2739 1081 Egyptum
2786 1012 3013 1074 venerit;
3049 1011 3293 1080 loquitur
3344 1010 3510 1081 igitur
3536 1010 3604 1065 de
3635 1024 3705 1064 eo
3738 1008 3836 1078 qui

2260 1101 2603 1156 Alexandria:
2657 1101 2908 1155 habitare
2965 1114 3076 1154 non
3129 1099 3359 1164 solebat,
3392 1099 3488 1155 sed
3539 1099 3841 1169 aliquando

2260 1200 2473 1248 tantum
2508 1190 2802 1263 Egyptum
2841 1192 3011 1258 adire,
3066 1199 3253 1259 utpote
3279 1190 3376 1260 qui
3427 1189 3485 1244 in
3510 1191 3617 1245 alia
3646 1190 3838 1260 aliqua

2259 1286 2482 1357 regione
2513 1286 2736 1339 viveret.
2772 1284 2911 1338 Cum
2944 1282 3085 1337 forte
3115 1282 3411 1353 Egyptum
3448 1292 3675 1351 peteret,
3708 1298 3841 1338 coa-

2260 1386 2383 1433 ctus
2428 1384 2514 1431 est
2545 1392 2653 1431 non
2684 1384 2899 1429 tantum
2954 1373 3299 1443 Serapidem,
3332 1372 3428 1428 sed
3462 1382 3517 1428 et
3550 1373 3839 1429 Christum

2260 1470 2440 1525 colere
2464 1486 2478 1535 ;
2501 1469 2570 1522 ab
2600 1467 2885 1537 utriusque
2918 1466 3083 1536 igitur
3127 1466 3275 1520 cultu
3316 1474 3435 1520 erat
3464 1466 3696 1520 alienus.
3733 1464 3838 1519 Mi-

2261 1577 2354 1616 ror
2412 1563 2596 1631 itaque
2642 1560 2899 1629 cuiquam
2953 1560 3008 1612 in
3043 1565 3282 1612 mentem
3329 1557 3515 1612 venire
3566 1560 3839 1627 potuisse,

2262 1654 2380 1709 hmc
2410 1653 2477 1709 de
2505 1654 2765 1724 episc0po
2817 1650 3190 1705 Alexandrino
3243 1649 3388 1704 dicta
3432 1649 3639 1717 fuisse;
3676 1653 3841 1721 quasi

2260 1747 2354 1803 ille
2376 1745 2673 1817 Egyptum
2709 1743 3003 1815 aliquando
3032 1751 3242 1797 tantum
3269 1751 3496 1812 peteret,
3522 1754 3577 1798 et
3606 1760 3735 1799 cum
3768 1744 3844 1800 ibi

656 1844 979 1915 Respondeo
1009 1842 1190 1909 tertio,
1219 1840 1381 1910 plane
1426 1840 1744 1896 incredibile
1762 1853 1906 1906 esse,
1934 1847 1995 1894 ut
2026 1838 2155 1893 nul-
2185 1826 2230 1882 Β
2257 1847 2424 1906 esset,
2452 1839 2734 1894 Christum
2763 1837 2942 1892 colere
2977 1844 3301 1907 cogeretur;
3352 1837 3662 1906 praesertim
3708 1852 3843 1894 cum

585 1938 672 1993 ius
701 1937 865 1992 fuerit
888 1936 943 1989 in
988 1943 1101 1989 tota
1147 1932 1385 2003 Egypto
1431 1933 1723 2002 episcopus
1752 1939 1949 2000 praeter
1974 1930 2153 1985 solum

585 2028 1036 2092 Alexandrinum,
1084 2034 1210 2081 ante
1256 2023 1516 2079 Demetrii
1570 2023 2003 2093 patriarchatum
2040 2040 2054 2089 ;
2100 2030 2155 2076 et

582 2121 941 2177 assertionem
992 2117 1321 2174 contrariam
1350 2132 1417 2171 ex
1446 2115 1669 2184 optimis
1695 2114 1939 2171 historiae
1958 2129 2156 2168 monu-

586 2212 784 2267 mentis
812 2208 1179 2265 demoustrari
1215 2220 1397 2276 posse.
1454 2204 1670 2273 Scripta
1710 2212 1794 2259 est
1823 2202 2055 2272 epistola
2085 2201 2155 2255 ab

583 2299 824 2354 Adriano
854 2297 1181 2366 imperatore
1201 2295 1270 2349 ad
1299 2292 1623 2349 Servianum
1670 2292 1953 2349 consulem
2006 2290 2155 2345 circa

584 2406 636 2443 a.
676 2390 870 2446 0.132
902 2389 1183 2460 sexaginta
1226 2386 1398 2441 ferme
1448 2386 1609 2442 annis
1640 2393 1933 2455 antequam
1980 2383 2156 2439 factus

583 2493 671 2538 est
716 2483 1023 2553 patriarcha
1056 2480 1395 2536 Demetrius:
1429 2494 1535 2533 non
1560 2478 1704 2534 enim
1736 2478 1825 2533 ille
1863 2476 2156 2547 episcOpus

590 2572 765 2628 factus
790 2580 874 2627 est
940 2586 993 2626 a.
1028 2570 1092 2626 D.
1119 2569 1561 2629 l75,utimmani
1604 2570 2029 2639 prochronismo
2057 2567 2158 2622 do-

586 2674 675 2719 cet
695 2662 1001 2717 Salmasius
1028 2662 1084 2716 in
1108 2661 1418 2732 Apparatu;
1449 2661 1540 2717 sed
1579 2675 1724 2715 anno
1748 2660 2036 2715 Commodi
2063 2659 2158 2714 de-

586 2754 750 2819 cimo,
775 2762 836 2808 ut
863 2753 1028 2808 refert
1051 2752 1319 2808 Eusebius
1352 2752 1404 2805 in
1471 2747 1749 2813 Chronico,
1801 2749 1946 2805 circa
2003 2761 2056 2800 a.
2092 2747 2152 2801 ι).

589 2846 717 2903 19ὒ.
768 2844 919 2899 Hanc
945 2843 1139 2899 Latine
1178 2845 1436 2913 scriptam
1488 2842 1729 2911 Phlegon
1776 2841 2006 2895 libertus
2034 2839 2157 2910 ejus

586 2937 954 3002 conservavit,
999 2944 1055 2990 et
1104 2935 1325 2990 Flavius
1358 2934 1629 3002 Vopiscus
1678 2948 1743 2988 ex
1775 2948 1843 2988 eo
1884 2934 2157 2989 transcri-

580 3031 718 3101 psit,
749 3036 811 3082 ut
842 3028 956 3097 ipse
987 3024 1154 3081 refert
1184 3026 1237 3079 in
1273 3025 1314 3078 Υ
1318 3028 1395 3081 ita
1423 3023 1718 3080 Saturnini.
1748 3022 1924 3093 Hujus
1952 3025 2159 3095 episto-

587 3124 653 3178 lae
703 3121 869 3176 verba
913 3129 1077 3176 sunt:
1123 3116 1439 3189 1E9yptum,
1485 3134 1645 3188 quam
1694 3118 1823 3170 mihi
1873 3116 2155 3183 laudabas,

587 3213 837 3269 Servium
875 3211 1207 3276 charissime,
1239 3218 1405 3263 totam
1436 3210 1603 3262 didici
1631 3209 1811 3273 levem,
1850 3208 2156 3277 pendulam,

583 3316 635 3360 et
664 3304 733 3358 ad
756 3302 934 3356 omnia
965 3301 1124 3370 fama:
1142 3308 1403 3354 momenta
1420 3300 1744 3353 volitantem.
1769 3296 1861 3351 Illi
1885 3301 1974 3369 qui
1997 3296 2159 3353 Sera—

583 3394 675 3462 pin
704 3388 902 3452 colunt,
930 3385 1227 3443 Christiani
1258 3396 1415 3440 sunt:
1439 3397 1488 3441 et
1517 3387 1691 3441 devoti
1710 3400 1832 3440 sunt
1862 3387 2050 3458 Serapi
2069 3389 2158 3460 qui

583 3497 639 3535 se
668 3479 870 3535 Christi
893 3480 1163 3549 episcopos
1204 3479 1411 3533 dicunt.
1449 3477 1617 3533 Nemo
1644 3479 1757 3533 illic
1778 3480 2157 3551 archisynago-

585 3590 680 3644 ws
701 3570 1033 3636 Iudaeorum,
1058 3588 1206 3626 nemo
1225 3570 1533 3638 Samaritis,
1557 3587 1705 3626 nemo
1729 3570 2157 3627 Christianorum

581 3665 868 3738 presbyter,
886 3681 987 3718 non
1006 3664 1429 3730 mathematicus,
1445 3680 1547 3717 non
1562 3679 1810 3733 aruspex,
1830 3679 1933 3718 non
1946 3665 2156 3734 aliptes.

584 3755 705 3828 Ipse
721 3756 811 3810 ille
827 3756 1135 3826 patriarcha
1151 3772 1268 3809 cum
1287 3753 1579 3827 Egyptian
1603 3758 1815 3824 venerit,
1829 3757 1892 3811 ab
1914 3757 2039 3812 aliis
2063 3756 2159 3813 Se-

582 3850 819 3920 rapidem
843 3849 1089 3913 adorare,
1116 3849 1180 3901 ab
1198 3848 1320 3901 aliis
1346 3849 1553 3919 cogitur
1567 3847 1859 3904 Christum.
1884 3849 2159 3907 Habemus

584 3942 673 3997 hic
705 3941 1098 4010 patriarcham,
1141 3939 1345 3994 Christi
1398 3941 1711 4009 episcopos,
1738 3950 1793 3994 et
1819 3940 2159 3996 Christiano.

581 4048 707 4089 rum
744 4031 1112 4103 presbyteros.
1146 4029 1213 4083 Et
1241 4030 1609 4100 patriarcham
1652 4031 1871 4100 quidem
1899 4047 2007 4086 non
2038 4041 2159 4086 tan-

583 4137 700 4181 tum
734 4125 1116 4188 Casaubonus,
1168 4124 1265 4178 sed
1315 4132 1372 4179 et
1410 4122 1716 4178 Salmasius
1765 4140 1866 4194 pro
1902 4126 2157 4195 episcopo

479 4228 484 4233 '
583 4214 955 4269 Alexandrino
984 4212 1167 4266 habet.
1200 4210 1284 4263 En
1328 4212 1648 4280 episcopum,
1703 4210 1880 4280 inquit
1906 4211 2013 4274 ille,
2042 4211 2160 4265 Ale-

581 4306 907 4361 atandrinum
940 4304 1166 4357 Adriani
1190 4302 1506 4372 temporibus
1531 4302 1897 4372 patriarcham
1915 4303 2115 4357 dictum
2134 4308 2159 4360 ?

587 4397 713 4452 Non
741 4398 907 4467 igitur
936 4404 1044 4449 tam
1082 4412 1257 4450 recens
1279 4404 1357 4449 est
1384 4395 1709 4464 patriarcha:
1754 4411 1940 4449 nomen
1974 4396 2031 4449 in
2054 4395 2158 4450 Ec-

2254 1943 2548 2001 utrumque
2587 1930 2900 1985 Judazorum
2934 1928 3258 1998 patriarchae
3294 1945 3358 1984 ea
3405 1937 3564 1983 aetate
3611 1929 3843 1985 notissi-

2254 2042 2345 2081 mo
2370 2034 2478 2079 tam
2520 2023 2687 2094 probe
2730 2022 3039 2077 conveniat.
3095 2019 3410 2075 Judaaorum
3460 2020 3839 2089 patriarchau.

2254 2115 2517 2185 intelligo,
2542 2114 2636 2184 qui
2662 2113 2715 2167 in
2740 2111 3030 2166 Palaestina
3068 2112 3303 2178 vivebat,
3332 2128 3439 2166 non
3478 2113 3572 2176 qui
3591 2113 3839 2167 Alexan-

2254 2210 2387 2265 dria:
2413 2207 2738 2263 constitutus
2768 2203 2891 2268 fuit,
2928 2213 2987 2257 ut
3010 2204 3276 2274 putabant
3320 2202 3530 2259 Petitus
3552 2214 3608 2258 et
3636 2203 3838 2260 Petrus

2256 2317 2288 2357 a
2316 2301 2517 2356 Marca.
2551 2299 2625 2354 De
2670 2313 2780 2369 quo
2820 2298 3064 2367 loquitur
3107 2296 3373 2367 Origenes
3402 2297 3539 2367 Περὶ
3560 2296 3775 2368 ἀρχῶν,
3805 2298 3843 2350 l.

2255 2409 2332 2459 ιν,
2367 2410 2416 2449 c.
2447 2394 2472 2447 1
2499 2411 2512 2446 :
2546 2391 2742 2445 Dicunt
2773 2405 3078 2460 permanere
3108 2389 3280 2442 adhuc
3323 2389 3609 2457 principem
3651 2404 3717 2443 ea:
3745 2405 3838 2458 ge-

2255 2504 2377 2543 nere
2416 2486 2595 2551 ludte,
2642 2486 2828 2551 istum,
2884 2482 3143 2548 videlicet,
3201 2482 3291 2552 qui
3332 2492 3408 2535 est
3439 2483 3606 2552 gentis
3656 2498 3844 2535 eorum

2255 2583 2519 2651 princeps,
2549 2594 2701 2650 quem
2734 2578 3007 2631 nominant
3060 2574 3440 2645 patriarcham.
3467 2574 3741 2644 Loquitur
3775 2575 3845 2629 de

2256 2690 2319 2729 re
2349 2673 2475 2743 ipsi,
2500 2687 2625 2727 cum
2666 2669 3072 2724 Alexandrinus
3112 2677 3282 2732 esset,
3309 2684 3417 2722 non
3456 2667 3842 2735 incomperta;

2258 2774 2314 2820 et
2339 2763 2710 2835 patriarcham
2758 2776 2869 2815 non
2904 2759 3036 2814 huic
3066 2768 3164 2814 aut
3194 2758 3271 2813 illi
3310 2758 3522 2829 regioni
3564 2759 3842 2827 praeposi-

2259 2864 2399 2920 tum,
2430 2852 2523 2908 sed
2557 2851 2723 2906 totius
2751 2848 2927 2921 gentis
2950 2848 3257 2918 principem
3286 2847 3568 2903 describit.
3604 2846 3708 2902 Hic
3732 2849 3841 2918 igi—

2259 2952 2349 3000 tur
2395 2945 2439 3000 si
2488 2943 2627 2999 forte
2676 2942 2972 3013 Egyptum
3038 2939 3270 3007 veniret,
3322 2948 3376 2994 et
3424 2938 3747 3009 Serapidem
3785 2951 3843 2995 et

2258 3034 2536 3090 Christum
2570 3035 2749 3090 colere
2765 3036 3078 3106 cogebatur.
3104 3033 3421 3088 Patriarcha
3449 3032 3614 3100 igitur
3644 3032 3843 3086 Adria-

2260 3124 2315 3177 ni
2340 3139 2464 3178 cum
2498 3125 2944 3197 archisynagogis
2972 3124 3283 3181 Judasorum
3331 3123 3521 3193 procul
3543 3122 3715 3176 dubio
3740 3138 3846 3176 nu-

2261 3213 2559 3268 merandus
2585 3222 2688 3268 est.
2722 3212 2923 3268 Christi
2969 3222 3148 3268 autem
3181 3212 3443 3282 episcopi,
3486 3219 3540 3265 et
3572 3210 3846 3266 Christia-

2261 3321 2459 3361 norum
2498 3306 2801 3377 presbyteri
2833 3306 2899 3360 ad
2924 3304 3229 3361 Ecclesiam
3258 3303 3639 3375 Egyptiacam
3669 3304 3848 3373 perti-

2260 3395 2480 3449 nebant.
2514 3393 2580 3447 Et
2606 3404 2751 3449 recte
2783 3397 2925 3450 inter
2952 3410 3176 3465 sparsos
3214 3394 3281 3448 ad
3305 3394 3397 3464 jus
3425 3392 3844 3448 Justiuianeum

2258 3486 2420 3542 ﬂores
2468 3487 2716 3541 observat
2758 3485 2912 3557 Hugo
2944 3486 3207 3543 Grotius:
3248 3486 3532 3557 Episcopos
3572 3484 3850 3540 Christia-

2259 3594 2351 3633 nos
2384 3596 2417 3632 a
2443 3579 2758 3648 presbyteris
2801 3579 3082 3649 distinguit
3125 3579 3394 3632 Adrianus
3447 3579 3765 3646 imperator,
3788 3578 3846 3629 in

2257 3670 2481 3741 epistola
2523 3687 2641 3741 qua:
2688 3680 2763 3725 est
2824 3670 2964 3741 apud
3030 3670 3307 3741 Vopiscum
3373 3668 3686 3724 Saturnino.
3756 3670 3843 3723 An

2258 3764 2406 3819 enim
2436 3763 2504 3818 de
2534 3763 2644 3818 illis
2684 3763 2757 3818 ita
2786 3762 3104 3833 loqueretur
3132 3763 3428 3830 Adrianus,
3455 3761 3500 3816 si
3528 3761 3845 3832 presbyteri

2260 3857 2360 3912 soli
2414 3856 2470 3910 in
2509 3855 2744 3928 Egypto
2796 3864 2928 3911 tunc
2986 3855 3251 3925 temporis
3284 3853 3539 3921 fuissent,
3592 3854 3847 3924 episcopi

2258 3951 2394 4006 nulli
2410 3952 2433 4005 ?
2449 3950 2646 4005 Mirum
2674 3949 3076 4021 subterfugium
3101 3959 3308 4020 estquo
3330 3950 3503 4005 utitur
3527 3946 3807 4005 Selden-us
3826 3969 3843 4004 :

2262 4040 2385 4095 Non
2409 4050 2518 4095 tam
2544 4040 2609 4095 de
2637 4042 2917 4111 episcopis,
2953 4056 3113 4111 quam
3154 4040 3220 4093 de
3258 4040 3333 4094 eis
3368 4040 3458 4109 qui
3484 4054 3537 4092 se
3565 4038 3848 4109 episcopos

2258 4131 2333 4184 ibi
2362 4131 2563 4198 dixere,
2597 4130 2832 4201 loquitur
2880 4129 3190 4196 Adrianus;
3220 4130 3380 4200 quasi
3406 4130 3499 4201 qui
3530 4145 3589 4186 se
3619 4130 3850 4200 episco-

2259 4237 2359 4293 pos
2387 4222 2594 4291 dixere,
2622 4223 2865 4293 episcopi
2905 4238 3017 4278 non
3064 4232 3267 4279 essent.
3320 4221 3437 4278 Non
3463 4238 3559 4278 eos
3587 4233 3845 4287 accusat,

2260 4314 2407 4384 quod
2436 4329 2634 4370 nomen
2668 4314 3016 4382 simularent,
3043 4324 3141 4370 aut
3170 4315 3354 4370 fictum
3389 4315 3493 4369 sibi
3516 4328 3801 4370 sumerent
3826 4335 3843 4383 ;

2261 4407 2355 4463 sed
2387 4408 2533 4477 quod
2561 4407 2878 4477 religionem
2909 4408 3222 4478 proderent,
3247 4408 3395 4478 quod
3435 4407 3662 4477 Serapin
3689 4410 3847 4464 cole—

584 4490 748 4545 clesia
792 4488 1121 4554 Christiana,
1156 4503 1314 4557 quam
1362 4486 1579 4557 quidam
1618 4486 1783 4541 videri
1811 4486 2010 4551 volunt,
2040 4489 2158 4557 qui-
2190 4496 2234 4551 1')
2264 4505 2402 4563 rem,
2431 4497 2525 4567 qui
2574 4514 2633 4553 se
2676 4512 2785 4553 non
2812 4498 3137 4568 simpliciter
3166 4500 3472 4568 episcopos,
3503 4500 3597 4554 sed
3625 4498 3847 4553 Christi

584 4582 680 4636 bus
706 4580 876 4651 placet
900 4596 991 4634 nec
1020 4578 1230 4634 Nicteni
1252 4578 1414 4649 primi
1445 4577 1657 4631 concilii
1681 4586 1834 4643 tetas,
1869 4586 2017 4632 tanto
2039 4590 2157 4649 post

584 4672 883 4728 Adrianum
908 4671 1207 4737 intervallo,
1238 4671 1503 4725 usitatum
1547 4669 1685 4723 illud
1713 4670 1853 4724 inter
1895 4668 2157 4725 Christia-

588 4784 681 4822 nos
712 4768 877 4837 fuisse
891 4784 986 4837 pro
1014 4784 1073 4821 eo
1099 4766 1190 4836 qui
1224 4766 1322 4819 toti
1355 4765 1565 4819 dioecesi
1614 4773 1861 4833 praeerat,
1897 4774 1945 4819 et
1976 4766 2158 4821 dioece-

587 4878 700 4915 seos
724 4860 980 4915 exarchus
1009 4858 1300 4913 dicebatur.
1334 4857 1476 4923 Quos
1518 4857 1648 4911 alibi
1694 4858 1971 4926 refellam;
1997 4871 2045 4916 et
2069 4878 2157 4915 sa-

588 4953 657 5006 tis
686 4951 767 5003 hic
790 4951 935 5003 locus
973 4948 1235 5016 confutat.
1267 4945 1554 5013 Quomodo
1602 4948 1910 5017 praestiterit
1968 4959 2154 5019 postea

586 5042 641 5096 id
672 5040 816 5110 quod
853 5040 955 5093 hoc
986 5038 1105 5091 loco
1132 5037 1427 5106 promittit,
1462 5038 1582 5091 aliis
1628 5037 2042 5108 disquirendum
2070 5057 2156 5095 re-

586 5133 794 5201 linquo.
846 5131 1004 5185 Certe
1048 5129 1187 5183 libro
1216 5127 1292 5183 De
1314 5129 1550 5199 primatu
1578 5146 1750 5200 paptt’,
1805 5146 1924 5202 cap.
1960 5133 2013 5198 4,
2056 5149 2156 5187 no-

586 5239 710 5277 men
736 5222 1058 5293 patriarchre
1089 5221 1267 5276 adhuc
1302 5221 1518 5287 retinet,
1549 5222 1616 5277 de
1666 5224 1905 5278 exarcho
1952 5224 2155 5279 ditece—

572 5332 709 5370 ‘seos
740 5315 918 5378 aliter,
965 5314 1180 5383 opinor,
1230 5316 1413 5370 sentit.
1452 5314 1513 5369 Si
1549 5317 1665 5385 quis
1698 5317 2011 5386 patriarcha
2045 5328 2153 5370 tum

584 5418 800 5464 vocatus
853 5415 950 5471 est,
1002 5416 1059 5460 ut
1114 5408 1178 5461 de
1219 5409 1457 5478 episcopo
1509 5408 1875 5463 Alexandrino
1920 5420 2150 5473 constat,

572 5516 734 5572 quem
765 5498 992 5552 Adriani
1020 5500 1353 5567 imperatoris
1405 5516 1513 5553 (ευο
1550 5501 1626 5553 sic
1668 5501 1991 5569 appellatum
2043 5503 2154 5570 epi-

581 5591 718 5644 stola
746 5589 858 5653 eius
887 5590 1114 5643 ostendit
1141 5591 1193 5643 in
1213 5588 1493 5645 Saturnini
1521 5588 1643 5644 Vita
1663 5608 1695 5643 a
1720 5590 1905 5647 Flavio
1934 5590 2151 5660 Vopisco

558 5682 907 5751 qpasita,_non
937 5696 1051 5733 eam
1078 5697 1171 5751 per
1196 5682 1331 5735 illud
1370 5693 1571 5751 tempus
1610 5681 1855 5735 habuisse
1880 5680 2153 5751 signiﬁca-

584 5774 773 5828 tionem
804 5784 1001 5828 certum
1021 5781 1120 5840 est,
1162 5788 1322 5838 quam
1364 5772 1549 5828 habuit
1579 5780 1784 5844 postea.
1827 5771 1959 5829 Mihi
1998 5786 2151 5841 vero,

2257 4588 2543 4657 episcopos
2571 4586 2836 4655 dicerent,
2866 4589 3111 4659 adeoque
3160 4588 3490 4644 Christiana:
3544 4588 3847 4659 religionis

2256 4694 2443 4734 curam
2469 4679 2572 4734 sibi
2595 4680 2774 4749 primo
2817 4681 2937 4736 loco
2968 4680 3336 4745 vindicarent;
3365 4679 3508 4749 quod
3545 4695 3670 4734 cum
3694 4680 3849 4733 alia—

2256 4786 2379 4825 rum
2420 4770 2791 4827 Ecclesiarum
2840 4772 3079 4842 episcopi
3135 4771 3203 4826 ad
3252 4773 3669 4827 sacriﬁcandum
3718 4773 3843 4827 diis

2257 4863 2537 4933 gentilium
2562 4863 2681 4932 cogi
2714 4862 2865 4917 nullo
2904 4863 3067 4918 modo
3113 4872 3355 4932 possent,
3388 4864 3465 4917 illi
3505 4864 3575 4917 ob
3601 4862 3844 4917 insitam

2256 4954 2401 5021 genti
2447 4954 2721 5008 levitatem
2772 4952 3020 5024 Serapim
3058 4954 3373 5010 adorarent.
3428 4954 3505 5009 De
3557 4954 3850 5024 episcopis

2256 5043 2419 5112 igitur
2447 5042 2692 5113 loquitur
2732 5042 3044 5099 Adrianus:
3084 5042 3267 5114 Neque
3307 5056 3481 5098 autem
3506 5045 3624 5098 hinc
3654 5048 3849 5115 sequi-

2258 5144 2366 5199 tnr,
2421 5134 2721 5204 episcopum
2764 5136 2837 5188 ibi
2888 5134 3053 5204 fuisse
3106 5144 3229 5188 tunc
3254 5136 3483 5206 aliquem
3512 5147 3706 5205 prwter
3727 5154 3841 5206 pa-

2257 5226 2546 5279 triarcham
2578 5226 2765 5293 alium,
2814 5244 2919 5297 qua
2950 5228 3181 5296 episcopi
3231 5244 3417 5281 nomen
3462 5237 3554 5281 aut
3593 5227 3847 5298 dignitas

2253 5316 2539 5387 presbyteri
2564 5319 2774 5371 nomine
2803 5320 3042 5387 superius
3083 5319 3344 5386 habitum,
3371 5328 3462 5372 aut
3489 5320 3553 5372 ab
3576 5335 3634 5373 eo
3665 5320 3848 5373 diver—

2254 5422 2393 5473 sum,
2420 5408 2598 5478 inquit
2618 5409 2726 5462 ille.
2756 5408 2923 5475 Quasi
2945 5424 3075 5465 vero
3098 5409 3373 5466 Adrianus
3410 5412 3729 5481 cognoverit
3766 5413 3847 5465 il-

2255 5498 2347 5553 lud
2378 5514 2661 5565 arcanum,
2698 5500 2844 5569 quod
2895 5501 2983 5555 isti
3028 5510 3313 5572 tantopere
3359 5503 3658 5567 venditant,
3723 5502 3849 5557 ali-

2253 5590 2473 5660 quando
2520 5591 2723 5645 eisdem
2775 5593 2958 5646 vocari
3011 5594 3302 5664 episcopos
3344 5604 3398 5649 et
3443 5596 3843 5666 presbyteros:

2253 5683 2411 5752 quasi
2446 5682 2536 5737 ille
2562 5684 2938 5752 apostolorum
2985 5686 3437 5741 consuetudinem
3483 5698 3842 5757 sequeretur,

2253 5783 2306 5831 et
2328 5774 2482 5833 aliter
2503 5791 2595 5835 eas
2620 5791 2782 5834 voces
2815 5779 3085 5847 acceperit
3130 5795 3193 5836 ac
3229 5780 3393 5847 vulgo
3434 5780 3685 5835 homines
3712 5789 3847 5836 tum
