  <div class='ocr_page' id='page_1' title='image "/cluster/home/n/w/nwhite01/storage/ocr_20150623/5/coo.31924054872845/126.png"; bbox 0 0 4078 6396; ppageno 0'>
   <div class='ocr_carea' id='block_1_1' title="bbox 212 375 313 427">
    <p class='ocr_par' dir='ltr' id='par_1_1' title="bbox 212 375 313 427">
     <span class='ocr_line' id='line_1_1' title="bbox 212 375 313 427; baseline -0.02 0"><span class='ocrx_word' id='word_1_1' title='bbox 212 375 313 427; x_wconf 75' lang='grc'><strong>257</strong></span> 
     </span>
    </p>
   </div>
   <div class='ocr_carea' id='block_1_2' title="bbox 916 370 2589 433">
    <p class='ocr_par' dir='ltr' id='par_1_2' title="bbox 916 370 2589 433">
     <span class='ocr_line' id='line_1_2' title="bbox 916 370 2589 433; baseline 0.004 -8"><span class='ocrx_word' id='word_1_2' title='bbox 916 370 968 426; x_wconf 80' lang='lat' dir='ltr'><strong>J.</strong></span> <span class='ocrx_word' id='word_1_3' title='bbox 1007 373 1374 428; x_wconf 73' lang='lat' dir='ltr'><strong>PEARSUMI</strong></span> <span class='ocrx_word' id='word_1_4' title='bbox 1403 371 1724 428; x_wconf 63' lang='lat' dir='ltr'><strong>V’lNDlCle</strong></span> <span class='ocrx_word' id='word_1_5' title='bbox 1749 371 2174 428; x_wconf 68' lang='lat' dir='ltr'><strong>lGNATlANtE.</strong></span> <span class='ocrx_word' id='word_1_6' title='bbox 2211 405 2281 417; x_wconf 89' lang='lat'><strong>—-</strong></span> <span class='ocrx_word' id='word_1_7' title='bbox 2320 374 2501 431; x_wconf 80' lang='lat' dir='ltr'><strong>PARS</strong></span> <span class='ocrx_word' id='word_1_8' title='bbox 2541 377 2589 433; x_wconf 79' lang='grc' dir='ltr'><strong>Ι.</strong></span> 
     </span>
    </p>
   </div>
   <div class='ocr_carea' id='block_1_3' title="bbox 3370 386 3469 444">
    <p class='ocr_par' dir='ltr' id='par_1_3' title="bbox 3370 386 3469 444">
     <span class='ocr_line' id='line_1_3' title="bbox 3370 386 3469 444; baseline -0.01 0"><span class='ocrx_word' id='word_1_9' title='bbox 3370 386 3469 444; x_wconf 70' lang='lat' dir='ltr'><strong>S38</strong></span> 
     </span>
    </p>
   </div>
   <div class='ocr_carea' id='block_1_4' title="bbox 206 489 3467 564">
    <p class='ocr_par' dir='ltr' id='par_1_4' title="bbox 206 489 3467 564">
     <span class='ocr_line' id='line_1_4' title="bbox 206 489 3467 564; baseline 0.002 -19"><span class='ocrx_word' id='word_1_10' title='bbox 206 490 378 545; x_wconf 83' lang='lat' dir='ltr'><strong>locuti</strong></span> <span class='ocrx_word' id='word_1_11' title='bbox 404 499 553 545; x_wconf 84' lang='lat' dir='ltr'><strong>sunt.</strong></span> <span class='ocrx_word' id='word_1_12' title='bbox 585 489 746 545; x_wconf 85' lang='lat' dir='ltr'><strong>Certe</strong></span> <span class='ocrx_word' id='word_1_13' title='bbox 774 490 1051 547; x_wconf 83' lang='lat' dir='ltr'><strong>Adrianus</strong></span> <span class='ocrx_word' id='word_1_14' title='bbox 1078 491 1368 562; x_wconf 87' lang='lat' dir='ltr'><strong>episcopos</strong></span> <span class='ocrx_word' id='word_1_15' title='bbox 1398 505 1428 545; x_wconf 90' lang='lat' dir='ltr'><strong>a</strong></span> <span class='ocrx_word' id='word_1_16' title='bbox 1454 492 1788 562; x_wconf 76' lang='lat' dir='ltr'><strong>presbyteris</strong></span> <span class='ocrx_word' id='word_1_17' title='bbox 1818 496 1865 551; x_wconf 79' lang='grc' dir='ltr'><strong>Α</strong></span> <span class='ocrx_word' id='word_1_18' title='bbox 1893 493 2054 556; x_wconf 88' lang='lat' dir='ltr'><strong>solet,</strong></span> <span class='ocrx_word' id='word_1_19' title='bbox 2088 494 2203 550; x_wconf 65' lang='lat' dir='ltr'><strong>haec</strong></span> <span class='ocrx_word' id='word_1_20' title='bbox 2226 496 2363 555; x_wconf 84' lang='lat' dir='ltr'><strong>mire</strong></span> <span class='ocrx_word' id='word_1_21' title='bbox 2390 499 2457 551; x_wconf 86' lang='lat' dir='ltr'><strong>ad</strong></span> <span class='ocrx_word' id='word_1_22' title='bbox 2504 513 2621 553; x_wconf 89' lang='lat' dir='ltr'><strong>rem</strong></span> <span class='ocrx_word' id='word_1_23' title='bbox 2658 513 2814 555; x_wconf 87' lang='lat' dir='ltr'><strong>suam</strong></span> <span class='ocrx_word' id='word_1_24' title='bbox 2843 502 3297 563; x_wconf 58' lang='lat' dir='ltr'><strong>accommodavit,</strong></span> <span class='ocrx_word' id='word_1_25' title='bbox 3329 506 3467 564; x_wconf 72' lang='lat' dir='ltr'><strong>Nam</strong></span> 
     </span>
    </p>
   </div>
   <div class='ocr_carea' id='block_1_5' title="bbox 202 582 1789 653">
    <p class='ocr_par' dir='ltr' id='par_1_5' title="bbox 202 582 1789 653">
     <span class='ocr_line' id='line_1_5' title="bbox 202 582 1789 653; baseline -0.001 -17"><span class='ocrx_word' id='word_1_26' title='bbox 202 592 393 652; x_wconf 84' lang='lat' dir='ltr'><strong>aperte</strong></span> <span class='ocrx_word' id='word_1_27' title='bbox 418 582 729 651; x_wconf 75' lang='lat' dir='ltr'><strong>distinguit,</strong></span> <span class='ocrx_word' id='word_1_28' title='bbox 759 582 1092 653; x_wconf 82' lang='lat' dir='ltr'><strong>eosdemque</strong></span> <span class='ocrx_word' id='word_1_29' title='bbox 1127 584 1439 652; x_wconf 86' lang='lat' dir='ltr'><strong>superiores</strong></span> <span class='ocrx_word' id='word_1_30' title='bbox 1488 582 1637 638; x_wconf 82' lang='lat' dir='ltr'><strong>facit.</strong></span> <span class='ocrx_word' id='word_1_31' title='bbox 1666 582 1789 636; x_wconf 92' lang='lat' dir='ltr'><strong>Pri-</strong></span> 
     </span>
    </p>
   </div>
   <div class='ocr_carea' id='block_1_6' title="bbox 199 672 1791 743">
    <p class='ocr_par' dir='ltr' id='par_1_6' title="bbox 199 672 1791 743">
     <span class='ocr_line' id='line_1_6' title="bbox 199 672 1791 743; baseline 0.001 -17"><span class='ocrx_word' id='word_1_32' title='bbox 199 686 292 726; x_wconf 87' lang='lat' dir='ltr'><strong>mo</strong></span> <span class='ocrx_word' id='word_1_33' title='bbox 322 673 450 727; x_wconf 89' lang='lat' dir='ltr'><strong>loco</strong></span> <span class='ocrx_word' id='word_1_34' title='bbox 491 672 700 726; x_wconf 85' lang='lat' dir='ltr'><strong>Christi</strong></span> <span class='ocrx_word' id='word_1_35' title='bbox 734 674 1028 743; x_wconf 84' lang='lat' dir='ltr'><strong>episcopos</strong></span> <span class='ocrx_word' id='word_1_36' title='bbox 1075 673 1344 740; x_wconf 78' lang='lat' dir='ltr'><strong>nominat,</strong></span> <span class='ocrx_word' id='word_1_37' title='bbox 1395 683 1451 729; x_wconf 89' lang='lat' dir='ltr'><strong>et</strong></span> <span class='ocrx_word' id='word_1_38' title='bbox 1475 690 1600 728; x_wconf 89' lang='lat' dir='ltr'><strong>cum</strong></span> <span class='ocrx_word' id='word_1_39' title='bbox 1631 674 1791 729; x_wconf 79' lang='lat' dir='ltr'><strong>Chri-</strong></span> 
     </span>
    </p>
   </div>
   <div class='ocr_carea' id='block_1_7' title="bbox 202 765 1789 835">
    <p class='ocr_par' dir='ltr' id='par_1_7' title="bbox 202 765 1789 835">
     <span class='ocr_line' id='line_1_7' title="bbox 202 765 1789 835; baseline 0.001 -16"><span class='ocrx_word' id='word_1_40' title='bbox 202 765 433 829; x_wconf 81' lang='lat' dir='ltr'><strong>stianos,</strong></span> <span class='ocrx_word' id='word_1_41' title='bbox 466 773 584 817; x_wconf 92' lang='lat' dir='ltr'><strong>tum</strong></span> <span class='ocrx_word' id='word_1_42' title='bbox 616 765 781 819; x_wconf 84' lang='lat' dir='ltr'><strong>etiam</strong></span> <span class='ocrx_word' id='word_1_43' title='bbox 811 765 957 829; x_wconf 92' lang='lat' dir='ltr'><strong>illos,</strong></span> <span class='ocrx_word' id='word_1_44' title='bbox 980 766 1162 835; x_wconf 88' lang='lat' dir='ltr'><strong>quasi,</strong></span> <span class='ocrx_word' id='word_1_45' title='bbox 1186 766 1414 831; x_wconf 86' lang='lat' dir='ltr'><strong>scilicet,</strong></span> <span class='ocrx_word' id='word_1_46' title='bbox 1445 766 1789 821; x_wconf 85' lang='lat' dir='ltr'><strong>Christiano-</strong></span> 
     </span>
    </p>
   </div>
   <div class='ocr_carea' id='block_1_8' title="bbox 204 855 1793 927">
    <p class='ocr_par' dir='ltr' id='par_1_8' title="bbox 204 855 1793 927">
     <span class='ocr_line' id='line_1_8' title="bbox 204 855 1793 927; baseline 0 -16"><span class='ocrx_word' id='word_1_47' title='bbox 204 873 323 912; x_wconf 85' lang='lat' dir='ltr'><strong>rum</strong></span> <span class='ocrx_word' id='word_1_48' title='bbox 373 856 681 925; x_wconf 87' lang='lat' dir='ltr'><strong>principes,</strong></span> <span class='ocrx_word' id='word_1_49' title='bbox 732 855 928 926; x_wconf 85' lang='lat' dir='ltr'><strong>Serapi</strong></span> <span class='ocrx_word' id='word_1_50' title='bbox 975 857 1203 911; x_wconf 89' lang='lat' dir='ltr'><strong>devotos</strong></span> <span class='ocrx_word' id='word_1_51' title='bbox 1247 871 1370 913; x_wconf 89' lang='lat' dir='ltr'><strong>esse</strong></span> <span class='ocrx_word' id='word_1_52' title='bbox 1407 857 1573 912; x_wconf 87' lang='lat' dir='ltr'><strong>dicit:</strong></span> <span class='ocrx_word' id='word_1_53' title='bbox 1602 866 1793 927; x_wconf 87' lang='lat' dir='ltr'><strong>postea</strong></span> 
     </span>
    </p>
   </div>
   <div class='ocr_carea' id='block_1_9' title="bbox 205 948 1792 1021">
    <p class='ocr_par' dir='ltr' id='par_1_9' title="bbox 205 948 1792 1021">
     <span class='ocr_line' id='line_1_9' title="bbox 205 948 1792 1021; baseline 0.001 -17"><span class='ocrx_word' id='word_1_54' title='bbox 205 950 559 1021; x_wconf 80' lang='lat' dir='ltr'><strong>presbyteros</strong></span> <span class='ocrx_word' id='word_1_55' title='bbox 604 949 882 1015; x_wconf 87' lang='lat' dir='ltr'><strong>nominat,</strong></span> <span class='ocrx_word' id='word_1_56' title='bbox 911 964 1120 1019; x_wconf 89' lang='lat' dir='ltr'><strong>eosque</strong></span> <span class='ocrx_word' id='word_1_57' title='bbox 1145 949 1305 1019; x_wconf 88' lang='lat' dir='ltr'><strong>quasi</strong></span> <span class='ocrx_word' id='word_1_58' title='bbox 1357 948 1667 1014; x_wconf 84' lang='lat' dir='ltr'><strong>inferiores,</strong></span> <span class='ocrx_word' id='word_1_59' title='bbox 1696 960 1792 1006; x_wconf 91' lang='lat' dir='ltr'><strong>aut</strong></span> 
     </span>
    </p>
   </div>
   <div class='ocr_carea' id='block_1_10' title="bbox 204 1041 1791 1111">
    <p class='ocr_par' dir='ltr' id='par_1_10' title="bbox 204 1041 1791 1111">
     <span class='ocr_line' id='line_1_10' title="bbox 204 1041 1791 1111; baseline -0.001 -15"><span class='ocrx_word' id='word_1_60' title='bbox 204 1043 339 1096; x_wconf 85' lang='lat' dir='ltr'><strong>inter</strong></span> <span class='ocrx_word' id='word_1_61' title='bbox 354 1041 652 1110; x_wconf 78' lang='lat' dir='ltr'><strong>aruspices</strong></span> <span class='ocrx_word' id='word_1_62' title='bbox 677 1048 732 1096; x_wconf 90' lang='lat' dir='ltr'><strong>et</strong></span> <span class='ocrx_word' id='word_1_63' title='bbox 765 1042 965 1111; x_wconf 84' lang='lat' dir='ltr'><strong>aliptas</strong></span> <span class='ocrx_word' id='word_1_64' title='bbox 988 1050 1262 1100; x_wconf 88' lang='lat' dir='ltr'><strong>numerat.</strong></span> <span class='ocrx_word' id='word_1_65' title='bbox 1292 1048 1389 1095; x_wconf 90' lang='lat' dir='ltr'><strong>aut</strong></span> <span class='ocrx_word' id='word_1_66' title='bbox 1429 1042 1709 1111; x_wconf 89' lang='lat' dir='ltr'><strong>aruspices</strong></span> <span class='ocrx_word' id='word_1_67' title='bbox 1738 1053 1791 1096; x_wconf 89' lang='lat' dir='ltr'><strong>et</strong></span> 
     </span>
    </p>
   </div>
   <div class='ocr_carea' id='block_1_11' title="bbox 202 1132 1792 1203">
    <p class='ocr_par' dir='ltr' id='par_1_11' title="bbox 202 1132 1792 1203">
     <span class='ocr_line' id='line_1_11' title="bbox 202 1132 1792 1203; baseline -0.001 -15"><span class='ocrx_word' id='word_1_68' title='bbox 202 1134 396 1203; x_wconf 77' lang='lat' dir='ltr'><strong>aliptas</strong></span> <span class='ocrx_word' id='word_1_69' title='bbox 446 1132 635 1199; x_wconf 82' lang='lat' dir='ltr'><strong>facit;</strong></span> <span class='ocrx_word' id='word_1_70' title='bbox 676 1147 801 1202; x_wconf 72' lang='lat' dir='ltr'><strong>quae</strong></span> <span class='ocrx_word' id='word_1_71' title='bbox 850 1132 1039 1188; x_wconf 87' lang='lat' dir='ltr'><strong>omnia</strong></span> <span class='ocrx_word' id='word_1_72' title='bbox 1093 1132 1504 1188; x_wconf 90' lang='lat' dir='ltr'><strong>distinctionem</strong></span> <span class='ocrx_word' id='word_1_73' title='bbox 1559 1132 1792 1187; x_wconf 80' lang='lat' dir='ltr'><strong>manife-</strong></span> 
     </span>
    </p>
   </div>
   <div class='ocr_carea' id='block_1_12' title="bbox 195 1224 1789 1295">
    <p class='ocr_par' dir='ltr' id='par_1_12' title="bbox 195 1224 1789 1295">
     <span class='ocr_line' id='line_1_12' title="bbox 195 1224 1789 1295; baseline 0 -16"><span class='ocrx_word' id='word_1_74' title='bbox 195 1234 333 1279; x_wconf 83' lang='lat' dir='ltr'><strong>stam</strong></span> <span class='ocrx_word' id='word_1_75' title='bbox 363 1234 423 1279; x_wconf 91' lang='lat' dir='ltr'><strong>et</strong></span> <span class='ocrx_word' id='word_1_76' title='bbox 463 1224 843 1295; x_wconf 84' lang='lat' dir='ltr'><strong>imparitatem</strong></span> <span class='ocrx_word' id='word_1_77' title='bbox 894 1232 1117 1290; x_wconf 90' lang='lat' dir='ltr'><strong>sonant,</strong></span> <span class='ocrx_word' id='word_1_78' title='bbox 1187 1224 1539 1294; x_wconf 87' lang='lat' dir='ltr'><strong>episcopique</strong></span> <span class='ocrx_word' id='word_1_79' title='bbox 1590 1240 1789 1279; x_wconf 88' lang='lat' dir='ltr'><strong>nomen</strong></span> 
     </span>
    </p>
   </div>
   <div class='ocr_carea' id='block_1_13' title="bbox 191 1317 1794 1388">
    <p class='ocr_par' dir='ltr' id='par_1_13' title="bbox 191 1317 1794 1388">
     <span class='ocr_line' id='line_1_13' title="bbox 191 1317 1794 1388; baseline -0.001 -15"><span class='ocrx_word' id='word_1_80' title='bbox 191 1334 297 1375; x_wconf 90' lang='lat' dir='ltr'><strong>non</strong></span> <span class='ocrx_word' id='word_1_81' title='bbox 336 1327 565 1372; x_wconf 90' lang='lat' dir='ltr'><strong>tantum</strong></span> <span class='ocrx_word' id='word_1_82' title='bbox 597 1334 628 1372; x_wconf 90' lang='lat' dir='ltr'><strong>a</strong></span> <span class='ocrx_word' id='word_1_83' title='bbox 653 1317 875 1373; x_wconf 89' lang='lat' dir='ltr'><strong>nomine</strong></span> <span class='ocrx_word' id='word_1_84' title='bbox 903 1318 1207 1388; x_wconf 81' lang='lat' dir='ltr'><strong>presbyteri</strong></span> <span class='ocrx_word' id='word_1_85' title='bbox 1235 1318 1577 1385; x_wconf 90' lang='lat' dir='ltr'><strong>distinctum,</strong></span> <span class='ocrx_word' id='word_1_86' title='bbox 1612 1318 1705 1373; x_wconf 88' lang='lat' dir='ltr'><strong>sed</strong></span> <span class='ocrx_word' id='word_1_87' title='bbox 1737 1325 1794 1372; x_wconf 88' lang='lat' dir='ltr'><strong>et</strong></span> 
     </span>
    </p>
   </div>
   <div class='ocr_carea' id='block_1_14' title="bbox 191 1410 1083 1481">
    <p class='ocr_par' dir='ltr' id='par_1_14' title="bbox 191 1410 1083 1481">
     <span class='ocr_line' id='line_1_14' title="bbox 191 1410 1083 1481; baseline -0.004 -14"><span class='ocrx_word' id='word_1_88' title='bbox 191 1411 451 1481; x_wconf 87' lang='lat' dir='ltr'><strong>superius</strong></span> <span class='ocrx_word' id='word_1_89' title='bbox 482 1410 741 1465; x_wconf 89' lang='lat' dir='ltr'><strong>habitum</strong></span> <span class='ocrx_word' id='word_1_90' title='bbox 765 1411 1083 1465; x_wconf 89' lang='lat' dir='ltr'><strong>ostendunt.</strong></span> 
     </span>
    </p>
   </div>
   <div class='ocr_carea' id='block_1_15' title="bbox 259 1500 1792 1572">
    <p class='ocr_par' dir='ltr' id='par_1_15' title="bbox 259 1500 1792 1572">
     <span class='ocr_line' id='line_1_15' title="bbox 259 1500 1792 1572; baseline -0.001 -15"><span class='ocrx_word' id='word_1_91' title='bbox 259 1501 328 1558; x_wconf 90' lang='lat' dir='ltr'><strong>Ut</strong></span> <span class='ocrx_word' id='word_1_92' title='bbox 358 1503 631 1557; x_wconf 84' lang='lat' dir='ltr'><strong>omittam</strong></span> <span class='ocrx_word' id='word_1_93' title='bbox 652 1517 717 1557; x_wconf 87' lang='lat' dir='ltr'><strong>ea</strong></span> <span class='ocrx_word' id='word_1_94' title='bbox 740 1517 865 1571; x_wconf 65' lang='lat' dir='ltr'><strong>quae</strong></span> <span class='ocrx_word' id='word_1_95' title='bbox 888 1502 954 1556; x_wconf 89' lang='lat' dir='ltr'><strong>de</strong></span> <span class='ocrx_word' id='word_1_96' title='bbox 977 1502 1291 1572; x_wconf 87' lang='lat' dir='ltr'><strong>episcopatu</strong></span> <span class='ocrx_word' id='word_1_97' title='bbox 1319 1500 1662 1571; x_wconf 66' lang='lat' dir='ltr'><strong>Egyptiaco,</strong></span> <span class='ocrx_word' id='word_1_98' title='bbox 1681 1516 1792 1571; x_wconf 88' lang='lat' dir='ltr'><strong>quo</strong></span> 
     </span>
    </p>
   </div>
   <div class='ocr_carea' id='block_1_16' title="bbox 194 1591 1793 1666">
    <p class='ocr_par' dir='ltr' id='par_1_16' title="bbox 194 1591 1793 1666">
     <span class='ocr_line' id='line_1_16' title="bbox 194 1591 1793 1666; baseline -0.001 -15"><span class='ocrx_word' id='word_1_99' title='bbox 194 1604 314 1651; x_wconf 82' lang='lat' dir='ltr'><strong>ante</strong></span> <span class='ocrx_word' id='word_1_100' title='bbox 342 1596 656 1666; x_wconf 87' lang='lat' dir='ltr'><strong>epistolam</strong></span> <span class='ocrx_word' id='word_1_101' title='bbox 690 1594 917 1649; x_wconf 82' lang='lat' dir='ltr'><strong>Adriani</strong></span> <span class='ocrx_word' id='word_1_102' title='bbox 937 1594 1143 1649; x_wconf 78' lang='lat' dir='ltr'><strong>excidit</strong></span> <span class='ocrx_word' id='word_1_103' title='bbox 1166 1591 1514 1659; x_wconf 83' lang='lat' dir='ltr'><strong>Valentinus,</strong></span> <span class='ocrx_word' id='word_1_104' title='bbox 1539 1602 1594 1648; x_wconf 92' lang='lat' dir='ltr'><strong>et</strong></span> <span class='ocrx_word' id='word_1_105' title='bbox 1614 1609 1793 1663; x_wconf 86' lang='lat' dir='ltr'><strong>parce-</strong></span> 
     </span>
    </p>
   </div>
   <div class='ocr_carea' id='block_1_17' title="bbox 190 1683 1788 1758">
    <p class='ocr_par' dir='ltr' id='par_1_17' title="bbox 190 1683 1788 1758">
     <span class='ocr_line' id='line_1_17' title="bbox 190 1683 1788 1758; baseline -0.003 -14"><span class='ocrx_word' id='word_1_106' title='bbox 190 1688 307 1754; x_wconf 82' lang='lat' dir='ltr'><strong>ciis,</strong></span> <span class='ocrx_word' id='word_1_107' title='bbox 336 1688 561 1758; x_wconf 87' lang='lat' dir='ltr'><strong>quibus</strong></span> <span class='ocrx_word' id='word_1_108' title='bbox 594 1684 892 1756; x_wconf 66' lang='lat' dir='ltr'><strong>praefectus</strong></span> <span class='ocrx_word' id='word_1_109' title='bbox 930 1683 1166 1741; x_wconf 83' lang='lat' dir='ltr'><strong>Eusebio</strong></span> <span class='ocrx_word' id='word_1_110' title='bbox 1214 1684 1419 1740; x_wconf 89' lang='lat' dir='ltr'><strong>dicitur</strong></span> <span class='ocrx_word' id='word_1_111' title='bbox 1456 1683 1788 1751; x_wconf 88' lang='lat' dir='ltr'><strong>Demetrius,</strong></span> 
     </span>
    </p>
   </div>
   <div class='ocr_carea' id='block_1_18' title="bbox 190 1774 1793 1841">
    <p class='ocr_par' dir='ltr' id='par_1_18' title="bbox 190 1774 1793 1841">
     <span class='ocr_line' id='line_1_18' title="bbox 190 1774 1793 1841; baseline -0.004 -5"><span class='ocrx_word' id='word_1_112' title='bbox 190 1780 548 1836; x_wconf 79' lang='lat' dir='ltr'><strong>tradiderunt</strong></span> <span class='ocrx_word' id='word_1_113' title='bbox 579 1776 964 1832; x_wconf 88' lang='lat' dir='ltr'><strong>Hammondus</strong></span> <span class='ocrx_word' id='word_1_114' title='bbox 988 1786 1043 1831; x_wconf 93' lang='lat' dir='ltr'><strong>et</strong></span> <span class='ocrx_word' id='word_1_115' title='bbox 1062 1774 1452 1841; x_wconf 82' lang='lat' dir='ltr'><strong>Thorndicius,</strong></span> <span class='ocrx_word' id='word_1_116' title='bbox 1474 1783 1682 1830; x_wconf 88' lang='lat' dir='ltr'><strong>certum</strong></span> <span class='ocrx_word' id='word_1_117' title='bbox 1708 1781 1793 1830; x_wconf 91' lang='lat' dir='ltr'><strong>est</strong></span> 
     </span>
    </p>
   </div>
   <div class='ocr_carea' id='block_1_19' title="bbox 1895 583 3541 666">
    <p class='ocr_par' dir='ltr' id='par_1_19' title="bbox 1895 583 3541 666">
     <span class='ocr_line' id='line_1_19' title="bbox 1895 583 3541 666; baseline 0.012 -30"><span class='ocrx_word' id='word_1_118' title='bbox 1895 583 1951 637; x_wconf 90' lang='lat' dir='ltr'><strong>in</strong></span> <span class='ocrx_word' id='word_1_119' title='bbox 2002 585 2281 642; x_wconf 88' lang='lat' dir='ltr'><strong>Addendis</strong></span> <span class='ocrx_word' id='word_1_120' title='bbox 2311 589 2380 643; x_wconf 90' lang='lat' dir='ltr'><strong>ad</strong></span> <span class='ocrx_word' id='word_1_121' title='bbox 2409 604 2535 660; x_wconf 85' lang='lat' dir='ltr'><strong>pag.</strong></span> <span class='ocrx_word' id='word_1_122' title='bbox 2585 590 2712 657; x_wconf 80' lang='grc'><strong>199,</strong></span> <span class='ocrx_word' id='word_1_123' title='bbox 2752 592 2791 646; x_wconf 91' lang='lat' dir='ltr'><strong>l.</strong></span> <span class='ocrx_word' id='word_1_124' title='bbox 2845 608 2941 647; x_wconf 87' lang='lat' dir='ltr'><strong>vm</strong></span> <span class='ocrx_word' id='word_1_125' title='bbox 3010 595 3286 666; x_wconf 84' lang='lat' dir='ltr'><strong>Apologiae</strong></span> <span class='ocrx_word' id='word_1_126' title='bbox 3324 615 3465 656; x_wconf 69' lang='lat' dir='ltr'><strong>suae:</strong></span> <span class='ocrx_word' id='word_1_127' title='bbox 3534 646 3541 655; x_wconf 97' lang='lat'><strong>.</strong></span> 
     </span>
    </p>
   </div>
   <div class='ocr_carea' id='block_1_20' title="bbox 1894 675 3472 757">
    <p class='ocr_par' dir='ltr' id='par_1_20' title="bbox 1894 675 3472 757">
     <span class='ocr_line' id='line_1_20' title="bbox 1894 675 3472 757; baseline 0.014 -30"><span class='ocrx_word' id='word_1_128' title='bbox 1894 675 2145 742; x_wconf 78' lang='lat' dir='ltr'><strong>Ascribe,</strong></span> <span class='ocrx_word' id='word_1_129' title='bbox 2195 679 2408 750; x_wconf 87' lang='lat' dir='ltr'><strong>inquit,</strong></span> <span class='ocrx_word' id='word_1_130' title='bbox 2460 680 2739 752; x_wconf 87' lang='lat' dir='ltr'><strong>Origenem</strong></span> <span class='ocrx_word' id='word_1_131' title='bbox 2784 686 3207 757; x_wconf 79' lang='lat' dir='ltr'><strong>presbyterorum</strong></span> <span class='ocrx_word' id='word_1_132' title='bbox 3261 691 3472 750; x_wconf 85' lang='lat' dir='ltr'><strong>decreto</strong></span> 
     </span>
    </p>
   </div>
   <div class='ocr_carea' id='block_1_21' title="bbox 1892 767 3470 852">
    <p class='ocr_par' dir='ltr' id='par_1_21' title="bbox 1892 767 3470 852">
     <span class='ocr_line' id='line_1_21' title="bbox 1892 767 3470 852; baseline 0.015 -33"><span class='ocrx_word' id='word_1_133' title='bbox 1892 767 2106 836; x_wconf 79' lang='lat' dir='ltr'><strong>pulsum</strong></span> <span class='ocrx_word' id='word_1_134' title='bbox 2137 772 2297 841; x_wconf 78' lang='lat' dir='ltr'><strong>refert</strong></span> <span class='ocrx_word' id='word_1_135' title='bbox 2321 772 2547 829; x_wconf 84' lang='lat' dir='ltr'><strong>Photius</strong></span> <span class='ocrx_word' id='word_1_136' title='bbox 2575 775 2691 830; x_wconf 85' lang='lat' dir='ltr'><strong>cod.</strong></span> <span class='ocrx_word' id='word_1_137' title='bbox 2716 776 2844 832; x_wconf 74' lang='grc'><strong>297.</strong></span> <span class='ocrx_word' id='word_1_138' title='bbox 2872 777 2978 834; x_wconf 85' lang='lat' dir='ltr'><strong>Tot</strong></span> <span class='ocrx_word' id='word_1_139' title='bbox 3004 781 3223 852; x_wconf 86' lang='lat' dir='ltr'><strong>quidem</strong></span> <span class='ocrx_word' id='word_1_140' title='bbox 3252 785 3470 842; x_wconf 81' lang='lat' dir='ltr'><strong>codices</strong></span> 
     </span>
    </p>
   </div>
   <div class='ocr_carea' id='block_1_22' title="bbox 1892 856 3468 946">
    <p class='ocr_par' dir='ltr' id='par_1_22' title="bbox 1892 856 3468 946">
     <span class='ocr_line' id='line_1_22' title="bbox 1892 856 3468 946; baseline 0.013 -35"><span class='ocrx_word' id='word_1_141' title='bbox 1892 856 2121 916; x_wconf 86' lang='lat' dir='ltr'><strong>Pbotius</strong></span> <span class='ocrx_word' id='word_1_142' title='bbox 2166 876 2274 916; x_wconf 91' lang='lat' dir='ltr'><strong>non</strong></span> <span class='ocrx_word' id='word_1_143' title='bbox 2328 863 2521 932; x_wconf 87' lang='lat' dir='ltr'><strong>habet;</strong></span> <span class='ocrx_word' id='word_1_144' title='bbox 2573 866 2666 921; x_wconf 91' lang='lat' dir='ltr'><strong>sed</strong></span> <span class='ocrx_word' id='word_1_145' title='bbox 2722 867 2858 933; x_wconf 78' lang='lat' dir='ltr'><strong>haec,</strong></span> <span class='ocrx_word' id='word_1_146' title='bbox 2905 870 3026 925; x_wconf 90' lang='lat' dir='ltr'><strong>sine</strong></span> <span class='ocrx_word' id='word_1_147' title='bbox 3068 878 3468 946; x_wconf 84' lang='lat' dir='ltr'><strong>controversia,</strong></span> 
     </span>
    </p>
   </div>
   <div class='ocr_carea' id='block_1_23' title="bbox 1896 948 3473 1036">
    <p class='ocr_par' dir='ltr' id='par_1_23' title="bbox 1896 948 3473 1036">
     <span class='ocr_line' id='line_1_23' title="bbox 1896 948 3473 1036; baseline 0.011 -35"><span class='ocrx_word' id='word_1_148' title='bbox 1896 948 2059 1004; x_wconf 90' lang='lat' dir='ltr'><strong>verba</strong></span> <span class='ocrx_word' id='word_1_149' title='bbox 2079 952 2324 1021; x_wconf 83' lang='lat' dir='ltr'><strong>respexit</strong></span> <span class='ocrx_word' id='word_1_150' title='bbox 2352 969 2475 1023; x_wconf 66' lang='lat' dir='ltr'><strong>quae</strong></span> <span class='ocrx_word' id='word_1_151' title='bbox 2504 970 2628 1026; x_wconf 83' lang='lat' dir='ltr'><strong>pag.</strong></span> <span class='ocrx_word' id='word_1_152' title='bbox 2650 956 2755 1011; x_wconf 73' lang='lat'><strong>297</strong></span> <span class='ocrx_word' id='word_1_153' title='bbox 2780 956 3051 1013; x_wconf 84' lang='lat' dir='ltr'><strong>habentur</strong></span> <span class='ocrx_word' id='word_1_154' title='bbox 3074 976 3088 1012; x_wconf 85' lang='lat'><strong>:</strong></span> <span class='ocrx_word' id='word_1_155' title='bbox 3123 962 3186 1015; x_wconf 89' lang='grc' dir='ltr'><em>Ἡ</em></span> <span class='ocrx_word' id='word_1_156' title='bbox 3218 963 3274 1015; x_wconf 85' lang='grc' dir='ltr'>δὲ</span> <span class='ocrx_word' id='word_1_157' title='bbox 3317 963 3473 1036; x_wconf 84' lang='grc' dir='ltr'><strong>[Σύν-</strong></span> 
     </span>
    </p>
   </div>
   <div class='ocr_carea' id='block_1_24' title="bbox 1892 1039 3469 1125">
    <p class='ocr_par' dir='ltr' id='par_1_24' title="bbox 1892 1039 3469 1125">
     <span class='ocr_line' id='line_1_24' title="bbox 1892 1039 3469 1125; baseline 0.012 -32"><span class='ocrx_word' id='word_1_158' title='bbox 1892 1039 2032 1113; x_wconf 84' lang='grc' dir='ltr'>οδος]</span> <span class='ocrx_word' id='word_1_159' title='bbox 2061 1041 2386 1114; x_wconf 78' lang='grc' dir='ltr'><strong>ψηφίζεται,</strong></span> <span class='ocrx_word' id='word_1_160' title='bbox 2418 1047 2650 1116; x_wconf 77' lang='lat' dir='ltr'><strong>synodus</strong></span> <span class='ocrx_word' id='word_1_161' title='bbox 2671 1046 2939 1102; x_wconf 85' lang='lat' dir='ltr'><strong>decretum</strong></span> <span class='ocrx_word' id='word_1_162' title='bbox 2965 1051 3117 1120; x_wconf 80' lang='lat' dir='ltr'><strong>facit,</strong></span> <span class='ocrx_word' id='word_1_163' title='bbox 3146 1055 3325 1125; x_wconf 85' lang='lat' dir='ltr'><strong>inquit</strong></span> <span class='ocrx_word' id='word_1_164' title='bbox 3356 1056 3469 1112; x_wconf 86' lang='lat' dir='ltr'><strong>Eu-</strong></span> 
     </span>
    </p>
   </div>
   <div class='ocr_carea' id='block_1_25' title="bbox 1894 1131 3471 1216">
    <p class='ocr_par' dir='ltr' id='par_1_25' title="bbox 1894 1131 3471 1216">
     <span class='ocr_line' id='line_1_25' title="bbox 1894 1131 3471 1216; baseline 0.013 -31"><span class='ocrx_word' id='word_1_165' title='bbox 1894 1131 2082 1188; x_wconf 91' lang='lat' dir='ltr'><strong>sebius</strong></span> <span class='ocrx_word' id='word_1_166' title='bbox 2124 1136 2269 1205; x_wconf 89' lang='lat' dir='ltr'><strong>apud</strong></span> <span class='ocrx_word' id='word_1_167' title='bbox 2318 1135 2577 1192; x_wconf 89' lang='lat' dir='ltr'><strong>Photium</strong></span> <span class='ocrx_word' id='word_1_168' title='bbox 2601 1179 2617 1203; x_wconf 89' lang='lat'><strong>,</strong></span> <span class='ocrx_word' id='word_1_169' title='bbox 2656 1140 2896 1211; x_wconf 88' lang='lat' dir='ltr'><strong>synodus</strong></span> <span class='ocrx_word' id='word_1_170' title='bbox 2942 1143 3345 1216; x_wconf 88' lang='lat' dir='ltr'><strong>episcoporum,</strong></span> <span class='ocrx_word' id='word_1_171' title='bbox 3380 1150 3471 1206; x_wconf 89' lang='lat' dir='ltr'><strong>cui</strong></span> 
     </span>
    </p>
   </div>
   <div class='ocr_carea' id='block_1_26' title="bbox 1894 1223 3475 1303">
    <p class='ocr_par' dir='ltr' id='par_1_26' title="bbox 1894 1223 3475 1303">
     <span class='ocr_line' id='line_1_26' title="bbox 1894 1223 3475 1303; baseline 0.011 -25"><span class='ocrx_word' id='word_1_172' title='bbox 1894 1223 2263 1283; x_wconf 80' lang='lat' dir='ltr'><strong>interfuerunt</strong></span> <span class='ocrx_word' id='word_1_173' title='bbox 2300 1230 2509 1300; x_wconf 90' lang='lat' dir='ltr'><strong>aliquot</strong></span> <span class='ocrx_word' id='word_1_174' title='bbox 2546 1232 2869 1303; x_wconf 87' lang='lat' dir='ltr'><strong>presbyteri.</strong></span> <span class='ocrx_word' id='word_1_175' title='bbox 2912 1233 3028 1290; x_wconf 85' lang='lat' dir='ltr'><strong>Hoc</strong></span> <span class='ocrx_word' id='word_1_176' title='bbox 3070 1246 3253 1293; x_wconf 86' lang='lat' dir='ltr'><strong>autem</strong></span> <span class='ocrx_word' id='word_1_177' title='bbox 3282 1240 3475 1296; x_wconf 82' lang='lat' dir='ltr'><strong>decre-</strong></span> 
     </span>
    </p>
   </div>
   <div class='ocr_carea' id='block_1_27' title="bbox 1897 1320 3472 1401">
    <p class='ocr_par' dir='ltr' id='par_1_27' title="bbox 1897 1320 3472 1401">
     <span class='ocr_line' id='line_1_27' title="bbox 1897 1320 3472 1401; baseline 0.01 -29"><span class='ocrx_word' id='word_1_178' title='bbox 1897 1325 2010 1373; x_wconf 91' lang='lat' dir='ltr'><strong>tum</strong></span> <span class='ocrx_word' id='word_1_179' title='bbox 2045 1320 2261 1390; x_wconf 89' lang='lat' dir='ltr'><strong>synodi,</strong></span> <span class='ocrx_word' id='word_1_180' title='bbox 2296 1324 2384 1375; x_wconf 92' lang='lat' dir='ltr'><strong>cui</strong></span> <span class='ocrx_word' id='word_1_181' title='bbox 2425 1323 2755 1392; x_wconf 82' lang='lat' dir='ltr'><strong>praesidebat</strong></span> <span class='ocrx_word' id='word_1_182' title='bbox 2794 1323 3132 1394; x_wconf 90' lang='lat' dir='ltr'><strong>Demetrius,</strong></span> <span class='ocrx_word' id='word_1_183' title='bbox 3163 1338 3218 1384; x_wconf 91' lang='lat' dir='ltr'><strong>et</strong></span> <span class='ocrx_word' id='word_1_184' title='bbox 3260 1330 3315 1384; x_wconf 91' lang='lat' dir='ltr'><strong>in</strong></span> <span class='ocrx_word' id='word_1_185' title='bbox 3360 1347 3472 1401; x_wconf 89' lang='lat' dir='ltr'><strong>qua</strong></span> 
     </span>
    </p>
   </div>
   <div class='ocr_carea' id='block_1_28' title="bbox 1892 1411 3471 1493">
    <p class='ocr_par' dir='ltr' id='par_1_28' title="bbox 1892 1411 3471 1493">
     <span class='ocr_line' id='line_1_28' title="bbox 1892 1411 3471 1493; baseline 0.008 -29"><span class='ocrx_word' id='word_1_186' title='bbox 1892 1417 1974 1465; x_wconf 92' lang='lat' dir='ltr'><strong>tot</strong></span> <span class='ocrx_word' id='word_1_187' title='bbox 1996 1411 2258 1466; x_wconf 89' lang='lat' dir='ltr'><strong>sedebant</strong></span> <span class='ocrx_word' id='word_1_188' title='bbox 2288 1413 2553 1483; x_wconf 88' lang='lat' dir='ltr'><strong>episcopi,</strong></span> <span class='ocrx_word' id='word_1_189' title='bbox 2587 1414 2913 1484; x_wconf 88' lang='lat' dir='ltr'><strong>simpliciter</strong></span> <span class='ocrx_word' id='word_1_190' title='bbox 2934 1417 3215 1473; x_wconf 89' lang='lat' dir='ltr'><strong>decretum</strong></span> <span class='ocrx_word' id='word_1_191' title='bbox 3244 1422 3471 1493; x_wconf 87' lang='lat' dir='ltr'><strong>presby-</strong></span> 
     </span>
    </p>
   </div>
   <div class='ocr_carea' id='block_1_29' title="bbox 1892 1504 3470 1581">
    <p class='ocr_par' dir='ltr' id='par_1_29' title="bbox 1892 1504 3470 1581">
     <span class='ocr_line' id='line_1_29' title="bbox 1892 1504 3470 1581; baseline 0.007 -24"><span class='ocrx_word' id='word_1_192' title='bbox 1892 1511 2135 1557; x_wconf 89' lang='lat' dir='ltr'><strong>terorum</strong></span> <span class='ocrx_word' id='word_1_193' title='bbox 2181 1504 2289 1559; x_wconf 90' lang='lat' dir='ltr'><strong>dici</strong></span> <span class='ocrx_word' id='word_1_194' title='bbox 2335 1506 2462 1576; x_wconf 92' lang='lat' dir='ltr'><strong>quis</strong></span> <span class='ocrx_word' id='word_1_195' title='bbox 2502 1505 2681 1562; x_wconf 80' lang='lat' dir='ltr'><strong>ferat?</strong></span> <span class='ocrx_word' id='word_1_196' title='bbox 2714 1507 2770 1561; x_wconf 92' lang='lat' dir='ltr'><strong>Si</strong></span> <span class='ocrx_word' id='word_1_197' title='bbox 2812 1516 2926 1564; x_wconf 88' lang='lat' dir='ltr'><strong>tres</strong></span> <span class='ocrx_word' id='word_1_198' title='bbox 2966 1510 3211 1581; x_wconf 90' lang='lat' dir='ltr'><strong>episcopi</strong></span> <span class='ocrx_word' id='word_1_199' title='bbox 3256 1520 3470 1569; x_wconf 88' lang='lat' dir='ltr'><strong>tantum</strong></span> 
     </span>
    </p>
   </div>
   <div class='ocr_carea' id='block_1_30' title="bbox 1893 1592 3473 1668">
    <p class='ocr_par' dir='ltr' id='par_1_30' title="bbox 1893 1592 3473 1668">
     <span class='ocr_line' id='line_1_30' title="bbox 1893 1592 3473 1668; baseline 0.005 -19"><span class='ocrx_word' id='word_1_200' title='bbox 1893 1608 2017 1649; x_wconf 87' lang='lat' dir='ltr'><strong>cum</strong></span> <span class='ocrx_word' id='word_1_201' title='bbox 2038 1592 2316 1650; x_wconf 83' lang='lat' dir='ltr'><strong>Demetrio</strong></span> <span class='ocrx_word' id='word_1_202' title='bbox 2339 1596 2749 1665; x_wconf 87' lang='lat' dir='ltr'><strong>convenissent,</strong></span> <span class='ocrx_word' id='word_1_203' title='bbox 2773 1607 2867 1654; x_wconf 90' lang='lat' dir='ltr'><strong>aut</strong></span> <span class='ocrx_word' id='word_1_204' title='bbox 2882 1599 3174 1668; x_wconf 86' lang='lat' dir='ltr'><strong>Eusebius,</strong></span> <span class='ocrx_word' id='word_1_205' title='bbox 3198 1611 3293 1657; x_wconf 90' lang='lat' dir='ltr'><strong>aut</strong></span> <span class='ocrx_word' id='word_1_206' title='bbox 3312 1601 3473 1657; x_wconf 88' lang='lat' dir='ltr'><strong>Pam-</strong></span> 
     </span>
    </p>
   </div>
   <div class='ocr_carea' id='block_1_31' title="bbox 1892 1684 3472 1762">
    <p class='ocr_par' dir='ltr' id='par_1_31' title="bbox 1892 1684 3472 1762">
     <span class='ocr_line' id='line_1_31' title="bbox 1892 1684 3472 1762; baseline 0.008 -24"><span class='ocrx_word' id='word_1_207' title='bbox 1892 1684 2077 1754; x_wconf 89' lang='lat' dir='ltr'><strong>philus</strong></span> <span class='ocrx_word' id='word_1_208' title='bbox 2118 1688 2386 1757; x_wconf 84' lang='lat' dir='ltr'><strong>synodum</strong></span> <span class='ocrx_word' id='word_1_209' title='bbox 2444 1689 2772 1759; x_wconf 91' lang='lat' dir='ltr'><strong>appellasset</strong></span> <span class='ocrx_word' id='word_1_210' title='bbox 2817 1691 3243 1762; x_wconf 84' lang='lat' dir='ltr'><strong>episcoporum?</strong></span> <span class='ocrx_word' id='word_1_211' title='bbox 3289 1710 3472 1751; x_wconf 90' lang='lat' dir='ltr'><strong>nonne</strong></span> 
     </span>
    </p>
   </div>
   <div class='ocr_carea' id='block_1_32' title="bbox 1895 1774 3473 1850">
    <p class='ocr_par' dir='ltr' id='par_1_32' title="bbox 1895 1774 3473 1850">
     <span class='ocr_line' id='line_1_32' title="bbox 1895 1774 3473 1850; baseline 0.008 -23"><span class='ocrx_word' id='word_1_212' title='bbox 1895 1774 2102 1844; x_wconf 88' lang='lat' dir='ltr'><strong>aliquid</strong></span> <span class='ocrx_word' id='word_1_213' title='bbox 2147 1791 2213 1831; x_wconf 85' lang='lat' dir='ltr'><strong>ex</strong></span> <span class='ocrx_word' id='word_1_214' title='bbox 2256 1792 2321 1832; x_wconf 88' lang='lat' dir='ltr'><strong>ea</strong></span> <span class='ocrx_word' id='word_1_215' title='bbox 2366 1779 2640 1848; x_wconf 89' lang='lat' dir='ltr'><strong>paucitate</strong></span> <span class='ocrx_word' id='word_1_216' title='bbox 2676 1779 3061 1850; x_wconf 91' lang='lat' dir='ltr'><strong>episcoporum</strong></span> <span class='ocrx_word' id='word_1_217' title='bbox 3092 1782 3159 1837; x_wconf 92' lang='lat' dir='ltr'><strong>ad</strong></span> <span class='ocrx_word' id='word_1_218' title='bbox 3198 1783 3473 1839; x_wconf 83' lang='lat' dir='ltr'><strong>defensio-</strong></span> 
     </span>
    </p>
   </div>
   <div class='ocr_carea' id='block_1_33' title="bbox 188 1859 3470 1943">
    <p class='ocr_par' dir='ltr' id='par_1_33' title="bbox 188 1859 3470 1943">
     <span class='ocr_line' id='line_1_33' title="bbox 188 1859 3470 1943; baseline 0.002 -18"><span class='ocrx_word' id='word_1_219' title='bbox 188 1885 363 1941; x_wconf 86' lang='lat' dir='ltr'><strong>neqne</strong></span> <span class='ocrx_word' id='word_1_220' title='bbox 390 1868 619 1925; x_wconf 66' lang='lat' dir='ltr'><strong>Grecis</strong></span> <span class='ocrx_word' id='word_1_221' title='bbox 646 1883 827 1938; x_wconf 91' lang='lat' dir='ltr'><strong>neque</strong></span> <span class='ocrx_word' id='word_1_222' title='bbox 859 1866 1073 1921; x_wconf 89' lang='lat' dir='ltr'><strong>Latinis</strong></span> <span class='ocrx_word' id='word_1_223' title='bbox 1104 1874 1290 1921; x_wconf 87' lang='lat' dir='ltr'><strong>notam</strong></span> <span class='ocrx_word' id='word_1_224' title='bbox 1328 1864 1499 1922; x_wconf 78' lang='lat' dir='ltr'><strong>fuisse</strong></span> <span class='ocrx_word' id='word_1_225' title='bbox 1536 1865 1791 1921; x_wconf 87' lang='lat' dir='ltr'><strong>traditio-</strong></span> <span class='ocrx_word' id='word_1_226' title='bbox 1824 1859 1867 1914; x_wconf 92' lang='lat' dir='ltr'><strong>B</strong></span> <span class='ocrx_word' id='word_1_227' title='bbox 1897 1878 2019 1918; x_wconf 87' lang='lat' dir='ltr'><strong>nem</strong></span> <span class='ocrx_word' id='word_1_228' title='bbox 2052 1862 2305 1936; x_wconf 82' lang='lat' dir='ltr'><strong>Origenis</strong></span> <span class='ocrx_word' id='word_1_229' title='bbox 2330 1868 2592 1925; x_wconf 81' lang='lat' dir='ltr'><strong>traxisset</strong></span> <span class='ocrx_word' id='word_1_230' title='bbox 2612 1868 2922 1926; x_wconf 86' lang='lat' dir='ltr'><strong>Eusebius?</strong></span> <span class='ocrx_word' id='word_1_231' title='bbox 2948 1872 3087 1927; x_wconf 90' lang='lat' dir='ltr'><strong>Cum</strong></span> <span class='ocrx_word' id='word_1_232' title='bbox 3110 1875 3470 1943; x_wconf 85' lang='lat' dir='ltr'><strong>posteriorem</strong></span> 
     </span>
    </p>
   </div>
   <div class='ocr_carea' id='block_1_34' title="bbox 187 1956 1793 2031">
    <p class='ocr_par' dir='ltr' id='par_1_34' title="bbox 187 1956 1793 2031">
     <span class='ocr_line' id='line_1_34' title="bbox 187 1956 1793 2031; baseline -0.002 -16"><span class='ocrx_word' id='word_1_233' title='bbox 187 1977 305 2016; x_wconf 91' lang='lat' dir='ltr'><strong>nem</strong></span> <span class='ocrx_word' id='word_1_234' title='bbox 340 1962 507 2016; x_wconf 85' lang='lat' dir='ltr'><strong>illam</strong></span> <span class='ocrx_word' id='word_1_235' title='bbox 544 1961 617 2017; x_wconf 88' lang='lat' dir='ltr'><strong>de</strong></span> <span class='ocrx_word' id='word_1_236' title='bbox 646 1959 920 2031; x_wconf 78' lang='lat' dir='ltr'><strong>episcOpis</strong></span> <span class='ocrx_word' id='word_1_237' title='bbox 948 1959 1002 2012; x_wconf 91' lang='lat' dir='ltr'><strong>in</strong></span> <span class='ocrx_word' id='word_1_238' title='bbox 1037 1956 1274 2029; x_wconf 64' lang='lat' dir='ltr'><strong>IEgypto</strong></span> <span class='ocrx_word' id='word_1_239' title='bbox 1304 1972 1333 2011; x_wconf 93' lang='lat' dir='ltr'><strong>a</strong></span> <span class='ocrx_word' id='word_1_240' title='bbox 1373 1957 1647 2012; x_wconf 88' lang='lat' dir='ltr'><strong>Demetrio</strong></span> <span class='ocrx_word' id='word_1_241' title='bbox 1677 1957 1793 2027; x_wconf 83' lang='lat' dir='ltr'><strong>pri-</strong></span> 
     </span>
    </p>
   </div>
   <div class='ocr_carea' id='block_1_35' title="bbox 187 2049 1792 2120">
    <p class='ocr_par' dir='ltr' id='par_1_35' title="bbox 187 2049 1792 2120">
     <span class='ocr_line' id='line_1_35' title="bbox 187 2049 1792 2120; baseline -0.002 -12"><span class='ocrx_word' id='word_1_242' title='bbox 187 2069 332 2108; x_wconf 89' lang='lat' dir='ltr'><strong>mum</strong></span> <span class='ocrx_word' id='word_1_243' title='bbox 388 2053 598 2109; x_wconf 78' lang='lat' dir='ltr'><strong>factis.</strong></span> <span class='ocrx_word' id='word_1_244' title='bbox 648 2052 846 2107; x_wconf 77' lang='lat' dir='ltr'><strong>Exstat</strong></span> <span class='ocrx_word' id='word_1_245' title='bbox 897 2049 1135 2104; x_wconf 87' lang='lat' dir='ltr'><strong>Evaristi</strong></span> <span class='ocrx_word' id='word_1_246' title='bbox 1180 2050 1404 2106; x_wconf 90' lang='lat' dir='ltr'><strong>nomine</strong></span> <span class='ocrx_word' id='word_1_247' title='bbox 1452 2051 1683 2120; x_wconf 89' lang='lat' dir='ltr'><strong>epistola</strong></span> <span class='ocrx_word' id='word_1_248' title='bbox 1723 2051 1792 2106; x_wconf 89' lang='lat' dir='ltr'><strong>ad</strong></span> 
     </span>
    </p>
   </div>
   <div class='ocr_carea' id='block_1_36' title="bbox 185 2142 1787 2216">
    <p class='ocr_par' dir='ltr' id='par_1_36' title="bbox 185 2142 1787 2216">
     <span class='ocr_line' id='line_1_36' title="bbox 185 2142 1787 2216; baseline -0.003 -14"><span class='ocrx_word' id='word_1_249' title='bbox 185 2162 375 2202; x_wconf 87' lang='lat' dir='ltr'><strong>omnes</strong></span> <span class='ocrx_word' id='word_1_250' title='bbox 420 2162 530 2216; x_wconf 87' lang='lat' dir='ltr'><strong>per</strong></span> <span class='ocrx_word' id='word_1_251' title='bbox 573 2144 874 2216; x_wconf 52' lang='lat' dir='ltr'><strong>[Egyptum</strong></span> <span class='ocrx_word' id='word_1_252' title='bbox 926 2142 1147 2205; x_wconf 81' lang='lat' dir='ltr'><strong>fratres,</strong></span> <span class='ocrx_word' id='word_1_253' title='bbox 1199 2143 1302 2197; x_wconf 91' lang='lat' dir='ltr'><strong>hoc</strong></span> <span class='ocrx_word' id='word_1_254' title='bbox 1334 2151 1418 2198; x_wconf 91' lang='lat' dir='ltr'><strong>est</strong></span> <span class='ocrx_word' id='word_1_255' title='bbox 1469 2144 1787 2213; x_wconf 90' lang='lat' dir='ltr'><strong>episcopos;</strong></span> 
     </span>
    </p>
   </div>
   <div class='ocr_carea' id='block_1_37' title="bbox 186 2234 1788 2310">
    <p class='ocr_par' dir='ltr' id='par_1_37' title="bbox 186 2234 1788 2310">
     <span class='ocr_line' id='line_1_37' title="bbox 186 2234 1788 2310; baseline -0.003 -14"><span class='ocrx_word' id='word_1_256' title='bbox 186 2240 461 2310; x_wconf 80' lang='lat' dir='ltr'><strong>largimur</strong></span> <span class='ocrx_word' id='word_1_257' title='bbox 484 2239 742 2309; x_wconf 86' lang='lat' dir='ltr'><strong>quidem,</strong></span> <span class='ocrx_word' id='word_1_258' title='bbox 761 2238 904 2292; x_wconf 89' lang='lat' dir='ltr'><strong>banc</strong></span> <span class='ocrx_word' id='word_1_259' title='bbox 930 2235 1217 2306; x_wconf 87' lang='lat' dir='ltr'><strong>epistolam</strong></span> <span class='ocrx_word' id='word_1_260' title='bbox 1242 2234 1479 2290; x_wconf 86' lang='lat' dir='ltr'><strong>Evaristi</strong></span> <span class='ocrx_word' id='word_1_261' title='bbox 1501 2250 1613 2290; x_wconf 88' lang='lat' dir='ltr'><strong>non</strong></span> <span class='ocrx_word' id='word_1_262' title='bbox 1633 2250 1788 2302; x_wconf 89' lang='lat' dir='ltr'><strong>esse;</strong></span> 
     </span>
    </p>
   </div>
   <div class='ocr_carea' id='block_1_38' title="bbox 187 2330 1790 2401">
    <p class='ocr_par' dir='ltr' id='par_1_38' title="bbox 187 2330 1790 2401">
     <span class='ocr_line' id='line_1_38' title="bbox 187 2330 1790 2401; baseline -0.003 -12"><span class='ocrx_word' id='word_1_263' title='bbox 187 2334 275 2389; x_wconf 82' lang='lat' dir='ltr'><strong>sed</strong></span> <span class='ocrx_word' id='word_1_264' title='bbox 314 2341 378 2388; x_wconf 91' lang='lat' dir='ltr'><strong>ut</strong></span> <span class='ocrx_word' id='word_1_265' title='bbox 410 2342 475 2387; x_wconf 91' lang='lat' dir='ltr'><strong>et</strong></span> <span class='ocrx_word' id='word_1_266' title='bbox 496 2331 811 2385; x_wconf 83' lang='lat' dir='ltr'><strong>adversarii</strong></span> <span class='ocrx_word' id='word_1_267' title='bbox 846 2330 1149 2401; x_wconf 78' lang='lat' dir='ltr'><strong>largiantur</strong></span> <span class='ocrx_word' id='word_1_268' title='bbox 1188 2342 1415 2384; x_wconf 89' lang='lat' dir='ltr'><strong>necesse</strong></span> <span class='ocrx_word' id='word_1_269' title='bbox 1454 2337 1560 2396; x_wconf 91' lang='lat' dir='ltr'><strong>est,</strong></span> <span class='ocrx_word' id='word_1_270' title='bbox 1597 2338 1790 2384; x_wconf 89' lang='lat' dir='ltr'><strong>aucto-</strong></span> 
     </span>
    </p>
   </div>
   <div class='ocr_carea' id='block_1_39' title="bbox 188 2417 1791 2494">
    <p class='ocr_par' dir='ltr' id='par_1_39' title="bbox 188 2417 1791 2494">
     <span class='ocr_line' id='line_1_39' title="bbox 188 2417 1791 2494; baseline -0.002 -16"><span class='ocrx_word' id='word_1_271' title='bbox 188 2440 293 2478; x_wconf 87' lang='lat' dir='ltr'><strong>rem</strong></span> <span class='ocrx_word' id='word_1_272' title='bbox 344 2423 621 2494; x_wconf 74' lang='lat' dir='ltr'><strong>epistolze</strong></span> <span class='ocrx_word' id='word_1_273' title='bbox 670 2422 860 2492; x_wconf 89' lang='lat' dir='ltr'><strong>plures</strong></span> <span class='ocrx_word' id='word_1_274' title='bbox 909 2420 1194 2491; x_wconf 87' lang='lat' dir='ltr'><strong>episcopos</strong></span> <span class='ocrx_word' id='word_1_275' title='bbox 1248 2417 1482 2473; x_wconf 85' lang='lat' dir='ltr'><strong>Evaristi</strong></span> <span class='ocrx_word' id='word_1_276' title='bbox 1528 2428 1685 2474; x_wconf 80' lang='lat' dir='ltr'><strong>aetate</strong></span> <span class='ocrx_word' id='word_1_277' title='bbox 1734 2419 1791 2474; x_wconf 91' lang='lat' dir='ltr'><strong>in</strong></span> 
     </span>
    </p>
   </div>
   <div class='ocr_carea' id='block_1_40' title="bbox 188 2508 1790 2587">
    <p class='ocr_par' dir='ltr' id='par_1_40' title="bbox 188 2508 1790 2587">
     <span class='ocr_line' id='line_1_40' title="bbox 188 2508 1790 2587; baseline -0.002 -17"><span class='ocrx_word' id='word_1_278' title='bbox 188 2515 429 2587; x_wconf 59' lang='lat' dir='ltr'><strong>:Egypto</strong></span> <span class='ocrx_word' id='word_1_279' title='bbox 466 2514 654 2569; x_wconf 85' lang='lat' dir='ltr'><strong>fuisse</strong></span> <span class='ocrx_word' id='word_1_280' title='bbox 685 2514 968 2585; x_wconf 89' lang='lat' dir='ltr'><strong>opinatum</strong></span> <span class='ocrx_word' id='word_1_281' title='bbox 1003 2526 1144 2567; x_wconf 88' lang='lat' dir='ltr'><strong>esse.</strong></span> <span class='ocrx_word' id='word_1_282' title='bbox 1169 2511 1501 2580; x_wconf 67' lang='lat' dir='ltr'><strong>Leonidem,</strong></span> <span class='ocrx_word' id='word_1_283' title='bbox 1535 2508 1790 2581; x_wconf 86' lang='lat' dir='ltr'><strong>Origenis</strong></span> 
     </span>
    </p>
   </div>
   <div class='ocr_carea' id='block_1_41' title="bbox 184 2600 1790 2660">
    <p class='ocr_par' dir='ltr' id='par_1_41' title="bbox 184 2600 1790 2660">
     <span class='ocr_line' id='line_1_41' title="bbox 184 2600 1790 2660; baseline -0.001 -2"><span class='ocrx_word' id='word_1_284' title='bbox 184 2605 403 2660; x_wconf 84' lang='lat' dir='ltr'><strong>Patrem</strong></span> <span class='ocrx_word' id='word_1_285' title='bbox 440 2605 557 2659; x_wconf 87' lang='lat' dir='ltr'><strong>sub</strong></span> <span class='ocrx_word' id='word_1_286' title='bbox 590 2604 750 2659; x_wconf 90' lang='lat' dir='ltr'><strong>initio</strong></span> <span class='ocrx_word' id='word_1_287' title='bbox 775 2602 1037 2658; x_wconf 90' lang='lat' dir='ltr'><strong>Demetrii</strong></span> <span class='ocrx_word' id='word_1_288' title='bbox 1066 2601 1236 2658; x_wconf 80' lang='lat' dir='ltr'><strong>fuisse</strong></span> <span class='ocrx_word' id='word_1_289' title='bbox 1263 2600 1618 2656; x_wconf 90' lang='lat' dir='ltr'><strong>crediderunt</strong></span> <span class='ocrx_word' id='word_1_290' title='bbox 1644 2617 1790 2656; x_wconf 88' lang='lat' dir='ltr'><strong>non-</strong></span> 
     </span>
    </p>
   </div>
   <div class='ocr_carea' id='block_1_42' title="bbox 180 2692 1794 2765">
    <p class='ocr_par' dir='ltr' id='par_1_42' title="bbox 180 2692 1794 2765">
     <span class='ocr_line' id='line_1_42' title="bbox 180 2692 1794 2765; baseline -0.004 -13"><span class='ocrx_word' id='word_1_291' title='bbox 180 2698 335 2753; x_wconf 87' lang='lat' dir='ltr'><strong>nulli.</strong></span> <span class='ocrx_word' id='word_1_292' title='bbox 372 2697 461 2753; x_wconf 87' lang='lat' dir='ltr'><strong>lta</strong></span> <span class='ocrx_word' id='word_1_293' title='bbox 488 2704 647 2751; x_wconf 88' lang='lat' dir='ltr'><strong>certe</strong></span> <span class='ocrx_word' id='word_1_294' title='bbox 686 2695 885 2751; x_wconf 85' lang='lat' dir='ltr'><strong>Suidas</strong></span> <span class='ocrx_word' id='word_1_295' title='bbox 917 2710 985 2749; x_wconf 86' lang='lat' dir='ltr'><strong>ex</strong></span> <span class='ocrx_word' id='word_1_296' title='bbox 1022 2702 1267 2749; x_wconf 85' lang='lat' dir='ltr'><strong>veterum</strong></span> <span class='ocrx_word' id='word_1_297' title='bbox 1301 2692 1488 2762; x_wconf 88' lang='lat' dir='ltr'><strong>aliquo</strong></span> <span class='ocrx_word' id='word_1_298' title='bbox 1519 2711 1533 2748; x_wconf 88' lang='lat'><strong>:</strong></span> <span class='ocrx_word' id='word_1_299' title='bbox 1586 2694 1794 2765; x_wconf 82' lang='grc' dir='ltr'><strong>Ὡριγέ-</strong></span> 
     </span>
    </p>
   </div>
   <div class='ocr_carea' id='block_1_43' title="bbox 178 2784 1787 2862">
    <p class='ocr_par' dir='ltr' id='par_1_43' title="bbox 178 2784 1787 2862">
     <span class='ocr_line' id='line_1_43' title="bbox 178 2784 1787 2862; baseline -0.001 -18"><span class='ocrx_word' id='word_1_300' title='bbox 178 2807 275 2862; x_wconf 73' lang='grc' dir='ltr'>γης</span> <span class='ocrx_word' id='word_1_301' title='bbox 314 2790 616 2860; x_wconf 74' lang='grc' dir='ltr'><strong>Λεωνίδην</strong></span> <span class='ocrx_word' id='word_1_302' title='bbox 661 2784 775 2859; x_wconf 80' lang='grc' dir='ltr'><strong>εἶχε</strong></span> <span class='ocrx_word' id='word_1_303' title='bbox 818 2787 1029 2858; x_wconf 83' lang='grc' dir='ltr'><strong>πατέρα</strong></span> <span class='ocrx_word' id='word_1_304' title='bbox 1058 2787 1355 2840; x_wconf 81' lang='grc' dir='ltr'>ἐπίσκοπον</span> <span class='ocrx_word' id='word_1_305' title='bbox 1390 2785 1485 2838; x_wconf 74' lang='grc' dir='ltr'>καὶ</span> <span class='ocrx_word' id='word_1_306' title='bbox 1517 2786 1787 2859; x_wconf 83' lang='grc' dir='ltr'>μάρτυροι.</span> 
     </span>
    </p>
   </div>
   <div class='ocr_carea' id='block_1_44' title="bbox 180 2878 1792 2949">
    <p class='ocr_par' dir='ltr' id='par_1_44' title="bbox 180 2878 1792 2949">
     <span class='ocr_line' id='line_1_44' title="bbox 180 2878 1792 2949; baseline -0.002 -11"><span class='ocrx_word' id='word_1_307' title='bbox 180 2883 323 2938; x_wconf 82' lang='lat' dir='ltr'><strong>idem</strong></span> <span class='ocrx_word' id='word_1_308' title='bbox 353 2882 538 2938; x_wconf 90' lang='lat' dir='ltr'><strong>etiam</strong></span> <span class='ocrx_word' id='word_1_309' title='bbox 575 2890 812 2936; x_wconf 86' lang='lat' dir='ltr'><strong>testatur</strong></span> <span class='ocrx_word' id='word_1_310' title='bbox 834 2879 1303 2949; x_wconf 86' lang='lat' dir='ltr'><strong>Chronograpbus</strong></span> <span class='ocrx_word' id='word_1_311' title='bbox 1327 2878 1468 2945; x_wconf 88' lang='lat' dir='ltr'><strong>Joel,</strong></span> <span class='ocrx_word' id='word_1_312' title='bbox 1497 2879 1564 2934; x_wconf 91' lang='lat' dir='ltr'><strong>de</strong></span> <span class='ocrx_word' id='word_1_313' title='bbox 1590 2879 1792 2935; x_wconf 85' lang='lat' dir='ltr'><strong>Severo</strong></span> 
     </span>
    </p>
   </div>
   <div class='ocr_carea' id='block_1_45' title="bbox 184 2963 1792 3046">
    <p class='ocr_par' dir='ltr' id='par_1_45' title="bbox 184 2963 1792 3046">
     <span class='ocr_line' id='line_1_45' title="bbox 184 2963 1792 3046; baseline -0.003 -17"><span class='ocrx_word' id='word_1_314' title='bbox 184 2977 533 3046; x_wconf 87' lang='lat' dir='ltr'><strong>imperatore</strong></span> <span class='ocrx_word' id='word_1_315' title='bbox 585 2989 805 3045; x_wconf 80' lang='lat' dir='ltr'><strong>agens:</strong></span> <span class='ocrx_word' id='word_1_316' title='bbox 851 2973 968 3042; x_wconf 83' lang='grc' dir='ltr'><strong>Ἐφ’</strong></span> <span class='ocrx_word' id='word_1_317' title='bbox 1003 2963 1064 3025; x_wconf 71' lang='grc' dir='ltr'><strong>οὗ</strong></span> <span class='ocrx_word' id='word_1_318' title='bbox 1112 2973 1385 3043; x_wconf 85' lang='grc' dir='ltr'>Λεωνίδης</span> <span class='ocrx_word' id='word_1_319' title='bbox 1426 2975 1455 3027; x_wconf 86' lang='grc' dir='ltr'>ὁ</span> <span class='ocrx_word' id='word_1_320' title='bbox 1492 2971 1792 3037; x_wconf 77' lang='grc' dir='ltr'><strong>ἐπίσκοπος</strong></span> 
     </span>
    </p>
   </div>
   <div class='ocr_carea' id='block_1_46' title="bbox 181 3062 1791 3138">
    <p class='ocr_par' dir='ltr' id='par_1_46' title="bbox 181 3062 1791 3138">
     <span class='ocr_line' id='line_1_46' title="bbox 181 3062 1791 3138; baseline -0.002 -16"><span class='ocrx_word' id='word_1_321' title='bbox 181 3069 272 3123; x_wconf 71' lang='grc' dir='ltr'><strong>καὶ</strong></span> <span class='ocrx_word' id='word_1_322' title='bbox 303 3067 509 3138; x_wconf 76' lang='grc' dir='ltr'>πατὴρ</span> <span class='ocrx_word' id='word_1_323' title='bbox 552 3064 867 3137; x_wconf 84' lang='grc' dir='ltr'>Ὠριγὲνους</span> <span class='ocrx_word' id='word_1_324' title='bbox 894 3063 1264 3137; x_wconf 77' lang='grc' dir='ltr'>ἐμαρτύρησε.</span> <span class='ocrx_word' id='word_1_325' title='bbox 1291 3062 1443 3117; x_wconf 84' lang='lat' dir='ltr'><strong>Licet</strong></span> <span class='ocrx_word' id='word_1_326' title='bbox 1473 3063 1618 3117; x_wconf 89' lang='lat' dir='ltr'><strong>enim</strong></span> <span class='ocrx_word' id='word_1_327' title='bbox 1648 3062 1791 3119; x_wconf 88' lang='lat' dir='ltr'><strong>Leo-</strong></span> 
     </span>
    </p>
   </div>
   <div class='ocr_carea' id='block_1_47' title="bbox 181 3153 1790 3228">
    <p class='ocr_par' dir='ltr' id='par_1_47' title="bbox 181 3153 1790 3228">
     <span class='ocr_line' id='line_1_47' title="bbox 181 3153 1790 3228; baseline -0.002 -13"><span class='ocrx_word' id='word_1_328' title='bbox 181 3162 363 3215; x_wconf 87' lang='lat' dir='ltr'><strong>nidem</strong></span> <span class='ocrx_word' id='word_1_329' title='bbox 404 3173 711 3228; x_wconf 87' lang='lat' dir='ltr'><strong>nunquam</strong></span> <span class='ocrx_word' id='word_1_330' title='bbox 755 3157 1073 3226; x_wconf 89' lang='lat' dir='ltr'><strong>episcopum</strong></span> <span class='ocrx_word' id='word_1_331' title='bbox 1115 3156 1286 3211; x_wconf 84' lang='lat' dir='ltr'><strong>fuisse</strong></span> <span class='ocrx_word' id='word_1_332' title='bbox 1336 3153 1696 3219; x_wconf 87' lang='lat' dir='ltr'><strong>crediderim,</strong></span> <span class='ocrx_word' id='word_1_333' title='bbox 1741 3154 1790 3211; x_wconf 88' lang='lat' dir='ltr'><strong>is</strong></span> 
     </span>
    </p>
   </div>
   <div class='ocr_carea' id='block_1_48' title="bbox 180 3246 1789 3320">
    <p class='ocr_par' dir='ltr' id='par_1_48' title="bbox 180 3246 1789 3320">
     <span class='ocr_line' id='line_1_48' title="bbox 180 3246 1789 3320; baseline -0.004 -12"><span class='ocrx_word' id='word_1_334' title='bbox 180 3264 366 3309; x_wconf 79' lang='lat' dir='ltr'><strong>tamen</strong></span> <span class='ocrx_word' id='word_1_335' title='bbox 404 3260 592 3317; x_wconf 88' lang='lat' dir='ltr'><strong>certe,</strong></span> <span class='ocrx_word' id='word_1_336' title='bbox 624 3249 880 3320; x_wconf 89' lang='lat' dir='ltr'><strong>quisquis</strong></span> <span class='ocrx_word' id='word_1_337' title='bbox 905 3247 1043 3314; x_wconf 86' lang='lat' dir='ltr'><strong>fuit,</strong></span> <span class='ocrx_word' id='word_1_338' title='bbox 1076 3249 1168 3318; x_wconf 93' lang='lat' dir='ltr'><strong>qui</strong></span> <span class='ocrx_word' id='word_1_339' title='bbox 1212 3249 1451 3318; x_wconf 90' lang='lat' dir='ltr'><strong>primum</strong></span> <span class='ocrx_word' id='word_1_340' title='bbox 1488 3248 1642 3303; x_wconf 88' lang='lat' dir='ltr'><strong>illum</strong></span> <span class='ocrx_word' id='word_1_341' title='bbox 1671 3246 1789 3317; x_wconf 90' lang='lat' dir='ltr'><strong>epi-</strong></span> 
     </span>
    </p>
   </div>
   <div class='ocr_carea' id='block_1_49' title="bbox 180 3339 1787 3419">
    <p class='ocr_par' dir='ltr' id='par_1_49' title="bbox 180 3339 1787 3419">
     <span class='ocr_line' id='line_1_49' title="bbox 180 3339 1787 3419; baseline -0.007 -16"><span class='ocrx_word' id='word_1_342' title='bbox 180 3362 415 3419; x_wconf 81' lang='lat' dir='ltr'><strong>scopum</strong></span> <span class='ocrx_word' id='word_1_343' title='bbox 454 3344 720 3408; x_wconf 84' lang='lat' dir='ltr'><strong>tradidit,</strong></span> <span class='ocrx_word' id='word_1_344' title='bbox 751 3341 984 3397; x_wconf 89' lang='lat' dir='ltr'><strong>credidit</strong></span> <span class='ocrx_word' id='word_1_345' title='bbox 1005 3342 1290 3411; x_wconf 91' lang='lat' dir='ltr'><strong>episcopos</strong></span> <span class='ocrx_word' id='word_1_346' title='bbox 1331 3340 1501 3395; x_wconf 85' lang='lat' dir='ltr'><strong>fuisse</strong></span> <span class='ocrx_word' id='word_1_347' title='bbox 1538 3340 1592 3394; x_wconf 91' lang='lat' dir='ltr'><strong>in</strong></span> <span class='ocrx_word' id='word_1_348' title='bbox 1619 3339 1787 3412; x_wconf 63' lang='lat' dir='ltr'><strong>IEgy-</strong></span> 
     </span>
    </p>
   </div>
   <div class='ocr_carea' id='block_1_50' title="bbox 178 3431 1787 3511">
    <p class='ocr_par' dir='ltr' id='par_1_50' title="bbox 178 3431 1787 3511">
     <span class='ocr_line' id='line_1_50' title="bbox 178 3431 1787 3511; baseline -0.006 -15"><span class='ocrx_word' id='word_1_349' title='bbox 178 3448 272 3511; x_wconf 86' lang='lat' dir='ltr'><strong>pto</strong></span> <span class='ocrx_word' id='word_1_350' title='bbox 302 3447 443 3494; x_wconf 83' lang='lat' dir='ltr'><strong>ante</strong></span> <span class='ocrx_word' id='word_1_351' title='bbox 496 3434 918 3491; x_wconf 89' lang='lat' dir='ltr'><strong>triumviratum</strong></span> <span class='ocrx_word' id='word_1_352' title='bbox 970 3432 1385 3504; x_wconf 89' lang='lat' dir='ltr'><strong>Dionysianum.</strong></span> <span class='ocrx_word' id='word_1_353' title='bbox 1438 3431 1602 3488; x_wconf 87' lang='lat' dir='ltr'><strong>Notat</strong></span> <span class='ocrx_word' id='word_1_354' title='bbox 1639 3433 1787 3487; x_wconf 90' lang='lat' dir='ltr'><strong>enim</strong></span> 
     </span>
    </p>
   </div>
   <div class='ocr_carea' id='block_1_51' title="bbox 184 3524 1791 3598">
    <p class='ocr_par' dir='ltr' id='par_1_51' title="bbox 184 3524 1791 3598">
     <span class='ocr_line' id='line_1_51' title="bbox 184 3524 1791 3598; baseline -0.006 -9"><span class='ocrx_word' id='word_1_355' title='bbox 184 3532 468 3589; x_wconf 76' lang='lat' dir='ltr'><strong>Seldenus</strong></span> <span class='ocrx_word' id='word_1_356' title='bbox 500 3528 873 3593; x_wconf 90' lang='lat' dir='ltr'><strong>Demetrium,</strong></span> <span class='ocrx_word' id='word_1_357' title='bbox 911 3541 1188 3581; x_wconf 87' lang='lat' dir='ltr'><strong>summum</strong></span> <span class='ocrx_word' id='word_1_358' title='bbox 1234 3524 1485 3598; x_wconf 90' lang='lat' dir='ltr'><strong>Origenis</strong></span> <span class='ocrx_word' id='word_1_359' title='bbox 1531 3524 1791 3581; x_wconf 87' lang='lat' dir='ltr'><strong>adversa-</strong></span> 
     </span>
    </p>
   </div>
   <div class='ocr_carea' id='block_1_52' title="bbox 181 3618 1789 3693">
    <p class='ocr_par' dir='ltr' id='par_1_52' title="bbox 181 3618 1789 3693">
     <span class='ocr_line' id='line_1_52' title="bbox 181 3618 1789 3693; baseline -0.006 -13"><span class='ocrx_word' id='word_1_360' title='bbox 181 3628 351 3693; x_wconf 87' lang='lat' dir='ltr'><strong>rium,</strong></span> <span class='ocrx_word' id='word_1_361' title='bbox 379 3635 506 3679; x_wconf 89' lang='lat' dir='ltr'><strong>tres</strong></span> <span class='ocrx_word' id='word_1_362' title='bbox 528 3622 665 3688; x_wconf 89' lang='lat' dir='ltr'><strong>sibi,</strong></span> <span class='ocrx_word' id='word_1_363' title='bbox 698 3620 891 3690; x_wconf 88' lang='lat' dir='ltr'><strong>procul</strong></span> <span class='ocrx_word' id='word_1_364' title='bbox 931 3618 1099 3675; x_wconf 90' lang='lat' dir='ltr'><strong>dubio</strong></span> <span class='ocrx_word' id='word_1_365' title='bbox 1129 3619 1278 3673; x_wconf 86' lang='lat' dir='ltr'><strong>velut</strong></span> <span class='ocrx_word' id='word_1_366' title='bbox 1320 3618 1641 3673; x_wconf 81' lang='lat' dir='ltr'><strong>auxiliarios</strong></span> <span class='ocrx_word' id='word_1_367' title='bbox 1673 3618 1789 3687; x_wconf 87' lang='lat' dir='ltr'><strong>epi-</strong></span> 
     </span>
    </p>
   </div>
   <div class='ocr_carea' id='block_1_53' title="bbox 180 3709 1788 3791">
    <p class='ocr_par' dir='ltr' id='par_1_53' title="bbox 180 3709 1788 3791">
     <span class='ocr_line' id='line_1_53' title="bbox 180 3709 1788 3791; baseline -0.008 -15"><span class='ocrx_word' id='word_1_368' title='bbox 180 3736 383 3791; x_wconf 79' lang='lat' dir='ltr'><strong>scopos</strong></span> <span class='ocrx_word' id='word_1_369' title='bbox 403 3717 764 3780; x_wconf 90' lang='lat' dir='ltr'><strong>instituisse;</strong></span> <span class='ocrx_word' id='word_1_370' title='bbox 792 3713 911 3768; x_wconf 84' lang='lat' dir='ltr'><strong>haec</strong></span> <span class='ocrx_word' id='word_1_371' title='bbox 934 3711 1099 3781; x_wconf 81' lang='lat' dir='ltr'><strong>igitur</strong></span> <span class='ocrx_word' id='word_1_372' title='bbox 1126 3709 1396 3765; x_wconf 87' lang='lat' dir='ltr'><strong>institutio</strong></span> <span class='ocrx_word' id='word_1_373' title='bbox 1422 3710 1488 3764; x_wconf 92' lang='lat' dir='ltr'><strong>ad</strong></span> <span class='ocrx_word' id='word_1_374' title='bbox 1512 3716 1788 3778; x_wconf 88' lang='lat' dir='ltr'><strong>postrema</strong></span> 
     </span>
    </p>
   </div>
   <div class='ocr_carea' id='block_1_54' title="bbox 180 3800 1788 3879">
    <p class='ocr_par' dir='ltr' id='par_1_54' title="bbox 180 3800 1788 3879">
     <span class='ocr_line' id='line_1_54' title="bbox 180 3800 1788 3879; baseline -0.007 -11"><span class='ocrx_word' id='word_1_375' title='bbox 180 3811 460 3867; x_wconf 83' lang='lat' dir='ltr'><strong>Demetrii</strong></span> <span class='ocrx_word' id='word_1_376' title='bbox 499 3808 779 3879; x_wconf 88' lang='lat' dir='ltr'><strong>pertinet;</strong></span> <span class='ocrx_word' id='word_1_377' title='bbox 824 3805 919 3859; x_wconf 90' lang='lat' dir='ltr'><strong>diu</strong></span> <span class='ocrx_word' id='word_1_378' title='bbox 962 3804 1109 3858; x_wconf 91' lang='lat' dir='ltr'><strong>enim</strong></span> <span class='ocrx_word' id='word_1_379' title='bbox 1152 3800 1374 3872; x_wconf 88' lang='lat' dir='ltr'><strong>Origeni</strong></span> <span class='ocrx_word' id='word_1_380' title='bbox 1420 3801 1788 3856; x_wconf 87' lang='lat' dir='ltr'><strong>amicissimus</strong></span> 
     </span>
    </p>
   </div>
   <div class='ocr_carea' id='block_1_55' title="bbox 177 3892 1790 3969">
    <p class='ocr_par' dir='ltr' id='par_1_55' title="bbox 177 3892 1790 3969">
     <span class='ocr_line' id='line_1_55' title="bbox 177 3892 1790 3969; baseline -0.008 -10"><span class='ocrx_word' id='word_1_381' title='bbox 177 3907 304 3969; x_wconf 79' lang='lat' dir='ltr'><strong>fuit,</strong></span> <span class='ocrx_word' id='word_1_382' title='bbox 342 3912 498 3959; x_wconf 86' lang='lat' dir='ltr'><strong>teste</strong></span> <span class='ocrx_word' id='word_1_383' title='bbox 522 3899 770 3955; x_wconf 84' lang='lat' dir='ltr'><strong>Eusebio</strong></span> <span class='ocrx_word' id='word_1_384' title='bbox 799 3897 989 3961; x_wconf 81' lang='lat' dir='ltr'><strong>lib.vt,</strong></span> <span class='ocrx_word' id='word_1_385' title='bbox 1018 3910 1068 3949; x_wconf 91' lang='lat' dir='ltr'><strong>c.</strong></span> <span class='ocrx_word' id='word_1_386' title='bbox 1101 3893 1157 3948; x_wconf 92' lang='lat'><strong>8.</strong></span> <span class='ocrx_word' id='word_1_387' title='bbox 1183 3892 1321 3948; x_wconf 85' lang='lat' dir='ltr'><strong>Tres</strong></span> <span class='ocrx_word' id='word_1_388' title='bbox 1347 3892 1530 3963; x_wconf 83' lang='lat' dir='ltr'><strong>itaque</strong></span> <span class='ocrx_word' id='word_1_389' title='bbox 1553 3892 1790 3948; x_wconf 87' lang='lat' dir='ltr'><strong>instituit</strong></span> 
     </span>
    </p>
   </div>
   <div class='ocr_carea' id='block_1_56' title="bbox 178 3984 1789 4062">
    <p class='ocr_par' dir='ltr' id='par_1_56' title="bbox 178 3984 1789 4062">
     <span class='ocr_line' id='line_1_56' title="bbox 178 3984 1789 4062; baseline -0.009 -8"><span class='ocrx_word' id='word_1_390' title='bbox 178 3997 509 4053; x_wconf 80' lang='lat' dir='ltr'><strong>Demetrius</strong></span> <span class='ocrx_word' id='word_1_391' title='bbox 545 3992 840 4062; x_wconf 86' lang='lat' dir='ltr'><strong>episcopos</strong></span> <span class='ocrx_word' id='word_1_392' title='bbox 868 3987 1207 4053; x_wconf 83' lang='lat' dir='ltr'><strong>auxiliarios,</strong></span> <span class='ocrx_word' id='word_1_393' title='bbox 1250 3994 1312 4040; x_wconf 95' lang='lat' dir='ltr'><strong>ut</strong></span> <span class='ocrx_word' id='word_1_394' title='bbox 1343 3999 1535 4041; x_wconf 90' lang='lat' dir='ltr'><strong>eorum</strong></span> <span class='ocrx_word' id='word_1_395' title='bbox 1580 3984 1789 4039; x_wconf 85' lang='lat' dir='ltr'><strong>scilicet</strong></span> 
     </span>
    </p>
   </div>
   <div class='ocr_carea' id='block_1_57' title="bbox 175 4075 1787 4162">
    <p class='ocr_par' dir='ltr' id='par_1_57' title="bbox 175 4075 1787 4162">
     <span class='ocr_line' id='line_1_57' title="bbox 175 4075 1787 4162; baseline -0.009 -16"><span class='ocrx_word' id='word_1_396' title='bbox 175 4107 280 4162; x_wconf 89' lang='lat' dir='ltr'><strong>ope</strong></span> <span class='ocrx_word' id='word_1_397' title='bbox 309 4088 579 4159; x_wconf 79' lang='lat' dir='ltr'><strong>adjutus,</strong></span> <span class='ocrx_word' id='word_1_398' title='bbox 608 4083 823 4153; x_wconf 83' lang='lat' dir='ltr'><strong>majore</strong></span> <span class='ocrx_word' id='word_1_399' title='bbox 850 4078 1203 4135; x_wconf 85' lang='lat' dir='ltr'><strong>auctoritatis</strong></span> <span class='ocrx_word' id='word_1_400' title='bbox 1223 4077 1467 4148; x_wconf 89' lang='lat' dir='ltr'><strong>pondere</strong></span> <span class='ocrx_word' id='word_1_401' title='bbox 1496 4075 1787 4147; x_wconf 87' lang='lat' dir='ltr'><strong>Origenem</strong></span> 
     </span>
    </p>
   </div>
   <div class='ocr_carea' id='block_1_58' title="bbox 179 4170 1789 4254">
    <p class='ocr_par' dir='ltr' id='par_1_58' title="bbox 179 4170 1789 4254">
     <span class='ocr_line' id='line_1_58' title="bbox 179 4170 1789 4254; baseline -0.012 -14"><span class='ocrx_word' id='word_1_402' title='bbox 179 4186 234 4240; x_wconf 88' lang='lat' dir='ltr'><strong>in</strong></span> <span class='ocrx_word' id='word_1_403' title='bbox 268 4181 503 4254; x_wconf 77' lang='lat' dir='ltr'><strong>synodo</strong></span> <span class='ocrx_word' id='word_1_404' title='bbox 550 4177 928 4247; x_wconf 89' lang='lat' dir='ltr'><strong>opprimeret:</strong></span> <span class='ocrx_word' id='word_1_405' title='bbox 960 4187 1141 4241; x_wconf 82' lang='lat' dir='ltr'><strong>neque</strong></span> <span class='ocrx_word' id='word_1_406' title='bbox 1177 4170 1324 4226; x_wconf 86' lang='lat' dir='ltr'><strong>enim</strong></span> <span class='ocrx_word' id='word_1_407' title='bbox 1369 4170 1660 4240; x_wconf 90' lang='lat' dir='ltr'><strong>quisquam</strong></span> <span class='ocrx_word' id='word_1_408' title='bbox 1694 4183 1789 4238; x_wconf 81' lang='lat' dir='ltr'><strong>sy-</strong></span> 
     </span>
    </p>
   </div>
   <div class='ocr_carea' id='block_1_59' title="bbox 182 4263 1790 4337">
    <p class='ocr_par' dir='ltr' id='par_1_59' title="bbox 182 4263 1790 4337">
     <span class='ocr_line' id='line_1_59' title="bbox 182 4263 1790 4337; baseline -0.01 -4"><span class='ocrx_word' id='word_1_409' title='bbox 182 4279 397 4334; x_wconf 84' lang='lat' dir='ltr'><strong>nodum</strong></span> <span class='ocrx_word' id='word_1_410' title='bbox 445 4270 794 4328; x_wconf 86' lang='lat' dir='ltr'><strong>nationalem</strong></span> <span class='ocrx_word' id='word_1_411' title='bbox 828 4281 1071 4337; x_wconf 84' lang='lat' dir='ltr'><strong>unquam</strong></span> <span class='ocrx_word' id='word_1_412' title='bbox 1123 4264 1337 4320; x_wconf 87' lang='lat' dir='ltr'><strong>audivit</strong></span> <span class='ocrx_word' id='word_1_413' title='bbox 1382 4273 1634 4319; x_wconf 90' lang='lat' dir='ltr'><strong>coactam</strong></span> <span class='ocrx_word' id='word_1_414' title='bbox 1670 4263 1790 4318; x_wconf 90' lang='lat' dir='ltr'><strong>sine</strong></span> 
     </span>
    </p>
   </div>
   <div class='ocr_carea' id='block_1_60' title="bbox 180 4357 1791 4441">
    <p class='ocr_par' dir='ltr' id='par_1_60' title="bbox 180 4357 1791 4441">
     <span class='ocr_line' id='line_1_60' title="bbox 180 4357 1791 4441; baseline -0.009 -15"><span class='ocrx_word' id='word_1_415' title='bbox 180 4367 495 4441; x_wconf 81' lang='lat' dir='ltr'><strong>episcopis.</strong></span> <span class='ocrx_word' id='word_1_416' title='bbox 520 4364 597 4417; x_wconf 83' lang='lat' dir='ltr'><strong>At</strong></span> <span class='ocrx_word' id='word_1_417' title='bbox 618 4362 665 4417; x_wconf 90' lang='lat' dir='ltr'><strong>si</strong></span> <span class='ocrx_word' id='word_1_418' title='bbox 695 4359 1001 4416; x_wconf 89' lang='lat' dir='ltr'><strong>Demetrius</strong></span> <span class='ocrx_word' id='word_1_419' title='bbox 1029 4358 1208 4414; x_wconf 91' lang='lat' dir='ltr'><strong>tribus</strong></span> <span class='ocrx_word' id='word_1_420' title='bbox 1234 4365 1447 4412; x_wconf 91' lang='lat' dir='ltr'><strong>tantum</strong></span> <span class='ocrx_word' id='word_1_421' title='bbox 1482 4357 1791 4413; x_wconf 84' lang='lat' dir='ltr'><strong>auxiliariis</strong></span> 
     </span>
    </p>
   </div>
   <div class='ocr_carea' id='block_1_61' title="bbox 182 4448 1790 4532">
    <p class='ocr_par' dir='ltr' id='par_1_61' title="bbox 182 4448 1790 4532">
     <span class='ocr_line' id='line_1_61' title="bbox 182 4448 1790 4532; baseline -0.007 -16"><span class='ocrx_word' id='word_1_422' title='bbox 182 4460 496 4532; x_wconf 79' lang='lat' dir='ltr'><strong>episcopis,</strong></span> <span class='ocrx_word' id='word_1_423' title='bbox 516 4456 700 4525; x_wconf 87' lang='lat' dir='ltr'><strong>iisque</strong></span> <span class='ocrx_word' id='word_1_424' title='bbox 724 4462 916 4509; x_wconf 89' lang='lat' dir='ltr'><strong>contra</strong></span> <span class='ocrx_word' id='word_1_425' title='bbox 939 4450 1384 4521; x_wconf 91' lang='lat' dir='ltr'><strong>antiquissimam</strong></span> <span class='ocrx_word' id='word_1_426' title='bbox 1407 4448 1790 4505; x_wconf 64' lang='lat' dir='ltr'><strong>Alexandrina:</strong></span> 
     </span>
    </p>
   </div>
   <div class='ocr_carea' id='block_1_62' title="bbox 185 4542 1864 4617">
    <p class='ocr_par' dir='ltr' id='par_1_62' title="bbox 185 4542 1864 4617">
     <span class='ocr_line' id='line_1_62' title="bbox 185 4542 1864 4617; baseline -0.01 -8"><span class='ocrx_word' id='word_1_427' title='bbox 185 4553 481 4617; x_wconf 65' lang='lat' dir='ltr'><strong>Ecclesiae,</strong></span> <span class='ocrx_word' id='word_1_428' title='bbox 511 4548 627 4603; x_wconf 91' lang='lat' dir='ltr'><strong>imo</strong></span> <span class='ocrx_word' id='word_1_429' title='bbox 659 4546 825 4602; x_wconf 93' lang='lat' dir='ltr'><strong>totius</strong></span> <span class='ocrx_word' id='word_1_430' title='bbox 862 4543 1196 4616; x_wconf 67' lang='lat' dir='ltr'><strong>Egyptiacae</strong></span> <span class='ocrx_word' id='word_1_431' title='bbox 1224 4542 1674 4598; x_wconf 89' lang='lat' dir='ltr'><strong>consuetudinem</strong></span> <span class='ocrx_word' id='word_1_432' title='bbox 1698 4555 1789 4595; x_wconf 85' lang='lat' dir='ltr'><strong>or—</strong></span> <span class='ocrx_word' id='word_1_433' title='bbox 1820 4549 1864 4606; x_wconf 83' lang='lat'><strong>1)</strong></span> 
     </span>
    </p>
   </div>
   <div class='ocr_carea' id='block_1_63' title="bbox 183 4631 1787 4710">
    <p class='ocr_par' dir='ltr' id='par_1_63' title="bbox 183 4631 1787 4710">
     <span class='ocr_line' id='line_1_63' title="bbox 183 4631 1787 4710; baseline -0.008 -11"><span class='ocrx_word' id='word_1_434' title='bbox 183 4645 400 4699; x_wconf 86' lang='lat' dir='ltr'><strong>dinatis</strong></span> <span class='ocrx_word' id='word_1_435' title='bbox 427 4685 444 4710; x_wconf 91' lang='lat'><strong>,</strong></span> <span class='ocrx_word' id='word_1_436' title='bbox 493 4641 737 4710; x_wconf 90' lang='lat' dir='ltr'><strong>stipatus</strong></span> <span class='ocrx_word' id='word_1_437' title='bbox 769 4647 935 4707; x_wconf 85' lang='lat' dir='ltr'><strong>atque</strong></span> <span class='ocrx_word' id='word_1_438' title='bbox 957 4634 1333 4691; x_wconf 91' lang='lat' dir='ltr'><strong>communitus</strong></span> <span class='ocrx_word' id='word_1_439' title='bbox 1363 4633 1627 4688; x_wconf 88' lang='lat' dir='ltr'><strong>adversus</strong></span> <span class='ocrx_word' id='word_1_440' title='bbox 1658 4631 1787 4687; x_wconf 87' lang='lat' dir='ltr'><strong>Ori-</strong></span> 
     </span>
    </p>
   </div>
   <div class='ocr_carea' id='block_1_64' title="bbox 185 4724 1788 4806">
    <p class='ocr_par' dir='ltr' id='par_1_64' title="bbox 185 4724 1788 4806">
     <span class='ocr_line' id='line_1_64' title="bbox 185 4724 1788 4806; baseline -0.007 -16"><span class='ocrx_word' id='word_1_441' title='bbox 185 4750 389 4806; x_wconf 85' lang='lat' dir='ltr'><strong>genem</strong></span> <span class='ocrx_word' id='word_1_442' title='bbox 446 4730 781 4803; x_wconf 85' lang='lat' dir='ltr'><strong>synodicam</strong></span> <span class='ocrx_word' id='word_1_443' title='bbox 827 4727 1155 4784; x_wconf 84' lang='lat' dir='ltr'><strong>sententiam</strong></span> <span class='ocrx_word' id='word_1_444' title='bbox 1207 4725 1565 4796; x_wconf 90' lang='lat' dir='ltr'><strong>protulisset;</strong></span> <span class='ocrx_word' id='word_1_445' title='bbox 1616 4740 1685 4779; x_wconf 90' lang='lat' dir='ltr'><strong>an</strong></span> <span class='ocrx_word' id='word_1_446' title='bbox 1734 4724 1788 4779; x_wconf 92' lang='lat' dir='ltr'><strong>id</strong></span> 
     </span>
    </p>
   </div>
   <div class='ocr_carea' id='block_1_65' title="bbox 182 4817 1790 4897">
    <p class='ocr_par' dir='ltr' id='par_1_65' title="bbox 182 4817 1790 4897">
     <span class='ocr_line' id='line_1_65' title="bbox 182 4817 1790 4897; baseline -0.006 -16"><span class='ocrx_word' id='word_1_447' title='bbox 182 4826 463 4897; x_wconf 81' lang='lat' dir='ltr'><strong>Origenes</strong></span> <span class='ocrx_word' id='word_1_448' title='bbox 496 4824 632 4893; x_wconf 88' lang='lat' dir='ltr'><strong>ipse,</strong></span> <span class='ocrx_word' id='word_1_449' title='bbox 666 4838 734 4875; x_wconf 90' lang='lat' dir='ltr'><strong>an</strong></span> <span class='ocrx_word' id='word_1_450' title='bbox 762 4820 1066 4885; x_wconf 81' lang='lat' dir='ltr'><strong>Eusebius,</strong></span> <span class='ocrx_word' id='word_1_451' title='bbox 1100 4818 1404 4873; x_wconf 89' lang='lat' dir='ltr'><strong>acerrimus</strong></span> <span class='ocrx_word' id='word_1_452' title='bbox 1442 4817 1562 4887; x_wconf 88' lang='lat' dir='ltr'><strong>ejus</strong></span> <span class='ocrx_word' id='word_1_453' title='bbox 1590 4817 1790 4888; x_wconf 86' lang='lat' dir='ltr'><strong>hyper-</strong></span> 
     </span>
    </p>
   </div>
   <div class='ocr_carea' id='block_1_66' title="bbox 179 4909 1789 4988">
    <p class='ocr_par' dir='ltr' id='par_1_66' title="bbox 179 4909 1789 4988">
     <span class='ocr_line' id='line_1_66' title="bbox 179 4909 1789 4988; baseline -0.007 -15"><span class='ocrx_word' id='word_1_454' title='bbox 179 4920 426 4988; x_wconf 75' lang='lat' dir='ltr'><strong>aspista,</strong></span> <span class='ocrx_word' id='word_1_455' title='bbox 449 4914 762 4970; x_wconf 85' lang='lat' dir='ltr'><strong>tacuisset?</strong></span> <span class='ocrx_word' id='word_1_456' title='bbox 789 4911 1101 4967; x_wconf 88' lang='lat' dir='ltr'><strong>Demetrius</strong></span> <span class='ocrx_word' id='word_1_457' title='bbox 1130 4921 1341 4980; x_wconf 79' lang='lat' dir='ltr'><strong>synoao</strong></span> <span class='ocrx_word' id='word_1_458' title='bbox 1359 4918 1547 4966; x_wconf 91' lang='lat' dir='ltr'><strong>coacta</strong></span> <span class='ocrx_word' id='word_1_459' title='bbox 1570 4909 1789 4964; x_wconf 90' lang='lat' dir='ltr'><strong>decreto</strong></span> 
     </span>
    </p>
   </div>
   <div class='ocr_carea' id='block_1_67' title="bbox 178 4999 1792 5074">
    <p class='ocr_par' dir='ltr' id='par_1_67' title="bbox 178 4999 1792 5074">
     <span class='ocr_line' id='line_1_67' title="bbox 178 4999 1792 5074; baseline -0.008 -9"><span class='ocrx_word' id='word_1_460' title='bbox 178 5009 455 5072; x_wconf 81' lang='lat' dir='ltr'><strong>sancivit,</strong></span> <span class='ocrx_word' id='word_1_461' title='bbox 490 5004 789 5074; x_wconf 85' lang='lat' dir='ltr'><strong>Origenem</strong></span> <span class='ocrx_word' id='word_1_462' title='bbox 830 5000 1164 5055; x_wconf 79' lang='lat' dir='ltr'><strong>Alexandria</strong></span> <span class='ocrx_word' id='word_1_463' title='bbox 1204 4999 1514 5070; x_wconf 87' lang='lat' dir='ltr'><strong>pellendum</strong></span> <span class='ocrx_word' id='word_1_464' title='bbox 1542 5012 1685 5065; x_wconf 88' lang='lat' dir='ltr'><strong>esse,</strong></span> <span class='ocrx_word' id='word_1_465' title='bbox 1729 5006 1792 5052; x_wconf 89' lang='lat' dir='ltr'><strong>ut</strong></span> 
     </span>
    </p>
   </div>
   <div class='ocr_carea' id='block_1_68' title="bbox 178 5090 1789 5170">
    <p class='ocr_par' dir='ltr' id='par_1_68' title="bbox 178 5090 1789 5170">
     <span class='ocr_line' id='line_1_68' title="bbox 178 5090 1789 5170; baseline -0.009 -13"><span class='ocrx_word' id='word_1_466' title='bbox 178 5102 236 5157; x_wconf 86' lang='lat' dir='ltr'><strong>in</strong></span> <span class='ocrx_word' id='word_1_467' title='bbox 282 5099 567 5170; x_wconf 80' lang='lat' dir='ltr'><strong>Apologia</strong></span> <span class='ocrx_word' id='word_1_468' title='bbox 604 5094 827 5150; x_wconf 76' lang='lat' dir='ltr'><strong>Eusebii</strong></span> <span class='ocrx_word' id='word_1_469' title='bbox 864 5092 1140 5164; x_wconf 90' lang='lat' dir='ltr'><strong>proditum</strong></span> <span class='ocrx_word' id='word_1_470' title='bbox 1179 5102 1282 5146; x_wconf 89' lang='lat' dir='ltr'><strong>est.</strong></span> <span class='ocrx_word' id='word_1_471' title='bbox 1318 5090 1396 5145; x_wconf 89' lang='lat' dir='ltr'><strong>Ex</strong></span> <span class='ocrx_word' id='word_1_472' title='bbox 1430 5091 1521 5145; x_wconf 89' lang='lat' dir='ltr'><strong>illa</strong></span> <span class='ocrx_word' id='word_1_473' title='bbox 1550 5090 1637 5145; x_wconf 87' lang='lat' dir='ltr'><strong>his</strong></span> <span class='ocrx_word' id='word_1_474' title='bbox 1666 5104 1789 5144; x_wconf 87' lang='lat' dir='ltr'><strong>ver-</strong></span> 
     </span>
    </p>
   </div>
   <div class='ocr_carea' id='block_1_69' title="bbox 178 5181 1787 5255">
    <p class='ocr_par' dir='ltr' id='par_1_69' title="bbox 178 5181 1787 5255">
     <span class='ocr_line' id='line_1_69' title="bbox 178 5181 1787 5255; baseline -0.009 -6"><span class='ocrx_word' id='word_1_475' title='bbox 178 5197 272 5249; x_wconf 79' lang='lat' dir='ltr'><strong>bis</strong></span> <span class='ocrx_word' id='word_1_476' title='bbox 303 5208 427 5248; x_wconf 89' lang='lat' dir='ltr'><strong>rem</strong></span> <span class='ocrx_word' id='word_1_477' title='bbox 464 5200 658 5245; x_wconf 90' lang='lat' dir='ltr'><strong>narrat</strong></span> <span class='ocrx_word' id='word_1_478' title='bbox 682 5187 915 5243; x_wconf 87' lang='lat' dir='ltr'><strong>Photius</strong></span> <span class='ocrx_word' id='word_1_479' title='bbox 949 5186 1075 5241; x_wconf 92' lang='lat' dir='ltr'><strong>cod.</strong></span> <span class='ocrx_word' id='word_1_480' title='bbox 1109 5184 1213 5239; x_wconf 76' lang='grc'><strong>118</strong></span> <span class='ocrx_word' id='word_1_481' title='bbox 1241 5203 1254 5239; x_wconf 88' lang='lat'><strong>:</strong></span> <span class='ocrx_word' id='word_1_482' title='bbox 1289 5184 1515 5247; x_wconf 81' lang='grc' dir='ltr'>Σύνοδος</span> <span class='ocrx_word' id='word_1_483' title='bbox 1541 5181 1787 5255; x_wconf 74' lang='grc' dir='ltr'>ἀθροίζε-</span> 
     </span>
    </p>
   </div>
   <div class='ocr_carea' id='block_1_70' title="bbox 176 5275 1786 5352">
    <p class='ocr_par' dir='ltr' id='par_1_70' title="bbox 176 5275 1786 5352">
     <span class='ocr_line' id='line_1_70' title="bbox 176 5275 1786 5352; baseline -0.01 -8"><span class='ocrx_word' id='word_1_484' title='bbox 176 5308 277 5344; x_wconf 77' lang='grc' dir='ltr'>ται</span> <span class='ocrx_word' id='word_1_485' title='bbox 331 5286 657 5341; x_wconf 73' lang='grc' dir='ltr'><strong>ἐπισκόπων</strong></span> <span class='ocrx_word' id='word_1_486' title='bbox 700 5281 795 5337; x_wconf 84' lang='grc' dir='ltr'>καί</span> <span class='ocrx_word' id='word_1_487' title='bbox 824 5297 989 5335; x_wconf 81' lang='grc' dir='ltr'>τινων</span> <span class='ocrx_word' id='word_1_488' title='bbox 1031 5278 1419 5352; x_wconf 74' lang='grc' dir='ltr'>πρεσϐυτέρων</span> <span class='ocrx_word' id='word_1_489' title='bbox 1460 5275 1602 5331; x_wconf 82' lang='grc' dir='ltr'><strong>κατὰ</strong></span> <span class='ocrx_word' id='word_1_490' title='bbox 1643 5277 1786 5347; x_wconf 84' lang='grc' dir='ltr'><strong>Ὠρι-</strong></span> 
     </span>
    </p>
   </div>
   <div class='ocr_carea' id='block_1_71' title="bbox 178 5370 1783 5453">
    <p class='ocr_par' dir='ltr' id='par_1_71' title="bbox 178 5370 1783 5453">
     <span class='ocr_line' id='line_1_71' title="bbox 178 5370 1783 5453; baseline -0.007 -17"><span class='ocrx_word' id='word_1_491' title='bbox 178 5383 422 5453; x_wconf 76' lang='grc' dir='ltr'>γίνους,</span> <span class='ocrx_word' id='word_1_492' title='bbox 458 5394 586 5449; x_wconf 72' lang='lat' dir='ltr'><strong>quae</strong></span> <span class='ocrx_word' id='word_1_493' title='bbox 638 5376 826 5432; x_wconf 88' lang='lat' dir='ltr'><strong>minus</strong></span> <span class='ocrx_word' id='word_1_494' title='bbox 868 5384 1018 5429; x_wconf 88' lang='lat' dir='ltr'><strong>recte</strong></span> <span class='ocrx_word' id='word_1_495' title='bbox 1064 5374 1132 5426; x_wconf 90' lang='lat' dir='ltr'><strong>ab</strong></span> <span class='ocrx_word' id='word_1_496' title='bbox 1175 5370 1373 5425; x_wconf 86' lang='lat' dir='ltr'><strong>Huetio</strong></span> <span class='ocrx_word' id='word_1_497' title='bbox 1407 5370 1783 5426; x_wconf 82' lang='lat' dir='ltr'><strong>exhibentur:</strong></span> 
     </span>
    </p>
   </div>
   <div class='ocr_carea' id='block_1_72' title="bbox 184 5459 1787 5539">
    <p class='ocr_par' dir='ltr' id='par_1_72' title="bbox 184 5459 1787 5539">
     <span class='ocr_line' id='line_1_72' title="bbox 184 5459 1787 5539; baseline -0.006 -17"><span class='ocrx_word' id='word_1_498' title='bbox 184 5470 445 5539; x_wconf 67' lang='lat' dir='ltr'><strong>Synodus</strong></span> <span class='ocrx_word' id='word_1_499' title='bbox 494 5468 646 5537; x_wconf 87' lang='lat' dir='ltr'><strong>prior</strong></span> <span class='ocrx_word' id='word_1_500' title='bbox 680 5464 937 5535; x_wconf 79' lang='lat' dir='ltr'><strong>episcopis</strong></span> <span class='ocrx_word' id='word_1_501' title='bbox 982 5460 1185 5532; x_wconf 80' lang='lat' dir='ltr'><strong>aliquot</strong></span> <span class='ocrx_word' id='word_1_502' title='bbox 1219 5470 1267 5514; x_wconf 87' lang='lat' dir='ltr'><strong>et</strong></span> <span class='ocrx_word' id='word_1_503' title='bbox 1307 5459 1623 5530; x_wconf 77' lang='lat' dir='ltr'><strong>presbyteris</strong></span> <span class='ocrx_word' id='word_1_504' title='bbox 1661 5478 1787 5513; x_wconf 84' lang='lat' dir='ltr'><strong>con-</strong></span> 
     </span>
    </p>
   </div>
   <div class='ocr_carea' id='block_1_73' title="bbox 182 5554 1787 5631">
    <p class='ocr_par' dir='ltr' id='par_1_73' title="bbox 182 5554 1787 5631">
     <span class='ocr_line' id='line_1_73' title="bbox 182 5554 1787 5631; baseline -0.006 -14"><span class='ocrx_word' id='word_1_505' title='bbox 182 5566 368 5631; x_wconf 74' lang='lat' dir='ltr'><strong>ﬂata;</strong></span> <span class='ocrx_word' id='word_1_506' title='bbox 414 5577 527 5617; x_wconf 91' lang='lat' dir='ltr'><strong>non</strong></span> <span class='ocrx_word' id='word_1_507' title='bbox 571 5562 718 5615; x_wconf 91' lang='lat' dir='ltr'><strong>enim</strong></span> <span class='ocrx_word' id='word_1_508' title='bbox 749 5561 855 5613; x_wconf 84' lang='lat' dir='ltr'><strong>hoc</strong></span> <span class='ocrx_word' id='word_1_509' title='bbox 883 5556 1072 5611; x_wconf 81' lang='lat' dir='ltr'><strong>Graeca</strong></span> <span class='ocrx_word' id='word_1_510' title='bbox 1103 5557 1315 5622; x_wconf 90' lang='lat' dir='ltr'><strong>volunt,</strong></span> <span class='ocrx_word' id='word_1_511' title='bbox 1348 5555 1481 5611; x_wconf 86' lang='lat' dir='ltr'><strong>sed:</strong></span> <span class='ocrx_word' id='word_1_512' title='bbox 1514 5554 1787 5626; x_wconf 81' lang='lat' dir='ltr'><strong>Synodum</strong></span> 
     </span>
    </p>
   </div>
   <div class='ocr_carea' id='block_1_74' title="bbox 182 5648 1782 5724">
    <p class='ocr_par' dir='ltr' id='par_1_74' title="bbox 182 5648 1782 5724">
     <span class='ocr_line' id='line_1_74' title="bbox 182 5648 1782 5724; baseline -0.004 -15"><span class='ocrx_word' id='word_1_513' title='bbox 182 5657 583 5724; x_wconf 72' lang='lat' dir='ltr'><strong>episcoporum,</strong></span> <span class='ocrx_word' id='word_1_514' title='bbox 616 5662 667 5706; x_wconf 84' lang='lat' dir='ltr'><strong>et</strong></span> <span class='ocrx_word' id='word_1_515' title='bbox 694 5652 901 5721; x_wconf 83' lang='lat' dir='ltr'><strong>aliquot</strong></span> <span class='ocrx_word' id='word_1_516' title='bbox 926 5648 1090 5705; x_wconf 90' lang='lat' dir='ltr'><strong>etiam</strong></span> <span class='ocrx_word' id='word_1_517' title='bbox 1111 5649 1535 5719; x_wconf 79' lang='lat' dir='ltr'><strong>presbyterorum</strong></span> <span class='ocrx_word' id='word_1_518' title='bbox 1559 5648 1782 5712; x_wconf 90' lang='lat' dir='ltr'><strong>indicat,</strong></span> 
     </span>
    </p>
   </div>
   <div class='ocr_carea' id='block_1_75' title="bbox 187 5742 1783 5817">
    <p class='ocr_par' dir='ltr' id='par_1_75' title="bbox 187 5742 1783 5817">
     <span class='ocr_line' id='line_1_75' title="bbox 187 5742 1783 5817; baseline -0.003 -13"><span class='ocrx_word' id='word_1_519' title='bbox 187 5752 341 5817; x_wconf 79' lang='lat' dir='ltr'><strong>quod</strong></span> <span class='ocrx_word' id='word_1_520' title='bbox 387 5749 540 5803; x_wconf 91' lang='lat' dir='ltr'><strong>aliud</strong></span> <span class='ocrx_word' id='word_1_521' title='bbox 585 5756 702 5813; x_wconf 89' lang='lat' dir='ltr'><strong>est;</strong></span> <span class='ocrx_word' id='word_1_522' title='bbox 733 5746 1055 5816; x_wconf 85' lang='lat' dir='ltr'><strong>episcopos,</strong></span> <span class='ocrx_word' id='word_1_523' title='bbox 1093 5745 1325 5809; x_wconf 86' lang='lat' dir='ltr'><strong>scilicet,</strong></span> <span class='ocrx_word' id='word_1_524' title='bbox 1375 5742 1783 5813; x_wconf 13' lang='lat' dir='ltr'><strong>fuisseyplures.</strong></span> 
     </span>
    </p>
   </div>
   <div class='ocr_carea' id='block_1_76' title="bbox 193 5834 1785 5909">
    <p class='ocr_par' dir='ltr' id='par_1_76' title="bbox 193 5834 1785 5909">
     <span class='ocr_line' id='line_1_76' title="bbox 193 5834 1785 5909; baseline -0.004 -14"><span class='ocrx_word' id='word_1_525' title='bbox 193 5842 414 5908; x_wconf 75' lang='lat' dir='ltr'><strong>aliquos</strong></span> <span class='ocrx_word' id='word_1_526' title='bbox 444 5850 628 5896; x_wconf 89' lang='lat' dir='ltr'><strong>autem</strong></span> <span class='ocrx_word' id='word_1_527' title='bbox 674 5848 727 5895; x_wconf 88' lang='lat' dir='ltr'><strong>et</strong></span> <span class='ocrx_word' id='word_1_528' title='bbox 767 5838 1140 5909; x_wconf 83' lang='lat' dir='ltr'><strong>presbyteros.</strong></span> <span class='ocrx_word' id='word_1_529' title='bbox 1191 5834 1508 5891; x_wconf 87' lang='lat' dir='ltr'><strong>Blondellus</strong></span> <span class='ocrx_word' id='word_1_530' title='bbox 1547 5850 1695 5903; x_wconf 79' lang='lat' dir='ltr'><strong>vero,</strong></span> <span class='ocrx_word' id='word_1_531' title='bbox 1729 5844 1785 5893; x_wconf 88' lang='lat' dir='ltr'><strong>ut</strong></span> 
     </span>
    </p>
   </div>
   <div class='ocr_carea' id='block_1_77' title="bbox 1894 1957 3469 2034">
    <p class='ocr_par' dir='ltr' id='par_1_77' title="bbox 1894 1957 3469 2034">
     <span class='ocr_line' id='line_1_77' title="bbox 1894 1957 3469 2034; baseline 0.008 -23"><span class='ocrx_word' id='word_1_532' title='bbox 1894 1957 2187 2026; x_wconf 90' lang='lat' dir='ltr'><strong>quemdam</strong></span> <span class='ocrx_word' id='word_1_533' title='bbox 2211 1969 2544 2015; x_wconf 89' lang='lat' dir='ltr'><strong>conventum</strong></span> <span class='ocrx_word' id='word_1_534' title='bbox 2574 1961 2857 2031; x_wconf 91' lang='lat' dir='ltr'><strong>describit,</strong></span> <span class='ocrx_word' id='word_1_535' title='bbox 2886 1965 2980 2034; x_wconf 92' lang='lat' dir='ltr'><strong>qui</strong></span> <span class='ocrx_word' id='word_1_536' title='bbox 3014 1967 3323 2022; x_wconf 89' lang='lat' dir='ltr'><strong>sacerdotio</strong></span> <span class='ocrx_word' id='word_1_537' title='bbox 3346 1967 3469 2023; x_wconf 89' lang='lat' dir='ltr'><strong>Ori-</strong></span> 
     </span>
    </p>
   </div>
   <div class='ocr_carea' id='block_1_78' title="bbox 1892 2050 3468 2127">
    <p class='ocr_par' dir='ltr' id='par_1_78' title="bbox 1892 2050 3468 2127">
     <span class='ocr_line' id='line_1_78' title="bbox 1892 2050 3468 2127; baseline 0.009 -24"><span class='ocrx_word' id='word_1_538' title='bbox 1892 2063 2084 2119; x_wconf 87' lang='lat' dir='ltr'><strong>genem</strong></span> <span class='ocrx_word' id='word_1_539' title='bbox 2116 2050 2373 2119; x_wconf 88' lang='lat' dir='ltr'><strong>privavit,</strong></span> <span class='ocrx_word' id='word_1_540' title='bbox 2413 2052 2560 2124; x_wconf 92' lang='lat' dir='ltr'><strong>quod</strong></span> <span class='ocrx_word' id='word_1_541' title='bbox 2593 2054 2749 2123; x_wconf 89' lang='lat' dir='ltr'><strong>prius</strong></span> <span class='ocrx_word' id='word_1_542' title='bbox 2784 2056 2838 2110; x_wconf 94' lang='lat' dir='ltr'><strong>in</strong></span> <span class='ocrx_word' id='word_1_543' title='bbox 2881 2058 3095 2127; x_wconf 88' lang='lat' dir='ltr'><strong>synodo</strong></span> <span class='ocrx_word' id='word_1_544' title='bbox 3121 2058 3326 2115; x_wconf 78' lang='lat' dir='ltr'><strong>factum</strong></span> <span class='ocrx_word' id='word_1_545' title='bbox 3359 2078 3468 2117; x_wconf 87' lang='lat' dir='ltr'><strong>non</strong></span> 
     </span>
    </p>
   </div>
   <div class='ocr_carea' id='block_1_79' title="bbox 1891 2141 3468 2218">
    <p class='ocr_par' dir='ltr' id='par_1_79' title="bbox 1891 2141 3468 2218">
     <span class='ocr_line' id='line_1_79' title="bbox 1891 2141 3468 2218; baseline 0.008 -22"><span class='ocrx_word' id='word_1_546' title='bbox 1891 2149 1975 2196; x_wconf 92' lang='lat' dir='ltr'><strong>est</strong></span> <span class='ocrx_word' id='word_1_547' title='bbox 2010 2162 2021 2195; x_wconf 92' lang='lat'>:</span> <span class='ocrx_word' id='word_1_548' title='bbox 2067 2141 2204 2194; x_wconf 82' lang='grc' dir='ltr'>Ἀλλ’</span> <span class='ocrx_word' id='word_1_549' title='bbox 2234 2142 2328 2210; x_wconf 82' lang='grc' dir='ltr'><strong>ὅγε</strong></span> <span class='ocrx_word' id='word_1_550' title='bbox 2361 2144 2670 2217; x_wconf 82' lang='grc' dir='ltr'>Δημήτριος</span> <span class='ocrx_word' id='word_1_551' title='bbox 2702 2145 2817 2218; x_wconf 71' lang='grc' dir='ltr'><strong>ἅμα</strong></span> <span class='ocrx_word' id='word_1_552' title='bbox 2846 2149 2989 2202; x_wconf 78' lang='grc' dir='ltr'>τισὶν</span> <span class='ocrx_word' id='word_1_553' title='bbox 3016 2150 3339 2217; x_wconf 77' lang='grc' dir='ltr'><strong>ἐπισκόποις</strong></span> <span class='ocrx_word' id='word_1_554' title='bbox 3375 2154 3468 2208; x_wconf 82' lang='lat' dir='ltr'><strong>Al-</strong></span> 
     </span>
    </p>
   </div>
   <div class='ocr_carea' id='block_1_80' title="bbox 1891 2232 3458 2314">
    <p class='ocr_par' dir='ltr' id='par_1_80' title="bbox 1891 2232 3458 2314">
     <span class='ocr_line' id='line_1_80' title="bbox 1891 2232 3458 2314; baseline 0.01 -30"><span class='ocrx_word' id='word_1_555' title='bbox 1891 2232 2139 2300; x_wconf 80' lang='grc' dir='ltr'>γυπτίοις</span> <span class='ocrx_word' id='word_1_556' title='bbox 2185 2233 2280 2287; x_wconf 74' lang='grc' dir='ltr'><strong>καὶ</strong></span> <span class='ocrx_word' id='word_1_557' title='bbox 2322 2235 2425 2305; x_wconf 78' lang='grc' dir='ltr'><strong>τῆς</strong></span> <span class='ocrx_word' id='word_1_558' title='bbox 2475 2236 2776 2308; x_wconf 82' lang='grc' dir='ltr'><strong>ἱερωσύνης</strong></span> <span class='ocrx_word' id='word_1_559' title='bbox 2821 2238 3199 2312; x_wconf 82' lang='grc' dir='ltr'>ἀπεκήρυξεν,</span> <span class='ocrx_word' id='word_1_560' title='bbox 3254 2242 3458 2314; x_wconf 85' lang='lat' dir='ltr'><strong>inquit;</strong></span> 
     </span>
    </p>
   </div>
   <div class='ocr_carea' id='block_1_81' title="bbox 1894 2326 3455 2408">
    <p class='ocr_par' dir='ltr' id='par_1_81' title="bbox 1894 2326 3455 2408">
     <span class='ocr_line' id='line_1_81' title="bbox 1894 2326 3455 2408; baseline 0.008 -29"><span class='ocrx_word' id='word_1_561' title='bbox 1894 2340 2080 2381; x_wconf 89' lang='lat' dir='ltr'><strong>nonne</strong></span> <span class='ocrx_word' id='word_1_562' title='bbox 2114 2326 2384 2383; x_wconf 91' lang='lat' dir='ltr'><strong>minorem</strong></span> <span class='ocrx_word' id='word_1_563' title='bbox 2424 2344 2714 2385; x_wconf 86' lang='lat' dir='ltr'><strong>numerum</strong></span> <span class='ocrx_word' id='word_1_564' title='bbox 2746 2332 3133 2403; x_wconf 91' lang='lat' dir='ltr'><strong>episcoporum</strong></span> <span class='ocrx_word' id='word_1_565' title='bbox 3162 2336 3217 2390; x_wconf 94' lang='lat' dir='ltr'><strong>in</strong></span> <span class='ocrx_word' id='word_1_566' title='bbox 3248 2338 3455 2408; x_wconf 89' lang='lat' dir='ltr'><strong>deposi-</strong></span> 
     </span>
    </p>
   </div>
   <div class='ocr_carea' id='block_1_82' title="bbox 1893 2416 3470 2498">
    <p class='ocr_par' dir='ltr' id='par_1_82' title="bbox 1893 2416 3470 2498">
     <span class='ocr_line' id='line_1_82' title="bbox 1893 2416 3470 2498; baseline 0.01 -27"><span class='ocrx_word' id='word_1_567' title='bbox 1893 2416 2098 2472; x_wconf 90' lang='lat' dir='ltr'><strong>tionem</strong></span> <span class='ocrx_word' id='word_1_568' title='bbox 2138 2418 2261 2488; x_wconf 90' lang='lat' dir='ltr'><strong>ejus</strong></span> <span class='ocrx_word' id='word_1_569' title='bbox 2302 2422 2651 2477; x_wconf 90' lang='lat' dir='ltr'><strong>consensisse</strong></span> <span class='ocrx_word' id='word_1_570' title='bbox 2686 2422 2905 2478; x_wconf 88' lang='lat' dir='ltr'><strong>innuit?</strong></span> <span class='ocrx_word' id='word_1_571' title='bbox 2947 2437 3003 2480; x_wconf 86' lang='lat' dir='ltr'><strong>et</strong></span> <span class='ocrx_word' id='word_1_572' title='bbox 3035 2442 3104 2480; x_wconf 88' lang='lat' dir='ltr'><strong>an</strong></span> <span class='ocrx_word' id='word_1_573' title='bbox 3142 2430 3470 2498; x_wconf 89' lang='lat' dir='ltr'><strong>pauciorum</strong></span> 
     </span>
    </p>
   </div>
   <div class='ocr_carea' id='block_1_83' title="bbox 1891 2508 3473 2588">
    <p class='ocr_par' dir='ltr' id='par_1_83' title="bbox 1891 2508 3473 2588">
     <span class='ocr_line' id='line_1_83' title="bbox 1891 2508 3473 2588; baseline 0.008 -28"><span class='ocrx_word' id='word_1_574' title='bbox 1891 2520 2056 2575; x_wconf 86' lang='lat' dir='ltr'><strong>quam</strong></span> <span class='ocrx_word' id='word_1_575' title='bbox 2087 2508 2252 2561; x_wconf 90' lang='lat' dir='ltr'><strong>trium</strong></span> <span class='ocrx_word' id='word_1_576' title='bbox 2282 2508 2671 2579; x_wconf 91' lang='lat' dir='ltr'><strong>episcoporum</strong></span> <span class='ocrx_word' id='word_1_577' title='bbox 2704 2511 3139 2583; x_wconf 81' lang='lat' dir='ltr'><strong>subscriptiones</strong></span> <span class='ocrx_word' id='word_1_578' title='bbox 3171 2518 3473 2588; x_wconf 87' lang='lat' dir='ltr'><strong>accepisset</strong></span> 
     </span>
    </p>
   </div>
   <div class='ocr_carea' id='block_1_84' title="bbox 1892 2594 3473 2679">
    <p class='ocr_par' dir='ltr' id='par_1_84' title="bbox 1892 2594 3473 2679">
     <span class='ocr_line' id='line_1_84' title="bbox 1892 2594 3473 2679; baseline 0.011 -30"><span class='ocrx_word' id='word_1_579' title='bbox 1892 2594 2240 2653; x_wconf 86' lang='lat' dir='ltr'><strong>Demetrius?</strong></span> <span class='ocrx_word' id='word_1_580' title='bbox 2266 2597 2323 2653; x_wconf 90' lang='lat' dir='ltr'><strong>Si</strong></span> <span class='ocrx_word' id='word_1_581' title='bbox 2346 2609 2455 2654; x_wconf 88' lang='lat' dir='ltr'><strong>tam</strong></span> <span class='ocrx_word' id='word_1_582' title='bbox 2476 2603 2636 2671; x_wconf 91' lang='lat' dir='ltr'><strong>pauci</strong></span> <span class='ocrx_word' id='word_1_583' title='bbox 2656 2601 2710 2656; x_wconf 93' lang='lat' dir='ltr'><strong>in</strong></span> <span class='ocrx_word' id='word_1_584' title='bbox 2728 2601 3015 2675; x_wconf 89' lang='lat' dir='ltr'><strong>Origenem</strong></span> <span class='ocrx_word' id='word_1_585' title='bbox 3033 2609 3473 2679; x_wconf 80' lang='lat' dir='ltr'><strong>consensissent,</strong></span> 
     </span>
    </p>
   </div>
   <div class='ocr_carea' id='block_1_85' title="bbox 1890 2687 3469 2767">
    <p class='ocr_par' dir='ltr' id='par_1_85' title="bbox 1890 2687 3469 2767">
     <span class='ocr_line' id='line_1_85' title="bbox 1890 2687 3469 2767; baseline 0.011 -26"><span class='ocrx_word' id='word_1_586' title='bbox 1890 2687 2040 2758; x_wconf 90' lang='lat' dir='ltr'><strong>iique</strong></span> <span class='ocrx_word' id='word_1_587' title='bbox 2056 2704 2087 2743; x_wconf 89' lang='lat' dir='ltr'><strong>a</strong></span> <span class='ocrx_word' id='word_1_588' title='bbox 2112 2688 2385 2746; x_wconf 90' lang='lat' dir='ltr'><strong>Demetrio</strong></span> <span class='ocrx_word' id='word_1_589' title='bbox 2405 2700 2666 2762; x_wconf 88' lang='lat' dir='ltr'><strong>tanquam</strong></span> <span class='ocrx_word' id='word_1_590' title='bbox 2685 2695 2958 2751; x_wconf 90' lang='lat' dir='ltr'><strong>auxiliarii</strong></span> <span class='ocrx_word' id='word_1_591' title='bbox 2980 2698 3193 2755; x_wconf 90' lang='lat' dir='ltr'><strong>noviter</strong></span> <span class='ocrx_word' id='word_1_592' title='bbox 3211 2700 3469 2767; x_wconf 89' lang='lat' dir='ltr'><strong>instituti,</strong></span> 
     </span>
    </p>
   </div>
   <div class='ocr_carea' id='block_1_86' title="bbox 1892 2780 3472 2859">
    <p class='ocr_par' dir='ltr' id='par_1_86' title="bbox 1892 2780 3472 2859">
     <span class='ocr_line' id='line_1_86' title="bbox 1892 2780 3472 2859; baseline 0.009 -24"><span class='ocrx_word' id='word_1_593' title='bbox 1892 2781 2012 2836; x_wconf 92' lang='lat' dir='ltr'><strong>sine</strong></span> <span class='ocrx_word' id='word_1_594' title='bbox 2060 2780 2229 2837; x_wconf 89' lang='lat' dir='ltr'><strong>dubio</strong></span> <span class='ocrx_word' id='word_1_595' title='bbox 2270 2780 2533 2854; x_wconf 85' lang='lat' dir='ltr'><strong>Origenes</strong></span> <span class='ocrx_word' id='word_1_596' title='bbox 2564 2784 2683 2855; x_wconf 90' lang='lat' dir='ltr'><strong>ipse</strong></span> <span class='ocrx_word' id='word_1_597' title='bbox 2718 2785 2787 2840; x_wconf 90' lang='lat' dir='ltr'><strong>de</strong></span> <span class='ocrx_word' id='word_1_598' title='bbox 2832 2787 3094 2859; x_wconf 90' lang='lat' dir='ltr'><strong>abrogata</strong></span> <span class='ocrx_word' id='word_1_599' title='bbox 3133 2792 3303 2846; x_wconf 90' lang='lat' dir='ltr'><strong>veteri</strong></span> <span class='ocrx_word' id='word_1_600' title='bbox 3338 2808 3472 2849; x_wconf 88' lang='lat' dir='ltr'><strong>con-</strong></span> 
     </span>
    </p>
   </div>
   <div class='ocr_carea' id='block_1_87' title="bbox 1892 2874 3472 2956">
    <p class='ocr_par' dir='ltr' id='par_1_87' title="bbox 1892 2874 3472 2956">
     <span class='ocr_line' id='line_1_87' title="bbox 1892 2874 3472 2956; baseline 0.006 -25"><span class='ocrx_word' id='word_1_601' title='bbox 1892 2875 2201 2941; x_wconf 90' lang='lat' dir='ltr'><strong>suetudine,</strong></span> <span class='ocrx_word' id='word_1_602' title='bbox 2244 2874 2312 2930; x_wconf 93' lang='lat' dir='ltr'><strong>de</strong></span> <span class='ocrx_word' id='word_1_603' title='bbox 2343 2876 2667 2932; x_wconf 87' lang='lat' dir='ltr'><strong>auctoritate</strong></span> <span class='ocrx_word' id='word_1_604' title='bbox 2695 2892 2996 2948; x_wconf 90' lang='lat' dir='ltr'><strong>paucorum</strong></span> <span class='ocrx_word' id='word_1_605' title='bbox 3025 2883 3472 2956; x_wconf 71' lang='lat' dir='ltr'><strong>novitiorumqus</strong></span> 
     </span>
    </p>
   </div>
   <div class='ocr_carea' id='block_1_88' title="bbox 1890 2967 3470 3039">
    <p class='ocr_par' dir='ltr' id='par_1_88' title="bbox 1890 2967 3470 3039">
     <span class='ocr_line' id='line_1_88' title="bbox 1890 2967 3470 3039; baseline 0.009 -19"><span class='ocrx_word' id='word_1_606' title='bbox 1890 2967 2275 3037; x_wconf 86' lang='lat' dir='ltr'><strong>episcoporum</strong></span> <span class='ocrx_word' id='word_1_607' title='bbox 2318 2967 2658 3039; x_wconf 91' lang='lat' dir='ltr'><strong>disputasset</strong></span> <span class='ocrx_word' id='word_1_608' title='bbox 2686 2991 2699 3026; x_wconf 91' lang='lat'><strong>:</strong></span> <span class='ocrx_word' id='word_1_609' title='bbox 2731 2972 2822 3027; x_wconf 90' lang='lat' dir='ltr'><strong>ille</strong></span> <span class='ocrx_word' id='word_1_610' title='bbox 2862 2982 3043 3029; x_wconf 89' lang='lat' dir='ltr'><strong>autem</strong></span> <span class='ocrx_word' id='word_1_611' title='bbox 3071 2976 3139 3030; x_wconf 91' lang='lat' dir='ltr'><strong>de</strong></span> <span class='ocrx_word' id='word_1_612' title='bbox 3170 2978 3330 3033; x_wconf 92' lang='lat' dir='ltr'><strong>novis</strong></span> <span class='ocrx_word' id='word_1_613' title='bbox 3358 2994 3470 3034; x_wconf 89' lang='lat' dir='ltr'><strong>non</strong></span> 
     </span>
    </p>
   </div>
   <div class='ocr_carea' id='block_1_89' title="bbox 1890 3059 3469 3139">
    <p class='ocr_par' dir='ltr' id='par_1_89' title="bbox 1890 3059 3469 3139">
     <span class='ocr_line' id='line_1_89' title="bbox 1890 3059 3469 3139; baseline 0.007 -26"><span class='ocrx_word' id='word_1_614' title='bbox 1890 3059 2184 3128; x_wconf 90' lang='lat' dir='ltr'><strong>episcopis,</strong></span> <span class='ocrx_word' id='word_1_615' title='bbox 2209 3059 2306 3114; x_wconf 88' lang='lat' dir='ltr'><strong>sed</strong></span> <span class='ocrx_word' id='word_1_616' title='bbox 2333 3059 2554 3128; x_wconf 90' lang='lat' dir='ltr'><strong>litteris,</strong></span> <span class='ocrx_word' id='word_1_617' title='bbox 2584 3061 2652 3117; x_wconf 91' lang='lat' dir='ltr'><strong>de</strong></span> <span class='ocrx_word' id='word_1_618' title='bbox 2680 3065 3062 3135; x_wconf 89' lang='lat' dir='ltr'><strong>multitudine,</strong></span> <span class='ocrx_word' id='word_1_619' title='bbox 3095 3082 3203 3123; x_wconf 87' lang='lat' dir='ltr'><strong>non</strong></span> <span class='ocrx_word' id='word_1_620' title='bbox 3234 3068 3302 3123; x_wconf 90' lang='lat' dir='ltr'><strong>de</strong></span> <span class='ocrx_word' id='word_1_621' title='bbox 3329 3086 3469 3139; x_wconf 81' lang='lat' dir='ltr'><strong>pan--</strong></span> 
     </span>
    </p>
   </div>
   <div class='ocr_carea' id='block_1_90' title="bbox 1892 3146 3470 3231">
    <p class='ocr_par' dir='ltr' id='par_1_90' title="bbox 1892 3146 3470 3231">
     <span class='ocr_line' id='line_1_90' title="bbox 1892 3146 3470 3231; baseline 0.008 -28"><span class='ocrx_word' id='word_1_622' title='bbox 1892 3146 2058 3206; x_wconf 81' lang='lat' dir='ltr'><strong>citate</strong></span> <span class='ocrx_word' id='word_1_623' title='bbox 2086 3166 2299 3218; x_wconf 90' lang='lat' dir='ltr'><strong>eorum,</strong></span> <span class='ocrx_word' id='word_1_624' title='bbox 2328 3152 2423 3222; x_wconf 91' lang='lat' dir='ltr'><strong>qui</strong></span> <span class='ocrx_word' id='word_1_625' title='bbox 2454 3168 2581 3208; x_wconf 88' lang='lat' dir='ltr'><strong>cum</strong></span> <span class='ocrx_word' id='word_1_626' title='bbox 2626 3152 2899 3213; x_wconf 90' lang='lat' dir='ltr'><strong>Demetrio</strong></span> <span class='ocrx_word' id='word_1_627' title='bbox 2938 3159 2990 3212; x_wconf 88' lang='lat' dir='ltr'><strong>in</strong></span> <span class='ocrx_word' id='word_1_628' title='bbox 3024 3174 3083 3214; x_wconf 90' lang='lat' dir='ltr'><strong>se</strong></span> <span class='ocrx_word' id='word_1_629' title='bbox 3117 3161 3470 3231; x_wconf 65' lang='lat' dir='ltr'><strong>conspiravev</strong></span> 
     </span>
    </p>
   </div>
   <div class='ocr_carea' id='block_1_91' title="bbox 1816 3211 3472 3323">
    <p class='ocr_par' dir='ltr' id='par_1_91' title="bbox 1816 3211 3472 3323">
     <span class='ocr_line' id='line_1_91' title="bbox 1816 3211 3472 3323; baseline 0.007 -30"><span class='ocrx_word' id='word_1_630' title='bbox 1816 3211 1862 3273; x_wconf 70' lang='grc' dir='ltr'>ο</span> <span class='ocrx_word' id='word_1_631' title='bbox 1890 3250 2036 3308; x_wconf 89' lang='lat' dir='ltr'><strong>rant,</strong></span> <span class='ocrx_word' id='word_1_632' title='bbox 2066 3211 2401 3312; x_wconf 73' lang='lat' dir='ltr'><strong>conquestus</strong></span> <span class='ocrx_word' id='word_1_633' title='bbox 2427 3252 2512 3299; x_wconf 90' lang='lat' dir='ltr'><strong>est</strong></span> <span class='ocrx_word' id='word_1_634' title='bbox 2544 3260 2558 3296; x_wconf 88' lang='lat'><strong>:</strong></span> <span class='ocrx_word' id='word_1_635' title='bbox 2602 3244 2710 3298; x_wconf 81' lang='grc' dir='ltr'><strong>Τοῦ</strong></span> <span class='ocrx_word' id='word_1_636' title='bbox 2743 3211 3472 3323; x_wconf 74' lang='grc' dir='ltr'>ἐχθροῦ</span> 
     </span>
    </p>
   </div>
   <div class='ocr_carea' id='block_1_92' title="bbox 1888 3336 3469 3415">
    <p class='ocr_par' dir='ltr' id='par_1_92' title="bbox 1888 3336 3469 3415">
     <span class='ocr_line' id='line_1_92' title="bbox 1888 3336 3469 3415; baseline 0.005 -26"><span class='ocrx_word' id='word_1_637' title='bbox 1888 3336 2508 3407; x_wconf 81' lang='grc' dir='ltr'><strong>καταστρατευσαμένου</strong></span> <span class='ocrx_word' id='word_1_638' title='bbox 2555 3336 2642 3391; x_wconf 82' lang='grc' dir='ltr'><strong>διὰ</strong></span> <span class='ocrx_word' id='word_1_639' title='bbox 2686 3338 2795 3392; x_wconf 83' lang='grc' dir='ltr'><strong>τῶν</strong></span> <span class='ocrx_word' id='word_1_640' title='bbox 2831 3341 3032 3395; x_wconf 84' lang='grc' dir='ltr'>καινῶν</span> <span class='ocrx_word' id='word_1_641' title='bbox 3072 3342 3237 3396; x_wconf 74' lang='grc' dir='ltr'>αὑτοῦ</span> <span class='ocrx_word' id='word_1_642' title='bbox 3284 3360 3469 3415; x_wconf 83' lang='grc' dir='ltr'><strong>γραμ-</strong></span> 
     </span>
    </p>
   </div>
   <div class='ocr_carea' id='block_1_93' title="bbox 1892 3427 3470 3506">
    <p class='ocr_par' dir='ltr' id='par_1_93' title="bbox 1892 3427 3470 3506">
     <span class='ocr_line' id='line_1_93' title="bbox 1892 3427 3470 3506; baseline 0.006 -26"><span class='ocrx_word' id='word_1_643' title='bbox 1892 3427 2076 3498; x_wconf 76' lang='grc' dir='ltr'><strong>μάτων</strong></span> <span class='ocrx_word' id='word_1_644' title='bbox 2095 3470 2111 3496; x_wconf 85' lang='grc'>,</span> <span class='ocrx_word' id='word_1_645' title='bbox 2166 3428 2262 3481; x_wconf 73' lang='grc' dir='ltr'><strong>καὶ</strong></span> <span class='ocrx_word' id='word_1_646' title='bbox 2318 3429 2535 3502; x_wconf 84' lang='grc' dir='ltr'>ἀληθῶς</span> <span class='ocrx_word' id='word_1_647' title='bbox 2579 3430 2788 3502; x_wconf 77' lang='grc' dir='ltr'>ἐχθρῶν</span> <span class='ocrx_word' id='word_1_648' title='bbox 2838 3432 2916 3503; x_wconf 86' lang='grc' dir='ltr'><strong>τῷ</strong></span> <span class='ocrx_word' id='word_1_649' title='bbox 2965 3433 3315 3506; x_wconf 81' lang='grc' dir='ltr'><strong>Εὑαγγελίῳ,</strong></span> <span class='ocrx_word' id='word_1_650' title='bbox 3374 3435 3470 3491; x_wconf 74' lang='grc' dir='ltr'>καὶ</span> 
     </span>
    </p>
   </div>
   <div class='ocr_carea' id='block_1_94' title="bbox 1889 3519 3464 3597">
    <p class='ocr_par' dir='ltr' id='par_1_94' title="bbox 1889 3519 3464 3597">
     <span class='ocr_line' id='line_1_94' title="bbox 1889 3519 3464 3597; baseline 0.006 -26"><span class='ocrx_word' id='word_1_651' title='bbox 1889 3519 2095 3583; x_wconf 82' lang='grc' dir='ltr'><strong>πάντας</strong></span> <span class='ocrx_word' id='word_1_652' title='bbox 2139 3520 2266 3583; x_wconf 80' lang='grc' dir='ltr'>τοὺς</span> <span class='ocrx_word' id='word_1_653' title='bbox 2317 3520 2375 3572; x_wconf 82' lang='grc' dir='ltr'>ὲν</span> <span class='ocrx_word' id='word_1_654' title='bbox 2421 3519 2680 3591; x_wconf 75' lang='grc' dir='ltr'><strong>Αἰγύπτῳ</strong></span> <span class='ocrx_word' id='word_1_655' title='bbox 2724 3522 2959 3594; x_wconf 83' lang='grc' dir='ltr'>ἀνέμους</span> <span class='ocrx_word' id='word_1_656' title='bbox 2988 3524 3110 3577; x_wconf 84' lang='grc' dir='ltr'>καθ’</span> <span class='ocrx_word' id='word_1_657' title='bbox 3140 3526 3295 3597; x_wconf 82' lang='grc' dir='ltr'><strong>ἡμῶν</strong></span> <span class='ocrx_word' id='word_1_658' title='bbox 3327 3527 3464 3595; x_wconf 80' lang='grc' dir='ltr'>ἐγεί-</span> 
     </span>
    </p>
   </div>
   <div class='ocr_carea' id='block_1_95' title="bbox 1892 3608 3468 3686">
    <p class='ocr_par' dir='ltr' id='par_1_95' title="bbox 1892 3608 3468 3686">
     <span class='ocr_line' id='line_1_95' title="bbox 1892 3608 3468 3686; baseline 0.006 -24"><span class='ocrx_word' id='word_1_659' title='bbox 1892 3625 2102 3678; x_wconf 84' lang='grc' dir='ltr'>ραντος.</span> <span class='ocrx_word' id='word_1_660' title='bbox 2136 3608 2365 3664; x_wconf 83' lang='lat' dir='ltr'><strong>Inimico</strong></span> <span class='ocrx_word' id='word_1_661' title='bbox 2403 3612 2655 3666; x_wconf 79' lang='lat' dir='ltr'><strong>adversus</strong></span> <span class='ocrx_word' id='word_1_662' title='bbox 2685 3627 2778 3665; x_wconf 84' lang='lat' dir='ltr'><strong>nos</strong></span> <span class='ocrx_word' id='word_1_663' title='bbox 2813 3614 3152 3669; x_wconf 80' lang='lat' dir='ltr'><strong>acerbissime</strong></span> <span class='ocrx_word' id='word_1_664' title='bbox 3177 3626 3468 3686; x_wconf 81' lang='lat' dir='ltr'><strong>pugnante,</strong></span> 
     </span>
    </p>
   </div>
   <div class='ocr_carea' id='block_1_96' title="bbox 1888 3701 3467 3774">
    <p class='ocr_par' dir='ltr' id='par_1_96' title="bbox 1888 3701 3467 3774">
     <span class='ocr_line' id='line_1_96' title="bbox 1888 3701 3467 3774; baseline 0.006 -22"><span class='ocrx_word' id='word_1_665' title='bbox 1888 3715 1981 3768; x_wconf 84' lang='lat' dir='ltr'><strong>per</strong></span> <span class='ocrx_word' id='word_1_666' title='bbox 2021 3716 2147 3754; x_wconf 78' lang='lat' dir='ltr'><strong>suas</strong></span> <span class='ocrx_word' id='word_1_667' title='bbox 2192 3717 2354 3755; x_wconf 82' lang='lat' dir='ltr'><strong>novas</strong></span> <span class='ocrx_word' id='word_1_668' title='bbox 2401 3701 2611 3755; x_wconf 80' lang='lat' dir='ltr'><strong>litteras</strong></span> <span class='ocrx_word' id='word_1_669' title='bbox 2660 3718 2840 3756; x_wconf 82' lang='lat' dir='ltr'><strong>revera</strong></span> <span class='ocrx_word' id='word_1_670' title='bbox 2878 3701 3167 3774; x_wconf 74' lang='lat' dir='ltr'><strong>Evangelia</strong></span> <span class='ocrx_word' id='word_1_671' title='bbox 3196 3706 3467 3772; x_wconf 77' lang='lat' dir='ltr'><strong>inimicas.</strong></span> 
     </span>
    </p>
   </div>
   <div class='ocr_carea' id='block_1_97' title="bbox 1891 3790 3472 3865">
    <p class='ocr_par' dir='ltr' id='par_1_97' title="bbox 1891 3790 3472 3865">
     <span class='ocr_line' id='line_1_97' title="bbox 1891 3790 3472 3865; baseline 0.008 -23"><span class='ocrx_word' id='word_1_672' title='bbox 1891 3805 2168 3861; x_wconf 84' lang='lat' dir='ltr'><strong>omnesque</strong></span> <span class='ocrx_word' id='word_1_673' title='bbox 2208 3790 2432 3862; x_wconf 64' lang='lat' dir='ltr'><strong>Egypti</strong></span> <span class='ocrx_word' id='word_1_674' title='bbox 2456 3799 2631 3846; x_wconf 73' lang='lat' dir='ltr'><strong>ventos</strong></span> <span class='ocrx_word' id='word_1_675' title='bbox 2662 3793 2911 3848; x_wconf 76' lang='lat' dir='ltr'><strong>adversus</strong></span> <span class='ocrx_word' id='word_1_676' title='bbox 2932 3810 3027 3850; x_wconf 80' lang='lat' dir='ltr'><strong>nos</strong></span> <span class='ocrx_word' id='word_1_677' title='bbox 3049 3798 3347 3851; x_wconf 81' lang='lat' dir='ltr'><strong>concitante</strong></span> <span class='ocrx_word' id='word_1_678' title='bbox 3366 3840 3381 3865; x_wconf 92' lang='lat'><strong>,</strong></span> <span class='ocrx_word' id='word_1_679' title='bbox 3409 3808 3472 3855; x_wconf 85' lang='lat' dir='ltr'><strong>ut</strong></span> 
     </span>
    </p>
   </div>
   <div class='ocr_carea' id='block_1_98' title="bbox 1890 3880 3471 3955">
    <p class='ocr_par' dir='ltr' id='par_1_98' title="bbox 1890 3880 3471 3955">
     <span class='ocr_line' id='line_1_98' title="bbox 1890 3880 3471 3955; baseline 0.006 -21"><span class='ocrx_word' id='word_1_680' title='bbox 1890 3880 2007 3950; x_wconf 90' lang='lat' dir='ltr'><strong>ipse</strong></span> <span class='ocrx_word' id='word_1_681' title='bbox 2034 3882 2101 3936; x_wconf 90' lang='lat' dir='ltr'><strong>de</strong></span> <span class='ocrx_word' id='word_1_682' title='bbox 2130 3881 2407 3938; x_wconf 90' lang='lat' dir='ltr'><strong>Demetrio</strong></span> <span class='ocrx_word' id='word_1_683' title='bbox 2444 3883 2707 3953; x_wconf 86' lang='lat' dir='ltr'><strong>loquitur,</strong></span> <span class='ocrx_word' id='word_1_684' title='bbox 2737 3884 2792 3938; x_wconf 92' lang='lat' dir='ltr'><strong>in</strong></span> <span class='ocrx_word' id='word_1_685' title='bbox 2817 3884 3136 3955; x_wconf 72' lang='lat' dir='ltr'><strong>praefatione</strong></span> <span class='ocrx_word' id='word_1_686' title='bbox 3166 3889 3305 3945; x_wconf 85' lang='lat' dir='ltr'><strong>tomi</strong></span> <span class='ocrx_word' id='word_1_687' title='bbox 3331 3889 3471 3945; x_wconf 89' lang='lat' dir='ltr'><strong>sexti</strong></span> 
     </span>
    </p>
   </div>
   <div class='ocr_carea' id='block_1_99' title="bbox 1890 3972 3469 4052">
    <p class='ocr_par' dir='ltr' id='par_1_99' title="bbox 1890 3972 3469 4052">
     <span class='ocr_line' id='line_1_99' title="bbox 1890 3972 3469 4052; baseline 0.007 -26"><span class='ocrx_word' id='word_1_688' title='bbox 1890 3974 1947 4027; x_wconf 82' lang='lat' dir='ltr'><strong>in</strong></span> <span class='ocrx_word' id='word_1_689' title='bbox 1990 3972 2275 4030; x_wconf 78' lang='lat' dir='ltr'><strong>Joannem.</strong></span> <span class='ocrx_word' id='word_1_690' title='bbox 2329 3975 2389 4031; x_wconf 91' lang='lat' dir='ltr'><strong>Si</strong></span> <span class='ocrx_word' id='word_1_691' title='bbox 2438 3976 2673 4048; x_wconf 90' lang='lat' dir='ltr'><strong>denique</strong></span> <span class='ocrx_word' id='word_1_692' title='bbox 2720 3985 2831 4034; x_wconf 91' lang='lat' dir='ltr'><strong>tres</strong></span> <span class='ocrx_word' id='word_1_693' title='bbox 2877 3986 3085 4034; x_wconf 90' lang='lat' dir='ltr'><strong>tantum</strong></span> <span class='ocrx_word' id='word_1_694' title='bbox 3125 3981 3369 4052; x_wconf 90' lang='lat' dir='ltr'><strong>episcopi</strong></span> <span class='ocrx_word' id='word_1_695' title='bbox 3413 3984 3469 4037; x_wconf 90' lang='lat' dir='ltr'><strong>in</strong></span> 
     </span>
    </p>
   </div>
   <div class='ocr_carea' id='block_1_100' title="bbox 1891 4064 3470 4145">
    <p class='ocr_par' dir='ltr' id='par_1_100' title="bbox 1891 4064 3470 4145">
     <span class='ocr_line' id='line_1_100' title="bbox 1891 4064 3470 4145; baseline 0.006 -24"><span class='ocrx_word' id='word_1_696' title='bbox 1891 4064 2129 4137; x_wconf 66' lang='lat' dir='ltr'><strong>Egypto</strong></span> <span class='ocrx_word' id='word_1_697' title='bbox 2170 4066 2445 4124; x_wconf 90' lang='lat' dir='ltr'><strong>Demetrio</strong></span> <span class='ocrx_word' id='word_1_698' title='bbox 2481 4068 2728 4124; x_wconf 87' lang='lat' dir='ltr'><strong>auxiliati</strong></span> <span class='ocrx_word' id='word_1_699' title='bbox 2761 4079 2985 4140; x_wconf 86' lang='lat' dir='ltr'><strong>essent,</strong></span> <span class='ocrx_word' id='word_1_700' title='bbox 3021 4087 3091 4126; x_wconf 89' lang='lat' dir='ltr'><strong>an</strong></span> <span class='ocrx_word' id='word_1_701' title='bbox 3132 4073 3470 4145; x_wconf 85' lang='lat' dir='ltr'><strong>synodorum</strong></span> 
     </span>
    </p>
   </div>
   <div class='ocr_carea' id='block_1_101' title="bbox 1890 4157 3467 4234">
    <p class='ocr_par' dir='ltr' id='par_1_101' title="bbox 1890 4157 3467 4234">
     <span class='ocr_line' id='line_1_101' title="bbox 1890 4157 3467 4234; baseline 0.006 -21"><span class='ocrx_word' id='word_1_702' title='bbox 1890 4158 2109 4213; x_wconf 89' lang='lat' dir='ltr'><strong>illarum</strong></span> <span class='ocrx_word' id='word_1_703' title='bbox 2161 4157 2397 4215; x_wconf 86' lang='lat' dir='ltr'><strong>decretis</strong></span> <span class='ocrx_word' id='word_1_704' title='bbox 2427 4160 2800 4217; x_wconf 90' lang='lat' dir='ltr'><strong>consensisset</strong></span> <span class='ocrx_word' id='word_1_705' title='bbox 2830 4161 3121 4220; x_wconf 92' lang='lat' dir='ltr'><strong>universus</strong></span> <span class='ocrx_word' id='word_1_706' title='bbox 3151 4166 3335 4234; x_wconf 92' lang='lat' dir='ltr'><strong>orbis,</strong></span> <span class='ocrx_word' id='word_1_707' title='bbox 3367 4182 3467 4222; x_wconf 91' lang='lat' dir='ltr'><strong>ex-</strong></span> 
     </span>
    </p>
   </div>
   <div class='ocr_carea' id='block_1_102' title="bbox 1892 4251 3469 4333">
    <p class='ocr_par' dir='ltr' id='par_1_102' title="bbox 1892 4251 3469 4333">
     <span class='ocr_line' id='line_1_102' title="bbox 1892 4251 3469 4333; baseline 0.006 -24"><span class='ocrx_word' id='word_1_708' title='bbox 1892 4261 2049 4324; x_wconf 90' lang='lat' dir='ltr'><strong>cepta</strong></span> <span class='ocrx_word' id='word_1_709' title='bbox 2070 4251 2387 4317; x_wconf 67' lang='lat' dir='ltr'><strong>Palmstina,</strong></span> <span class='ocrx_word' id='word_1_710' title='bbox 2409 4253 2635 4323; x_wconf 87' lang='lat' dir='ltr'><strong>Arabia,</strong></span> <span class='ocrx_word' id='word_1_711' title='bbox 2664 4255 2946 4314; x_wconf 62' lang='lat' dir='ltr'><strong>Phoenicia</strong></span> <span class='ocrx_word' id='word_1_712' title='bbox 2970 4269 3025 4313; x_wconf 91' lang='lat' dir='ltr'><strong>et</strong></span> <span class='ocrx_word' id='word_1_713' title='bbox 3055 4259 3285 4328; x_wconf 85' lang='lat' dir='ltr'><strong>Achaia,</strong></span> <span class='ocrx_word' id='word_1_714' title='bbox 3319 4264 3469 4333; x_wconf 89' lang='lat' dir='ltr'><strong>quod</strong></span> 
     </span>
    </p>
   </div>
   <div class='ocr_carea' id='block_1_103' title="bbox 1892 4341 3466 4417">
    <p class='ocr_par' dir='ltr' id='par_1_103' title="bbox 1892 4341 3466 4417">
     <span class='ocr_line' id='line_1_103' title="bbox 1892 4341 3466 4417; baseline 0.005 -19"><span class='ocrx_word' id='word_1_715' title='bbox 1892 4350 2125 4398; x_wconf 88' lang='lat' dir='ltr'><strong>testatur</strong></span> <span class='ocrx_word' id='word_1_716' title='bbox 2171 4342 2229 4397; x_wconf 93' lang='lat' dir='ltr'><strong>S.</strong></span> <span class='ocrx_word' id='word_1_717' title='bbox 2287 4341 2690 4415; x_wconf 86' lang='lat' dir='ltr'><strong>Hieronymus?</strong></span> <span class='ocrx_word' id='word_1_718' title='bbox 2730 4343 2850 4400; x_wconf 81' lang='lat' dir='ltr'><strong>Non</strong></span> <span class='ocrx_word' id='word_1_719' title='bbox 2893 4356 2978 4402; x_wconf 92' lang='lat' dir='ltr'><strong>est</strong></span> <span class='ocrx_word' id='word_1_720' title='bbox 3019 4348 3189 4417; x_wconf 87' lang='lat' dir='ltr'><strong>igitur</strong></span> <span class='ocrx_word' id='word_1_721' title='bbox 3215 4349 3466 4416; x_wconf 88' lang='lat' dir='ltr'><strong>dubium,</strong></span> 
     </span>
    </p>
   </div>
   <div class='ocr_carea' id='block_1_104' title="bbox 1891 4429 3469 4511">
    <p class='ocr_par' dir='ltr' id='par_1_104' title="bbox 1891 4429 3469 4511">
     <span class='ocr_line' id='line_1_104' title="bbox 1891 4429 3469 4511; baseline 0.01 -29"><span class='ocrx_word' id='word_1_722' title='bbox 1891 4429 2023 4499; x_wconf 88' lang='lat' dir='ltr'><strong>quin</strong></span> <span class='ocrx_word' id='word_1_723' title='bbox 2069 4430 2358 4501; x_wconf 89' lang='lat' dir='ltr'><strong>episcopos</strong></span> <span class='ocrx_word' id='word_1_724' title='bbox 2386 4446 2455 4488; x_wconf 88' lang='lat' dir='ltr'><strong>ex</strong></span> <span class='ocrx_word' id='word_1_725' title='bbox 2493 4431 2728 4504; x_wconf 68' lang='lat' dir='ltr'><strong>Egypto</strong></span> <span class='ocrx_word' id='word_1_726' title='bbox 2761 4435 3031 4505; x_wconf 90' lang='lat' dir='ltr'><strong>plurimos</strong></span> <span class='ocrx_word' id='word_1_727' title='bbox 3080 4439 3138 4493; x_wconf 92' lang='lat' dir='ltr'><strong>in</strong></span> <span class='ocrx_word' id='word_1_728' title='bbox 3178 4438 3469 4511; x_wconf 86' lang='lat' dir='ltr'><strong>Origenem</strong></span> 
     </span>
    </p>
   </div>
   <div class='ocr_carea' id='block_1_105' title="bbox 1893 4522 3470 4597">
    <p class='ocr_par' dir='ltr' id='par_1_105' title="bbox 1893 4522 3470 4597">
     <span class='ocr_line' id='line_1_105' title="bbox 1893 4522 3470 4597; baseline 0.009 -21"><span class='ocrx_word' id='word_1_729' title='bbox 1893 4522 2255 4579; x_wconf 90' lang='lat' dir='ltr'><strong>concitaverit</strong></span> <span class='ocrx_word' id='word_1_730' title='bbox 2304 4522 2651 4593; x_wconf 91' lang='lat' dir='ltr'><strong>Demetrius;</strong></span> <span class='ocrx_word' id='word_1_731' title='bbox 2707 4543 2872 4597; x_wconf 85' lang='lat' dir='ltr'><strong>quem</strong></span> <span class='ocrx_word' id='word_1_732' title='bbox 2919 4530 3126 4586; x_wconf 90' lang='lat' dir='ltr'><strong>idcirco</strong></span> <span class='ocrx_word' id='word_1_733' title='bbox 3171 4531 3313 4589; x_wconf 80' lang='lat' dir='ltr'><strong>falso</strong></span> <span class='ocrx_word' id='word_1_734' title='bbox 3358 4542 3470 4590; x_wconf 86' lang='lat' dir='ltr'><strong>tres</strong></span> 
     </span>
    </p>
   </div>
   <div class='ocr_carea' id='block_1_106' title="bbox 1893 4616 3469 4699">
    <p class='ocr_par' dir='ltr' id='par_1_106' title="bbox 1893 4616 3469 4699">
     <span class='ocr_line' id='line_1_106' title="bbox 1893 4616 3469 4699; baseline 0.009 -30"><span class='ocrx_word' id='word_1_735' title='bbox 1893 4624 2106 4671; x_wconf 91' lang='lat' dir='ltr'><strong>tantum</strong></span> <span class='ocrx_word' id='word_1_736' title='bbox 2157 4616 2509 4673; x_wconf 87' lang='lat' dir='ltr'><strong>constituisse</strong></span> <span class='ocrx_word' id='word_1_737' title='bbox 2550 4618 2751 4688; x_wconf 91' lang='lat' dir='ltr'><strong>tradit,</strong></span> <span class='ocrx_word' id='word_1_738' title='bbox 2794 4621 2947 4677; x_wconf 89' lang='lat' dir='ltr'><strong>nullo</strong></span> <span class='ocrx_word' id='word_1_739' title='bbox 2994 4633 3250 4689; x_wconf 90' lang='lat' dir='ltr'><strong>auctore,</strong></span> <span class='ocrx_word' id='word_1_740' title='bbox 3295 4625 3469 4699; x_wconf 81' lang='lat' dir='ltr'><strong>Euty-</strong></span> 
     </span>
    </p>
   </div>
   <div class='ocr_carea' id='block_1_107' title="bbox 1892 4711 3471 4783">
    <p class='ocr_par' dir='ltr' id='par_1_107' title="bbox 1892 4711 3471 4783">
     <span class='ocr_line' id='line_1_107' title="bbox 1892 4711 3471 4783; baseline 0.008 -19"><span class='ocrx_word' id='word_1_741' title='bbox 1892 4711 2050 4766; x_wconf 89' lang='lat' dir='ltr'><strong>chius</strong></span> <span class='ocrx_word' id='word_1_742' title='bbox 2074 4729 2089 4777; x_wconf 93' lang='lat'><strong>;</strong></span> <span class='ocrx_word' id='word_1_743' title='bbox 2116 4726 2323 4781; x_wconf 91' lang='lat' dir='ltr'><strong>eosque</strong></span> <span class='ocrx_word' id='word_1_744' title='bbox 2354 4712 2409 4767; x_wconf 90' lang='lat' dir='ltr'><strong>in</strong></span> <span class='ocrx_word' id='word_1_745' title='bbox 2432 4713 2587 4769; x_wconf 75' lang='lat' dir='ltr'><strong>hunc</strong></span> <span class='ocrx_word' id='word_1_746' title='bbox 2626 4713 2804 4783; x_wconf 85' lang='lat' dir='ltr'><strong>ipsum</strong></span> <span class='ocrx_word' id='word_1_747' title='bbox 2847 4716 3013 4770; x_wconf 79' lang='lat' dir='ltr'><strong>tinem</strong></span> <span class='ocrx_word' id='word_1_748' title='bbox 3043 4719 3377 4776; x_wconf 88' lang='lat' dir='ltr'><strong>constitutos</strong></span> <span class='ocrx_word' id='word_1_749' title='bbox 3409 4732 3471 4775; x_wconf 91' lang='lat' dir='ltr'><strong>ut</strong></span> 
     </span>
    </p>
   </div>
   <div class='ocr_carea' id='block_1_108' title="bbox 1891 4803 3469 4874">
    <p class='ocr_par' dir='ltr' id='par_1_108' title="bbox 1891 4803 3469 4874">
     <span class='ocr_line' id='line_1_108' title="bbox 1891 4803 3469 4874; baseline 0.006 -17"><span class='ocrx_word' id='word_1_750' title='bbox 1891 4803 2182 4873; x_wconf 87' lang='lat' dir='ltr'><strong>Origenem</strong></span> <span class='ocrx_word' id='word_1_751' title='bbox 2205 4804 2502 4874; x_wconf 89' lang='lat' dir='ltr'><strong>pellerent,</strong></span> <span class='ocrx_word' id='word_1_752' title='bbox 2554 4805 2701 4860; x_wconf 90' lang='lat' dir='ltr'><strong>nulla</strong></span> <span class='ocrx_word' id='word_1_753' title='bbox 2729 4823 2855 4863; x_wconf 90' lang='lat' dir='ltr'><strong>cum</strong></span> <span class='ocrx_word' id='word_1_754' title='bbox 2892 4808 3108 4865; x_wconf 89' lang='lat' dir='ltr'><strong>ratione</strong></span> <span class='ocrx_word' id='word_1_755' title='bbox 3136 4812 3329 4866; x_wconf 85' lang='lat' dir='ltr'><strong>statuit</strong></span> <span class='ocrx_word' id='word_1_756' title='bbox 3351 4811 3469 4867; x_wconf 89' lang='lat' dir='ltr'><strong>Sel-</strong></span> 
     </span>
    </p>
   </div>
   <div class='ocr_carea' id='block_1_109' title="bbox 1890 4896 2085 4951">
    <p class='ocr_par' dir='ltr' id='par_1_109' title="bbox 1890 4896 2085 4951">
     <span class='ocr_line' id='line_1_109' title="bbox 1890 4896 2085 4951; baseline -0.01 0"><span class='ocrx_word' id='word_1_757' title='bbox 1890 4896 2085 4951; x_wconf 88' lang='lat' dir='ltr'><strong>denus.</strong></span> 
     </span>
    </p>
   </div>
   <div class='ocr_carea' id='block_1_110' title="bbox 1961 5004 3469 5079">
    <p class='ocr_par' dir='ltr' id='par_1_110' title="bbox 1961 5004 3469 5079">
     <span class='ocr_line' id='line_1_110' title="bbox 1961 5004 3469 5079; baseline 0.006 -19"><span class='ocrx_word' id='word_1_758' title='bbox 1961 5004 2229 5061; x_wconf 84' lang='lat' dir='ltr'><strong>Praeterea</strong></span> <span class='ocrx_word' id='word_1_759' title='bbox 2263 5014 2482 5063; x_wconf 88' lang='lat' dir='ltr'><strong>constat</strong></span> <span class='ocrx_word' id='word_1_760' title='bbox 2523 5023 2593 5064; x_wconf 81' lang='lat' dir='ltr'><strong>ex</strong></span> <span class='ocrx_word' id='word_1_761' title='bbox 2640 5006 2871 5079; x_wconf 90' lang='lat' dir='ltr'><strong>epistola</strong></span> <span class='ocrx_word' id='word_1_762' title='bbox 2903 5009 3200 5067; x_wconf 83' lang='lat' dir='ltr'><strong>Alexandri</strong></span> <span class='ocrx_word' id='word_1_763' title='bbox 3230 5012 3469 5069; x_wconf 84' lang='lat' dir='ltr'><strong>Alexan-</strong></span> 
     </span>
    </p>
   </div>
   <div class='ocr_carea' id='block_1_111' title="bbox 1890 5099 3467 5173">
    <p class='ocr_par' dir='ltr' id='par_1_111' title="bbox 1890 5099 3467 5173">
     <span class='ocr_line' id='line_1_111' title="bbox 1890 5099 3467 5173; baseline 0.004 -18"><span class='ocrx_word' id='word_1_764' title='bbox 1890 5099 2025 5155; x_wconf 67' lang='lat' dir='ltr'><strong>driae</strong></span> <span class='ocrx_word' id='word_1_765' title='bbox 2058 5099 2337 5170; x_wconf 91' lang='lat' dir='ltr'><strong>episcopi,</strong></span> <span class='ocrx_word' id='word_1_766' title='bbox 2369 5108 2495 5156; x_wconf 85' lang='lat' dir='ltr'><strong>ante</strong></span> <span class='ocrx_word' id='word_1_767' title='bbox 2523 5100 2816 5157; x_wconf 86' lang='lat' dir='ltr'><strong>concilium</strong></span> <span class='ocrx_word' id='word_1_768' title='bbox 2860 5100 3141 5159; x_wconf 65' lang='lat' dir='ltr'><strong>Nicmnum</strong></span> <span class='ocrx_word' id='word_1_769' title='bbox 3173 5120 3312 5173; x_wconf 90' lang='lat' dir='ltr'><strong>pene</strong></span> <span class='ocrx_word' id='word_1_770' title='bbox 3338 5121 3467 5161; x_wconf 83' lang='lat' dir='ltr'><strong>cen—</strong></span> 
     </span>
    </p>
   </div>
   <div class='ocr_carea' id='block_1_112' title="bbox 1889 5190 3463 5265">
    <p class='ocr_par' dir='ltr' id='par_1_112' title="bbox 1889 5190 3463 5265">
     <span class='ocr_line' id='line_1_112' title="bbox 1889 5190 3463 5265; baseline 0.006 -20"><span class='ocrx_word' id='word_1_771' title='bbox 1889 5200 2007 5246; x_wconf 90' lang='lat' dir='ltr'><strong>tum</strong></span> <span class='ocrx_word' id='word_1_772' title='bbox 2039 5191 2328 5263; x_wconf 90' lang='lat' dir='ltr'><strong>episcopos</strong></span> <span class='ocrx_word' id='word_1_773' title='bbox 2352 5192 2570 5265; x_wconf 66' lang='lat' dir='ltr'><strong>ngypti</strong></span> <span class='ocrx_word' id='word_1_774' title='bbox 2597 5190 2945 5251; x_wconf 87' lang='lat' dir='ltr'><strong>consensisse</strong></span> <span class='ocrx_word' id='word_1_775' title='bbox 2970 5196 3022 5250; x_wconf 94' lang='lat' dir='ltr'><strong>in</strong></span> <span class='ocrx_word' id='word_1_776' title='bbox 3056 5198 3463 5253; x_wconf 84' lang='lat' dir='ltr'><strong>condemnatio-</strong></span> 
     </span>
    </p>
   </div>
   <div class='ocr_carea' id='block_1_113' title="bbox 1889 5282 3470 5355">
    <p class='ocr_par' dir='ltr' id='par_1_113' title="bbox 1889 5282 3470 5355">
     <span class='ocr_line' id='line_1_113' title="bbox 1889 5282 3470 5355; baseline 0.004 -19"><span class='ocrx_word' id='word_1_777' title='bbox 1889 5297 2013 5337; x_wconf 87' lang='lat' dir='ltr'><strong>nem</strong></span> <span class='ocrx_word' id='word_1_778' title='bbox 2053 5282 2169 5336; x_wconf 85' lang='lat' dir='ltr'><strong>Arii</strong></span> <span class='ocrx_word' id='word_1_779' title='bbox 2195 5290 2248 5337; x_wconf 88' lang='lat' dir='ltr'><strong>ct</strong></span> <span class='ocrx_word' id='word_1_780' title='bbox 2271 5282 2581 5352; x_wconf 89' lang='lat' dir='ltr'><strong>aliquorum</strong></span> <span class='ocrx_word' id='word_1_781' title='bbox 2610 5283 2779 5349; x_wconf 89' lang='lat' dir='ltr'><strong>etiam</strong></span> <span class='ocrx_word' id='word_1_782' title='bbox 2803 5285 3210 5355; x_wconf 90' lang='lat' dir='ltr'><strong>episcoporum.</strong></span> <span class='ocrx_word' id='word_1_783' title='bbox 3238 5286 3470 5342; x_wconf 80' lang='lat' dir='ltr'><strong>Constat</strong></span> 
     </span>
    </p>
   </div>
   <div class='ocr_carea' id='block_1_114' title="bbox 1889 5373 3466 5446">
    <p class='ocr_par' dir='ltr' id='par_1_114' title="bbox 1889 5373 3466 5446">
     <span class='ocr_line' id='line_1_114' title="bbox 1889 5373 3466 5446; baseline 0.005 -18"><span class='ocrx_word' id='word_1_784' title='bbox 1889 5374 2076 5440; x_wconf 81' lang='lat' dir='ltr'><strong>etiam,</strong></span> <span class='ocrx_word' id='word_1_785' title='bbox 2115 5389 2395 5443; x_wconf 86' lang='lat' dir='ltr'><strong>nunquam</strong></span> <span class='ocrx_word' id='word_1_786' title='bbox 2421 5373 2537 5429; x_wconf 83' lang='lat' dir='ltr'><strong>ﬁeri</strong></span> <span class='ocrx_word' id='word_1_787' title='bbox 2563 5375 2898 5430; x_wconf 88' lang='lat' dir='ltr'><strong>mentionem</strong></span> <span class='ocrx_word' id='word_1_788' title='bbox 2935 5377 3255 5446; x_wconf 89' lang='lat' dir='ltr'><strong>pauciorum</strong></span> <span class='ocrx_word' id='word_1_789' title='bbox 3292 5379 3344 5432; x_wconf 89' lang='lat' dir='ltr'><strong>in</strong></span> <span class='ocrx_word' id='word_1_790' title='bbox 3372 5380 3466 5436; x_wconf 87' lang='lat' dir='ltr'><strong>illa</strong></span> 
     </span>
    </p>
   </div>
   <div class='ocr_carea' id='block_1_115' title="bbox 1889 5462 3469 5532">
    <p class='ocr_par' dir='ltr' id='par_1_115' title="bbox 1889 5462 3469 5532">
     <span class='ocr_line' id='line_1_115' title="bbox 1889 5462 3469 5532; baseline 0.001 -14"><span class='ocrx_word' id='word_1_791' title='bbox 1889 5463 2116 5519; x_wconf 77' lang='lat' dir='ltr'><strong>ditecesi</strong></span> <span class='ocrx_word' id='word_1_792' title='bbox 2146 5462 2531 5531; x_wconf 89' lang='lat' dir='ltr'><strong>episcoporum</strong></span> <span class='ocrx_word' id='word_1_793' title='bbox 2558 5462 2834 5531; x_wconf 87' lang='lat' dir='ltr'><strong>prioribus</strong></span> <span class='ocrx_word' id='word_1_794' title='bbox 2867 5463 3228 5532; x_wconf 85' lang='lat' dir='ltr'><strong>temporibus.</strong></span> <span class='ocrx_word' id='word_1_795' title='bbox 3256 5464 3469 5520; x_wconf 61' lang='lat' dir='ltr'><strong>Verisi-</strong></span> 
     </span>
    </p>
   </div>
   <div class='ocr_carea' id='block_1_116' title="bbox 1889 5553 3467 5625">
    <p class='ocr_par' dir='ltr' id='par_1_116' title="bbox 1889 5553 3467 5625">
     <span class='ocr_line' id='line_1_116' title="bbox 1889 5553 3467 5625; baseline 0.001 -15"><span class='ocrx_word' id='word_1_796' title='bbox 1889 5556 2181 5610; x_wconf 88' lang='lat' dir='ltr'><strong>millimnm</strong></span> <span class='ocrx_word' id='word_1_797' title='bbox 2236 5553 2402 5624; x_wconf 83' lang='lat' dir='ltr'><strong>igitur</strong></span> <span class='ocrx_word' id='word_1_798' title='bbox 2458 5562 2580 5620; x_wconf 90' lang='lat' dir='ltr'><strong>est,</strong></span> <span class='ocrx_word' id='word_1_799' title='bbox 2636 5569 2745 5608; x_wconf 89' lang='lat' dir='ltr'><strong>non</strong></span> <span class='ocrx_word' id='word_1_800' title='bbox 2771 5553 2943 5609; x_wconf 90' lang='lat' dir='ltr'><strong>multo</strong></span> <span class='ocrx_word' id='word_1_801' title='bbox 2997 5556 3287 5625; x_wconf 88' lang='lat' dir='ltr'><strong>pauciores</strong></span> <span class='ocrx_word' id='word_1_802' title='bbox 3334 5557 3467 5611; x_wconf 89' lang='lat' dir='ltr'><strong>olim</strong></span> 
     </span>
    </p>
   </div>
   <div class='ocr_carea' id='block_1_117' title="bbox 1890 5644 3466 5717">
    <p class='ocr_par' dir='ltr' id='par_1_117' title="bbox 1890 5644 3466 5717">
     <span class='ocr_line' id='line_1_117' title="bbox 1890 5644 3466 5717; baseline 0.001 -15"><span class='ocrx_word' id='word_1_803' title='bbox 1890 5648 2081 5704; x_wconf 80' lang='lat' dir='ltr'><strong>fuisse.</strong></span> <span class='ocrx_word' id='word_1_804' title='bbox 2122 5644 2195 5701; x_wconf 90' lang='lat' dir='ltr'><strong>Ut</strong></span> <span class='ocrx_word' id='word_1_805' title='bbox 2221 5646 2288 5701; x_wconf 90' lang='lat' dir='ltr'><strong>ad</strong></span> <span class='ocrx_word' id='word_1_806' title='bbox 2312 5661 2374 5701; x_wconf 87' lang='lat' dir='ltr'><strong>ea</strong></span> <span class='ocrx_word' id='word_1_807' title='bbox 2396 5654 2646 5715; x_wconf 90' lang='lat' dir='ltr'><strong>tempora</strong></span> <span class='ocrx_word' id='word_1_808' title='bbox 2690 5648 2919 5716; x_wconf 87' lang='lat' dir='ltr'><strong>propius</strong></span> <span class='ocrx_word' id='word_1_809' title='bbox 2961 5649 3310 5713; x_wconf 79' lang='lat' dir='ltr'><strong>accedamus,</strong></span> <span class='ocrx_word' id='word_1_810' title='bbox 3341 5664 3466 5717; x_wconf 67' lang='lat' dir='ltr'><strong>quae</strong></span> 
     </span>
    </p>
   </div>
   <div class='ocr_carea' id='block_1_118' title="bbox 1888 5735 3567 5810">
    <p class='ocr_par' dir='ltr' id='par_1_118' title="bbox 1888 5735 3567 5810">
     <span class='ocr_line' id='line_1_118' title="bbox 1888 5735 3567 5810; baseline -0.002 -17"><span class='ocrx_word' id='word_1_811' title='bbox 1888 5738 2190 5810; x_wconf 82' lang='lat' dir='ltr'><strong>Eutychius</strong></span> <span class='ocrx_word' id='word_1_812' title='bbox 2221 5735 2504 5808; x_wconf 87' lang='lat' dir='ltr'><strong>indigitat:</strong></span> <span class='ocrx_word' id='word_1_813' title='bbox 2534 5736 2826 5809; x_wconf 81' lang='lat' dir='ltr'><strong>Dionysius</strong></span> <span class='ocrx_word' id='word_1_814' title='bbox 2853 5739 2946 5808; x_wconf 87' lang='lat' dir='ltr'><strong>qui</strong></span> <span class='ocrx_word' id='word_1_815' title='bbox 2974 5737 3212 5794; x_wconf 68' lang='lat' dir='ltr'><strong>lleraclae</strong></span> <span class='ocrx_word' id='word_1_816' title='bbox 3242 5755 3467 5794; x_wconf 68' lang='lat' dir='ltr'><strong>succos-</strong></span> <span class='ocrx_word' id='word_1_817' title='bbox 3555 5770 3567 5779; x_wconf 83' lang='lat'><em>-</em></span> 
     </span>
    </p>
   </div>
   <div class='ocr_carea' id='block_1_119' title="bbox 1891 5829 3467 5903">
    <p class='ocr_par' dir='ltr' id='par_1_119' title="bbox 1891 5829 3467 5903">
     <span class='ocr_line' id='line_1_119' title="bbox 1891 5829 3467 5903; baseline -0.006 -14"><span class='ocrx_word' id='word_1_818' title='bbox 1891 5834 1959 5889; x_wconf 88' lang='lat' dir='ltr'><strong>sit</strong></span> <span class='ocrx_word' id='word_1_819' title='bbox 1988 5832 2181 5903; x_wconf 87' lang='lat' dir='ltr'><strong>quinto</strong></span> <span class='ocrx_word' id='word_1_820' title='bbox 2210 5830 2559 5901; x_wconf 88' lang='lat' dir='ltr'><strong>imperatoris</strong></span> <span class='ocrx_word' id='word_1_821' title='bbox 2590 5829 2847 5901; x_wconf 83' lang='lat' dir='ltr'><strong>Philippi,</strong></span> <span class='ocrx_word' id='word_1_822' title='bbox 2873 5846 2965 5887; x_wconf 81' lang='lat' dir='ltr'><strong>sex</strong></span> <span class='ocrx_word' id='word_1_823' title='bbox 2993 5831 3153 5887; x_wconf 84' lang='lat' dir='ltr'><strong>annis</strong></span> <span class='ocrx_word' id='word_1_824' title='bbox 3184 5839 3307 5886; x_wconf 78' lang='lat' dir='ltr'><strong>ante</strong></span> <span class='ocrx_word' id='word_1_825' title='bbox 3341 5830 3467 5884; x_wconf 70' lang='grc' dir='ltr'><strong>0τὶ-</strong></span> 
     </span>
    </p>
   </div>
  </div>
