4078 6392
537 363 640 425 959

1536 360 1594 416 S.
1638 360 1916 417 lGNATlU
1928 359 1985 415 S.
2019 388 2091 401 —
2110 355 2661 413 :PROLEGOMENA.

3679 352 3784 406 2ιο

533 488 685 560 genis
722 495 977 550 mortem,
1014 484 1101 540 cui
1127 490 1182 538 et
1211 481 1447 538 maxime
1480 480 1631 548 l'avit,
1658 482 1797 536 nihil
1819 482 1885 536 de
1909 480 2102 535 Deme-
2132 489 2174 540 Α
2206 488 2308 531 tem
2351 494 2445 546 pro
2490 494 2545 530 se
2584 477 2885 545 episcopum
2930 475 3271 530 Alexandriae
3315 474 3583 526 Auianum
3612 486 3632 523 :
3660 471 3785 525 aliis

532 581 625 635 trii
654 588 748 633 aut
771 578 1012 632 Heracla:
1033 576 1339 631 auxiliariis
1364 575 1532 640 dixit;
1560 574 1627 629 de
1650 574 1817 627 variis
1837 573 2104 643 episcopis

533 669 799 740 loquitur,
840 683 947 722 non
988 677 1246 737 tanquam
1284 666 1463 733 novis,
1505 666 1599 720 sed
1645 674 1704 719 ut
1744 665 1836 719 alii
1878 665 1944 718 de
1990 665 2104 719 suis

532 762 712 817 solent
741 762 795 817 in
824 761 1061 830 propriis
1085 759 1435 814 dimccsibns.
1472 758 1702 826 Scripsit
1727 758 1794 811 ad
1823 756 2102 811 Cononem

533 852 1038 925 Ilermopolitanum
1081 852 1421 921 epiSt-Opum,
1466 852 1532 905 ad
1574 850 1855 906 Hieracem
1894 850 2104 919 episco-

530 966 661 1021 pum
688 947 1091 1019 Egyptiacum,
1125 945 1191 999 ad
1228 944 1550 998 Ammonem
1580 944 1867 999 Berenices
1895 943 2106 1012 episco-

529 1058 685 1113 pu-m,
726 1041 794 1096 ad
833 1038 1125 1093 Basilidem
1169 1036 1645 1106 Pentapolitanum
1686 1036 2026 1105 episcopum,
2053 1043 2107 1089 et

531 1136 688 1191 alios.
725 1133 840 1189 Sub
876 1132 1024 1187 illius
1050 1129 1371 1199 pontiﬁcatu
1413 1132 1469 1182 ἐν
1504 1130 1834 1182 Πενταπόλει
1868 1132 1968 1201 τῆς
1994 1131 2105 1185 ἄνω

530 1224 739 1296 Λιϐύης
765 1222 1069 1293 τηνικαῦτά
1109 1239 1253 1285 τινες
1299 1220 1407 1273 τῶν
1452 1222 1762 1274 ἐπισκόπων
1802 1222 2104 1293 ἐφρόνησαν

529 1318 599 1371 τὰ
644 1316 967 1378 Σαϐελλίου,
1010 1314 1234 1383 quidam
1283 1314 1666 1383 episcoporum
1723 1313 1776 1367 in
1822 1313 2104 1384 Pentapoli

533 1408 753 1463 Sabellii
782 1407 1106 1462 sententiam
1152 1406 1644 1474 amplectebantur,
1674 1406 1893 1475 quidam
1923 1416 2104 1461 autem

530 1499 819 1556 orthodoxi
864 1513 988 1553 eum
1028 1514 1216 1554 coram
1266 1498 1526 1569 Dionysio
1577 1498 1826 1552 Romano
1874 1512 2102 1552 accusa-

530 1592 662 1645 bant
691 1608 703 1644 :
733 1599 891 1645 erant
920 1590 1086 1661 igitur
1119 1602 1249 1645 tunc
1277 1592 1542 1660 temporis
1577 1590 1631 1644 in
1672 1590 1953 1661 Pentapoli
1990 1592 2105 1660 epi-

529 1682 681 1752 scopi
716 1682 1060 1752 complures,
1107 1698 1284 1752 neque
1327 1683 1643 1750 pauciores,
1680 1684 1894 1752 opinor,
1938 1700 2104 1752 quam

534 1774 735 1829 ibidem
774 1774 919 1829 circa
965 1773 1260 1828 Alexandri
1307 1780 1552 1842 tempora
1588 1774 1931 1829 exstiterunt.
1966 1772 2103 1827 Nam

2210 587 2412 640 quoque
2441 569 2693 623 Ecclesiis
2717 568 2867 636 longe
2901 569 3105 638 lateque
3125 571 3412 637 episcopos,
3436 566 3785 635 presbyteros,

2206 663 2454 714 diaconos
2471 660 2707 713 dederat.
2736 660 2790 713 In
2827 659 3132 731 Synaxario
3165 660 3352 713 Grmco
3373 658 3431 712 S.
3453 657 3669 711 Marcus
3692 656 3789 710 dc-

2206 753 2466 807 scribitur
2542 752 2814 823 πανταχοῦ
2850 752 3299 823 θαυματουργῶν,
3327 752 3418 805 καὶ
3434 753 3532 814 τὰς
3549 747 3785 821 Χριστοῦ

2205 846 2497 917 ἐκκλησίας
2510 846 2871 916 κατακοσμῶν
2887 846 3239 918 χειροτονίαις
3252 846 3560 898 ἐπισκόπων
3575 844 3786 898 καὶτῶν

2205 936 2403 989 λοιπῶν
2436 936 2729 1006 κληρικῶν.
2751 934 3087 1005 Nicephorus
3132 936 3502 991 Callistuslib.
3526 935 3785 1002 n,c.45:

2208 1030 2295 1081 'Ev
2313 1030 2538 1102 Κυρήνῃ
2558 1045 2615 1080 τε
2639 1029 2731 1081 καὶ
2755 1030 3085 1082 Πενταπόλει
3100 1029 3269 1082 πολλὰ
3291 1030 3385 1083 καὶ
3406 1029 3607 1099 ἄπειρα
3624 1030 3790 1100 ἐργα-

2208 1118 2439 1189 σάμενος
2461 1162 2476 1186 ,
2511 1120 2605 1172 καὶ
2639 1121 2935 1190 ἐκκλησίας
2963 1122 3390 1192 ἀνοικοδομήσας
3413 1162 3428 1186 ,
3463 1125 3697 1197 κλήρους
3727 1142 3789 1178 τε

2206 1214 2298 1265 καὶ
2332 1213 2663 1276 ἐπισκόπους
2692 1214 2784 1267 καὶ
2824 1215 2993 1268 τᾶλλα
3020 1215 3406 1286 προσηκόντως
3437 1216 3791 1290 διενεργήσας

2206 1305 2283 1365 εἰς
2314 1303 2411 1373 τὴν
2460 1304 2863 1375 Ἀλεξάνδρειαν
2900 1305 3063 1358 πάλιν
3096 1307 3393 1361 ἐπάνεισιν.
3432 1307 3559 1364 Haec
3591 1311 3787 1365 Graeci.

2211 1394 2329 1449 Vita
2380 1395 2436 1448 S.
2488 1394 2655 1449 Marci
2706 1411 2772 1449 ex
2824 1397 3212 1465 antiquissimo
3262 1400 3454 1454 codice
3508 1410 3634 1457 ante
3685 1403 3790 1456 l00

2206 1500 2384 1541 annos
2427 1486 2699 1555 descripta
2734 1504 2746 1540 :
2780 1486 2978 1540 Beatus
3017 1499 3194 1541 autem
3235 1488 3452 1544 Marcus
3485 1492 3787 1546 Anizanum

2205 1578 2545 1632 Alexandria:
2571 1579 2839 1632 ordinavit
2866 1583 3188 1651 episcopum,
3226 1592 3273 1635 et
3300 1592 3403 1637 tres
3435 1585 3787 1655 presbyteros,

2205 1672 2261 1723 id
2284 1681 2361 1725 est
2381 1672 2619 1739 Metium,
2649 1674 2907 1728 Sabinum
2942 1684 2991 1728 et
3034 1674 3345 1739 Cerdonem,
3375 1688 3423 1731 et
3449 1688 3642 1746 septem
3668 1680 3790 1732 a'ta-

2206 1778 2385 1828 conos,
2410 1772 2458 1817 et
2480 1765 2617 1819 alios
2640 1767 2881 1819 undecim
2906 1767 2974 1819 ad
2997 1767 3411 1821 ecclesiasticum
3434 1771 3789 1824 ministerium

528 1881 654 1921 cum
678 1874 868 1936 postea
897 1866 1194 1920 palmbisca
1231 1874 1285 1919 ει
1318 1835 1537 1937 Hydra):
1560 1906 1575 1932 ,
1605 1865 1711 1920 vici
1751 1864 2062 1936 Pentapolis
2084 1908 2099 1932 ,
2135 1835 2178 1890 Β
2206 1856 2547 1924 pertinentes.
2607 1857 2675 1910 Et
2703 1858 3038 1928 Pentapolim
3067 1862 3254 1930 pergit.
3278 1900 3292 1915 .
3315 1901 3329 1915 .
3353 1902 3365 1914 .
3385 1902 3399 1915 .
3444 1872 3495 1915 et
3533 1865 3790 1919 ordinans

528 1958 635 2015 sibi
661 1959 914 2029 proprios
952 1959 1240 2028 episcopos
1268 1958 1383 2013 ﬁeri
1414 1967 1721 2022 curassent,
1752 1960 1821 2012 ab
1847 1960 2103 2016 omnibus

529 2048 761 2120 Synesio
809 2050 1179 2104 renuntiatum
1228 2057 1312 2103 est
1357 2053 1586 2119 πάτριον
1631 2047 1767 2102 εἶναι
1826 2050 1919 2103 καὶ
1970 2052 2103 2103 ἀπο-

528 2140 771 2194 στολικὸν
816 2140 1189 2212 Ἐρυθρίτιδας
1229 2137 1365 2193 εἶναι
1401 2141 1495 2194 καὶ
1531 2141 1735 2205 ταύτας
1766 2141 1867 2204 τὰς
1906 2142 2105 2214 ἐκκλη-

528 2232 681 2298 σίας,
724 2248 789 2287 ex
828 2235 1006 2302 patria
1055 2243 1104 2287 et
1156 2232 1450 2301 apostolica
1494 2234 1827 2287 ordinatione
1870 2233 2103 2303 Erythro

525 2323 854 2377 contributas
903 2339 1013 2377 esse
1046 2327 1141 2376 has
1179 2322 1466 2389 Ecclesias,
1500 2321 1760 2394 Erythraei
1790 2324 1956 2394 igitur
1990 2325 2105 2394 epi-

526 2417 678 2486 scopi
723 2415 1160 2485 jurisdictionem
1219 2415 1517 2470 secundum
1576 2431 1781 2470 morem
1847 2416 2105 2471 Ecclesiae

527 2507 864 2579 Egyptiaca:
911 2507 977 2587 ad
1033 2508 1331 2576 apostolica
1372 2516 1616 2577 tempora
1659 2508 1993 2564 referebant.
2037 2510 2106 2565 Et

525 2598 773 2655 Siderius
806 2596 1114 2652 Palsebisete
1148 2598 1436 2668 episcopus
1457 2640 1472 2664 ,
1524 2600 1729 2654 nemini
1781 2604 2101 2669 succedens,

526 2694 647 2748 sine
668 2703 989 2745 successore
1006 2697 1256 2743 mortuus
1282 2698 1397 2756 est;
1425 2706 1551 2743 nam
1576 2692 1795 2746 decreto
1814 2691 2101 2763 Theophili

527 2780 772 2850 episcopi
810 2778 1168 2834 Alexandrini
1210 2796 1224 2833 :
1273 2780 1615 2834 Παλαίδισκα
1656 2783 1750 2835 καὶ
1784 2783 1987 2854 Ὕδραξ
2024 2788 2105 2850 εἰς

524 2871 624 2943 τὴν
652 2868 883 2942 ἀρχαίαν
912 2867 1065 2932 τάξιν
1093 2868 1417 2940 ἐτάχθησαν,
1444 2870 1535 2923 καὶ
1576 2872 1712 2942 πρὸς
1742 2872 1803 2924 τὸ
1849 2874 2104 2947 Ἐρυθρὸν

527 2962 930 3035 ἀνελήφθησαν,
961 2960 1266 3016 Palwbisca
1292 2972 1342 3015 et
1377 2961 1604 3031 Hydram
1630 2965 1685 3017 in
1721 2966 1995 3035 antiquum
2019 2983 2106 3019 or-

527 3056 705 3109 dinem
741 3054 992 3119 redacta,
1029 3062 1077 3106 et
1108 3052 1340 3122 Erythro
1379 3054 1712 3109 contributae.
1755 3055 1900 3110 Idem
1937 3060 2101 3112 etiam

527 3144 821 3218 Dionysius
867 3153 1076 3207 narrat,
1128 3144 1539 3199 Chaeremonem
1587 3145 1905 3215 episcopum
1954 3145 2095 3213 Nili,
2127 3174 2168 3230 ρ

525 3238 855 3310 ὑπεργήρων
904 3246 1140 3290 extrema
1180 3246 1475 3302 senectute,
1524 3246 1676 3291 mota
1722 3238 2101 3306 persecutione

524 3328 581 3383 in
608 3327 868 3381 Arabiam
892 3341 1017 3382 eum
1049 3325 1283 3395 conjuge
1306 3340 1407 3379 sua
1435 3326 1766 3391 secessisse;
1795 3341 1957 3395 quem
1982 3342 2102 3381 cre-

524 3420 693 3476 dibile
717 3428 802 3475 est
827 3419 1012 3475 sedem
1047 3433 1167 3473 eam
1204 3417 1447 3472 tenuisse
1478 3427 1769 3487 antequam
1795 3418 2099 3474 Demetrius

524 3511 847 3568 auxiliarios
887 3511 1151 3565 adversus
1196 3507 1489 3579 Origenem
1534 3510 1640 3563 sibi
1682 3509 1952 3579 adjunxit.
1986 3510 2099 3565 lino

523 3600 664 3656 duos
708 3600 881 3654 libros
927 3598 1004 3652 De
1045 3600 1481 3667 promissionibus
1525 3599 1747 3668 scripsit
1789 3611 2099 3656 commotus

523 3693 668 3749 libro
713 3691 935 3763 Nepotis
987 3690 1229 3763 Egyptii
1282 3691 1674 3762 episcopi,qui
1706 3692 2097 3748 Chiliastarum

522 3784 831 3839 doctrinam
874 3784 1353 3854 promulgaverat,
1389 3792 1443 3838 et
1472 3783 1798 3855 jampridem
1844 3794 2098 3841 mortuus

524 3875 726 3931 fuerat.
757 3873 936 3944 Nepos
964 3874 1055 3929 hic
1075 3876 1296 3945 reliquit
1314 3876 1704 3941 Psalmodiam,
1795 3877 1954 3949 μέχρι
1978 3878 2094 3943 νῦν,

524 3966 702 4036 inquit
731 3965 1024 4035 Dionysius
1063 3968 1206 4036 apud
1241 3966 1442 4023 Euseb.
1485 3968 1522 4021 l.
1554 3984 1651 4035 vn,
1675 3985 1727 4024 c.
1769 3968 1873 4035 25,
1914 3970 2098 4022 πολλοὶ

522 4059 631 4111 τῶν
663 4057 909 4126 ἀδελφῶν
958 4057 1342 4128 εὐθυμοῦνται.
1385 4057 1519 4114 illud
1551 4070 1731 4115 autem
1780 4062 1940 4132 μέχρι
1978 4062 2095 4127 νῦν,

524 4165 688 4219 usque
712 4150 781 4202 ad
816 4149 911 4201 hoc
946 4158 1170 4217 tempus,
1195 4166 1303 4203 non
1336 4151 1534 4205 modici
1557 4153 1821 4221 temporis
1845 4153 2100 4208 interval-

523 4240 640 4293 lum
674 4247 849 4294 notat.
878 4239 1023 4293 Idem
1054 4255 1291 4295 rursus:
1323 4239 1457 4294 Cum
1493 4242 1551 4295 in
1587 4243 1917 4296 Arsinoitica
1957 4260 2097 4311 pra:-

525 4330 733 4399 fectura
768 4345 961 4396 essem,
995 4328 1120 4382 ἔνθα
1156 4329 1263 4400 πρὸ
1295 4328 1490 4382 πολλοῦ
1521 4330 1680 4383 τοῦτο
1712 4330 2013 4395 ἐπεπόλαζε
2038 4332 2099 4385 τὸ

522 4423 721 4493 δόγμα,
752 4423 807 4475 in
832 4438 937 4493 qua
960 4422 1282 4491 jampridem
1320 4423 1576 4476 increbuit
1604 4422 1713 4475 ltth
1748 4423 1924 4491 opinio
1954 4439 1972 4476 :
2006 4422 2097 4476 ubi

2203 1950 2473 2019 episcopos
2497 1967 2589 2019 per
2612 1952 2845 2021 regiones
2863 1952 2984 2005 illas
3007 1962 3055 2005 et
3078 1953 3318 2020 clericos,
3343 1955 3535 2007 iterum
3552 1956 3785 2010 Alexan-

2204 2041 2382 2092 driam
2412 2043 2570 2095 venit.
2658 2042 2918 2097 Rabanus
2957 2043 3181 2098 Maurus
3211 2046 3399 2099 eadem
3444 2062 3568 2100 cum
3620 2048 3790 2103 Meta-

2204 2134 2425 2204 phraste
2457 2136 2643 2201 tradit,
2670 2144 2729 2189 ut
2757 2144 2811 2189 et
2838 2134 3131 2203 Notkerus,
3169 2148 3224 2190 et
3265 2137 3506 2193 Alfricus
3538 2140 3784 2195 Cantua-

2204 2228 2404 2281 riensis
2431 2228 2743 2297 episcopus,
2769 2238 2823 2283 et
2852 2228 3146 2284 0rdericus
3167 2228 3381 2283 Vitalis.
3412 2229 3554 2285 Inter
3577 2233 3788 2288 Aralzas

2204 2315 2655 2388 Martyrologium
2701 2317 3124 2372 Melchitarum:
3172 2318 3505 2389 Aliquaudiu
3548 2334 3785 2377 moratus

2205 2418 2281 2461 est
2341 2410 2551 2465 Marcus
2592 2410 2647 2463 in
2696 2410 2822 2464 urbe
2863 2410 3062 2481 Cyrene
3114 2410 3519 2481 Cyrenazorum,
3564 2416 3785 2485 indeque

2204 2500 2591 2553 Alexandriam
2635 2516 2753 2569 qua:
2795 2503 2935 2570 apud
2965 2500 3205 2555 Pharum
3231 2514 3330 2566 est,
3361 2508 3591 2573 perrexit
3618 2522 3636 2558 :
3665 2508 3787 2561 dein

2204 2590 2259 2642 in
2285 2588 2517 2643 Baream
2553 2592 2819 2660 profectus
2845 2604 2955 2655 est,
2986 2592 3255 2663 multaque
3292 2596 3459 2649 edidit
3503 2597 3786 2666 miracula,

2203 2690 2251 2734 et
2284 2682 2483 2735 Christi
2522 2682 2771 2736 ecclesias
2809 2688 3104 2747 exornavit,
3136 2686 3462 2739 constituens
3486 2688 3560 2741 eis
3583 2690 3785 2756 episco-

2203 2790 2319 2843 pos,
2362 2784 2520 2843 atque
2559 2774 2641 2829 his
2676 2776 2952 2845 inferiores
2984 2777 3302 2831 sacerdotes.
3344 2776 3413 2831 Et
3444 2778 3679 2834 Severus
3708 2780 3786 2835 De

2216 2864 2349 2919 Vitis
2404 2866 2835 2933 patriarcharum
2894 2867 3382 2921 Alexandrinorum
3426 2887 3444 2924 :
3497 2870 3618 2939 Ipse
3668 2888 3785 2925 vero

2204 2956 2471 3010 discedens
2504 2956 2821 3027 Pentapolin
2862 2960 3127 3027 perrexit,
3162 2960 3456 3029 mansitque
3500 2961 3573 3013 ibi
3617 2978 3785 3015 annos

2205 3049 2359 3113 duos,
2388 3050 2713 3103 annuntians
2743 3060 2792 3104 et
2824 3051 3079 3103 ordinans
3113 3051 3403 3120 episcopos,
3432 3052 3782 3121 presbyteros,

2204 3152 2251 3195 et
2279 3143 2529 3195 diaconos
2556 3144 2613 3196 in
2634 3144 2873 3197 omnibus
2910 3145 3023 3213 ejus
3060 3145 3365 3213 provinciis.
3399 3144 3468 3197 Ut
3492 3146 3673 3200 videre
3703 3155 3787 3201 est

2204 3235 2347 3303 apud
2376 3234 2800 3290 Ecchellensem.
2835 3234 3054 3289 Nullum
3087 3236 3251 3305 igitur
3282 3236 3636 3307 Eutychianee
3661 3247 3777 3291 tra-

2201 3324 2424 3379 ditionis
2455 3324 2871 3379 fundamentum
2896 3335 2996 3379 est.

2272 3416 2601 3486 Respondco
2630 3428 2850 3487 quarto,
2886 3435 2952 3473 ne
2983 3418 3305 3490 Eutychium
3346 3420 3563 3489 quidem
3605 3421 3784 3490 ipsum

2202 3507 2345 3562 hanc
2371 3508 2712 3562 historiolam
2754 3518 3015 3577 tanquam
3047 3511 3391 3565 traditionem
3420 3528 3449 3565 a
3482 3510 3785 3581 majoribus

2202 3607 2480 3667 acceptam
2516 3597 2738 3664 referre,
2770 3600 2862 3654 sed
2902 3601 3046 3653 velut
3078 3601 3398 3669 quaestioois
3438 3601 3657 3655 Criticte
3686 3612 3783 3656 aut

2200 3688 2569 3759 Philologicac,
2599 3690 2742 3759 apud
2770 3690 2979 3745 Arabas
3012 3692 3095 3745 sui
3133 3694 3394 3761 temporis
3424 3693 3658 3760 agitatae,
3692 3708 3783 3747 so-

2202 3780 2463 3836 lutionem
2495 3782 2548 3834 in
2578 3782 2840 3835 honorem
2883 3781 3141 3838 Ecclesia:
3164 3799 3277 3838 sua:
3311 3783 3529 3838 factam.
3571 3786 3782 3839 Arabes

2202 3875 2347 3928 enim
2378 3876 2660 3943 putabant,
2698 3884 2793 3929 aut
2824 3876 3003 3944 putari
3028 3876 3340 3939 voluerunt,
3374 3892 3574 3931 nomen
3604 3893 3778 3947 papae,

2203 3981 2302 4020 sua
2335 3976 2490 4020 :ntate
2514 3968 2753 4037 pontiﬁci
2780 3966 3029 4021 Romano
3057 3969 3403 4036 peculiariter
3432 3970 3776 4036 attributum,

2204 4058 2381 4127 primo
2417 4057 2587 4113 fuisse
2624 4058 3011 4113 Alexandrinis
3052 4059 3325 4128 episcopis
3381 4060 3601 4125 datum,
3647 4070 3701 4115 et
3748 4078 3779 4115 a

2202 4150 2404 4218 populo
2437 4148 2759 4219 Egyptiaeo
2786 4160 3132 4220 usurpatum,
3167 4161 3223 4205 et
3252 4151 3320 4205 ab
3356 4152 3463 4205 illis
3485 4153 3551 4205 ad
3576 4151 3780 4207 Roma-

2203 4255 2304 4295 nos
2337 4242 2621 4309 pontiﬁces
2643 4242 2983 4305 devolutum,
3023 4253 3079 4297 ut
3113 4246 3337 4299 tradunt
3373 4245 3638 4316 Georgius
3669 4244 3779 4298 Ho-

2204 4332 2441 4386 maidius
2491 4342 2544 4387 et
2565 4332 2887 4389 Abubacrus
2914 4333 3257 4390 llabbasides
3286 4337 3428 4407 apud
3462 4336 3779 4392 Ecchellen-

2204 4439 2340 4478 sem.
2369 4423 2505 4478 Cum
2535 4425 2698 4495 igitur
2727 4440 2757 4479 a
2786 4424 2991 4482 Graecis
3014 4429 3210 4482 eruditi
3243 4429 3622 4499 intelligerent,
3650 4445 3776 4484 eum

525 4511 659 4567 illud
694 4511 802 4583 πρὸ
834 4510 1060 4577 πολλοῦ,
1093 4512 1206 4566 sive
1227 4512 1568 4581 jampridem,
1597 4528 1706 4566 non
1737 4522 1916 4584 potest
1937 4515 2094 4567 intel-
2127 4511 2171 4568 Ι)
2198 4515 2413 4569 titulum
2440 4516 2616 4585 primo
2641 4516 3585 4585 patriarcharumAlexandrinorum
3615 4520 3779 4576 Hera-

523 4602 618 4675 ligi
646 4604 713 4659 de
748 4604 1015 4659 sententia
1054 4619 1227 4673 nuper
1252 4614 1388 4665 orta,
1422 4604 1515 4659 sed
1544 4614 1759 4659 vetusta
1800 4613 1854 4658 et
1893 4605 2101 4659 invete-

525 4704 667 4759 rata,
698 4709 823 4764 quae
863 4703 1043 4749 tamen
1080 4696 1269 4749 relicto
1298 4710 1328 4748 a
1364 4692 1751 4763 Nepote'lihro
1799 4697 2096 4749 nitebatur.

524 4786 631 4842 Diu
675 4789 858 4859 itaque
895 4796 1147 4843 mortuus
1196 4796 1281 4843 est
1320 4786 1493 4857 Nepos
1538 4788 1827 4857 episcopus
1864 4790 1963 4860 τῆς
2008 4792 2100 4842 Αἰ-

525 4881 734 4950 γύπτου
759 4890 885 4935 ante
912 4880 1287 4950 pontiﬁcatum
1312 4879 1578 4951 Dionysii,
1602 4882 1891 4951 episcopus
1913 4892 2097 4937 autem

522 4972 704 5029 factus
738 4973 833 5027 diu
861 4981 986 5025 ante
1018 4971 1277 5025 Demetrii
1308 4972 1649 5027 auxiliarios.

596 5064 843 5135 Denique
874 5063 1095 5117 traditio
1133 5063 1262 5129 illa,
1304 5065 1371 5118 de
1414 5065 1588 5120 tribus
1626 5065 1897 5135 episc0pis
1923 5081 1952 5119 a
1993 5067 2096 5121 Dc-

524 5157 722 5211 metrio
775 5156 955 5225 primo
989 5156 1043 5208 in
1091 5153 1325 5224 Egypto
1378 5156 1554 5219 factis,
1603 5156 1859 5211 omnibus
1894 5156 2097 5212 (ἔκ-ωρίς

520 5256 691 5318 atque
726 5245 938 5301 Latinis
974 5245 1158 5314 ignota
1199 5244 1303 5299 fuit
1332 5264 1343 5298 :
1373 5246 1592 5301 traditio
1627 5256 1806 5301 autem
1844 5248 1919 5301 illi
1965 5265 2097 5303 con-

525 5341 718 5407 traria,
747 5338 815 5394 de
842 5338 1111 5408 episcopis
1147 5353 1179 5392 a
1220 5336 1277 5393 S.
1317 5337 1500 5393 Marco
1529 5339 1581 5392 in
1611 5338 1930 5410 Egyptiaca
1961 5340 2098 5395 diue—

522 5445 637 5488 CESI
672 5431 936 5485 institutis
963 5440 1016 5484 et
1038 5430 1242 5485 Gtmcis
1282 5441 1335 5485 et
1373 5429 1602 5496 Latinis,
1629 5441 1792 5499 atque
1822 5432 2096 5489 Arabibus

518 5531 653 5578 nuta
686 5522 808 5577 fuit.
842 5522 1059 5576 Simeon
1094 5522 1489 5591 Metaphrastes
1510 5524 1575 5578 de
1602 5523 1659 5577 S.
1694 5523 1878 5578 Marco
1910 5543 1923 5578 :
1957 5524 2098 5578 Con.

528 5616 702 5671 stituit
726 5625 775 5669 et
804 5616 1133 5684 conﬁrmavit
1174 5616 1419 5669 ecclesias
1448 5632 1540 5685 per
1570 5616 1822 5686 Libyam,
1858 5617 2096 5671 Marma-

520 5708 714 5773 ricam,
754 5707 1172 5773 Ammoniacam,
1203 5706 1555 5776 Pentapolim,
1585 5708 2096 5775 Alexandriam,'lo-

520 5815 683 5870 caque
706 5814 821 5870 qua
853 5797 1119 5854 Bucolica
1150 5798 1575 5855 dicebantur.....
1610 5799 1962 5855 Ordinarerat
1998 5817 2095 5854 au-

2204 4605 2299 4660 ctae
2326 4607 2648 4660 attributum
2679 4607 2869 4673 fuisse,
2917 4624 2947 4662 a
2994 4608 3288 4682 Dionysio,
3332 4613 3537 4666 scilicet
3591 4616 3779 4683 (quem

2202 4700 2525 4767 scriptorem
2556 4708 2712 4753 vocat
2746 4700 3073 4770 Eutychius;
3110 4703 3315 4757 nullius
3351 4705 3495 4757 enim
3537 4703 3779 4757 Alexan-

2200 4789 2346 4842 drini
2381 4790 2621 4861 episcopi
2649 4800 2774 4845 ante
2811 4808 2933 4845 eum
2964 4795 3165 4861 scripta
3208 4795 3542 4865 exstabanl),
3583 4796 3675 4863 qui
3722 4796 3779 4849 in

2200 4883 2426 4950 epistola
2478 4884 2543 4937 ad
2592 4882 2968 4939 Philemonem
3018 4888 3132 4940 ιιωο
3182 4888 3528 4941 tradiderat:
3574 4888 3780 4942 Τοῦτον

2200 4971 2308 5039 ἐγὼ
2340 4973 2430 5026 τὸν
2462 4974 2661 5027 κανόνα
2703 4976 2795 5027 καὶ
2840 4975 2929 5028 τὸν
2960 4976 3131 5030 τύπον
3178 4978 3329 5049 παρὰ
3366 4978 3458 5031 τοῦ
3503 4980 3777 5052 μακαρίου

2200 5066 2357 5118 πάπα
2390 5065 2546 5135 ήμῶν
2592 5066 2833 5137 Ἡρακλᾶ
2867 5068 3194 5140 παρέλαϐον.
3224 5069 3379 5123 Hauc
3413 5088 3504 5141 ego
3542 5074 3780 5141 regulam

2200 5174 2261 5210 ac
2294 5158 2523 5222 formam
2545 5176 2577 5211 a
2602 5158 2750 5212 beato
2774 5175 2911 5229 papa
2940 5171 3117 5215 nostra
3142 5162 3374 5216 IIeracla
3399 5167 3575 5233 accepi
3598 5182 3617 5230 ,'
3649 5183 3777 5221 cum

2200 5251 2335 5313 hmo,
2368 5251 2616 5319 inquam,
2640 5266 2670 5305 a
2696 5251 2899 5307 Graecis
2932 5253 3298 5323 accepissent,
3334 5257 3601 5311 rationem
3620 5273 3785 5313 exeo-

2199 5343 2461 5411 gitarunt,
2493 5360 2661 5412 quare
2703 5344 2793 5399 hic
2817 5343 3059 5399 Heraclea
3087 5348 3435 5415 potissimum
3469 5351 3660 5405 titulus
3694 5362 3781 5405 at-

2199 5431 2559 5498 tribueretur;
2588 5444 2641 5486 et
2672 5449 2796 5487 cum
2828 5449 3015 5488 vocem
3049 5437 3237 5489 πάπαν
3270 5440 3334 5491 ad
3366 5438 3588 5491 πάππον
3622 5438 3781 5493 incli-

2198 5540 2329 5578 nare
2366 5526 2644 5591 viderent,
2705 5544 2880 5598 neque
2929 5531 3075 5584 enim
3118 5532 3343 5587 deerant
3386 5533 3616 5587 δηρουιὶ
3679 5535 3775 5604 qui

2197 5616 2358 5670 etiam
2389 5618 2517 5671 illuc
2552 5620 2862 5686 traherent,
2898 5622 3092 5676 miram
3127 5622 3267 5677 hanc
3299 5626 3582 5679 historiam
3614 5642 3779 5680 exco-

2197 5708 2457 5776 gitarunt,
2484 5726 2591 5779 qua
2626 5726 2732 5764 non
2768 5714 2869 5767 sub
2894 5713 3150 5769 Demetrii
3181 5723 3448 5785 tempore,
3485 5717 3578 5771 sed
3609 5714 3777 5769 llera—

2197 5802 2311 5869 clte,
2339 5802 2598 5873 populum
2617 5803 2748 5861 illud
2771 5805 3065 5864 discrimen
3085 5809 3222 5864 inter
3247 5810 3535 5878 episc0pos
3552 5807 3773 5876 [Εμπριί
