4078 6390
299 400 406 456 241

1006 400 1057 455 J.
1096 401 1464 458 PEARSONII
1506 403 1823 459 WNDICUE
1855 404 2276 463 IGNATIANIE.
2307 439 2377 449 —
2412 409 2593 464 PARS
2629 410 2670 465 Ι.

3442 411 3547 467 in

299 533 478 588 nuper
502 516 805 584 institutos,
831 524 885 569 et
912 516 1338 571 Alexandrinum
1364 518 1731 586 patriarcham
1766 518 1876 571 ani-

1981 519 2156 585 chare;
2169 522 2462 592 alloquitur
2472 523 2616 577 enim
2635 520 2783 590 φίλον
2800 520 3024 594 πατέρα.
3042 520 3295 594 Hesyelm
3314 522 3547 590 Πάππα,

297 612 660 667 madvertisse
675 610 1053 676 ostendant,ut
1068 619 1251 681 postea
1271 612 1545 680 vulgarem
1560 612 1877 682 episcopum

295 703 461 766 abba,
499 702 871 771 patriarcham
903 719 1116 772 papam,
1146 703 1196 756 id
1220 712 1305 757 est
1333 719 1486 757 avum
1522 703 1874 773 appellarent,

294 793 563 862 quoniam
593 793 698 862 ipsi
721 794 961 863 episcOpi
989 795 1353 862 patriarcham
1379 794 1567 847 abbam
1595 805 1871 852 vocarent.

296 884 425 940 Haec
455 900 587 940 vera
637 901 761 941 esse
808 886 893 940 vel
938 887 1063 940 inde
1107 887 1284 956 primo
1330 889 1675 957 perspicitur,
1725 889 1873 959 quod

293 976 604 1048 Eutychius
654 994 764 1032 non
806 988 1125 1047 perpetuam
1172 981 1543 1035 narrationem
1578 990 1743 1044 texat,
1781 991 1875 1036 aut

292 1070 586 1126 historiam
646 1070 715 1125 de
778 1070 1120 1125 institutione
1184 1071 1562 1140 episcoporum
1622 1073 1871 1129 electioni

290 1162 744 1233 presbyterorum
784 1162 1095 1216 immediate
1136 1163 1461 1233 subjungat,
1495 1165 1588 1219 sed
1617 1167 1873 1235 quaestio-

289 1270 417 1308 nem
446 1254 623 1309 obiter
652 1254 891 1320 inserat,
925 1246 1095 1324 quare
1124 1255 1431 1324 patriarcha
1470 1255 1871 1313 Alexandrinus

285 1346 473 1401 dictus
504 1345 574 1399 sit
616 1345 798 1414 papa?
828 1343 1004 1410 Quam
1055 1344 1275 1414 quidem
1309 1347 1665 1415 quaestionem
1708 1347 1872 1403 dissi-

285 1439 466 1493 mulat
498 1436 768 1493 Seldeuus
794 1477 808 1501 ,
841 1446 900 1492 ut
931 1448 1187 1508 tanquam
1232 1447 1440 1508 partem
1471 1439 1669 1507 prioris
1697 1439 1871 1495 histo-

284 1532 385 1586 ria
425 1530 789 1600 posteriorem
828 1531 1070 1585 inducat.
1114 1530 1189 1585 Ita
1238 1532 1385 1586 enim
1428 1530 1752 1601 Eutychium
1782 1534 1866 1588 10--

282 1630 549 1691 quentem
579 1631 934 1691 repraesentat
970 1641 982 1675 :
1021 1621 1078 1675 Is
1106 1622 1268 1676 etiam
1297 1621 1514 1691 (nempe
1540 1623 1865 1695 Alexander)

280 1714 438 1783 petiit
462 1714 527 1767 ab
564 1715 661 1776 eis,
703 1729 768 1766 ne
802 1712 1111 1781 patriarcha
1145 1712 1542 1766 Alexandrinus
1565 1729 1704 1783 papa
1727 1714 1867 1766 voci-

279 1816 515 1871 taretur,
567 1805 710 1876 quod
757 1804 1028 1875 signiﬁcat
1071 1820 1245 1858 avum.
1284 1802 1361 1857 lla
1398 1804 1561 1859 vertit
1609 1805 1759 1874 petiit
1798 1803 1862 1857 ab

276 1899 378 1963 eis,
417 1908 471 1953 et
504 1913 571 1953 ex
603 1899 712 1952 alio
742 1898 933 1953 codice
962 1897 1100 1950 dixit
1130 1897 1214 1950 vel
1253 1896 1561 1950 mandatum
1597 1896 1741 1950 dedit
1766 1897 1861 1962 eis,

278 2006 343 2046 ac
379 1991 428 2046 si
467 1990 769 2045 decreverit
812 1988 1137 2051 Alexander,
1190 2003 1257 2041 ne
1291 1988 1521 2056 posthac
1552 1987 1863 2055 patriarcha

276 2081 690 2137 Alexandrinus
704 2095 844 2150 papa
865 2080 1159 2134 diceretur.
1179 2078 1313 2134 Cum
1335 2080 1449 2149 ipse
1471 2078 1778 2133 Alexander
1797 2092 1864 2132 eo

274 2175 401 2244 ipso
437 2173 661 2227 nomine
695 2188 727 2226 a
770 2171 886 2227 suis
925 2170 1087 2241 vulgo
1125 2170 1529 2241 indigitaretur.
1572 2169 1863 2239 Inscriptio

275 2264 525 2335 epistolae.
552 2265 695 2334 apud
723 2263 1083 2318 Athanasium
1108 2262 1249 2316 libro
1279 2261 1355 2314 De
1378 2261 1595 2331 synodis
1623 2276 1640 2313 :
1670 2263 1862 2315 Μακα-

278 2357 378 2428 ρίῳ
424 2356 585 2425 πάπα
620 2354 907 2424 ὲπισκόπῳ
928 2352 1084 2424 ἡμῶν
1116 2350 1449 2423 Ἀλεξάνδρῳ
1481 2353 1529 2403 οἱ
1565 2350 1862 2422 πρεσϐύτε-

274 2467 359 2521 ροι
384 2450 482 2504 καὶ
515 2452 564 2502 οί
598 2448 834 2502 διάκονοι
856 2448 914 2500 ὲν
938 2446 1125 2517 Κυρίῳ
1146 2446 1377 2517 χαίρειν.
1415 2445 1593 2499 Prima
1621 2444 1862 2514 epistolae

271 2541 550 2596 sententia
588 2558 601 2593 :
652 2540 717 2593 Ἦ
750 2540 932 2602 πίστις
964 2538 1121 2610 ἡμῶν
1153 2540 1187 2610 ἠ
1222 2540 1287 2591 ὲκ
1319 2537 1633 2608 προγόνων,
1667 2538 1736 2609 ἢν
1766 2537 1859 2591 κα).

268 2634 381 2687 ἀπὸ
418 2633 513 2686 σοῦ
552 2632 986 2705 μεμαθήκαμεν,
1025 2631 1261 2701 μακάριε
1294 2630 1484 2692 πάπα,
1519 2628 1666 2682 ἐστὶν
1698 2630 1856 2699 αὕτη.

266 2725 337 2781 Et
365 2728 425 2780 in
465 2741 700 2795 corpore
734 2725 1009 2795 epistolae,
1042 2724 1117 2787 ὡς
1150 2723 1243 2776 καὶ
1278 2724 1342 2775 σὺ
1376 2722 1537 2784 αὐτὸς
1560 2763 1575 2787 ,
1623 2723 1857 2794 μακάριε

268 2822 454 2877 atina.
490 2820 826 2875 Athanasius
862 2816 1153 2872 Alexandri
1179 2830 1466 2870 successor
1490 2814 1857 2868 Alexandrum

266 2929 470 2984 papam
513 2912 760 2975 vocavit,
793 2920 845 2965 et
886 2910 1003 2979 ipse
1049 2909 1117 2962 ab
1146 2907 1388 2978 Ischyra,
1420 2905 1675 2969 Arsenio,
1715 2906 1858 2959 Con-

267 3006 484 3062 stantio
544 3005 731 3067 πάπας
780 3010 1010 3057 vocatus
1052 3010 1154 3056 est.
1211 2998 1317 3053 Sed
1361 3000 1505 3053 hanc
1546 2998 1856 3053 versionem

264 3099 410 3155 satis
433 3098 729 3167 exagitavit
754 3094 1143 3150 Ecchellensis.
1170 3091 1531 3148 Doctissimus
1550 3091 1856 3147 Pocockius

1981 614 2363 685 προσφώνησις
2410 616 2597 679 παιδὸς
2639 617 2773 687 πρὸς
2805 617 3032 690 πατέρα.
3076 615 3337 671 Primaava
3380 618 3544 688 igitur

1977 703 2303 772 signiﬁcatio
2355 706 2447 758 τοῦ
2483 705 2719 773 πάπας,
2752 707 2836 760 vel
2877 707 3085 776 poetice
3136 704 3405 774 πάππας,
3458 714 3545 764 est

1972 802 2141 860 pater.
2208 796 2353 851 Idem
2411 798 2574 852 etiam
2614 800 2838 854 verbum
2872 799 3186 863 παππάζειν
3218 799 3342 854 inde
3373 800 3544 855 dedu-

1975 894 2123 938 ctum
2157 896 2389 956 usurpat
2420 886 2613 958 Iliad.,
2634 888 2714 947 E:

1978 999 2132 1054 Οὺδὲ
2161 1002 2219 1053 τί
2244 1020 2352 1070 μιν
2391 1002 2597 1069 παῖδες
2636 1003 2769 1056 ποτὶ
2804 1004 3054 1073 γούνασι
3099 1002 3537 1063 παππάζουσιν.

2048 1112 2151 1168 Ubi
2197 1124 2355 1168 vetus
2383 1115 2739 1173 Scholiastes;
2762 1115 3144 1183 Παππάζουσι,
3173 1118 3374 1171 πάππα
3423 1136 3541 1188 φω-

1970 1205 2141 1268 νοῦσι,
2169 1206 2379 1277 πατέρα
2408 1205 2651 1261 καλοῦσι.
2681 1205 2979 1279 Hesychius
3006 1218 3128 1277 post
3158 1206 3222 1262 γ.
3251 1208 3538 1281 Παξοίνης,

1970 1298 2131 1352 habet
2199 1296 2564 1365 παππάζοιεν,
2638 1300 3024 1372 παρακαλοῖεν.
3095 1299 3199 1354 Sed
3248 1309 3540 1371 utrumque

1969 1390 2148 1443 locum
2178 1390 2352 1444 obiter
2378 1391 2793 1446 emaculandum
2824 1393 3034 1455 censui,
3058 1391 3150 1462 qui
3168 1401 3539 1462 postuupems

1966 1482 2203 1538 editores
2225 1484 2403 1539 adhuc
2447 1484 2501 1537 in
2554 1485 2751 1538 mendo
2782 1484 2949 1554 jacet.
2987 1484 3169 1540 Primo
3215 1485 3380 1555 igitur
3424 1485 3540 1538 Πα-

1967 1572 2167 1643 ςοίνης,
2201 1575 2250 1627 οἱ
2282 1578 2403 1628 κατ’
2460 1576 3038 1643 ’lraliav,_manifeste
3082 1585 3339 1645 corrupta
3378 1583 3536 1643 sunt,

1965 1676 2019 1721 et
2050 1669 2221 1723 series
2269 1668 2575 1723 litterarum
2625 1684 2724 1739 pro
2770 1669 2803 1733 ζ
2844 1670 3086 1740 postulat
3133 1668 3182 1734 ξ.
3230 1669 3321 1725 Sic
3372 1670 3540 1740 igitur

1965 1759 2112 1830 legas
2154 1779 2168 1814 :
2222 1760 2411 1826 Παξοι,
2462 1761 2614 1832 νῆσοι
2667 1761 2786 1815 κατ’
2841 1760 3090 1825 Ἰταλίαν,
3127 1758 3318 1825 Paxte,
3350 1755 3540 1810 insula

1894 1875 1937 1930 Β
1965 1870 2123 1924 prope
2148 1852 2391 1907 Italiam.
2451 1852 2523 1905 De
2551 1850 2747 1921 quibus
2781 1848 2983 1904 Plinius
3017 1849 3053 1902 l.
3086 1864 3159 1914 tv,
3184 1864 3232 1902 c.
3261 1847 3327 1904 19.
3347 1843 3537 1903 :Circa

1963 1958 2078 1995 eam
2102 1942 2329 2013 aliquot,
2364 1942 2453 1996 sed
2500 1942 2569 1994 ad
2618 1939 2839 1993 Italiam
2884 1955 3097 2009 vergens
3151 1938 3436 2003 Thorones,
3464 1935 3533 1989 ad

1964 2032 2284 2087 Leucadiam
2316 2031 2482 2086 Pasca:
2525 2033 2665 2098 dum,
2698 2032 2926 2101 quinque
2957 2028 3032 2083 Μ.
3057 2028 3298 2081 discreta:
3334 2043 3366 2079 a
3402 2024 3534 2081 Cor-

1963 2143 2109 2195 cyra.
2143 2124 2219 2179 De
2247 2125 2449 2195 quibus
2475 2125 2638 2180 etiam
2670 2123 2930 2193 Polybius
2968 2118 3352 2190 intelligendus
3373 2118 3409 2170 ι.
3444 2132 3481 2170 ιι
3516 2135 3531 2171 :

1962 2217 2257 2271 Συνέϐαλον
2286 2220 2399 2281 τοῖς
2440 2217 2549 2271 τῶν
2597 2216 2824 2287 Ἀχαιῶν
2858 2215 3086 2283 σκάφεσι
3120 2212 3247 2283 περὶ
3283 2211 3408 2273 τοὺς
3436 2227 3538 2264 κα-

1961 2307 2252 2379 λουμένους
2282 2307 2605 2373 Παξούς,νε1
2625 2307 2788 2374 forte,
2824 2305 2921 2369 τὰς
2940 2304 3277 2375 καλουμένας
3300 2301 3532 2364 Παξούς.

1964 2398 2214 2455 Secundo
2262 2415 2360 2469 pro
2412 2399 2776 2464 παππάζοιεν,
2813 2397 3199 2469 παρακαλοῖεν,
3245 2393 3533 2464 legendum

1961 2489 2142 2560 quivis
2173 2491 2356 2545 statim
2390 2474 2563 2557 videt,
2584 2486 2917 2554 παπὰζοιεν,
2946 2487 3156 2559 πατέρα
3198 2485 3431 2540 καλοῖεν.
3454 2482 3536 2539 Ita

1961 2583 2104 2652 apud
2136 2582 2576 2651 Aristophanem,
2596 2583 2865 2652 optimum
2912 2581 3110 2649 lingua:
3146 2577 3337 2632 Atticae
3366 2577 3536 2630 inter-

1959 2687 2188 2745 pretem,
2218 2673 2475 2746 Trygmus
2505 2674 2645 2729 tilias
2668 2674 2985 2743 alloquitur,
3008 2674 3061 2727 in
3100 2672 3236 2727 Pace
3270 2688 3287 2722 ι

2044 2812 2215 2865 Ἠνίκ’
2241 2812 2305 2866 ἂν
2330 2811 2561 2883 αἰτίζητ’
2592 2811 2755 2881 ἄρτον
2776 2807 2985 2862 πάπαν
3002 2825 3069 2880 με
3101 2805 3380 2861 καλοῦσαι.

2068 2948 2203 3004 Cum
2231 2966 2419 3020 panem
2444 2950 2619 3019 petitis
2649 2959 2846 3018 papam
2879 2963 2957 3001 me
2984 2955 3245 3001 vocantes.

2027 3086 2199 3153 Quem
2236 3086 2417 3141 locum
2449 3086 2747 3156 respiciens
2793 3084 3136 3156 Hesychius:
3167 3083 3385 3146 Πάπας,
3431 3099 3539 3137 πα-

265 3202 463 3247 noster
498 3191 571 3245 ita
604 3190 781 3243 reddit
812 3205 825 3240 :
858 3186 1013 3252 Quod
1052 3196 1228 3240 autem
1264 3194 1507 3257 quierunt
1544 3184 1854 3257 [nonnulli],
1885 3225 1925 3280 Ο
1958 3179 2084 3250 ’πρὸς
2111 3178 2473 3251 ὑποκόρισμα.
2500 3177 2566 3231 Ει
2593 3177 2669 3232 ita
2692 3177 2814 3232 illia:
2838 3176 3123 3247 Trygzeum
3147 3176 3533 3245 alloquuntur:

268 3301 437 3352 quare
469 3281 783 3353 patriarcha
808 3279 1204 3334 Alexandrinus
1235 3288 1445 3331 vocetur
1476 3277 1657 3347 papa?
1685 3276 1858 3345 (cujus

266 3374 504 3429 umninis
528 3372 865 3441 signiﬁcatus
891 3380 968 3424 est
997 3374 1148 3438 avus)
1180 3365 1477 3441 [sciendum
1498 3366 1623 3438 est].
1658 3364 1729 3421 Ut
1760 3366 1860 3436 igi-

269 3475 363 3519 tur
400 3464 481 3518 illi
534 3462 829 3533 quaestioni
882 3462 1237 3530 responderet
1274 3458 1580 3530 Eutychius
1606 3500 1620 3524 ,
1665 3460 1756 3513 illa
1792 3460 1859 3516 de

270 3558 452 3613 tribus
498 3572 529 3611 τι
570 3556 870 3622 Demetrio,
920 3554 1111 3625 viginti
1153 3553 1223 3607 ab
1264 3552 1495 3608 Heracla
1545 3551 1705 3608 factis
1744 3552 1859 3622 epi-

268 3650 458 3719 sc0pis
481 3648 731 3703 inaudita
768 3646 960 3713 tradit,
992 3654 1051 3700 ut
1079 3647 1259 3701 solent
1293 3645 1391 3711 illi,
1415 3644 1509 3715 qui
1539 3644 1605 3699 de
1632 3646 1861 3699 vocabu-

267 3742 455 3795 lorum
514 3741 825 3811 originibus
885 3740 1185 3808 disputant.
1246 3735 1444 3792 Omnia
1492 3746 1674 3792 autem
1738 3752 1861 3807 quae

267 3833 444 3889 tradit
475 3841 531 3887 et
561 3832 771 3898 iutilia,
807 3842 862 3887 et
892 3831 1029 3887 falsa
1075 3840 1130 3886 et
1176 3830 1413 3884 absurda
1456 3838 1604 3884 sunt.
1656 3828 1861 3883 Statuit

263 3928 418 3982 enim
466 3926 604 3979 abba
653 3926 769 3980 sive
811 3925 1001 3977 πάπαν
1044 3922 1355 3993 signiﬁcare
1404 3938 1592 3989 avum,
1641 3922 1857 3977 titulum

265 4018 429 4073 illum
469 4017 795 4087 patriarcha:
837 4016 1059 4081 datum,
1102 4030 1225 4070 cum
1287 4013 1430 4069 alius
1474 4013 1701 4083 reliquis
1745 4012 1859 4082 epi-

266 4111 462 4181 sc0pis
512 4118 849 4179 competeret
867 4090 890 4175 ;’
936 4108 1101 4177 idque
1156 4108 1335 4178 primo
1382 4106 1759 4172 Alexandriae,
1798 4113 1861 4159 ut

266 4213 489 4274 postea,
524 4203 755 4267 scilicet,
792 4200 1046 4255 Romano
1073 4199 1322 4270 pontiﬁci
1346 4199 1757 4253 attribueretur.
1792 4196 1859 4251 Ut

263 4296 443 4368 igitur
494 4297 610 4351 hcce
659 4295 842 4350 fabula
898 4295 1116 4365 penitus
1164 4294 1518 4364 explodatur,
1570 4291 1856 4346 ostendam

264 4390 456 4462 primo
481 4404 672 4443 vocem
702 4388 915 4455 πάπαν,
945 4403 1067 4457 qua:
1096 4386 1335 4441 lleraclze
1361 4386 1563 4440 tributa
1583 4392 1693 4450 est,
1718 4400 1859 4437 nun-

265 4497 439 4552 quam
472 4480 814 4553 signiﬁcasse
847 4497 1023 4535 arum.
1048 4478 1249 4534 Vocem
1278 4480 1419 4533 hanc
1454 4476 1855 4547 Syracusanam

1958 3269 2029 3324 Ὦ
2059 3271 2257 3325 παπία.
2292 3270 2369 3326 Ita
2399 3287 2592 3331 rursus
2620 3280 2675 3324 et
2706 3270 2762 3323 in
2800 3267 2999 3337 Vespis,
3025 3268 3118 3322 ubi
3160 3266 3534 3322 Scholiastes:

1957 3364 2159 3417 Παπία
2179 3363 2256 3429 δὲ,
2286 3361 2491 3429 πάτερ.
2512 3361 2641 3415 Erat
2657 3361 2821 3430 igitur
2846 3362 2961 3415 haec
2991 3359 3289 3412 liberorum
3312 3359 3381 3412 ab
3416 3358 3535 3426 ipsa

1959 3455 2157 3526 linguae
2202 3453 2403 3508 Graeca:
2433 3452 2644 3523 origine
2668 3452 2863 3507 blanda
2900 3449 3189 3520 appellatio
3212 3448 3353 3519 patri
3385 3450 3532 3501 data.

1957 3542 2299 3598 Posteriores
2363 3541 2537 3597 Graeci
2602 3540 2850 3596 eamdem
2894 3539 3311 3609 appellationem
3368 3536 3536 3593 etiam

1961 3634 2069 3689 illis
2112 3634 2444 3699 tribuerunt,
2473 3646 2613 3701 quos
2657 3630 2812 3700 quasi
2837 3638 3054 3699 patrum
3088 3628 3207 3682 loco
3247 3626 3533 3681 habemus.

1961 3724 2296 3780 Scholiastes
2327 3721 2547 3775 Homeri
2571 3738 2582 3773 :
2606 3720 2836 3785 Πάππα,
2868 3715 3254 3790 προσφώνησις
3280 3714 3539 3786 φιλοφρο-

1958 3816 2154 3889 νητικὴ
2189 3814 2451 3886 νεωτέρου
2480 3812 2617 3884 πρὸς
2651 3810 3036 3882 πρεσϐύτερον.
3063 3806 3317 3862 Juuiores
3354 3807 3537 3862 senio—

1958 3910 2111 3964 ribus
2143 3917 2402 3976 tanquam
2434 3905 2529 3958 ﬁlii
2561 3904 2881 3975 parentibus
2910 3903 3129 3956 titulum
3152 3902 3300 3958 hunc
3327 3899 3537 3954 tribue-

1957 4003 2117 4068 bant;
2148 4009 2204 4055 et
2224 3999 2315 4053 ubi
2343 3997 2487 4053 aetati
2513 3997 2750 4067 dignitas
2770 3995 2951 4065 aliqua
2980 3993 3229 4058 accessit,
3244 3992 3436 4047 titulus
3451 4006 3539 4046 ve-

1956 4092 2257 4147 nerationis
2276 4084 2676 4144 habebatur.T‘o
2692 4087 2891 4141 πάππα
2912 4086 3080 4140 καὶτὸ
3104 4086 3261 4140 ἄππα
3284 4084 3345 4137 οὐ
3364 4081 3536 4153 ψιλῶς

1955 4189 1984 4240 6
2021 4186 2223 4257 πατὴρ,
2255 4183 2389 4237 ἀλλὰ
2431 4182 2570 4254 πρὸς
2600 4181 2813 4252 πατέρα
2847 4177 3074 4249 σεπτικὴ
3111 4178 3288 4248 φωνή,
3310 4176 3531 4231 Suidas.

1960 4278 2072 4332 Sub
2103 4277 2205 4331 hac
2236 4276 2602 4331 venerationis
2634 4283 2762 4329 nota
2788 4273 2977 4336 πάπας
3007 4288 3038 4326 a
3071 4270 3297 4337 Grtecis,
3330 4286 3470 4340 papa
3504 4284 3537 4324 a

1958 4371 2189 4437 Latinis,
2224 4370 2499 4441 priumvis
2540 4367 2798 4423 Ecclesia:
2829 4365 3165 4435 temporibus
3188 4364 3535 4419 tribuebatur

1958 4464 2249 4535 episc0pis,
2288 4478 2430 4533 quos
2475 4463 2598 4517 loco
2646 4460 3016 4532 spiritualium
3056 4468 3274 4528 patrum
3330 4455 3538 4511 habue-

265 4547 394 4631 esse
426 4547 623 4629 volunt
654 4572 1009 4629 Grammatici
1038 4572 1306 4627 nonnulli.
1340 4570 1540 4625 Suidas
1570 4588 1582 4623 :
1609 4567 1767 4623 Οὕτω
1799 4569 1856 4622 δὲ

1960 4566 2110 4611 runt.
2155 4555 2315 4610 Nulla
2364 4555 2456 4610 hic
2518 4555 2635 4621 avi,
2688 4553 2839 4609 nulla
2885 4553 3054 4622 patris
3094 4562 3308 4619 patrum
3360 4547 3532 4602 notio.

264 4668 491 4735 λέγεται
526 4665 680 4737 παρὰ
714 4664 1103 4737 Συρακουσίοις
1135 4666 1164 4717 6
1198 4664 1381 4735 πατὴρ
1413 4663 1619 4726 πάπας.
1660 4660 1859 4716 Eusta-

265 4762 423 4815 thius
453 4774 468 4811 :
504 4758 688 4811 Ἀλλοι
720 4758 776 4811 δὲ
798 4799 813 4822 ,
849 4758 930 4811 ὅτι
966 4757 1119 4829 παρὰ
1165 4755 1559 4828 Συρακουσίοις
1601 4753 1788 4817 πάπας
1828 4754 1857 4806 6

264 4852 479 4923 πατὴρ.
532 4851 706 4904 Aliter
757 4850 1118 4921 Etymologus
1163 4868 1176 4903 :
1226 4848 1383 4901 Οὕτω
1436 4846 1654 4915 λέγεται
1709 4844 1857 4915 παρὰ

264 4940 670 5013 Συρακουσίοις
714 4941 743 4993 6
789 4939 994 5011 πατὴρ,
1044 4942 1173 5003 πᾶς.
1223 4938 1380 5005 Quod
1412 4938 1633 5007 quidem
1664 4951 1857 4990 verum

262 5046 395 5086 esse
421 5038 624 5099 potest,
643 5030 877 5085 alterum
898 5046 1009 5085 non
1038 5030 1188 5084 item.
1216 5027 1354 5083 Nam
1382 5043 1488 5083 vox
1514 5026 1703 5089 πάπας
1724 5026 1859 5096 ipsis

266 5120 572 5193 Syracusis
616 5122 777 5193 longe
824 5122 1102 5191 antiquior
1140 5129 1244 5177 est.
1290 5120 1576 5192 Syracusae
1608 5122 1753 5175 enim
1786 5121 1857 5176 ab

267 5214 477 5269 Archia
518 5214 754 5268 condita:
785 5224 917 5269 sunt
954 5214 1039 5269 vel
1066 5214 1170 5269 sub
1204 5213 1437 5280 Clidico,
1470 5223 1530 5269 ut
1564 5212 1856 5280 Eusebius,

270 5306 358 5361 vel
408 5306 595 5375 potius
648 5307 753 5361 sub
799 5305 1066 5377 Eschylo
1113 5305 1537 5361 Atheniensium
1581 5321 1743 5377 rege,
1795 5316 1856 5361 ut

264 5398 515 5454 Harmor
555 5400 1045 5466 Arundellianum;
1078 5400 1192 5455 haec
1224 5407 1407 5454 autem
1435 5415 1539 5453 vox
1574 5399 1678 5453 sub
1722 5398 1856 5454 Dio-

263 5501 439 5562 gneto
502 5492 575 5546 ab
631 5490 873 5547 Homero
928 5504 1193 5562 usurpata
1248 5501 1372 5560 est,
1428 5492 1496 5548 de
1540 5490 1854 5561 Nausicaa,

264 5580 575 5649 Odyss.,Z,

274 5674 438 5750 Ἡδὲ
456 5674 602 5745 μάλ’
630 5677 770 5748 ἄγχι
798 5679 1002 5736 στᾶσα
1033 5681 1217 5750 φίλον
1246 5677 1469 5748 πατέρα
1502 5674 1817 5746 προσέειπε
1838 5693 1850 5705 ·

258 5744 495 5801 Πάλεια
531 5750 657 5817 φίλ’
668 5788 680 5802 .

340 5858 444 5915 Ubi
500 5866 655 5921 vocis
708 5864 1088 5929 interpre'atio
1151 5864 1454 5921 certissima
1518 5873 1630 5928 est,
1692 5858 1855 5918 Pater

1962 4649 2078 4706 Hoc
2102 4659 2280 4705 autem
2306 4649 2549 4705 secundo
2579 4656 2820 4717 apparet,
2842 4646 2989 4715 quod
3018 4644 3209 4698 titulus
3236 4642 3325 4695 ille
3346 4641 3534 4695 eodem

1959 4760 2074 4799 aevo
2102 4760 2213 4814 quo
2257 4744 2325 4799 de
2366 4741 2597 4797 llcracla
2635 4748 2933 4810 usurpatus
2964 4746 3066 4802 est,
3107 4735 3230 4789 aliis
3264 4732 3539 4802 episcopis

1958 4850 2122 4906 quam
2156 4835 2486 4905 patriarchis
2516 4832 2824 4891 communis
2855 4839 2992 4886 erat.
3025 4828 3218 4883 Clerus
3252 4824 3535 4879 Romanus

1959 4927 2026 4982 ad
2087 4926 2291 4981 clerum
2326 4924 2864 4995 Carthaginiensem:
2909 4920 3205 4975 Didicimus
3265 4916 3538 4970 secessisse

1960 5018 2290 5072 benedictum
2333 5033 2527 5088 papam
2564 5016 2893 5087 Cyprianum
2932 5031 2963 5068 a
2996 5011 3286 5068 Clementia
3312 5010 3538 5064 subdia-

1958 5127 2108 5165 cono.
2156 5109 2325 5165 Iidem
2358 5110 2414 5164 in
2444 5109 2603 5164 titulo
2647 5107 2890 5178 epistolae
2935 5106 3003 5160 ad
3050 5106 3229 5174 ipsum
3273 5103 3533 5173 scriptze:

1958 5204 2228 5275 Cypriano
2261 5218 2412 5272 papa:
2447 5200 2736 5270 presbyteri
2777 5210 2827 5254 et
2879 5196 3093 5252 diaconi
3148 5195 3329 5250 Roma:
3366 5195 3538 5249 consi-

1958 5305 2149 5349 stentes
2178 5293 2328 5348 S.lta
2358 5292 2564 5356 Romae,
2590 5293 2665 5345 ita
2691 5292 2745 5346 in
2777 5290 2962 5346 Africa
2991 5289 3159 5345 locuti
3198 5299 3328 5344 sunt
3358 5305 3372 5342 :
3408 5284 3540 5342 Uni-

1960 5388 2091 5442 νει-δί
2122 5386 2443 5455 confessores
2465 5383 2733 5453 Cypriano
2762 5397 2912 5451 papae
2948 5382 3008 5437 S.
3042 5381 3405 5450 Hieronymus
3433 5377 3536 5432 ali-

1959 5480 2180 5552 quando
2252 5478 2620 5548 Theophilum
2709 5476 3055 5545 episcopum.
3106 5472 3538 5529 Alexandrinum

1960 5593 2153 5648 papam
2181 5576 2436 5646 appellat,
2470 5584 2531 5629 ut
2558 5576 2614 5627 in
2650 5571 2915 5642 Apologia
2947 5570 3211 5624 adversus
3231 5565 3536 5628 Rufﬁnum.

1961 5676 2103 5747 Ergo
2130 5685 2180 5730 et
2207 5672 2441 5743 epistola:
2461 5687 2612 5741 papa:
2634 5668 2909 5738 Theophili
2932 5678 2980 5721 et
3011 5664 3297 5737 Epiphuuii
3319 5671 3367 5717 et
3400 5660 3541 5715 alio-

1963 5785 2081 5822 rum
2128 5768 2490 5836 episcoporum
2540 5775 2587 5819 te
2644 5773 2848 5834 petunt,
2882 5772 2930 5818 te
2973 5761 3245 5825 lacerant;
3275 5768 3332 5814 et
3379 5756 3543 5828 paulo

1963 5870 2083 5927 post
2144 5878 2154 5913 :
2216 5858 2385 5912 Lectis
2469 5874 2630 5925 nuper
2714 5872 2861 5923 papa:
2920 5852 3191 5922 Theophili
3268 5848 3540 5916 epistolis,
