4078 6388
547 404 656 462 933

1595 400 1653 455 S.
1692 398 2036 456 lCNATlUS.
2072 384 2139 436 έ-
2180 385 2711 447 PROLECOMENA.

3694 383 3798 436 244

548 519 887 588 iterumque:
908 516 1062 570 Nunc
1094 518 1325 586 primum
1353 534 1385 569 a
1414 533 1551 586 papa
1572 515 1856 585 Theophila
1879 515 2127 567 didicisse
2159 519 2196 573 Α
2231 502 2375 574 apud
2400 502 2688 569 Ethiopas
2712 499 3089 551 intemeratam
3112 495 3178 549 ad
3211 511 3307 552 sua
3352 511 3528 567 usque
3554 504 3796 567 tempora

547 612 845 678 impietates
878 609 1014 677 ejus.
1053 608 1116 663 Et
1146 610 1199 662 in
1237 608 1467 677 epistola
1499 608 1565 661 ad
1599 607 1777 677 ipsum
1804 607 1928 660 data
1965 625 1976 659 :
2008 606 2123 657 Ad-

547 703 713 755 nitere
739 717 883 771 ergo,
904 716 1041 769 papa
1072 701 1440 754 amantissime
1488 708 1641 767 atque
1660 698 1976 751 beatissime.
2001 694 2123 749 Non

547 794 693 863 quod
728 794 877 848 hunc
918 794 1136 848 titulum
1170 791 1544 846 Alexandrino
1594 791 1852 859 episcopo
1885 788 2125 859 peculia-

544 898 661 939 rem
709 886 985 951 crederet;
1013 884 1364 939 Anastasium
1397 884 1542 937 enim
1581 883 1745 937 simul
1790 898 1912 935 cum
1945 880 2125 934 Theo-

545 976 698 1046 philo
743 976 1056 1038 nominans,
1100 975 1273 1037 illum,
1316 990 1424 1028 non
1473 974 1641 1039 hunc,
1674 989 1866 1042 papam
1910 984 2071 1027 vocat
2107 991 2121 1026 :

546 1065 691 1130 Quid
730 1066 937 1135 faciunt
967 1066 1203 1134 episton
1236 1066 1506 1135 Theophili
1536 1068 1928 1138 episcopi,quid
1973 1083 2125 1136 papas

543 1159 847 1222 Anastasii,
875 1159 929 1211 in
964 1168 1073 1212 toto
1101 1159 1221 1212 orbe
1244 1159 1547 1212 hwreticum
1577 1161 1982 1230 persequentes?
2012 1160 2127 1215 lmo

545 1250 605 1305 in
634 1250 862 1320 epistola
899 1250 965 1304 ad
1000 1248 1359 1319 Theophilum
1390 1250 1517 1306 data
1556 1251 1904 1307 Anastasium
1933 1268 2125 1321 papam

548 1341 803 1412 appellat,
840 1339 924 1393 Ex
980 1342 1377 1411 dispensatione
1426 1342 1520 1396 Dei
1552 1343 1753 1413 factum
1799 1354 1947 1413 puto,
1977 1356 2035 1396 ut
2065 1360 2124 1396 eo

546 1434 604 1487 in
628 1440 855 1500 tempore
875 1444 931 1486 tu
953 1449 1155 1503 quoque
1177 1433 1246 1485 ad
1273 1433 1616 1488 Anastasium
1632 1452 1825 1505 papam
1848 1437 2119 1491 scriberes.

545 1524 700 1579 Alios
715 1526 878 1579 etiam
894 1524 1084 1579 eodem
1109 1526 1331 1580 nomine
1354 1526 1633 1598 indigitat:
1659 1526 1741 1581 Ne
1760 1545 1840 1582 me
1860 1529 2039 1582 mittas
2055 1528 2123 1581 ad

545 1633 639 1669 sex
664 1615 837 1669 millia
864 1616 1121 1670 librorum
1152 1619 1288 1687 ejus,
1317 1637 1446 1689 quos
1479 1620 1664 1691 legisse
1694 1619 1902 1673 beatum
1931 1637 2124 1689 papam

546 1705 909 1777 Epiphaniam
928 1712 1262 1777 criminaris;
1287 1723 1338 1767 et
1361 1728 1588 1768 rursus:
1618 1711 1812 1783 Erupit
1833 1713 2123 1783 aliquando

544 1808 733 1854 contra
781 1818 975 1872 papam
1024 1804 1401 1875 Epiphaniam,
1452 1806 1717 1877 Apologia
1760 1805 2020 1861 secunda.
2064 1803 2120 1858 In

2226 593 2633 665 permansisse?
2658 591 2792 645 nihil
2824 592 3040 644 horum.
3065 588 3119 645 ld
3154 605 3321 644 unum
3349 598 3621 653 asserunt,
3642 606 3799 659 supe-

2226 688 2359 741 riori
2384 686 2583 742 saeculo
2611 684 2789 739 nullos
2814 682 2985 737 fuisse
3012 683 3066 736 in
3094 680 3333 736 Ecclesia
3355 680 3665 751 [Ethiopica
3684 682 3801 753 epi-

2226 794 2445 849 scopos,
2504 779 2741 831 abunam
2780 791 2948 829 unum
2978 775 3046 830 ab
3074 775 3445 828 Alexandrino
3490 774 3799 843 patriarcha

2226 880 2459 927 electum
2509 878 2563 923 et
2609 879 2877 923 creatum.
2911 866 3112 921 Demus
3149 867 3312 935 igitur
3345 866 3397 920 id
3432 882 3623 920 verum
3644 880 3796 929 esse,

2226 965 2372 1035 quod
2418 978 2608 1017 eorum
2658 960 2975 1015 testimonio
3010 959 3398 1021 conﬁrmatur,
3441 957 3656 1012 etiamsi
3689 957 3800 1013 illis

2226 1058 2384 1127 longe
2423 1056 2610 1125 plures
2636 1053 2972 1107 contrarium
3008 1050 3167 1120 plane
3195 1051 3446 1115 doceant,
3470 1058 3633 1119 atque
3656 1051 3802 1105 inter

2224 1162 2322 1201 eos
2359 1148 2475 1215 ipse
2525 1143 2851 1198 Salmasius.
2887 1145 2969 1196 An
3010 1142 3139 1197 inde
3168 1142 3417 1211 sequitur
3450 1141 3798 1195 traditionem

2228 1238 2622 1309 Eutychianam
2644 1237 2698 1290 in
2716 1234 2951 1305 Egypto
2978 1248 3166 1287 revera
3194 1234 3262 1287 ab
3280 1233 3438 1287 initio
3470 1232 3797 1296 obtinuisse,

2225 1339 2278 1383 et
2292 1344 2509 1383 omnem
2524 1327 2819 1398 lgnatianis
2835 1324 3081 1394 epistolis
3097 1324 3253 1379 ﬁdem
3270 1324 3633 1392 abrogandam
3646 1339 3763 1378 esse
3777 1324 3803 1377 ?

2226 1418 2369 1472 Nulli
2408 1416 2633 1472 fuerunt
2690 1416 2745 1470 in
2796 1414 3078 1484 Ethiopia
3113 1413 3357 1484 episcopi
3399 1421 3597 1483 praeter
3627 1428 3803 1467 unum

2224 1509 2458 1565 abunam
2506 1507 2705 1563 sarculo
2736 1523 2852 1561 xvr.
2882 1505 3026 1576 Ergo
3057 1506 3191 1559 nulli
3216 1514 3374 1559 erant
3404 1505 3458 1559 in
3492 1514 3602 1559 tota
3627 1503 3804 1575 Egy-

2224 1603 2404 1672 ptiaea
2448 1600 2672 1655 dioecesi
2714 1602 2892 1669 primo
2913 1601 2997 1653 vel
3029 1597 3268 1654 secundo
3294 1598 3494 1652 saeculo
3529 1612 3703 1666 usque
3729 1597 3804 1653 ad

2224 1708 2276 1747 a.
2332 1692 2397 1747 D.
2438 1692 2543 1747 190
2600 1692 2843 1762 episcopi
2888 1700 3086 1761 prater
3112 1689 3540 1743 Alexandrinum
3566 1688 3806 1759 patriar-

2225 1788 2424 1852 cham;
2457 1786 2688 1855 ideoque
2725 1784 2970 1854 epistola:
2995 1782 3185 1854 lgnatii
3218 1781 3465 1836 conﬁcta:
3495 1789 3642 1835 sunt.
3678 1779 3803 1835 Non

542 1893 814 1960 prooemio
874 1872 1403 1951 Commentariorum
1461 1872 1516 1949 in
1573 1872 1789 1962 Jonam,
1860 1894 2124 1951 Craterum
2156 1884 2197 1939 Β
2225 1878 2423 1948 Prom“
2464 1886 2558 1931 ³⁸η
2599 1876 2856 1941 “dmum,
2888 1876 3083 1945 οΡίηοτ
3108 1915 3123 1939 9
3170 1874 3315 1929 hanc
3350 1872 3802 1942 consequentiam

545 1997 650 2035 non
676 1984 1008 2053 ignoramus,
1040 1987 1317 2041 Chromati
1342 2004 1481 2057 papa
1510 1988 1841 2042 venerabilis.
1895 1974 1951 2042 in
2006 1987 2124 2057 epi-

545 2071 686 2126 stola
714 2074 781 2127 ad
815 2075 1177 2145 Augustinum
1216 2096 1229 2132 :
1274 2076 1599 2132 Incolumem
1626 2088 1675 2133 et
1712 2082 1812 2132 mei
1843 2096 2123 2132 memorem

546 2166 596 2213 te
620 2158 822 2214 Christi
850 2161 1067 2217 Domini
1129 2165 1405 2220 clementia
1445 2177 1680 2234 tueatur,
1722 2169 1930 2223 domine
1971 2186 2122 2223 uene-

542 2248 711 2302 rande
744 2258 795 2303 et
840 2251 1143 2307 beatissime
1186 2271 1347 2324 papa.
1384 2254 1461 2309 lla
1494 2257 1685 2327 reliqui
1736 2257 1978 2325 ejusdem
2023 2255 2121 2309 aevi

541 2354 746 2395 nomen
791 2358 942 2411 papa:
984 2345 1209 2399 cuilibet
1246 2349 1505 2418 episcopo
1534 2348 1865 2403 tribuebant.
1912 2347 2119 2413 Tertio,

542 2428 811 2484 usitatum
855 2431 1003 2487 hunc
1050 2435 1265 2489 titulum
1322 2438 1486 2491 etiam
1534 2451 1657 2491 ante
1702 2436 2020 2508 Dionysium
2066 2446 2122 2492 et

542 2516 830 2574 lleraclam
865 2521 1025 2577 docet
1057 2540 1159 2580 nos
1200 2524 1569 2582 Tertullianus
1614 2528 1711 2581 lib.
1745 2527 1819 2581 De
1861 2528 2122 2597 pudicitia

544 2623 667 2678 cap.
698 2610 785 2677 15,
817 2613 911 2681 qui
961 2614 1029 2668 de
1070 2616 1328 2686 episc0po
1360 2617 1609 2671 Romano
1646 2619 1761 2673 haec
1806 2619 1967 2673 habet
2000 2638 2014 2674 :
2055 2617 2123 2673 In

542 2714 664 2753 eum
704 2701 931 2757 hominis
982 2706 1205 2774 exitum,
1242 2720 1497 2779 quantunt
1537 2720 1705 2779 potes,
1742 2713 2122 2766 misericordia:

543 2795 806 2850 illecebris
828 2799 993 2854 bonus
1012 2813 1213 2870 pastor,
1229 2813 1277 2857 et
1299 2804 1598 2858 benedictus
1615 2822 1754 2874 papa
1769 2808 1916 2860 conci
1922 2808 2119 2861 onaris.

544 2885 685 2942 Cum
714 2888 880 2958 igitur
906 2908 1006 2945 vox
1040 2910 1179 2963 papa
1208 2912 1485 2964 nunquam
1512 2897 1779 2968 signiticet
1815 2915 1991 2965 avum,
2028 2899 2122 2953 sed

542 2980 805 3037 omnibus
834 2980 1107 3054 episcopis
1139 3002 1353 3057 semper
1382 2988 1581 3042 tributa
1620 2991 1709 3055 sit,
1744 2998 1798 3043 ct
1821 2992 1973 3059 prius
1999 2992 2121 3061 qui-

543 3068 669 3124 dem
720 3073 977 3144 episcopo
1008 3074 1260 3133 Romano
1298 3095 1463 3148 quam
1511 3080 1899 3147 Alexandrino,
1934 3083 2119 3137 inania

546 3170 679 3217 sunt
722 3166 906 3220 omnia
953 3169 1025 3223 ob
1056 3185 1179 3240 qua:
1219 3172 1359 3227 hanc
1409 3174 1692 3229 historiam
1740 3178 2120 3245 excogitarunt

544 3252 788 3323 Arabes;
837 3256 975 3314 falsa
1030 3262 1193 3316 etiam
1222 3272 1275 3318 et
1302 3264 1532 3321 historia
1573 3267 1640 3321 ad
1679 3235 2119 3323 horutuutantum
2148 3235 2190 3292 ο

541 3346 1013 3407 conﬁrmationem
1051 3356 1268 3413 tradita.

614 3438 977 3501 Excussimus
1011 3450 1355 3506 traditionem
1384 3452 1782 3526 Egyptiacam,
1811 3470 1973 3526 quam
2021 3470 2121 3510 nos

541 3548 825 3606 nunquam
868 3550 1051 3596 natam
1102 3542 1271 3599 fuisse
1317 3549 1719 3617 contendimus,
1757 3559 1810 3603 et
1838 3550 1906 3604 ab
1927 3550 2122 3603 Arabi-

542 3630 648 3685 bus
673 3637 1056 3691 tantummodo
1098 3638 1315 3705 ﬁctam;
1344 3654 1471 3695 ecce
1508 3652 1690 3696 autem
1723 3643 1886 3697 etiam
1922 3644 2120 3697 redivi-

537 3734 665 3775 vam
699 3732 753 3777 et
774 3723 840 3778 ad
867 3722 1013 3781 hunc
1038 3744 1211 3798 usque
1240 3730 1384 3785 diem
1421 3734 1768 3802 superstitem
1792 3736 1805 3788 !
1836 3732 2121 3804 Eutychia—

538 3830 666 3871 παθη
719 3822 1061 3879 traditionem
1114 3826 1294 3895 ﬁrmat
1340 3830 1481 3883 idem
1552 3832 1889 3897 institutum,
1942 3832 2118 3902 inquit

538 3904 796 3974 Dallaus,
854 3912 911 3966 in
965 3916 1343 3984 antiquissima
1390 3928 1439 3971 et
1489 3920 1821 3974 nobilissima
1866 3919 2119 3975 Ecclesia:

540 3994 882 4066 Egyptians:
904 4004 1141 4071 traduce,
1158 4006 1461 4077 Et/tiopica
1481 4011 1903 4077 Christianilale,
1918 4014 1987 4066 ad
2006 4013 2117 4067 haec

537 4101 701 4156 usque
718 4100 953 4158 tempora
974 4106 1257 4151 servatum.
1279 4096 1345 4150 In
1369 4101 1511 4152 omni
1531 4102 1669 4153 enim
1691 4100 2000 4171 Ethiopira
2025 4102 2118 4155 Ec-

541 4176 704 4232 clesia
735 4197 870 4235 unus
892 4195 970 4237 est
982 4186 1099 4253 jam
1125 4187 1187 4240 ab
1212 4190 1445 4259 antiquis
1464 4194 1783 4259 temporibus
1822 4196 2114 4262 episcopus,

540 4268 741 4335 abuna,
774 4282 831 4325 ut
859 4286 1063 4343 vocant,
1092 4279 1144 4332 id
1180 4287 1263 4334 est
1286 4281 1616 4349 patriarcha,
1644 4284 1734 4352 qui
1764 4286 1927 4338 etiam
1964 4285 2117 4340 hodie

538 4361 607 4415 ab
651 4362 1016 4421 Alexandrino
1057 4371 1366 4439 patriarcha
1414 4387 1753 4429 consecratur
1785 4387 1833 4430 et
1862 4376 2113 4430 mittitur.

540 4452 781 4524 Antiqua
812 4465 991 4511 autem
1027 4467 1270 4529 tempora
1313 4478 1435 4532 qua:
1466 4462 1598 4528 sint,
1631 4474 1817 4534 postea
1846 4465 2113 4530 ostendit;

2226 1970 2312 2023 vit‘
2332 1969 2708 2025 doctissimus.
2734 1966 2963 2037 Reliqua
2991 1966 3136 2021 enim
3160 1965 3345 2019 omnia
3361 1980 3482 2034 quae
3508 1977 3801 2019 enumera-

2225 2063 2428 2129 vimus,
2484 2062 2549 2117 ad
2601 2060 2998 2132 Eutychianam
3052 2058 3398 2112 traditionem
3450 2054 3803 2124 ﬁrmandam,

2226 2153 2382 2222 plura
2434 2162 2617 2207 autem
2650 2152 2717 2205 ad
2756 2150 3026 2220 lgnatium
3065 2148 3409 2218 epistolicum
3443 2146 3804 2216 rejiciendum

2226 2245 2532 2299 necessaria
2570 2250 2700 2299 sunt
2732 2260 2745 2296 :
2779 2256 2902 2311 quae
2926 2241 3104 2295 adhuc
3136 2240 3286 2294 nullo
3320 2238 3633 2294 testimonio
3659 2252 3803 2293 con-

2226 2340 2535 2403 ﬁrmantur,
2563 2336 2675 2390 imo
2707 2350 2831 2405 quae
2863 2334 3015 2388 nullo
3050 2333 3363 2389 conﬁrmari
3394 2339 3645 2402 possunt.

2296 2429 2482 2483 Primo
2537 2431 2682 2483 enim
2722 2426 3108 2481 Christianitas
3160 2423 3472 2494 Ethiopica
3524 2424 3594 2477 ab
3639 2422 3804 2478 initio

2223 2537 2334 2575 non
2360 2521 2573 2575 videtur
2592 2518 2763 2574 fuisse
2778 2518 3033 2573 Ecclesiae
3048 2516 3388 2587 Egyptiacaz.
3405 2515 3619 2570 tradux.
3636 2512 3801 2582 Nam,

2225 2624 2359 2669 teste
2388 2612 2611 2678 Irenaeo,
2650 2612 2689 2666 l.
2721 2626 2807 2679 ut,
2836 2627 2888 2667 c.
2918 2612 3007 2678 12,
3036 2610 3216 2680 Spado
3257 2610 3451 2679 regine
3482 2606 3554 2661 1E
3562 2608 3805 2677 thiopuus

2224 2706 2420 2759 missus
2468 2716 2545 2759 est
2593 2705 2649 2757 in
2685 2704 2919 2774 regiones
2966 2701 3257 2773 Ethiopia:
3290 2701 3674 2771 pradicaturus
3700 2698 3807 2752 hoe

2223 2798 2361 2867 quod
2391 2799 2501 2867 ipse
2521 2798 2837 2851 crediderat.
2866 2795 3015 2850 ldem
3038 2803 3269 2849 testatur
3284 2793 3484 2849 Euseb.
3513 2792 3553 2847 l.
3580 2808 3641 2856 ιι,
3663 2806 3714 2846 c.
3744 2792 3804 2857 1,

2222 2901 2276 2945 et
2310 2890 2367 2945 S.
2406 2889 2629 2945 llieron.
2654 2891 2711 2942 in
2733 2905 2827 2943 un
2866 2888 3051 2953 lsaite,
3077 2896 3132 2943 et
3172 2886 3230 2942 S.
3262 2886 3427 2959 Cyril.
3464 2886 3674 2941 catecb.
3705 2886 3798 2941 17.

2225 2980 2379 3038 Unde
2424 2991 2479 3037 et
2514 2981 2803 3052 Ethiopes
2849 2981 2955 3051 ipsi
2998 2996 3029 3035 a
3064 2981 3313 3050 Philippo
3346 2980 3595 3049 apostolo
3640 2995 3698 3034 se
3728 2980 3802 3035 ad

2222 3076 2384 3130 ﬁdem
2418 3090 2715 3131 conversos
2740 3074 3084 3144 proﬁtentur.
3115 3072 3320 3127 Volunt
3347 3074 3513 3127 etiam
3549 3072 3803 3127 nonnulli

2226 3166 2285 3222 S.
2333 3166 2601 3221 Thomam
2659 3166 3012 3235 Ethiopibus
3062 3164 3417 3237 Evangelium
3445 3165 3805 3235 praedicasse,

2224 3258 2316 3311 alii
2340 3258 2398 3311 S.
2429 3256 2768 3323 Matthaaum,
2789 3267 2849 3311 ut
2887 3256 3044 3313 Socr.
3072 3257 3111 3311 ι.
3138 3272 3177 3325 ι,
3201 3272 3251 3312 c.
3280 3256 3369 3324 19,
3399 3256 3646 3312 Bullinus
3668 3256 3707 3311 l.
3738 3273 3800 3312 ι.

2223 3365 2273 3405 c.
2317 3350 2369 3405 9.
2408 3348 2699 3420 Uteunque
2744 3349 2834 3416 sit,
2871 3359 2999 3404 sunt
3028 3349 3176 3405 enim
3220 3350 3413 3419 prima:
3471 3349 3806 3420 evangelica

2222 3441 2681 3512 promulgationis
2704 3442 2932 3511 vestigia
2964 3450 3025 3495 ut
3047 3440 3189 3511 apud
3212 3441 3349 3496 alias
3374 3450 3559 3511 gentes
3587 3457 3618 3495 a
3646 3439 3807 3497 Cro-

2223 3535 2302 3589 cis
2348 3535 2506 3604 longe
2550 3534 2797 3603 dissitas,
2822 3534 2896 3588 ita
2926 3542 2981 3589 et
3008 3533 3151 3604 apud
3193 3530 3483 3603 )Ethiopas
3511 3532 3666 3587 valde
3691 3532 3803 3587 ob-

2222 3642 2404 3694 scura,
2438 3641 2601 3682 nemo
2641 3636 2825 3682 tamen
2854 3635 3099 3681 veterum
3128 3626 3266 3681 dixit
3291 3624 3582 3695 Ethiopas
3614 3625 3807 3695 primo

2220 3720 2304 3775 vel
2370 3718 2613 3773 secundo
2670 3717 2871 3774 saeculo
2926 3717 3241 3788 religionem
3303 3715 3672 3772 Christianam
3726 3716 3807 3772 ab

2222 3810 2491 3883 Egyptiis
2544 3809 2833 3875 didicisse;
2903 3809 3051 3879 quod
3109 3818 3227 3864 erat
3277 3809 3344 3863 ad
3397 3807 3805 3881 Eutychianam

2220 3905 2566 3959 traditionem
2608 3901 2935 3958 ﬁrmandam
2964 3901 3236 3971 imprimis
3272 3901 3507 3971 probatu
3534 3916 3812 3958 necessa—

2220 3998 2384 4052 rium.
2417 3995 2484 4050 Et
2512 3996 2710 4049 mirum
2742 4002 2847 4059 est,
2871 4001 3007 4063 quot
3031 4002 3086 4048 et
3105 3993 3289 4063 qualia
3326 3994 3443 4049 haec
3470 3994 3537 4050 de
3582 3996 3812 4065 lgnatio

2220 4091 2537 4160 conjectura
2593 4087 2856 4142 Dallaaum
2905 4086 3113 4157 docuit,
3161 4102 3284 4156 quae
3342 4097 3500 4142 antea
3566 4101 3807 4158 prorsus

2220 4181 2510 4251 ignoravit.
2570 4185 2650 4237 Ita
2704 4182 2848 4237 enim
2902 4182 3018 4251 ipse
3045 4180 3113 4235 de
3165 4179 3431 4250 Pseudep.
3458 4188 3633 4250 apost.
3667 4180 3704 4234 l.
3738 4194 3759 4234 ι
3783 4223 3801 4247 ,

2218 4288 2268 4327 c.
2295 4273 2331 4325 ‘2
2365 4291 2378 4326 :
2417 4272 2519 4327 Sed
2558 4273 2843 4343 jEthiopas
2870 4273 3081 4343 quidem
3108 4273 3403 4337 mittamus,
3434 4287 3655 4341 quorum
3689 4288 3805 4327 non

2221 4366 2325 4420 nisi
2351 4367 2710 4419 recentissima
2754 4368 3012 4428 novimus,
3038 4366 3257 4435 antiqua
3284 4364 3440 4435 plane
3463 4367 3805 4436 ignoramus.

2289 4455 2547 4511 Fatemur
2589 4456 2843 4525 quidem,
2894 4456 3160 4526 quidquid
3222 4456 3291 4510 ab
3345 4456 3643 4525 Eunucho,
3694 4466 3807 4513 aut

539 4545 619 4599 ait
655 4546 708 4600 in
740 4546 1033 4620 [Ethiopiaa
1076 4555 1281 4621 pariter
1315 4570 1379 4609 ac
1430 4554 1649 4626 JEgypu
1680 4556 2031 4626 amplissimis
2059 4567 2114 4611 et

2226 4545 2463 4613 Thema,
2494 4556 2589 4601 aut
2614 4546 2865 4601 Matthmo
2894 4546 3096 4601 factum
3124 4556 3209 4603 est
3230 4548 3284 4601 in
3312 4548 3420 4602 illis
3450 4548 3801 4619 regionibus,

540 4636 1030 4698 Christianissimis
1092 4645 1407 4699 civitatibus
1470 4647 1648 4701 nullos
1696 4647 1763 4701 ad
1804 4662 1857 4701 a.
1890 4645 1953 4699 D.
2016 4641 2116 4695 190

538 4730 850 4802 episc0pos,
882 4735 1119 4790 abunam
1150 4746 1360 4790 tantum
1390 4736 1561 4793 fuisse
1584 4737 1954 4808 Ethiopicum
1977 4746 2035 4793 ut
2061 4747 2115 4794 et

538 4826 909 4892 patriarcham
943 4829 1394 4884 Alexandrinum.

611 4918 809 4985 Quaero
861 4931 1042 4977 autem
1082 4923 1225 4977 unde
1274 4923 1390 4978 bare
1438 4924 1621 4977 omnia
1664 4939 1764 4993 pro
1818 4924 2113 4994 compertis

539 5008 741 5065 habeat
786 5012 871 5066 vir
920 5013 1297 5071 doctissimus.
1349 5013 1543 5070 Testes
1586 5026 1823 5083 quatuor
1869 5016 2109 5083 adducit,

538 5098 885 5169 Alphonsum
918 5101 1267 5167 Mindesium,
1294 5102 1575 5158 Nicolaum
1590 5104 1916 5173 Godignum,
1945 5106 2113 5161 Joan-

535 5206 665 5248 nem
690 5210 720 5248 a
754 5193 993 5260 Sanctis,
1022 5195 1381 5251 Franciscnm
1406 5198 1678 5263 Alvarem,
1712 5213 1949 5269 nuperos
1972 5201 2110 5254 scri-

536 5297 729 5357 ptores
795 5303 1008 5352 omnes,
1062 5288 1301 5345 Jesuitas
1356 5301 1451 5346 aut
1502 5293 1910 5347 Dominicanos.
1968 5292 2109 5358 Quid

536 5385 723 5432 autem
770 5379 846 5432 illi
883 5382 1191 5435 testantur?
1231 5399 1298 5437 an
1331 5383 1796 5439 Christianitatem
1832 5384 2111 5454 Ethiopio

536 5485 661 5527 cam
700 5470 769 5525 ab
812 5472 973 5527 initio
1020 5473 1193 5530 fuisse
1246 5475 1505 5533 Ecclesiae
1544 5476 1877 5550 )Egyptiacae
1923 5478 2111 5531 tradu-

536 5562 695 5617 cem?
719 5578 788 5617 an
819 5565 888 5620 ab
926 5566 1152 5637 antiquo
1183 5585 1357 5638 usque
1386 5570 1453 5624 ad
1507 5586 1558 5626 a.
1596 5569 1660 5623 D.
1695 5571 1817 5635 190,
1849 5568 2021 5623 fuisse
2054 5571 2108 5621 in

536 5655 818 5729 Ethiopia
841 5663 1209 5731 patriarcham
1240 5674 1333 5719 aut
1364 5665 1600 5720 abunam
1626 5681 1751 5719 cum
1780 5663 2110 5734 presbyteris

534 5752 978 5820 quamplurimis,
1001 5753 1258 5824 episcopo
1281 5763 1463 5810 autem
1490 5756 1679 5811 nullo?
1707 5771 1775 5810 an
1801 5758 1940 5809 hanc
1968 5754 2110 5825 regi-

542 5845 990 5905 minis'formam
1048 5850 1116 5905 ab
1168 5848 1442 5922 Egyptiis
1497 5851 1668 5907 fuisse
1706 5850 2107 5909 derivatam.et

2221 4640 2512 4710 [EthiOpas
2570 4640 2865 4709 aliquando
2916 4639 3285 4695 Christianam
3344 4641 3661 4711 religionem
3720 4644 3807 4698 ab

2218 4734 2490 4805 Egyptiis
2516 4734 2788 4802 hausisse,
2817 4734 2965 4804 quod
3004 4734 3170 4788 multa
3199 4733 3598 4790 demonstrant.
3629 4733 3806 4801 Qua:-

2214 4830 2355 4881 ritur
2411 4835 2623 4881 tantum
2674 4825 2741 4880 de
2790 4837 3055 4895 tempore,
3084 4825 3242 4895 cujus
3274 4825 3514 4896 cognitio
3561 4834 3683 4881 erat-
3719 4827 3806 4883 ad

2220 4918 2326 4972 hoc
2356 4928 2738 4987 argumentum
2767 4918 2925 4988 plane
2958 4923 3284 4973 necessaria.
3307 4918 3440 4973 Nam
3469 4919 3573 4973 nisi
3591 4918 3807 4989 probe-

2216 5018 2306 5064 tur
2330 5009 2618 5080 1Ethiopas
2639 5010 2876 5065 abunam
2891 5011 3146 5067 habuisse
3173 5012 3241 5067 ab
3272 5013 3532 5082 episcopo
3551 5011 3808 5069 Alexan-

2212 5104 2374 5157 drino
2397 5112 2663 5169 creatum,
2698 5103 2791 5173 qui
2835 5118 2954 5159 eam
2982 5102 3280 5159 Ecclesiam
3310 5120 3433 5160 eum
3456 5105 3809 5177 presbyteris

2214 5198 2332 5251 sine
2363 5196 2471 5250 alio
2496 5196 2754 5265 episcopo
2788 5196 3011 5262 rexerit,
3046 5207 3171 5251 ante
3215 5195 3474 5251 Demetrii
3517 5207 3801 5268 tempora,

2212 5288 2550 5359 Eutychiana
2580 5289 2798 5343 traditio
2824 5290 2976 5343 nullo
3006 5291 3169 5344 modo
3199 5290 3631 5345 conﬁrmabitur.
3652 5290 3805 5358 Quae

2211 5392 2392 5436 autem
2442 5381 2675 5437 Dallaaus
2735 5380 3391 5453 aﬁ‘ert,utA£thiopicum
3458 5383 3801 5440 Christiani-

2209 5490 2383 5530 smum
2418 5473 2487 5528 ab
2554 5473 2790 5545 Egypto
2849 5484 3209 5543 prapagatum
3255 5490 3377 5531 esse
3421 5476 3798 5547 demonstret,

2216 5573 2330 5620 tneo
2368 5567 2748 5621 tantummodo
2777 5574 2933 5621 sunt:
2954 5565 3165 5633 Abuua,
3205 5568 3430 5635 scilicet,
3455 5569 3519 5622 ab
3542 5570 3799 5625 Alcman-

2209 5664 2364 5715 drino
2418 5663 2728 5733 patriarcha
2767 5665 2875 5734 peti
2921 5665 3258 5735 ordinarique
3302 5666 3510 5729 solitus,
3535 5673 3586 5718 et
3631 5674 3796 5722 uetus

2208 5755 2451 5811 Dioscori
2502 5757 2732 5812 schisma
2768 5759 2855 5811 cui
2900 5775 3019 5829 gens
3047 5768 3158 5812 tota
3200 5759 3270 5812 ad
3306 5758 3615 5813 hodiernum
3637 5759 3799 5814 diem

2210 5849 2463 5919 adliceret,
2523 5850 2709 5921 synodi
2752 5850 3191 5908 Chalcedonensis
3228 5860 3275 5907 et
3317 5850 3507 5907 Leonis
3543 5849 3797 5907 Romani
