4078 6392
316 387 431 442 245

1025 381 1076 442 Ι.
1127 384 1498 442 PEARSONII
1537 385 1860 442 VINDICIA‘I
1899 385 2324 444 ΙΟΝΑΤΙΑΝΕ.
2360 417 2428 428 -
2453 387 2632 446 PARS
2661 390 2701 445 Ι.

3474 389 3579 446 246

317 504 554 574 episcopi
597 505 908 558 memoriam
943 505 1275 560 abominans.
1321 504 1448 561 Haec
1480 516 1662 562 autem
1703 521 1806 562 nec
1837 507 1906 563 ad
1933 529 1982 586 Α
2012 509 2361 563 abduceretur
2393 509 2594 580 (inquit
2622 507 3030 564 Athanasiusin
3049 509 3356 580 Apologia),
3389 509 3440 563 in
3473 526 3579 578 qua

314 609 368 647 a.
431 594 492 649 D.
531 595 654 662 190,
687 611 788 651 nec
843 595 913 650 ad
967 595 1197 651 Eusebii-
1251 605 1498 666 tempora
1551 597 1908 668 pertin'gunt',

319 688 562 757 ideoque
596 688 664 742 ad
713 703 832 742 rem
881 698 1202 758 praesentem
1247 688 1387 743 nihil
1417 690 1642 764 omnino
1675 689 1902 746 faciunt.

316 781 536 835 Arabes
594 781 819 850 quidem
862 779 1192 851 Ethiopica:
1224 781 1483 838 Ecclesiae
1517 782 1814 851 primordia
1839 782 1906 836 ad

319 872 756 928 Constantinum
802 871 975 928 ferme
1007 872 1273 928 referunt.
1303 873 1657 930 Abullaraius
1697 882 1907 929 notata

322 975 575 1034 tempore
630 964 980 1020 Constantini
1041 966 1361 1036 religionem
1421 965 1788 1021 Christianam
1848 982 1908 1022 se

321 1059 630 1122 exeruisse,
689 1058 865 1113 donec
931 1073 1052 1112 eam
1114 1059 1580 1129 amplecterentur
1637 1059 1908 1130 pleraeque

319 1165 518 1203 earum
549 1165 674 1220 qua:
704 1149 974 1205 Romanis
1012 1150 1207 1206 vicina:
1237 1160 1367 1207 sunt
1395 1160 1614 1222 gentes,
1651 1167 1751 1206 nec
1798 1167 1908 1206 non

321 1251 600 1314 quotquot
647 1242 961 1297 incolebant
1007 1244 1190 1314 C0ptas
1235 1242 1361 1299 aliis
1395 1251 1449 1298 et
1478 1242 1700 1314 Nigritae
1731 1247 1911 1299 omni-

320 1335 450 1406 geni
505 1350 571 1390 ex
615 1335 968 1405 Ethiopibus
993 1375 1008 1399 ,
1042 1333 1236 1392 Nubiis
1277 1338 1621 1407 exterisque.
1665 1337 1910 1409 Geogra-

323 1432 439 1498 pho
509 1427 778 1484 Nubiensi
835 1438 1214 1483 memorantur
1264 1429 1457 1500 Nigri,
1520 1433 1607 1501 qui
1656 1440 1911 1486 vocantur

321 1522 562 1576 Albanin
593 1530 643 1575 et
673 1522 927 1575 dicuntur
966 1538 1077 1576 esse
1102 1520 1294 1590 Grazci,
1318 1523 1718 1594 religionemque
1752 1522 1911 1579 Chri—

317 1616 561 1668 stianam
602 1614 845 1682 proﬁteri
891 1631 924 1667 a
958 1614 1141 1668 diebus
1168 1614 1502 1685 Coptitarum
1530 1625 1650 1670 ante
1670 1627 1912 1670 exortam

322 1703 825 1758 Alustemannorum
879 1711 1112 1767 sectam;
1168 1719 1346 1757 verum
1413 1702 1665 1769 deficiunt
1722 1719 1755 1756 a
1806 1702 1914 1772 ﬁde

316 1793 773 1858 Christianorum,
813 1803 936 1847 sunt
972 1793 1113 1846 enim
1143 1791 1427 1850 lacobitaz.
1466 1792 1536 1846 At
1564 1791 1910 1848 Constantini

2007 608 2274 670 tyrannos
2313 615 2408 656 eos
2459 599 2659 654 fratres
2697 611 2877 667 vocat,
2910 602 3086 672 iisque
3124 603 3278 672 paria
3307 618 3431 656 cum
3468 601 3579 656 Ro-

2007 691 2188 746 manis
2235 691 2364 761 jura
2417 692 2693 761 impertit;
2729 707 2854 746 cum
2895 693 3029 747 nulli
3060 694 3448 764 imperatorum
3473 693 3566 747 llo-

2007 798 2294 838 manorum
2319 781 2567 838 foederati
2598 783 2740 836 ultra
2767 783 3007 854 Gangem
3035 794 3219 840 essent
3245 794 3388 839 :tum
3415 786 3580 840 etiam

2008 875 2155 944 quod
2200 875 2343 929 idem
2372 876 2732 930 Constantius
2768 876 2942 946 legem
2977 875 3163 931 fecerit
3190 878 3242 930 in
3269 878 3386 932 haec
3416 877 3582 931 verba

2008 982 2130 1036 quae
2178 983 2292 1021 rem
2339 967 2512 1036 ipsam
2553 967 2690 1022 mire
2733 967 3003 1023 illustrat:
3042 967 3236 1023 Nullus
3275 970 3343 1023 ad
3384 981 3584 1040 gentem

2010 1060 2429 1112 Auxumitarum
2482 1070 2531 1114 et
2588 1059 2893 1114 Homeritas
2942 1062 3018 1113 ire
3076 1071 3386 1130 prazceptus,
3437 1062 3585 1116 ultra

2010 1152 2178 1205 annui
2229 1154 2478 1222 temporis
2523 1154 2698 1222 spatia
2736 1152 2880 1206 debet
2925 1153 3264 1208 Alexandria:
3308 1154 3370 1206 de
3399 1164 3586 1208 cwtero

2011 1247 2299 1300 demorari.
2339 1247 2507 1301 Erant
2534 1247 2702 1317 igitur
2725 1246 2781 1299 hi
2805 1244 2976 1309 Αὑξου
2986 1249 3132 1316 μῖται
3158 1245 3478 1316 καλούμενοι
3503 1247 3591 1298 At-

2011 1337 2215 1402 Θίοπες,
2251 1347 2312 1391 ut
2351 1337 2596 1407 loquitur
2629 1335 3050 1406 Philostorgius,
3077 1335 3370 1392 Homeritis
3389 1337 3588 1406 adjun-

2011 1429 2120 1497 cti,
2179 1430 2413 1500 imperio
2489 1429 2740 1485 Romano
2807 1429 3159 1491 contermini,
3215 1427 3589 1483 Romanorum

2011 1520 2284 1586 lmderati,
2315 1531 2568 1591 tempore
2617 1520 2948 1576 Constantii.
2981 1520 3064 1574 Ad
3099 1520 3231 1573 illos
3257 1519 3422 1590 igitur
3448 1535 3590 1589 saepe

2011 1613 2168 1668 missi
2201 1621 2330 1670 sunt
2359 1614 2523 1684 legati
2555 1613 2650 1684 qui
2678 1611 3068 1667 Alexandriam
3100 1611 3278 1680 primo
3309 1611 3587 1680 petebant.

2012 1704 2140 1760 inde
2183 1705 2240 1759 in
2284 1703 2624 1776 IEthiopiam
2669 1703 3006 1776 prolecti,ex
3028 1703 3305 1773 Ethiopia
3355 1703 3592 1757 Alexan-

2012 1796 2186 1851 driam
2215 1796 2421 1852 reversi
2451 1803 2602 1861 sunt,
2634 1796 2701 1852 ad
2730 1811 2869 1866 quos
2891 1804 3100 1866 spectat
3126 1795 3216 1849 illa
3249 1795 3591 1850 constitutio.

315 1896 482 1943 aetate
509 1886 696 1956 plures
725 1901 893 1956 quam
933 1895 1154 1942 centum
1180 1885 1401 1942 fuerunt
1423 1886 1479 1940 in
1514 1885 1750 1957 {Egypto
1791 1885 1909 1955 epi-
1937 1906 1980 1961 Β
2015 1884 2141 1941 Haec
2185 1887 2405 1941 occasio
2435 1901 2532 1940 eos
2578 1885 2646 1939 ad
2683 1884 2842 1939 ﬁdem
2873 1883 3242 1938 Christianam
3281 1882 3382 1937 sub
3403 1882 3595 1952 primis

315 1979 507 2048 scopi;
541 1986 598 2032 et
645 1977 836 2032 eodem
878 1985 1121 2047 tempore
1165 1975 1434 2032 Eusebius
1466 1975 1659 2047 Ignatii
1698 1975 1907 2045 episto-

316 2071 401 2125 las
452 2071 713 2125 omnibus
759 2068 1008 2124 ecclesiis
1039 2067 1443 2138 perhonorilice
1481 2067 1906 2122 commendavit.

315 2161 436 2216 lmo
478 2177 610 2216 vero
658 2161 877 2216 videtur
927 2159 1094 2215 etiam
1145 2168 1305 2215 aetate
1361 2159 1534 2229 ipsius
1593 2158 1907 2225 Athanasii,

314 2256 412 2324 qui
445 2253 712 2323 epistolas
743 2251 940 2323 lgnatii
972 2262 1027 2308 et
1052 2254 1204 2308 novit
1240 2261 1301 2307 et
1332 2252 1557 2323 recepit,
1590 2260 1646 2308 et
1671 2252 1917 2322 primum

315 2347 604 2416 incognita
657 2345 744 2399 vel
798 2345 948 2399 nulla
999 2343 1192 2412 fuisse,
1220 2353 1276 2399 et
1321 2344 1448 2399 dein
1479 2344 1565 2399 vel
1595 2352 1775 2399 ortum
1808 2344 1910 2398 ha-

314 2437 544 2504 buisse,
603 2437 690 2492 vel
741 2453 802 2493 se
864 2452 1220 2505 recuperasse
1262 2435 1510 2492 Ecclesia
1567 2435 1908 2507 Egyptiaea.

314 2531 491 2600 quue
540 2539 693 2599 patet
748 2545 816 2585 ex
865 2530 1095 2584 historia
1132 2543 1299 2595 quam
1331 2537 1523 2583 narrat
1549 2527 1798 2583 Bullinus
1846 2527 1914 2582 de

312 2620 667 2684 Frumentio,
701 2635 866 2690 quem
932 2621 986 2674 in
1045 2619 1270 2677 Indiam.
1297 2636 1422 2676 cum
1464 2618 1707 2689 Meropio
1733 2617 1914 2689 profe-

312 2725 470 2767 ctum
502 2727 628 2767 esse
664 2713 850 2766 tradit.
884 2710 1002 2768 Etsi
1027 2713 1175 2768 enim
1230 2712 1480 2768 Bullinus
1515 2712 1590 2765 ita
1623 2709 1912 2765 historiam

312 2814 592 2875 pertexat,
627 2806 789 2876 quasi
823 2806 878 2860 in
907 2804 1119 2860 Indiam
1150 2806 1469 2861 ulteriorem
1507 2812 1562 2858 et
1590 2802 1914 2858 orientalem

313 2896 685 2951 Frumentius
737 2897 1111 2965 perrexisset;
1186 2904 1407 2950 constat
1468 2903 1648 2948 tamen
1703 2892 1913 2946 lndiam

311 3006 440 3046 eam
503 2989 675 3045 fuisse
725 2989 964 3062 Egypto
1031 2987 1458 3059 proximiorem,
1517 2997 1572 3043 et
1619 2985 1917 3055 EthiOpiae

311 3096 558 3155 partem.
606 3083 723 3138 Indi
775 3084 921 3138 enim
974 3081 1264 3152 Ethiopes
1321 3081 1626 3151 antiquitus
1676 3079 1916 3151 appella-

311 3179 545 3244 bantur,
580 3186 642 3232 ut
672 3177 815 3247 apud
849 3174 1138 3246 Virgilium
1169 3175 1236 3232 de
1260 3173 1382 3229 Nilo
1405 3174 1447 3206 ’⁸
1473 3192 1486 3229 :

471 3311 648 3384 Usque
680 3313 935 3366 coloratis
972 3312 1145 3367 amnis
1173 3311 1398 3367 devexus
1431 3312 1494 3366 ab
1525 3311 1695 3369 Indis.

390 3451 477 3506 Ad
519 3451 663 3505 hanc
693 3460 875 3505 autem
903 3446 1114 3504 Indiam
1145 3445 1526 3502 Frumentium
1567 3446 1746 3515 primo
1787 3460 1912 3516 per-

314 3545 544 3599 venisse
594 3551 813 3597 constat
854 3561 867 3595 :
910 3556 978 3597 ex
1035 3540 1129 3595 illa
1175 3538 1564 3594 Alexandriam
1615 3537 1798 3602 rediit,
1859 3537 1914 3591 in

315 3636 576 3692 eamdem
620 3649 814 3689 rursus
849 3635 1015 3689 etiam
1054 3633 1261 3688 missus
1295 3640 1400 3696 est,
1429 3631 1575 3686 etab
1610 3630 1916 3685 Athanasio

316 3729 616 3783 ordinatus
667 3726 960 3796 episcopus
1009 3724 1308 3779 Axumeos.
1344 3722 1476 3777 Erat
1530 3732 1714 3777 autem
1763 3722 1914 3777 Axu-

316 3824 427 3875 mis
465 3818 792 3887 Ethiopum
828 3818 1170 3887 metropolis.
1203 3815 1524 3886 Stephanus
1543 3814 1622 3869 De
1659 3813 1875 3868 urbibus
1897 3831 1918 3870 :

330 3913 683 3982 Ἀξουμίτης,
717 3909 1039 3981 ἀρσενικῶς,
1072 3908 1405 3980 μητρόπολις
1435 3907 1726 3962 Αἰθιόπων.
1757 3906 1915 3976 Apud

313 4003 621 4057 Arrianum
643 4003 698 4056 in
723 4001 941 4072 Periplo
969 4001 1140 4056 maris
1158 3999 1426 4071 Erythraei
1453 3999 1620 4070 (quod
1647 3999 1916 4068 Procopio

315 4095 559 4150 Gazensi
593 4095 834 4148 Θάλασσα
891 4093 1086 4164 Ἰνδική
1120 4091 1370 4162 vocatur)
1399 4109 1413 4145 :
1456 4091 1600 4144 Ἀπὸκ
1621 4091 1678 4144 δὲ
1709 4090 1914 4161 ταύτης

313 4189 401 4249 εἰς
435 4185 607 4256 αὐτὴν
639 4186 740 4256 τὴν
776 4184 1110 4256 μητρόπολιν
1134 4183 1225 4236 τὸν
1273 4181 1576 4254 Ἀξωμίτην
1625 4181 1914 4252 λεγόμενον

313 4279 502 4332 ἄλλων
565 4277 786 4348 ἡμερῶν
837 4277 1022 4329 πέντε.
1076 4273 1371 4330 Nonnosus
1426 4273 1571 4343 apud
1621 4271 1912 4327 Photium:

327 4372 396 4424 Ἡ
423 4370 484 4423 δὲ
523 4369 768 4438 Ἀξουμα
803 4369 958 4432 πόλις
995 4369 1112 4421 ἐστὶ
1152 4367 1406 4438 μεγίστη,
1442 4359 1674 4419 κα.ὶοῖον
1711 4365 1916 4436 μητρό-

315 4463 478 4524 πολις
509 4462 609 4531 τῆς
640 4459 768 4530 ὅλης
827 4459 1136 4521 Αἰθιοπίας.
1162 4457 1230 4512 Et
1256 4457 1458 4513 clarius
1488 4456 1667 4511 adhuc
1708 4453 1914 4510 Proco—

2011 1977 2434 2048 imperatoribus
2469 1974 2797 2031 Christianis
2823 1977 3204 2030 convertendi.

2097 2069 2218 2126 Jam
2242 2086 2373 2125 vero
2400 2078 2526 2125 ante
2545 2070 2693 2124 hunc
2709 2068 3082 2122 Frumentium
3109 2069 3161 2121 in
3185 2069 3287 2122 hac
3309 2065 3458 2122 India
3481 2065 3596 2119 sive

2012 2162 2154 2217 inter
2215 2161 2508 2231 Ethiopas
2557 2159 2846 2214 Axumitas
2897 2159 3045 2212 nulla
3094 2158 3422 2213 Christianae
3468 2153 3596 2208 reli-

2012 2255 2190 2322 gionis
2229 2254 2457 2324 vestigia
2511 2253 2862 2323 apparebant.
2900 2250 2976 2306 lta
3011 2250 3239 2305 omnino
3284 2248 3593 2316 intelligen-

2014 2344 2118 2400 dus
2146 2342 2402 2399 Socrates
2438 2344 2493 2398 in
2520 2342 2846 2414 praefatione
2869 2343 2936 2398 ad
2961 2342 3102 2396 hanc
3129 2341 3415 2396 historiam
3445 2358 3458 2394 :
3484 2338 3594 2408 Τὴν

2017 2438 2196 2509 μέντοι
2228 2438 2488 2508 ἐνδοτέρω
2528 2437 2715 2490 Ἰνδίαν
2747 2436 2815 2506 ἢν
2842 2436 3122 2507 προσοικεῖ
3159 2433 3443 2504 βαρϐάρων
3467 2431 3594 2501 ἔθνη

2016 2529 2186 2582 πολλὰ
2216 2529 2492 2601 διαφόροις
2523 2528 2780 2600 χρώμενα
2810 2528 3084 2597 γλώσσαις
3116 2527 3326 2579 οὐδέπω
3359 2524 3464 2595 πρὸ
3487 2524 3596 2576 τῶν

2014 2620 2424 2672 Κωνσταντίνου
2488 2619 2695 2690 χρόνων
2740 2620 2768 2671 ὁ
2812 2619 2908 2671 τοῦ
2958 2614 3384 2689 Χριστιανισμοῦ
3439 2614 3597 2682 λόγος

2015 2709 2296 2779 ἐφώτιζεν.
2332 2710 2566 2764 Interior
2605 2721 2783 2764 autem
2832 2708 3013 2773 India,
3043 2723 3201 2778 quam
3234 2716 3406 2776 gentes
3445 2719 3598 2758 acco-

2018 2804 2136 2858 lunt
2204 2804 2474 2874 plurimte,
2517 2803 2737 2858 diversis
2778 2811 2980 2856 utentes
3030 2800 3247 2870 linguis,
3288 2807 3408 2852 ante
3459 2797 3600 2852 Con-

2019 2896 2244 2949 stantini
2287 2905 2520 2964 tempora
2571 2895 2803 2948 nondum
2851 2893 3051 2948 Christi
3109 2891 3214 2960 fide
3266 2890 3437 2958 fuerat
3467 2888 3599 2942 illu-

2017 2998 2212 3042 strata.
2242 2987 2385 3042 ldem
2418 2988 2584 3041 etiam
2617 3002 2684 3040 ex
2720 2986 2835 3055 ipsa
2859 2983 3086 3039 historia
3122 2981 3437 3036 innotescit.
3461 2979 3600 3033 Fru-

2020 3082 2262 3136 mentius
2314 3081 2464 3136 enim
2503 3081 2618 3150 ipse
2667 3094 2792 3133 cum
2821 3079 3062 3148 primum
3092 3076 3161 3130 ad
3192 3075 3397 3130 Indiam
3426 3073 3598 3139 illam,

2021 3175 2134 3229 sive
2159 3173 2496 3243 Ethiopian]
2528 3179 2872 3242 pervenerat,
2894 3179 2950 3225 et
2976 3169 3114 3224 mira
3130 3167 3236 3222 Dei
3261 3166 3602 3237 providentia

2019 3267 2273 3320 maximae
2311 3265 2452 3335 apud
2496 3279 2677 3334 regem
2725 3262 3070 3318 auctoritatis
3098 3268 3265 3324 esset,
3295 3258 3600 3314 neminem-

2017 3377 2123 3430 que
2158 3361 2298 3414 inter
2329 3357 2642 3427 IEthiopias
2674 3355 3052 3410 Christianum
3092 3351 3384 3417 invenerit,
3420 3352 3599 3420 requi-

2017 3469 2130 3506 rere
2178 3451 2463 3506 sollicitius
2512 3450 2666 3520 caepit
2709 3449 2755 3501 si
2785 3448 2874 3518 qui
2911 3448 3052 3499 inter
3097 3445 3442 3514 negotiatores
3487 3441 3599 3494 Ro-

2016 3565 2200 3603 manos
2239 3547 2744 3608 Christianiessent,
2783 3544 2951 3611 iisque
2986 3549 3299 3609 potestatem
3339 3537 3508 3599 dedit,
3541 3543 3600 3587 ut

2017 3637 2379 3693 conventicula
2415 3653 2508 3707 per
2543 3636 2660 3689 loca
2697 3632 2912 3703 singula
2943 3632 3195 3700 facerent,
3227 3629 3298 3682 ad
3334 3644 3449 3698 qua:
3494 3627 3602 3680 Ro-

2016 3748 2174 3785 mano
2202 3733 2308 3784 ritu
2332 3731 2591 3783 orationis
2630 3743 2792 3780 causa
2827 3725 3169 3794 conﬂuerent.
3202 3721 3323 3787 Quo
3351 3729 3599 3790 peracto,-

2017 3838 2274 3879 reversus
2305 3833 2361 3877 et
2394 3820 2787 3876 Alexandriam
2816 3818 3064 3880 veniens,
3096 3815 3227 3884 quid
3253 3829 3282 3868 a
3311 3829 3370 3868 se
3393 3811 3598 3866 factum

2018 3919 2091 3974 sit
2120 3918 2314 3982 docet;
2340 3925 2394 3970 et
2425 3931 2456 3970 a
2486 3914 2542 3968 S.
2565 3912 2874 3968 Athanasio
2902 3912 2956 3965 in
2985 3908 3222 3965 concilio
3251 3906 3605 3962 sacerdotum

2016 4010 2197 4080 primo
2243 4008 2582 4078 designatus,
2632 4005 2757 4060 dein
2817 4003 3106 4058 ordinatus
3172 4008 3258 4054 est
3309 3999 3602 4068 episcopus

2016 4103 2317 4156 Axumeos.
2352 4099 2458 4165 Qui
2491 4114 2617 4153 cum
2654 4095 2952 4167 episcopali
2990 4093 3324 4149 auctoritate
3369 4101 3600 4146 ornatus

2016 4189 2352 4262 perrexisset
2372 4189 2440 4243 ad
2468 4193 2610 4242 hanc
2630 4186 2860 4248 Indiam,
2889 4193 3041 4237 tanta
3066 4183 3112 4236 ei
3141 4182 3268 4235 data
3291 4196 3412 4234 esse.
3433 4197 3466 4234 α
3492 4179 3599 4232 Deo

2017 4284 2278 4336 uirtutum
2317 4279 2496 4350 gratia
2524 4277 2746 4342 dicitur,
2771 4284 2828 4328 ut
2851 4275 3002 4344 signa
3033 4288 3126 4341 per
3151 4287 3271 4324 eum
3309 4269 3600 4339 apostolica

2017 4377 2237 4444 ﬁerent,
2272 4383 2321 4427 et
2391 4371 2639 4440 inﬁnitus
2691 4383 2938 4421 numerus
2988 4364 3338 4418 barbarorum
3388 4377 3600 4416 conver-

2019 4477 2213 4522 teretur
2256 4465 2324 4519 ad
2358 4464 2538 4533 ﬁdem.
2571 4460 2656 4514 Ea:
2684 4475 2785 4530 quo
2815 4460 2868 4511 in
2897 4457 3066 4510 India:
3114 4455 3380 4525 partibus,
3417 4461 3467 4505 et
3507 4469 3599 4520 ρος

315 4557 446 4626 pius
515 4553 851 4608 Persicorum
908 4552 1004 4606 lib.
1036 4568 1053 4607 1
1092 4570 1105 4606 :
1149 4549 1456 4623 Ὀμηριτῶν
1479 4549 1538 4602 δὲ
1578 4548 1913 4619 καταντικρὺ

2018 4561 2131 4633 puli
2154 4558 2608 4620 Christianorum,
2640 4562 2689 4606 et
2725 4551 2958 4606 ecclesia:
2989 4550 3146 4618 factm
3169 4556 3314 4608 sunt,
3347 4554 3394 4596 et
3423 4559 3600 4596 sacer-

318 4646 562 4718 μὰλιστα
609 4647 666 4698 ἐν
706 4648 772 4716 τῇ
809 4645 1108 4718 ἀντιπέρας
1145 4645 1354 4716 ἠπείρῳ
1385 4643 1640 4707 Αἰθίοπες
1670 4643 1913 4696 οἰκοῦσιν

311 4744 367 4794 οῖ
401 4740 750 4810 Αὑξωμεῐται
771 4737 1175 4801 ἐπικαλοῦνται,
1226 4737 1320 4790 ὅτι.¹
1337 4736 1402 4807 δὴ
1437 4738 1620 4800 αὐτοῖς
1657 4735 1727 4789 τὰ
1757 4736 1914 4806 βασί-

313 4833 443 4886 ista.
474 4834 625 4884 ἐστιν
667 4832 725 4882 ὲν
758 4829 1034 4901 Αὑξώμιδι
1069 4829 1240 4884 πόλει.
1287 4829 1421 4883 Erat
1469 4830 1635 4899 igitur
1683 4828 1916 4882 Axumis

313 4923 646 4992 metropolis
692 4921 1011 4991 AithiOpiae,
1070 4930 1126 4976 et
1177 4925 1233 4975 in
1271 4935 1336 4977 ea
1393 4919 1719 4990 IEthiOpum
1767 4921 1923 4990 regia.

313 5019 503 5088 posita
527 5017 651 5072 fuit.
676 5016 758 5072 Ad
776 5017 920 5072 hanc
950 5016 1116 5087 igitur
1138 5016 1402 5084 Axumin,
1432 5025 1486 5070 et
1509 5015 1651 5070 hanc
1678 5015 1912 5081 Indiam,

311 5130 445 5185 qua:
489 5128 621 5183 pars
654 5122 740 5168 est
783 5110 1084 5182 Ethiopian
1121 5111 1359 5183 Egypto
1391 5111 1673 5182 proxima;
1707 5125 1816 5165 non
1845 5109 1914 5162 ad

313 5205 535 5259 Indiam
579 5202 1020 5274 intraGangem,
1044 5212 1140 5258 aut
1165 5204 1232 5258 ad
1257 5203 1497 5258 Axumin
1540 5203 1913 5272 illam,.quam

314 5297 388 5350 ad
420 5297 566 5351 latus
611 5295 878 5350 orientale
906 5296 1022 5351 Indi
1060 5294 1212 5350 ﬂuvii
1245 5295 1531 5351 constituit
1562 5293 1910 5359 Ptolemmus,

315 5387 705 5442 Frumentium
739 5388 972 5443 missum
1004 5387 1177 5444 fuisse
1201 5403 1231 5442 a
1266 5386 1323 5442 S.
1356 5387 1657 5441 Athanasio
1686 5386 1914 5441 creden-

312 5484 449 5537 dum
483 5491 570 5537 est
597 5501 611 5535 :
639 5491 756 5536 tum
809 5482 958 5552 quod
990 5481 1283 5552 epistolam
1332 5479 1692 5536 Constantius
1722 5481 1791 5535 ad
1814 5480 1913 5534 Ai-

314 5591 497 5632 zanan
527 5587 582 5631 et
624 5574 878 5629 Sazanan
906 5576 1029 5642 ejus
1059 5575 1162 5630 loci
1211 5584 1477 5646 tyrannos
1503 5573 1746 5643 scripsit,
1771 5572 1912 5626 ὥστε

310 5667 682 5736 Φῳυμέντιον
733 5666 828 5718 τὸν
869 5666 1166 5720 ἐπίσκοπον
1214 5666 1317 5736 τῆς
1348 5664 1653 5734 Ἀξούμεως
1703 5663 1911 5717 ἐκεῖθεν

310 5758 574 5827 ἀχθῆναι,
629 5768 688 5811 ut
740 5755 1086 5813 Frumentius
1143 5758 1419 5830 episcopus
1471 5755 1734 5812 Axumeos
1791 5757 1911 5810 inde

392 5872 432 5902 “'
459 5870 645 5943 Georg.
683 5888 760 5937 Iv,
800 5872 922 5928 295.

2017 4653 2226 4708 dotium
2272 4651 2536 4719 capit,.ut
2565 4655 2798 4702 testatur
2834 4641 3084 4696 Bullinus
3121 4637 3266 4692 Hist.
3296 4634 3424 4689 eecl.
3448 4636 3486 4688 l.
3540 4651 3597 4700 χ,

2019 4761 2138 4814 cap.
2197 4745 2252 4798 9.
2299 4741 2403 4796 Cui
2465 4739 2836 4808 sulfragantur
2888 4733 3167 4796 Socrates,
3235 4728 3597 4792 Sozomenus,

2022 4835 2400 4891 Theodoretus
2426 4841 2480 4887 et
2507 4829 2867 4899 Nieephorus.

2091 4927 2194 4982 Ubi
2221 4941 2368 4980 nunc
2391 4923 2481 4979 ille
2512 4923 2730 4977 abunas
2761 4917 3128 4987 IEthiopicus,
3164 4913 3253 4968 ille
3280 4909 3595 4982 patriarcha

2017 5020 2137 5076 sine
2165 5016 2436 5088 episc0pis
2458 5054 2473 5080 ,
2507 5016 2563 5068 in
2613 5011 2969 5084 amplissimis
3016 5017 3070 5062 et
3105 5001 3596 5060 Christianissimis

2017 5111 2371 5175 civitatibus,
2431 5122 2608 5178 usque
2668 5107 2736 5161 ad
2808 5120 2859 5160 a.
2913 5102 2977 5157 D.
3038 5100 3178 5155 l90?
3227 5097 3332 5152 Ubi
3394 5095 3470 5148 illi
3526 5094 3598 5150 ab

2017 5205 2247 5259 aliarum
2280 5202 2523 5271 gentium
2565 5197 2900 5254 commercio
2933 5194 3164 5257 remoti,
3213 5192 3349 5245 adeo
3383 5189 3596 5258 antiqui

2017 5298 2157 5352 ritus
2175 5305 2417 5357 tenaces,
2448 5300 2648 5345 utcum
2673 5288 2937 5360 Egyptii,
2958 5301 3091 5357 gens
3110 5284 3243 5338 levis
3263 5292 3316 5337 et
3335 5282 3593 5351 pendula,

2015 5389 2119 5443 sub
2148 5385 2427 5441 Demetrio
2456 5393 2509 5438 et
2540 5382 2770 5436 Heracla
2798 5381 3106 5450 episc0pos,
3130 5377 3359 5439 scilicet,
3391 5375 3592 5428 admit-

2016 5490 2210 5545 tet-ent,
2231 5479 2494 5534 traditum
2525 5477 2596 5531 ab
2614 5472 3000 5528 Alexandrinis
3023 5483 3230 5524 morem
3255 5469 3460 5537 optima
3491 5466 3598 5522 lide

2014 5573 2376 5636 servaverint,
2409 5579 2464 5626 et
2498 5586 2609 5624 uno
2643 5568 2825 5622 abuna
2866 5563 3108 5619 contenti
3159 5561 3344 5632 plures
3377 5559 3596 5629 episeo-

2014 5684 2114 5740 pos
2141 5665 2430 5722 admittere
2459 5676 2744 5734 nunquam
2770 5657 3080 5714 voluerint?
3117 5654 3195 5708 Ex
3234 5654 3436 5724 quibus
3480 5651 3596 5706 haec

2014 5759 2261 5818 historia:
2294 5755 2665 5814 monumentis
2694 5762 2850 5811 eruta
2872 5769 2885 5806 :
2905 5765 2972 5808 ex
2995 5748 3198 5821 quibus
3225 5745 3480 5803 Ecclesia:
3498 5759 3597 5798 an.
