4078 6392
520 370 618 423 247

1522 372 1580 426 S.
1622 370 1969 428 lCNATlUS.
2008 400 2079 410 —
2115 367 2645 426 PROLEGOMENA.

3662 362 3767 418 948

514 492 732 547 nalibus
773 493 1056 563 desumpta
1087 502 1215 548 sunt
1235 531 1253 557 ,
1283 491 1509 555 Graecis,
1537 494 1749 550 Latinis
1773 535 1788 557 ,
1815 494 2089 548 Arabibus
2117 498 2165 555 Α
2193 509 2297 545 non
2327 492 2478 544 habet
2503 490 2824 560 patriarcha
2854 490 3101 543 honorem
3132 498 3180 542 et
3204 496 3533 557 potestatem.
3578 485 3768 540 Plures

514 585 719 655 pariter
744 586 962 655 ignota?
996 584 1177 639 Prima
1207 584 1375 642 facies
1406 586 1695 654 Ecclesiae,
1726 589 1963 657 primum
1993 602 2080 642 sa-

510 678 840 743 cerdotium,
885 682 1098 748 primus
1128 680 1419 750 episcopus
1445 681 1499 734 in
1531 681 1821 749 metropoli
1868 679 2086 734 Ethio.

511 770 634 837 pite,
666 786 789 824 cum
813 770 926 840 jam
962 771 1299 828 Athanasius
1330 776 1384 828 in
1414 773 1647 845 Egypto
1672 789 1780 827 non
1814 775 1932 828 sine
1954 788 2084 829 cen-

512 870 629 915 tum
659 862 933 933 episcopis
960 864 1308 933 praesideret,
1351 874 1407 920 et
1436 867 1552 937 ipse
1588 865 1779 935 lgnatii
1826 865 2087 933 epistolas

509 956 711 1012 diserte
737 968 1057 1028 agnosceret
1092 967 1258 1029 atque
1284 960 1623 1029 praedicaret.

578 1047 1003 1119 Philostorgius,
1041 1057 1138 1104 aut
1175 1050 1462 1119 ignorans,
1494 1060 1589 1105 aut
1614 1052 1799 1120 potius
1824 1050 2086 1106 dissimu-

508 1140 630 1195 lans
657 1141 802 1195 hanc
836 1141 1124 1197 historiam
1150 1182 1164 1206 ,
1198 1141 1558 1212 Theophilum
1590 1144 1692 1198 sub
1724 1144 2086 1198 Constantino

506 1232 577 1286 ad
605 1233 892 1287 Axumitas
932 1231 1223 1304 .Ethiopas
1252 1237 1481 1291 missum
1511 1235 1673 1290 tradit
1700 1254 1713 1289 :
1747 1234 2084 1306 Nicephorus

506 1326 612 1379 hoc
649 1325 717 1380 ad
759 1324 1068 1382 Constantii
1104 1338 1159 1383 et
1189 1328 1407 1399 Georgii
1454 1330 1693 1399 episcopi
1728 1329 2085 1384 Alexandrini

506 1426 751 1486 tempora
783 1417 973 1474 refert.
1008 1418 1075 1473 Et
1107 1422 1332 1475 omnino
1358 1422 1649 1491 episcopus
1678 1422 1766 1475 ille
1800 1422 2036 1476 Arianus
2066 1462 2081 1486 ,

504 1517 632 1579 post
681 1507 1065 1565 Frumentium
1120 1522 1213 1565 aut
1257 1523 1570 1566 revocatum
1624 1522 1718 1567 aut
1771 1522 2081 1580 mortuum,

504 1597 844 1670 Ethiopiam
881 1604 1192 1672 perrexisse
1216 1605 1491 1674 putandus
1510 1614 1612 1660 est.
1639 1604 1772 1663 Post
1795 1622 1933 1676 quos
1950 1608 2081 1676 quin

502 1692 690 1762 plures
722 1695 776 1749 in
809 1693 1091 1765 IEthiopia
1116 1696 1357 1766 cpisc0pi
1384 1696 1688 1766 floruerint,
1711 1699 1949 1754 dubitari
1972 1715 2082 1754 non

2192 586 2313 643 sine
2343 582 2717 638 controversia
2771 584 2828 637 in
2873 581 3188 654 Ethiopica
3232 581 3479 637 Ecclesia
3522 578 3765 649 episcopi

2188 676 2361 741 fuere,
2395 691 2521 729 cum
2554 675 2642 728 hic
2667 690 2843 729 canon
2886 674 3062 743 primo
3094 673 3350 727 conditus
3390 679 3494 726 est.
3530 668 3629 725 Jus
3664 684 3764 739 pa-

2188 770 2444 826 triarchae
2485 768 2859 835 denegabatur
2894 768 3115 823 creandi
3163 766 3603 835 archiepiscopos
3649 765 3762 820 sive

2189 860 2664 926 metrOpolitanos,
2686 860 2844 924 tales,
2874 859 3157 922 nimirum,
3189 859 3283 927 qui
3311 873 3411 912 sua
3435 857 3761 913 auctoritate

2187 956 2477 1025 episcopos
2520 964 2803 1019 crearent;
2849 954 2993 1008 unde
3023 953 3126 1022 ipsi
3158 954 3251 1022 jus
3288 953 3509 1007 creandi
3545 952 3759 1021 episco-

2185 1065 2285 1118 pos
2342 1062 2667 1103 concessum
2716 1063 2839 1104 esse
2887 1047 3234 1116 supponitur.
3282 1044 3350 1103 Et
3403 1046 3663 1114 quoniam
3696 1059 3761 1099 ea

2184 1150 2341 1195 aetate
2372 1141 2557 1211 plures
2602 1140 2705 1194 sub
2735 1155 2795 1195 se
2833 1139 3179 1208 episcopatus
3209 1137 3456 1201 haberet,
3502 1136 3760 1192 catholici

2186 1251 2384 1290 nomen
2418 1234 2688 1298 obtinuit,
2723 1235 2817 1304 qui
2857 1234 3018 1304 vulgo
3054 1234 3230 1287 abuna
3259 1241 3509 1288 vocatur.
3550 1230 3759 1285 Salma-

2185 1328 2325 1381 sium
2364 1328 2453 1381 hic
2480 1328 2713 1398 appello,
2732 1326 2825 1396 qui
2849 1325 2925 1380 De
2948 1326 3183 1395 primatu
3209 1342 3361 1395 popa:
3381 1340 3503 1393 cap.
3532 1323 3620 1388 H,
3648 1322 3760 1377 haec

2185 1418 2349 1471 habet
2382 1435 2394 1469 :
2428 1415 2814 1483 Succrescente,
2844 1424 2897 1467 ut
2916 1413 3183 1483 probabile
3209 1424 3307 1476 est,
3334 1412 3761 1468 Christianorum

2182 1511 2238 1563 in
2271 1507 2552 1575 Ethiopia
2574 1523 2812 1571 numero,
2843 1506 2930 1561 ubi
2952 1507 3126 1576 plures
3149 1504 3338 1558 habere
3371 1504 3523 1573 coepit
3555 1519 3616 1556 ea
3638 1517 3750 1570 pro-

2183 1602 2357 1655 uincia
2387 1603 2682 1671 episcopos,
2706 1617 2839 1655 unus
2868 1600 3111 1653 omnibus
3133 1596 3568 1667 metropolitanus
3590 1595 3760 1663 impo-

2181 1690 2337 1756 situs,
2366 1692 2456 1759 qui
2480 1700 2691 1759 propter
2716 1689 3113 1743 multitudinem
3136 1688 3499 1756 episcoporum
3514 1685 3616 1739 sibi
3639 1684 3761 1741 sub-

501 1795 700 1855 potest.
739 1786 997 1859 Legimus
1034 1790 1181 1845 enim
1229 1793 1373 1863 apud
1421 1792 1725 1847 Palladium
1755 1831 1770 1856 ,
1803 1807 1966 1862 quem
2012 1810 2079 1847 ex
2109 1856 2148 1863 _
2175 1782 2437 1851 jectorum
2481 1792 2529 1835 et
2581 1782 2803 1835 ditionis
2844 1780 3252 1850 amplitudinem
3291 1778 3544 1832 catholici
3575 1788 3625 1831 et
3661 1794 3758 1847 pa-

501 1856 841 1931 bibliotheca'
879 1876 1046 1948 Regia
1098 1856 1281 1950 nuper-
1318 1882 1489 1937 edidi;
1524 1883 1593 1938 cl.
1645 1856 1929 1937 Edon-dus
1961 1880 2081 1937 Bis-
2108 1856 2153 1913 Β
2183 1873 2430 1928 triarcha:
2464 1888 2652 1926 nomen
2700 1871 2929 1939 habuit,
2969 1872 3203 1943 quamvis
3244 1870 3401 1925 alteri
3438 1868 3759 1939 patriarcha

498 1983 645 2022 saaus
665 1982 833 2037 eques
860 1979 1122 2027 auratus:
1154 1973 1295 2040 Ἐγὼ
1325 1974 1382 2027 δὲ
1415 1976 1496 2037 εἰς
1526 1974 1594 2027 τὰ
1627 1974 1947 2045 ἀκρωτήρια
1983 1974 2082 2045 μό-

495 2071 587 2111 νον
622 2057 830 2127 ἔφθασα
862 2060 961 2131 τῆς
1006 2062 1232 2135 Ἰνδικῆς
1279 2064 1385 2136 πρὸ
1418 2064 1555 2118 ἑτῶν
1586 2059 1780 2134 ὀλίγων
1818 2065 1956 2137 μετὰ
1987 2065 2080 2118 τοῦ

499 2150 773 2221 μακαρίου
822 2153 1103 2218 Μωῡσέως
1165 2154 1258 2209 τοῦ
1311 2157 1613 2210 ἐπισκόπου
1661 2159 1769 2210 τῶν
1833 2156 2081 2227 Ἀδουλη-

494 2240 622 2295 νῶν.
661 2241 773 2314 Ego
806 2245 875 2298 ad
899 2247 1099 2313 primas
1135 2256 1343 2302 tantum
1385 2247 1558 2303 India:
1588 2265 1709 2303 oras
1737 2265 1932 2319 paucos
1957 2258 2080 2303 ante

497 2349 661 2388 annos
701 2352 821 2389 cum
857 2338 1008 2392 beato
1058 2338 1205 2394 Mose
1244 2340 1609 2413 Adulenorum
1635 2343 1876 2411 episcopo
1922 2358 2078 2411 pene-

496 2426 651 2479 travi.
678 2424 809 2481 Erat
834 2437 1015 2483 autem
1044 2431 1239 2499 Adule,
1266 2433 1351 2486 vel
1370 2432 1582 2500 Adulis,
1607 2435 1740 2488 urbs
1758 2432 2071 2504 Ethiopiaa.

496 2514 682 2586 Steph.
705 2536 719 2572 :
743 2519 1010 2587 Ἀδουλις,
1046 2522 1201 2587 πόλις
1232 2525 1525 2590 Αἰθιόπων,
1543 2537 1597 2582 et
1623 2526 1923 2598 Procopius
1938 2528 2075 2583 Per-

495 2607 725 2660 sicorum
758 2609 855 2663 lib.
886 2626 905 2665 ι
952 2628 967 2663 2
1016 2612 1106 2665 Ἑν
1156 2614 1310 2667 πόλει
1360 2617 1632 2672 Αἰθιόπων
1679 2619 1955 2672 Ἀδούλιδι.
2015 2618 2073 2673 ln

508 2698 631 2754 Vita
676 2700 734 2755 S.
782 2702 1139 2774 Chrysostomi
1171 2722 1200 2760 a
1243 2706 1491 2764 Palladio
1538 2710 1741 2779 scripta
1766 2712 1986 2765 'mentio
2015 2714 2076 2765 lit

497 2791 723 2846 Palladii
768 2792 1173 2867 Blemmyorum
1217 2800 1480 2869 episcopi.
1534 2799 1841 2871 Blemmyes
1888 2808 2070 2855 autem

494 2884 956 2956 sunteEthiopes.
992 2888 1195 2945 Strabo
1235 2892 1329 2945 lib.
1362 2908 1511 2947 xvu:
1546 2892 1831 2963 Βλέμμυες
1876 2893 1933 2946 δὲ
1979 2894 2073 2945 At-

494 2974 698 3029 θιόπων
734 2977 1133 3046 ὑπακούοντες,
1168 2982 1487 3051 Αἰγυπτίοις
1521 2983 1579 3035 δὲ
1601 2984 1812 3054 ὅμοροι,
1839 2984 1906 3037 de
1935 2984 2062 3052 qui-

492 3068 598 3124 bus
627 3067 840 3127 Plinius
874 3073 971 3127 lib.
1012 3089 1066 3141 v,
1095 3090 1213 3144 cap.
1249 3075 1303 3129 8.
1336 3074 1522 3146 Neque
1546 3091 1678 3131 vero
1716 3076 1897 3131 adhuc
1926 3076 2069 3130 mul-

491 3168 608 3213 tum
632 3162 804 3216 crevit
828 3163 882 3217 in
915 3163 1192 3233 Ethiopia
1228 3166 1422 3237 religio
1450 3168 1780 3222 Christiana.
1810 3168 1913 3221 Sed
1971 3168 2069 3222 Ju-

491 3248 1128 3321 stinianeiimperiianno
1155 3255 1246 3320 16,
1261 3255 1485 3313 Adadus
1506 3258 1930 3312 Auxumitarum
1948 3272 2064 3323 rex,

488 3338 669 3394 factus
697 3350 783 3395 est
805 3342 1176 3413 Christianus,
1206 3348 1350 3402 etab
1371 3349 1703 3419 imperatore
1726 3349 1933 3418 accepit
1951 3349 2070 3401 ὲπί-

489 3448 691 3485 σκοπον
722 3433 812 3487 καὶ
847 3434 1162 3507 κληρικούς,
1198 3449 1259 3494 ut
1304 3440 1471 3495 refert
1520 3439 1881 3510 Theophanes
1902 3484 1915 3508 ,
1944 3447 2065 3498 ἐπι-

488 3522 738 3587 σκόπους
771 3524 864 3578 καὶ
897 3526 1213 3600 κληρικούς,
1239 3540 1298 3585 ut
1320 3541 1510 3586 narrat
1543 3532 1845 3603 Ccdrenus,
1874 3547 1928 3592 ct
1954 3546 2067 3599 tota

485 3628 550 3668 ea
585 3631 718 3685 gens
738 3616 957 3674 Christo
984 3636 1184 3676 nomen
1211 3622 1377 3680 dedit.
1408 3624 1492 3680 Ab
1519 3640 1585 3680 eo
1614 3634 1877 3698 tempore,
1899 3638 1960 3684 ut
1978 3646 2069 3685 ar-

484 3708 679 3777 bitror,
715 3710 1175 3773 Christianismus
1197 3718 1412 3773 radices
1443 3720 1585 3789 apud
1615 3721 1906 3793 Ethiopas
1933 3724 2062 3794 egit,

485 3812 596 3867 quo
633 3799 860 3859 liberius
898 3807 1079 3861 adhuc
1111 3808 1180 3863 de
1226 3809 1663 3868 Chalcedonensi
1701 3815 1937 3870 concilio
1975 3816 2062 3871 lo-c

482 3892 796 3961 quebantur
823 3895 1094 3962 homines,
1128 3902 1427 3968 praesertim
1450 3904 1507 3957 in
1531 3903 1788 3976 IEgypto.
1817 3908 1930 3962 Sub
1960 3908 2065 3962 im-

479 3984 636 4053 perio
663 3995 844 4042 autem
876 3988 1196 4060 Theophili,
1235 3994 1289 4045 in
1323 3993 1604 4065 Ethiopia
1638 4000 1911 4069 episcopus
1958 4001 2063 4071 fuit

482 4076 691 4130 nomine
719 4077 972 4145 Iacobus,
1007 4098 1158 4151 quem
1181 4100 1300 4137 cum
1334 4102 1426 4140 rea:
1467 4088 1604 4157 forte
1629 4090 1686 4143 in
1715 4090 1910 4145 bellum
1932 4110 2061 4160 pro-

370 4222 381 4231 ,
481 4166 651 4236 fectus
675 4179 830 4236 esset,
862 4187 999 4225 uxor
1028 4175 1165 4243 regis
1195 4176 1252 4229 in
1287 4178 1535 4231 exsilium
1570 4180 1717 4234 misit
1738 4224 1751 4246 ,
1792 4194 1840 4235 et
1865 4184 2062 4237 substi-

481 4266 695 4312 tuerunt
712 4261 768 4313 in
790 4261 965 4315 locum
988 4265 1099 4332 ejus
1122 4267 1427 4338 episcopum
1447 4270 1636 4325 alium.
1678 4270 1781 4326 Sed
1805 4285 1855 4327 et
1877 4275 2059 4343 pluvia

477 4351 547 4405 iis
577 4351 709 4406 data
730 4369 833 4407 non
858 4355 984 4423 fuit,
1022 4367 1070 4409 et
1104 4362 1338 4427 percussi
1375 4372 1500 4415 sunt
1536 4364 1836 4432 pestilentia
1856 4406 1871 4432 ,
1900 4368 1977 4419 ita
2002 4376 2060 4419 ut

478 4458 697 4513 regnum
720 4460 971 4515 magnum
1005 4451 1221 4505 sentiret
1247 4453 1522 4510 damnum.
1556 4456 1851 4526 Episcopus
1879 4470 2058 4513 autem

2183 1966 2434 2021 subesset.

2252 2058 2311 2113 Si
2346 2058 2563 2114 deﬁciat
2593 2057 2849 2121 historia,
2879 2056 3051 2127 ipsius
3092 2055 3350 2125 Ecclesiae
3380 2063 3760 2123 monumenta,

2180 2152 2557 2221 cnjuscunque
2584 2151 2759 2205 aetatis
2796 2150 2907 2206 sint
2927 2189 2941 2214 ,
2968 2150 3103 2205 satis
3131 2147 3425 2203 manifesto
3463 2147 3757 2205 ostendunt

2179 2243 2491 2314 complures
2520 2242 2579 2297 in
2609 2258 2673 2297 ea
2704 2242 2989 2312 provincia
3018 2242 3308 2311 episcopos
3340 2239 3534 2295 fuisse.
3574 2238 3758 2294 Litur-

2178 2336 2266 2406 gia
2306 2334 2627 2403 Ethiopum
2674 2333 2862 2388 Romae
2918 2334 3187 2402 impressa
3225 2349 3239 2385 :
3280 2331 3484 2385 Memor
3507 2341 3619 2387 esto
3654 2348 3758 2387 om-
3852 2358 3853 2363 π

2175 2427 2323 2481 nium
2340 2426 2850 2495 archiepiscoporum
2869 2434 3176 2479 nostrorum
3193 2464 3209 2490 ,
3237 2425 3621 2493 episcoporum,
3646 2439 3760 2493 prc-

2176 2519 2505 2589 sbyterorum
2559 2528 2715 2589 atque
2739 2518 3106 2583 diaconorum,
3137 2517 3231 2587 qui
3262 2517 3401 2571 viam
3424 2516 3584 2571 nobis
3614 2516 3761 2571 indi-

2174 2612 2346 2681 gitant
2373 2610 2512 2664 verbi
2531 2610 2837 2664 orthodoxi.
2861 2607 2921 2664 ln
2941 2609 3063 2665 aliis
3088 2608 3324 2679 liturgiis
3341 2618 3395 2663 et
3416 2609 3761 2678 missalibus,

2175 2718 2298 2773 qua:
2318 2703 2483 2759 habet
2502 2703 2587 2757 vir
2605 2702 2959 2759 doctissimus
2975 2702 3243 2758 Castellus
3265 2711 3451 2759 noster
3467 2703 3761 2774 quamplu-

2173 2795 2327 2849 rima:
2346 2811 2534 2864 preces
2558 2806 2709 2860 sunt,
2724 2797 2926 2866 quibus
2948 2797 3183 2866 populus
3198 2796 3254 2851 in
3280 2797 3396 2852 haec
3417 2797 3580 2851 verba
3598 2804 3756 2851 orat:

2172 2884 2283 2940 Pro
2322 2888 2560 2955 patribus
2594 2890 2789 2942 nostris
2826 2890 3103 2958 episcopis,
3133 2905 3228 2959 pro
3264 2890 3520 2958 fratribus
3556 2889 3758 2946 nostris

2173 2978 2558 3046 sacerdotibus,
2590 2996 2685 3049 pro
2722 2981 3057 3049 adjutoribus
3084 2983 3283 3036 nostris
3316 2981 3657 3051 presbyteris.

2242 3068 2379 3123 Cum
2407 3070 2571 3139 igitur
2593 3087 2661 3126 ex
2687 3072 2835 3125 tenui
2870 3073 2961 3126 illa
2987 3088 3153 3143 quam
3190 3074 3260 3129 de
3299 3073 3616 3144 Ethiopica
3651 3072 3759 3130 Ee-

2172 3159 2335 3214 clesia
2379 3162 2645 3217 habemus
2676 3164 2870 3218 notitia
2898 3164 3209 3234 aliquorum
3240 3165 3625 3235 episcoporum
3649 3181 3757 3223 no-

2176 3254 2322 3307 mina
2366 3257 2674 3324 supersint;
2721 3273 2848 3313 cum
2886 3268 3101 3314 constet
3148 3275 3216 3315 cx
3260 3259 3499 3315 Arabico
3542 3273 3760 3316 canone

2168 3343 2262 3413 jus
2306 3349 2526 3402 creandi
2567 3350 3018 3419 metropolitanos
3054 3359 3270 3407 tantum
3316 3353 3538 3423 proprie
3574 3354 3757 3409 dictos

2173 3436 2528 3508 Ethiopibus
2588 3457 2911 3499 concessum
2961 3459 3073 3499 non
3131 3460 3283 3512 esse;
3339 3461 3463 3500 cum
3520 3446 3759 3516 liturgite

2172 3530 2510 3602 [Egyptiacte
2539 3533 2781 3603 antiquis
2806 3548 2955 3589 retro
2990 3535 3331 3603 temporibus
3361 3537 3624 3605 populum
3649 3552 3758 3606 pro

2169 3623 2440 3694 episcOpis
2475 3623 2590 3678 suis
2620 3639 2778 3678 orare
2801 3625 3045 3695 quotidie
3068 3626 3393 3690 docuerint;
3425 3643 3535 3682 non
3557 3627 3650 3683 diu
3668 3636 3760 3683 est

2168 3731 2235 3771 ex
2257 3730 2368 3786 quo
2400 3714 2691 3785 Ethiopcs
2719 3717 2900 3772 abuna
2946 3735 3055 3774 uno
3081 3719 3201 3775 sine
3230 3719 3501 3791 episcopis
3548 3719 3760 3777 fuerint

2168 3813 2432 3878 contenti,
2466 3812 2513 3868 si
2549 3812 2713 3868 modo
2740 3812 2875 3867 illud
2908 3829 3099 3869 verum
3130 3815 3224 3881 sit,
3255 3816 3405 3885 quod
3440 3814 3665 3871 Jesuitae
3691 3825 3756 3871 et

2169 3901 2537 3967 Dominicani,
2563 3913 2756 3959 contra
2788 3906 3021 3960 aliorum
3073 3906 3390 3961 testimonia
3410 3948 3425 3974 ,
3450 3902 3451 3905 “
3476 3906 3749 3966 referunt.

2164 3994 2303 4051 Cum
2333 4005 2459 4052 ante
2481 3995 2778 4052 Justiniani
2817 4006 3066 4067 tempora
3097 4007 3205 4053 tam
3236 4000 3400 4069 pauci
3442 3997 3654 4054 fuerint
3690 4000 3750 4057 in

2167 4088 2445 4157 Ethiopia
2485 4088 2808 4156 Christiani,
2842 4098 2968 4144 ante
3007 4089 3431 4145 Constantinum
3467 4092 3552 4146 vel
3584 4090 3748 4155 ιιυΙιί,

2164 4182 2247 4235 vel
2270 4190 2417 4236 certe
2446 4181 2717 4253 IEgyptiis
2744 4183 2903 4252 plane
2929 4185 3224 4256 incogniti;
3252 4200 3377 4239 cum
3409 4185 3506 4254 qui
3533 4185 3752 4253 primus

2166 4281 2284 4327 erat
2307 4288 2520 4339 eorum,
2547 4276 2737 4329 saltem
2766 4277 2835 4330 ab
2865 4275 3125 4347 Egypto,
3159 4276 3443 4347 apostolus
3479 4274 3751 4329 Frumen-

2165 4365 2318 4430 tius,
2372 4366 2442 4420 ab
2493 4367 2836 4433 Athanasio,
2897 4370 3152 4439 plurimis
3201 4384 3369 4439 quam
3417 4378 3639 4425 centum
3690 4369 3750 4425 in

2164 4454 2398 4527 Egypto
2432 4460 2806 4530 episcopatum
2844 4462 3187 4529 tenentibus,
3219 4472 3276 4516 et
3312 4462 3519 4519 missus
3555 4469 3611 4517 et
3650 4477 3749 4517 or-

477 4530 536 4584 in
556 4531 852 4604 zEgyptum
876 4538 1030 4590 venit.
1058 4540 1226 4611 Atque
1254 4553 1310 4594 ut
1339 4560 1431 4596 rea:
1454 4561 1481 4598 e
1508 4545 1642 4599 bello
1667 4561 1899 4602 reversus
1932 4550 2057 4618 fuit,
2092 4562 2137 4616 Ι)
2163 4550 2384 4606 dinatus
2413 4551 2518 4616 sit;
2547 4553 2725 4621 palam
2749 4562 2855 4615 est,
2877 4552 3205 4624 fEthiopicae
3229 4552 3489 4611 Ecclesiae
3516 4555 3749 4610 hodier-

478 4638 697 4678 uxorem
724 4643 876 4681 suam
903 4630 1222 4703 objurgavit,
1254 4644 1304 4689 et
1326 4638 1471 4689 misit
1495 4639 1563 4691 ad
1590 4641 1953 4707 potriarcham
1970 4660 2056 4697 ve-

478 4718 625 4771 niam
655 4720 720 4773 ab
750 4737 809 4774 eo
836 4732 1035 4791 petens,
1069 4743 1288 4797 eumque
1310 4744 1501 4798 rogans
1534 4733 1615 4784 uti
1647 4736 1930 4788 remitteret
1947 4733 2085 4805 epi-'

477 4823 713 4878 scopum.
748 4810 815 4865 Id
836 4816 974 4883 quod
1001 4817 1162 4885 fecit;
1187 4826 1237 4871 et
1268 4831 1572 4888 receperunt
1604 4840 1723 4876 eum
1763 4841 1882 4878 cum
1923 4844 2057 4897 gau-

476 4901 567 4955 dio
596 4918 810 4972 magno,
845 4916 903 4959 ut
934 4910 1093 4978 refert
1112 4908 1446 4968 Elmacinus.
1471 4914 1604 4971 Post
1637 4917 1753 4973 haec
1783 4930 2051 4990 tempora,

476 4999 539 5044 ut
563 4994 778 5061 opinor,
813 4998 1018 5052 conditi
1042 5008 1171 5054 sunt
1191 5016 1429 5059 canones
1452 5004 1675 5061 Arabici
1708 5010 1929 5064 conciti
1954 5010 2052 5065 Ni-

476 5085 614 5138 cami
644 5103 659 5153 ;
697 5102 837 5157 quos
861 5088 1037 5144 edidit
1065 5089 1401 5161 Turriauus,
1444 5097 1649 5167 quique
1683 5100 1748 5153 ad
1779 5102 2050 5169 posterio-

474 5191 594 5231 rem
639 5176 900 5234 Ecclesite
944 5188 1189 5248 statum,
1231 5194 1285 5239 et
1327 5191 1757 5247 consuetudines
1801 5194 1893 5247 diu
1930 5204 2056 5264 post

474 5272 773 5329 concilium
815 5274 1098 5333 Niczeuum
1144 5290 1300 5339 natas
1345 5289 1630 5356 temperati
1670 5300 1817 5345 sunt.
1844 5290 2051 5347 Eorum

477 5372 661 5418 autem
695 5368 873 5435 capite
911 5368 980 5423 56
1059 5380 1323 5429 statutum
1375 5386 1458 5431 est
1504 5396 1519 5431 :
1577 5377 1644 5432 Ut
1693 5397 1798 5433 non
1848 5383 2053 5450 possint

480 5455 753 5527 Ethiopes
785 5477 963 5516 creare
985 5480 1078 5517 nec
1107 5465 1293 5536 eligere
1320 5471 1684 5538 patriarcham
1707 5490 1727 5537 ;
1759 5472 1850 5528 sed
1876 5476 2052 5543 potius

472 5562 650 5602 eorum
669 5551 924 5619 praelatus
951 5556 1045 5608 sub
1072 5567 1327 5625 potestate
1341 5561 1455 5630 ejus
1487 5563 1578 5629 sit,
1602 5566 1691 5633 qui
1717 5576 1852 5620 tenet
1877 5567 2053 5621 sedem

470 5640 838 5699 Alexandriae.
872 5643 957 5700 Sit
983 5657 1158 5703 tamen
1199 5652 1339 5721 apud
1371 5670 1459 5707 eos
1488 5654 1602 5708 loco
1626 5658 1969 5726 patriarchae,
1999 5669 2050 5713 et

472 5732 767 5802 appelletur
782 5738 1075 5795 catholicus
1106 5759 1125 5796 :
1158 5760 1261 5797 non
1299 5753 1474 5798 tamen
1509 5746 1604 5814 jus
1638 5748 1825 5803 habeat
1849 5754 2047 5807 consti.

470 5826 651 5882 tuendi
678 5830 1117 5903 archiepiscopos,
1155 5845 1209 5889 ut
1244 5836 1396 5891 habet
1418 5840 1758 5908 patriarcha;
1790 5844 2050 5907 siquidem

2163 4657 2295 4696 num
2337 4652 2536 4698 statum
2560 4686 2574 4710 ,
2609 4646 2790 4715 qualis
2827 4648 3007 4716 qualis
3041 4648 3133 4713 sit,
3180 4647 3248 4702 ad
3299 4648 3746 4718 antiquissimam

2166 4734 2503 4807 Egyptiaca:
2544 4737 2799 4794 Ecclesiae
2850 4739 3221 4806 traditionem,
3255 4742 3302 4796 si
3332 4758 3455 4811 qua:
3484 4742 3609 4796 talis
3640 4757 3750 4795 un-

2161 4847 2326 4900 quam
2371 4829 2565 4894 fuerit,
2598 4832 3033 4887 confirmandam
3086 4833 3221 4888 nihil
3267 4835 3494 4889 omnino
3534 4836 3742 4894 valere.

2158 4922 2295 4976 Cum
2330 4923 2565 4991 denique
2600 4934 2980 4992 argumentum
3026 4939 3233 4995 negans
3267 4924 3529 4982 fundetur
3570 4930 3625 4983 in
3660 4931 3747 4985 si-

2158 5013 2326 5068 lentio
2356 5015 2602 5069 omnium
2643 5026 2770 5069 ante
2809 5014 3131 5083 Eusebium,
3180 5026 3309 5074 ante
3336 5034 3499 5089 quem
3526 5018 3751 5078 [Ethio-

2156 5121 2286 5176 pum
2322 5107 2763 5164 Christianorum
2809 5110 2959 5163 nulla
2995 5109 3140 5165 fama
3182 5121 3303 5178 est,
3348 5123 3443 5168 aut
3470 5130 3746 5186 perquam

2157 5200 2395 5267 incerta;
2429 5215 2553 5255 cum
2582 5199 2938 5267 Athanasius,
2978 5206 3072 5273 qui
3109 5214 3234 5273 post
3261 5206 3556 5262 Eusebium
3587 5208 3749 5279 lgna-

2158 5291 2304 5346 tiana
2330 5296 2673 5359 memoravit,
2700 5296 2937 5365 primum
2963 5312 3030 5352 ex
3053 5297 3295 5369 .Egypto
3324 5301 3643 5371 episcopum
3678 5304 3745 5361 in

2158 5370 2494 5456 Ethioptam
2545 5389 2792 5459 miserit;
2854 5406 2978 5447 cum
3038 5390 3272 5447 Dallaeus
3336 5370 3453 5463 ipse
3498 5370 3747 5451 fateatur

2155 5477 2448 5549 [Ethiopas
2505 5483 2749 5553 recipere
2807 5484 3249 5541 Constitutioues
3311 5485 3739 5556 Clementinas,

2158 5583 2417 5643 tanquam
2442 5575 2513 5630 ab
2538 5576 2676 5647 ipsis
2697 5579 2957 5647 apostolis
2982 5578 3242 5645 dictatas,
3269 5581 3324 5634 in
3347 5581 3553 5651 quibus
3574 5583 3744 5652 plura

2152 5664 2221 5719 de
2247 5664 2522 5735 episcopis
2547 5682 2711 5736 quam
2760 5669 2814 5722 in
2850 5669 3151 5739 Ignatiauis
3178 5672 3533 5727 continentur
3552 5716 3566 5738 ,
3592 5674 3741 5729 nihil

2154 5755 2281 5812 hinc
2306 5758 2372 5811 ad
2399 5760 2782 5814 auctoritatem
2815 5762 3171 5831 epistolarum
3220 5762 3275 5818 S.
3308 5763 3502 5836 lgnatii
3541 5765 3740 5821 immi-

2151 5849 2426 5905 nuendam
2450 5848 2675 5908 formari
2701 5852 2808 5908 ullo
2837 5853 3000 5909 modo
3028 5864 3228 5921 potest.
