4078 6420
334 400 450 458 ﬁt!)

1060 405 1111 459 J.
1154 404 1520 460 PEARSONII
1560 404 1886 463 VINDICUE
1920 408 2340 465 ιοΝΑΤιΑΝΑς.
2380 442 2451 451 -
2486 411 2667 467 PARS
2702 413 2741 468 1.

3490 414 3599 473 250

407 523 692 579 Hactenus
728 524 796 578 de
824 524 1120 579 traditione
1152 523 1521 580 Alexandrina
1552 527 1622 581 ab
1652 526 1921 597 IEthiopi-
1946 540 1993 592 Α
2024 527 2229 597 lgnatii
2269 531 2643 585 auctoritatem
2689 547 2761 585 vu
2813 533 3008 586 steculo
3046 531 3220 586 Scotis
3269 530 3595 589 Christianis

328 614 441 669 bus
466 614 816 679 conﬁrmata,
856 626 915 668 ut
950 615 1160 681 volunt,
1193 630 1316 683 quae
1342 616 1580 685 aliquam
1610 618 1916 687 argumenti

329 706 576 775 speciem
619 706 924 771 habuisset,
955 707 1000 761 si
1036 722 1099 761 ea
1142 709 1325 762 omnia
1355 723 1480 763 vera
1515 707 1768 775 fuissent,
1796 724 1918 780 quae

328 803 661 857 attulerunt.
685 802 819 857 Illud
850 813 1032 857 autem
1055 805 1201 874 quod
1221 805 1489 874 sequitur,
1512 806 1557 861 si
1579 822 1767 861 verum
1794 821 1918 862 esse

328 894 691 958 concedatur,
722 896 909 950 nescio
935 913 1098 965 quam
1118 897 1229 950 vim
1258 897 1460 952 habere
1483 899 1658 968 possit
1679 898 1745 953 ad
1770 899 1917 970 lgna-

329 987 469 1041 tium
495 988 850 1057 epistolicum
881 988 1264 1058 rejiciendum,
1293 998 1389 1045 aut
1411 990 1541 1059 quid
1572 989 1820 1046 conferat
1847 992 1916 1047 ad

328 1080 615 1134 silentium
672 1081 1007 1150 scriptorum
1056 1090 1183 1136 ante
1242 1080 1564 1136 Eusebium.
1626 1080 1916 1148 Quomodo

324 1173 477 1226 enim
512 1172 652 1227 illud
682 1173 830 1242 quod
858 1182 1049 1228 octavo
1090 1173 1291 1229 saeculo
1332 1173 1539 1229 factum
1577 1183 1680 1242 est,
1712 1176 1915 1245 proba-

325 1264 405 1317 hit
435 1264 705 1333 scriptum
748 1266 896 1319 istud
935 1282 974 1319 η
1021 1272 1075 1319 et
1115 1281 1177 1320 ut
1220 1265 1422 1321 saeculo
1470 1282 1576 1321 non
1612 1268 1911 1335 exstitisse,

324 1357 475 1423 quod
508 1372 585 1423 tv,
614 1372 670 1422 v,
704 1372 756 1409 vr
789 1366 845 1412 et
868 1374 965 1424 vn,
998 1367 1276 1426 receptum
1318 1368 1372 1415 et
1404 1361 1760 1429 approbatum
1793 1363 1915 1417 est?

325 1447 586 1513 Scilicet,
664 1449 808 1502 circa
872 1466 924 1504 a.
982 1448 1047 1504 Ι).
1099 1450 1224 1517 7'56,
1275 1452 1332 1504 in
1363 1450 1675 1507 Germanica
1719 1452 1907 1508 Boioa—

324 1541 531 1594 riorum
559 1551 708 1610 gente
738 1540 943 1596 Christi
978 1544 1108 1611 ﬁdes
1134 1544 1338 1614 viguit,
1380 1553 1431 1598 et
1464 1544 1755 1616 presbyteri
1798 1548 1914 1616 [ue-

322 1642 474 1697 runt,
502 1649 624 1686 cum
648 1642 823 1689 tamen
851 1634 990 1688 nulli
1013 1638 1153 1705 apud
1178 1653 1263 1692 eos
1290 1647 1461 1693 essent
1487 1639 1736 1708 episcopi.
1766 1638 1913 1694 Unde

319 1730 527 1799 liquet,
560 1745 625 1783 ne
668 1730 735 1783 iis
782 1730 995 1800 quidem
1035 1731 1351 1801 temporibus
1404 1731 1609 1803 lgnatii
1651 1735 1913 1804 epistolici

318 1819 704 1872 auctoritatem
721 1818 1046 1873 Christianis
1059 1836 1150 1888 per
1174 1819 1511 1875 Germaniam
1530 1831 1710 1877 notam
1722 1824 1906 1893 fuisse.

314 1910 531 1977 Primo,
564 1927 819 1981 quaenam
860 1912 976 1967 haec
1001 1915 1393 1984 consequentia
1418 1917 1548 1971 est?
1576 1915 1811 1972 Boioarii
1852 1919 1909 1973 in

312 2002 618 2058 Germania
652 2002 971 2058 nescierunt
1012 2020 1026 2057 :
1071 2019 1202 2075 ergo
1235 2004 1530 2062 Christiani
1576 2023 1671 2076 per
1692 2007 1913 2064 Germa-

312 2096 491 2149 niam.
524 2095 610 2149 An
629 2095 763 2149 nulli
784 2095 1255 2152 erantChristiani
1280 2113 1375 2169 per
1394 2098 1744 2154 Germaniam
1774 2115 1913 2170 prte-

313 2196 399 2240 ter
427 2185 755 2241 Boioarios?
779 2188 863 2241 An
907 2188 1001 2243 alii
1029 2202 1221 2245 omnes
1267 2190 1593 2261 ignorabant
1640 2191 1909 2261 quidquid

312 2276 596 2333 Boioariis
621 2277 870 2348 ignotum
902 2278 1047 2333 fuit?
1066 2280 1149 2333 An
1174 2279 1296 2336 ideo
1313 2285 1689 2338 auctoritatem
1715 2281 1906 2352 lgnatii

308 2369 606 2435 ignorasse
620 2370 840 2427 dicendi
860 2381 987 2427 sunt
1001 2372 1093 2441 qui
1115 2374 1401 2444 episcopos
1417 2375 1745 2445 habuerunt,
1760 2376 1906 2444 quod

310 2463 408 2517 alii
436 2478 551 2518 non
598 2463 864 2520 habuisse
900 2465 1190 2520 dicantur?
1236 2464 1510 2534 Secundo,
1548 2469 1691 2524 unde
1736 2471 1907 2541 liquet

305 2553 521 2609 Christi
542 2556 706 2610 ﬁdem
736 2557 878 2612 inter
899 2556 1184 2615 Boioarios
1204 2559 1447 2629 viguisse
1467 2576 1590 2615 cum
1619 2562 1903 2633 episcopos

306 2663 423 2703 non
476 2649 787 2703 haberent?
830 2648 1085 2718 Scilicet,
1144 2668 1213 2708 ex
1256 2653 1505 2724 Gregorii
1556 2653 1623 2707 lll
1672 2655 1901 2724 epistola

302 2741 378 2795 ad
411 2739 762 2797 Bonifacium
790 2742 895 2798 hoc
919 2753 1163 2813 apparet,
1192 2744 1391 2815 inquit,
1420 2760 1522 2801 nec
1546 2746 1651 2802 hoc
1666 2756 1897 2813 tantum,

307 2829 418 2885 Sed
466 2829 763 2885 Viviloncm
810 2834 987 2887 nescio
1020 2849 1172 2903 quem
1211 2835 1323 2904 ipse
1371 2834 1656 2906 Gregorius
1707 2853 1739 2890 a
1768 2838 1901 2891 sein

302 2939 429 2977 eum
467 2923 713 2978 ordinem
751 2934 1118 2979 consecratum
1157 2927 1227 2979 ad
1261 2944 1348 2981 eos
1385 2928 1551 2981 misit.
1582 2929 1651 2983 At
1690 2928 1899 3000 Grego-

300 3017 427 3071 rius
459 3032 575 3072 non
599 3017 735 3073 dicit
771 3016 1074 3074 Vivilonem
1106 3019 1279 3075 fuisse
1303 3022 1538 3090 primum
1566 3038 1757 3077 eorum
1782 3025 1897 3093 epi-

299 3123 563 3177 scopum,
595 3122 702 3162 nec
728 3123 788 3163 se
813 3123 939 3162 eum
966 3108 1183 3163 misisse
1211 3108 1308 3175 ait,
1337 3109 1432 3164 sed
1454 3108 1743 3165 ordinasse
1776 3120 1897 3166 tan-

301 3209 447 3254 tum.
479 3197 688 3254 Missus
715 3207 802 3253 est
828 3198 974 3253 enim
1004 3197 1183 3255 Vivilo
1207 3200 1276 3255 ad
1298 3200 1649 3271 Gregorium,
1685 3201 1895 3272 idquea
1922 3223 1969 3286 ρ

300 3291 605 3357 Boioariis,
634 3298 698 3345 ut
724 3291 1078 3346 ordinaretur
1106 3292 1399 3363 episcopus
1424 3311 1439 3360 ;
1469 3294 1548 3348 illi
1588 3294 1755 3365 igitur
1780 3304 1894 3350 tum

298 3394 583 3438 noverunt
626 3399 687 3439 se
714 3384 834 3439 sine
866 3384 1126 3454 episcopo
1150 3384 1331 3440 vivere
1358 3400 1469 3440 non
1492 3385 1707 3441 debere.
1737 3385 1894 3453 Quod

301 3493 375 3531 an
408 3478 484 3531 ab
510 3475 724 3548 lgnatio
753 3477 1087 3547 acceperint,
1116 3478 1195 3532 illi
1234 3478 1475 3533 viderint
1501 3480 1594 3548 qui
1620 3481 1894 3536 neminem

298 3569 476 3623 alium
522 3584 648 3623 eam
706 3569 1095 3624 necessitatem
1147 3569 1405 3626 docuisse
1448 3579 1665 3640 putant.
1716 3571 1894 3626 Vivilo

297 3663 469 3716 etiam
505 3661 627 3731 ipse
670 3661 796 3715 ideo
845 3661 1052 3717 missus
1099 3676 1226 3718 esse
1271 3662 1691 3732 traditur,quia
1739 3663 1893 3733 prior

297 3752 601 3821 episcopus
634 3761 783 3809 esset
818 3751 1132 3809 defunctus.
1170 3751 1237 3808 Et
1267 3753 1497 3823 epistola
1521 3753 1768 3825 Gregorii
1800 3771 1895 3811 ex-

297 3852 411 3901 stat
430 3860 560 3899 cum
590 3844 752 3899 titulo
779 3862 793 3899 :
834 3843 1214 3898 Dilectissimis
1238 3844 1388 3898 nobis
1408 3844 1668 3914 episcopis
1702 3844 1757 3898 in
1779 3861 1896 3915 pra-

294 3940 479 3991 vincia
520 3936 793 3991 Boioarite
827 3946 879 3989 et
911 3933 1265 3990 Altemannia:
1294 3936 1603 3990 constitutis
1640 3935 1854 4007 Wigoni
1874 3978 1889 4003 ,

295 4030 564 4095 Luidoni,
596 4029 848 4099 Rodulfo,
885 4028 1056 4082 Vicilo
1077 4045 1170 4083 seu
1188 4028 1381 4096 Addte,
1417 4029 1704 4100 Gregorius
1728 4047 1886 4101 papa.

296 4124 375 4181 Ut
399 4140 505 4179 nec
529 4124 765 4193 primus,
781 4138 884 4178 nec
906 4122 1060 4179 solus
1075 4130 1207 4177 tunc
1225 4123 1489 4193 temporis
1510 4122 1892 4180 ViviloBoioa-

292 4220 515 4275 riorum
556 4219 849 4288 episc0pus
888 4217 1061 4272 fuisse
1101 4217 1388 4285 videatur;
1422 4226 1477 4273 et
1503 4234 1629 4274 eum
1664 4220 1890 4276 Bonifa-

290 4314 419 4368 cius
444 4310 853 4367 Germanorum
885 4309 1170 4379 apostolus
1205 4308 1458 4374 dicatur,
1499 4319 1717 4380 tempus
1757 4313 1889 4367 illud

289 4403 517 4460 ostendi
546 4417 655 4456 non
699 4410 904 4472 potest,
935 4416 1045 4471 quo
1076 4399 1222 4470 apud
1246 4401 1536 4460 Boioarios
1566 4404 1701 4460 lides
1730 4405 1888 4460 Chri-

288 4500 365 4555 sti
405 4498 514 4553 sub
538 4496 875 4568 presbyteris
898 4496 1019 4551 sine
1044 4497 1300 4567 episcopo
1334 4496 1591 4568 viguerit.

2021 620 2186 688 fuisse
2215 621 2470 691 ignotam,
2498 622 2675 691 inquit
2708 622 2960 677 Dallzeus.
3004 623 3165 678 Certe
3197 640 3306 678 non
3347 624 3597 693 sequitur

2020 711 2245 781 reliquis
2300 711 2480 769 Scolis
2524 714 2619 783 qui
2668 715 2943 785 episcopis
2988 716 3271 785 parebant,
3322 714 3596 785 lgnatium

2018 813 2233 869 notum,
2267 821 2444 875 neque
2493 807 2780 862 monachis
2808 806 3161 875 Jonensibus,
3192 807 3341 877 quod
3383 808 3597 862 abbati-

2018 909 2085 949 co
2118 895 2230 964 juri
2277 897 2519 968 episcopi
2560 898 2792 968 subjecti
2844 909 3050 966 essent,
3101 901 3348 971 ignotum
3399 899 3594 957 fuisse.

2018 982 2203 1040 Potuit
2226 987 2330 1043 hoc
2359 988 2475 1044 ﬁeri
2501 1000 2731 1059 utraque
2772 999 2927 1059 parte
2949 990 3219 1061 lgnatium
3248 993 3473 1059 sciente,
3505 1008 3598 1062 po-

2018 1080 2123 1133 tuit
2147 1088 2380 1150 utraque
2409 1082 2715 1151 ignorante.
2749 1081 2806 1136 Si
2834 1082 2956 1137 ideo
2994 1082 3265 1153 lgnatium
3312 1083 3597 1154 ignorasse

2017 1175 2273 1229 censendi
2320 1184 2482 1240 sunt,
2526 1185 2672 1231 certe
2718 1184 2774 1231 et
2816 1176 3259 1231 Chalcedonense
3301 1177 3594 1233 concilium

2016 1264 2362 1335 ignorabant,
2388 1268 2547 1337 cujus
2571 1283 2745 1322 canon
2775 1277 3003 1323 octavus
3023 1284 3216 1323 omnes
3233 1269 3596 1324 monasterio-

2016 1373 2139 1412 rum
2174 1360 2405 1415 clericos
2436 1361 2697 1431 episcopo
2729 1361 3006 1423 vult.esse
3035 1361 3331 1429 subjectos.
3360 1362 3424 1414 Oi
3458 1361 3595 1432 κλη-

2016 1448 2158 1519 ρικοὶ
2191 1449 2299 1504 τῶν
2349 1450 2632 1520 πτωχείων
2681 1449 2776 1504 καὶ
2833 1451 3209 1522 μοναστηρίων
3259 1451 3353 1505 καὶ
3390 1469 3596 1523 μαρτυ-

2015 1539 2147 1616 ρίων
2179 1541 2284 1594 ὑπὸ
2316 1540 2413 1613 τὴν
2448 1542 2697 1608 ἐξουσίαν
2714 1542 2823 1596 τῶν
2857 1545 2914 1595 ἐν
2947 1543 3153 1616 ἑκάστῃ
3186 1543 3338 1596 πόλει
3371 1542 3594 1597 ἐπισκό-

2014 1649 2152 1696 πων,
2189 1634 2330 1689 κατὰ
2364 1634 2460 1705 τὴν
2494 1634 2603 1688 τῶν
2650 1634 2820 1704 ἁγίων
2852 1634 3112 1706 Πατὲρων
3147 1635 3444 1706 παράδοσιν
3474 1635 3591 1689 δια-

2016 1722 2344 1791 μενέτωσαν,
2380 1725 2473 1777 καὶ
2511 1723 2584 1795 μὴ
2620 1726 2739 1777 κατ’
2775 1724 3063 1779 αὐθάδειαν
3083 1725 3468 1795 ἀφηνιάτωσαν
3500 1724 3594 1779 τοῦ

2017 1815 2147 1869 ἰδίου
2182 1818 2501 1871 ἐπισκόπου.
2539 1818 2734 1873 Clerici
2759 1820 3122 1889 ptocltiorum,
3155 1821 3595 1874 monasteriorum

2012 1916 2060 1962 et
2092 1911 2468 1979 martyriorum
2490 1911 2583 1965 sub
2611 1922 2871 1983 potestate
2890 1913 3249 1983 episcoporum
3279 1913 3368 1982 qui
3395 1922 3514 1966 sunt
3539 1914 3595 1966 in

2013 2016 2328 2071 unaquaque
2364 2002 2597 2071 civitate,
2631 2004 2919 2059 secundum
2945 2003 3048 2060 SS.
3086 2003 3314 2059 Patrum
3339 2006 3595 2060 traditio‘

2011 2108 2151 2159 nem,
2178 2105 2538 2163 permaneant,
2571 2112 2662 2151 nec
2690 2113 2783 2167 per
2800 2097 3266 2167 prasuntptionem
3298 2113 3331 2151 a
3365 2115 3460 2152 suo
3478 2100 3596 2180 epi-

2010 2197 2165 2251 scopo
2189 2185 2456 2239 recedant.

2085 2272 2143 2327 Si
2187 2274 2382 2330 demus
2421 2274 2689 2343 Jonenses
2723 2276 2992 2348 lgnatium
3043 2278 3389 2348 epistolicum
3437 2280 3593 2350 igno-

2008 2382 2184 2432 rasse,
2218 2368 2371 2438 prius
2402 2370 2693 2425 ostendere
2738 2372 3005 2441 oportuit,
3040 2372 3173 2442 quid
3204 2373 3283 2427 illi
3312 2373 3589 2440 noverint,

2007 2475 2171 2529 quam
2213 2461 2344 2516 illud
2378 2462 2657 2532 objiceret,
2685 2463 2833 2534 quod
2866 2464 3212 2535 ignorabant.
3246 2465 3420 2521 Antea
3462 2466 3591 2537 qui-

2005 2553 2129 2609 dem
2173 2555 2226 2609 in
2272 2555 2422 2611 hunc
2468 2557 2693 2611 modum
2742 2556 3062 2626 disputabat
3112 2575 3125 2611 :
3185 2555 3244 2612 Si
3278 2558 3593 2628 scripsisset

2003 2642 2247 2716 Ignatius
2269 2648 2555 2717 epistolas,
2585 2664 2664 2703 eae
2695 2648 2933 2703 fuissent
2960 2647 3201 2717 Justino,
3228 2649 3451 2719 Irenaeo,
3470 2652 3593 2708 Cle-

2004 2736 2173 2790 menti
2202 2735 2576 2797 Alexandrino
2617 2745 2672 2791 et
2708 2736 3049 2792 Tertulliano
3080 2738 3330 2809 cognitaa.
3358 2737 3495 2793 Nam
3531 2737 3590 2793 hi

2000 2828 2103 2882 viri
2126 2837 2304 2895 erant,
2339 2831 2499 2885 totius
2527 2831 2867 2901 antiquitatis
2901 2829 3184 2886 litterariae
3208 2832 3439 2886 maxime
3469 2848 3588 2887 vero

2001 2920 2322 2977 Christianae
2345 2923 2761 2989 studiosissimi,
2793 2924 2956 2979 iidem
2986 2935 3143 2996 atque
3175 2926 3476 2980 acutissimi
3499 2925 3589 2980 in-

1999 3014 2299 3084 dagatores.
2342 3015 2427 3069 An
2470 3016 2613 3071 idem
2658 3017 2725 3072 de
2769 3016 2949 3073 Scotis
2994 3018 3330 3074 Christianis
3363 3018 3582 3089 septimi

2000 3107 2183 3162 saeculi
2227 3107 2586 3176 judicandum
2645 3110 2768 3164 est?
2824 3108 2967 3164 Num
3015 3108 3283 3165 Jonenses
3327 3110 3586 3166 monachi

1999 3198 2342 3267 antiquitatis
2383 3200 2771 3257 studiosissimi
2819 3210 2983 3271 atque
3021 3201 3332 3257 acutissimi
3387 3210 3442 3257 et
3483 3203 3588 3259 dc-

2000 3290 2233 3344 ctissimi
2264 3291 2609 3361 indagatores
2658 3291 2829 3348 fuisse
2874 3293 3272 3363 perhibentur?
3299 3293 3415 3350 lmo
3456 3310 3586 3350 vero

1997 3397 2067 3435 an
2137 3380 2319 3438 adhuc
2368 3384 2639 3453 amplius,
2705 3383 2971 3440 Jonenses
3024 3386 3103 3440 illi
3164 3386 3220 3439 in
3278 3386 3583 3441 discutien-

1996 3474 2081 3530 dis
2124 3483 2369 3530 veterum
2427 3474 2741 3531 Graecorum
2793 3478 3164 3540 monumentis
3212 3477 3348 3533 adeo
3386 3494 3585 3534 emun-

1995 3572 2097 3618 ctae
2132 3563 2280 3619 naris
2316 3563 2493 3619 critici
2524 3563 2718 3631 fuere,
2751 3574 2810 3619 ut
2856 3565 3101 3631 Eusebii,
3134 3566 3215 3620 uti
3243 3566 3468 3633 volunt,
3496 3583 3585 3623 er-

1993 3668 2087 3709 ror
2116 3654 2210 3725 qui
2243 3653 2632 3721 Athanasium,
2656 3655 3076 3729 Hieronymum,
3101 3657 3504 3714 Theodoretum
3526 3672 3585 3717 et

1995 3747 2273 3804 Gelasium
2322 3746 2552 3814 fefellit,
2613 3748 2681 3803 iis
2725 3749 3076 3818 potissimum
3123 3750 3438 3805 suboleret?
3466 3749 3584 3809 Hoc

1993 3838 2141 3893 enim
2181 3838 2496 3893 necessario
2524 3837 2814 3893 dicendum
2848 3847 2933 3893 est
2967 3839 3035 3894 de
3067 3839 3380 3895 testimonio
3410 3842 3580 3911 septi-

1993 3931 2068 3986 mi
2099 3932 2304 3998 saaculi,
2340 3939 2401 3986 ut
2437 3932 2546 3985 vim
2586 3931 2831 4000 aliquam
2868 3932 3073 3987 habere
3109 3931 3393 4001 videatur;
3446 3943 3580 3990 tunc

1992 4025 2138 4079 enim
2176 4024 2478 4080 auctoritas
2510 4024 2871 4095 epistolarum
2926 4024 3120 4096 lgnatii
3159 4026 3302 4081 inter
3329 4027 3577 4084 Catholi-

1992 4133 2088 4173 cos
2120 4126 2287 4187 atque
2320 4117 2484 4171 etiam
2509 4117 2797 4171 haereticos
2828 4126 2945 4172 erat
2975 4117 3377 4188 receptissima.

2059 4208 2357 4279 Postquam
2391 4208 2774 4264 Boioariorum
2803 4218 2857 4264 et
2886 4207 3211 4265 Jonensium
3238 4212 3581 4269 meminisset

1990 4302 2074 4357 vir
2101 4302 2499 4370 doctissimus,
2540 4311 2594 4357 et
2629 4302 2698 4357 ab
2732 4312 3056 4373 argumento
3088 4320 3209 4373 suo,
3244 4306 3391 4376 quod
3422 4322 3453 4361 a
3496 4307 3576 4362 si-

1990 4395 2161 4450 lentio
2191 4395 2518 4466 scriptorum
2554 4403 2681 4450 ante
2711 4394 3007 4451 Eusebium
3032 4398 3336 4468 petebatur,
3358 4398 3577 4470 longius

1991 4488 2321 4555 aberrasset,
2366 4486 2619 4557 adjunxit
2650 4485 2970 4560 Hieronymi
2996 4497 3052 4544 et
3101 4490 3393 4561 Epiphanii
3421 4490 3577 4547 testi-

363 4589 613 4644 Alterius
640 4588 803 4658 plane
834 4588 1051 4657 generis
1077 4596 1161 4643 est
1188 4589 1336 4658 quod
1359 4605 1391 4644 e
1421 4587 1601 4645 Scotia
1633 4590 1766 4659 petit
1795 4605 1887 4645 ar-
1919 4570 1965 4627 Ῑ)
1994 4580 2178 4635 monia
2212 4598 2227 4634 :
2258 4579 2414 4634 illum
2444 4578 2566 4635 ideo
2589 4579 2840 4648 adduxit,
2864 4581 2992 4652 quia
3013 4582 3420 4654 presbyteratus
3447 4599 3575 4639 cum

289 4690 646 4756 gumentum.
675 4679 756 4734 lbi
785 4680 933 4734 enim
977 4679 1265 4749 episcopos
1295 4679 1603 4750 singulares
1630 4680 1683 4735 in
1714 4682 1889 4738 eccle-

295 4774 405 4829 siis
429 4770 611 4826 fuisse
640 4771 829 4841 negari
867 4786 978 4824 non
1012 4777 1192 4840 potest
1220 4768 1289 4823 ad
1331 4769 1564 4825 formam
1602 4772 1886 4842 regiminis

289 4867 591 4940 lgnatiani.
631 4863 803 4931 Nam,
846 4873 907 4918 ut
942 4863 1086 4919 Beda
1129 4872 1359 4920 testatur
1397 4880 1412 4916 :
1444 4864 1621 4919 Abbas
1663 4864 1886 4935 quidam

286 4960 568 5031 presbyter
604 4959 744 5027 fuit,
778 4957 932 5026 cujus
972 4958 1089 5026 juri
1112 4967 1164 5013 et
1197 4962 1366 5013 omnis
1401 4960 1671 5028 provincia
1704 4968 1754 5013 et
1785 4959 1887 5028 ipsi

287 5056 460 5109 etiam
487 5053 722 5121 episcopi
759 5052 984 5120 subjecti
1008 5061 1183 5106 erant.
1226 5051 1302 5107 lta
1333 5053 1554 5123 quidem
1583 5053 1750 5117 Beda,
1788 5055 1884 5110 sed

285 5147 503 5201 omissa
547 5152 679 5198 sunt
708 5143 876 5199 verba
916 5152 1108 5199 notatu
1149 5144 1333 5216 digna,
1376 5145 1563 5199 ordine
1601 5147 1879 5202 inusitato.

284 5236 533 5310 Agnovit
562 5232 834 5292 Seldeims
864 5236 1118 5292 ordinem
1160 5237 1483 5293 inusitatum
1529 5253 1558 5292 a
1604 5238 1749 5293 Beda
1777 5238 1880 5294 ob-

283 5338 573 5388 servatum
605 5346 618 5383 :
650 5327 756 5383 Sed
790 5330 904 5399 qui,
936 5330 1134 5400 inquit,
1168 5344 1232 5383 ex
1262 5346 1404 5384 more
1429 5330 1503 5383 ibi
1530 5331 1881 5386 vetustissimo

281 5423 714 5492 sreculorumque
733 5421 845 5475 illic
865 5424 1193 5476 anteriorum
1217 5422 1504 5491 disciplina
1529 5434 1763 5491 receptus
1787 5424 1877 5477 sit.

285 5517 399 5573 Sed
433 5519 565 5588 quis
595 5515 739 5585 apud
775 5514 1045 5571 Jonenses
1072 5516 1421 5586 presbyteros
1443 5530 1564 5571 mos
1594 5514 1698 5570 fuit
1722 5514 1881 5571 Beda:

281 5626 405 5667 aevo
434 5610 886 5679 antiquissimus,
929 5619 1023 5663 aut
1057 5619 1193 5679 quot
1224 5610 1452 5665 fuerunt
1483 5608 1574 5662 illa
1601 5609 1876 5665 anteriora

278 5699 534 5755 saecula?
564 5698 729 5754 Certe
749 5698 817 5752 ab
840 5698 996 5753 obitu
1029 5697 1332 5763 Columbae,
1361 5699 1453 5769 qui
1481 5697 1875 5754 monasterium

276 5791 568 5859 condidit,
626 5791 694 5846 ad
730 5801 911 5846 ortum
954 5789 1135 5857 Bedtc,
1181 5791 1277 5861 qui
1311 5791 1428 5847 haec
1472 5791 1712 5861 scripsit,
1745 5792 1873 5846 anni

278 5894 499 5942 tantum
524 5893 890 5941 numerantur
922 5882 1009 5940 76.
1042 5882 1180 5954 Quid
1205 5897 1385 5941 autem
1430 5884 1557 5942 hinc
1588 5884 1876 5957 sequitur?

1988 4673 2304 4742 episcopatu
2328 4713 2344 4740 ,
2376 4680 2437 4727 ut
2469 4672 2567 4739 ait,
2602 4672 2883 4743 ἰσοτομίαν
2916 4675 3213 4744 probabat;
3244 4674 3412 4742 hunc,
3443 4676 3574 4745 quia

1987 4779 2107 4819 eam
2141 4765 2467 4821 sententiam
2498 4774 2559 4819 ut
2585 4765 2820 4821 hazresin
2851 4766 2905 4818 in
2926 4765 3094 4821 Aerio
3124 4765 3423 4821 damnabat
3449 4785 3462 4821 :
3487 4776 3574 4823 te-

1988 4864 2099 4911 stes
2117 4855 2258 4911 duos
2280 4854 2337 4909 in
2367 4855 2640 4927 lgnatium
2658 4856 2775 4927 jam
2792 4857 2884 4912 diu
2909 4866 3187 4928 receptum
3208 4858 3424 4929 egregie
3439 4874 3571 4915 con-

1987 4948 2281 5018 spirantes.
2320 4947 2379 5002 S.
2417 4946 2785 5020 Hieronymus
2808 4964 2951 5020 saepe
2975 4948 3033 5003 S.
3066 4949 3262 5016 lgnatii
3293 4951 3565 5017 meminit,

1986 5040 2116 5111 quid
2151 5041 2436 5112 scripserit
2467 5042 2555 5095 vir
2598 5041 2933 5112 apostolicus
2963 5051 3016 5097 et
3050 5050 3260 5114 martyr
3289 5043 3568 5109 observat,

1985 5134 2295 5190 Eusebiana
2320 5134 2637 5191 transcribit
2664 5142 2719 5190 et
2758 5136 3026 5206 approbat
3063 5154 3076 5189 :
3111 5136 3243 5206 quid
3270 5135 3438 5207 igitur
3477 5135 3571 5193 illo

1985 5229 2246 5284 adversus
2278 5227 2475 5300 lgnatii
2502 5230 2803 5299 epistolas?
2831 5228 3111 5285 Sollicitor
3133 5238 3342 5300 putare,
3362 5229 3562 5300 inquit,

1982 5324 2059 5379 vel
2084 5326 2320 5379 nondum
2339 5325 2396 5379 in
2421 5325 2487 5379 iis
2515 5325 2619 5378 ista
2638 5334 2748 5378 tam
2777 5315 2946 5378 multa
2978 5324 3163 5393 fuisse,
3190 5340 3309 5395 qute
3325 5323 3481 5378 hodie
3502 5325 3568 5380 de

1981 5418 2312 5487 episcopatus
2345 5418 2655 5471 necessitate
2686 5424 2737 5471 et
2773 5432 2885 5487 prte
2914 5416 3280 5488 presbyteratu
3308 5417 3569 5472 excellen—

1984 5511 2062 5563 tia
2089 5508 2246 5562 isthic
2274 5507 2515 5579 legimus,
2532 5507 2766 5575 velcerte
2797 5508 3132 5563 existimasse
3156 5506 3564 5579 Hieronymum,

1979 5601 2310 5673 quantalibet
2338 5601 2502 5671 fuerit
2524 5600 2775 5671 martyris
2793 5602 3105 5669 auctoritas,
3132 5618 3237 5657 non
3261 5612 3433 5656 tamen
3464 5619 3559 5656 εα-

1982 5700 2050 5755 tis
2070 5715 2186 5753 eam
2212 5698 2402 5764 valere,
2427 5706 2487 5751 ut
2512 5714 2618 5752 rem
2643 5696 2857 5751 disertis
2887 5694 3179 5765 Scriptura:
3203 5696 3413 5750 vocibus
3436 5712 3564 5750 con-

1980 5792 2254 5861 ﬁrmatam
2278 5788 2565 5843 convellere
2599 5797 2777 5858 posset
2809 5797 2901 5841 aut
2943 5788 3168 5844 deberet.
3207 5787 3346 5856 Quid
3381 5799 3562 5843 autem

1980 5886 2029 5945 si
2062 5885 2145 5943 vir
2200 5883 2551 5943 doctissimus
2597 5898 2789 5943 revera
2832 5891 3049 5951 putaret
3078 5882 3132 5942 id
3178 5883 3324 5945 auod
3366 5892 3604 5965 putaqe..
3667 5906 3677 5917 ι
