4078 6392
516 388 620 444 251

1532 375 1602 444 ‘s.
1643 385 1993 445 IGNATIL'S.
2033 414 2100 425 —
2136 384 2666 442 pnowconsm.

3683 379 3788 436 25*!

516 511 1037 581 sollicitatur?quid
1059 509 1103 567 si
1134 527 1323 568 verum
1349 512 1665 585 essetquod
1683 508 2102 583 putetianinde
2130 512 2173 569 Α
2205 524 2416 577 parens.
2468 506 2565 563 Et:
2634 505 2819 561 Virum
2878 506 3258 573 honorabilem,
3318 506 3537 575 fratrem
3589 518 3782 572 meum,

517 604 766 673 sequitur
795 605 1054 674 epistolas
1090 604 1210 659 illas
1243 620 1435 661 omnes
1477 622 1599 661 esse
1629 605 1788 660 tertio
1816 604 2016 658 saeculo
2046 602 2110 657 [i-

516 706 635 751 ctas
657 704 820 766 atque
854 697 1208 767 suppositas?
1237 699 1294 752 Si
1321 715 1507 769 parem
1538 715 1660 754 cum
1687 698 1987 767 Scripturis
2010 714 2109 751 au-

517 790 825 844 ctoritatem
865 808 969 845 non
997 791 1265 856 habeant,
1301 801 1397 845 aut
1430 808 1537 845 una
1572 792 1656 846 vel
1685 792 1857 845 altera
1886 798 2108 845 sentcn-

518 883 593 936 tia
631 881 698 936 de
722 883 1047 937 necessitate
1073 893 1127 936 et
1152 884 1465 937 excellentia
1485 884 1830 953 episcopatus
1848 883 1900 936 in
1924 898 2109 937 exem-

520 975 657 1043 plari
684 973 1110 1045 Hieronymiano
1157 991 1267 1030 non
1300 977 1626 1044 haberetur,
1670 992 1791 1047 qua
1822 976 1873 1029 in
1904 976 2107 1032 nostris

520 1077 766 1136 apparet,
801 1084 869 1121 an
904 1072 1089 1122 statim
1122 1070 1392 1139 sequitur,
1420 1085 1613 1125 omnes
1643 1069 1812 1124 fuisse
1832 1084 2108 1129 commen-

516 1158 710 1213 tilias?
743 1160 1047 1229 praesertim
1067 1176 1191 1215 cum
1227 1160 1283 1215 S.
1319 1159 1683 1230 Hieronymus
1703 1176 1797 1215 eas
1824 1176 1963 1229 quas
1990 1161 2106 1230 ipse

516 1250 710 1305 habuit
730 1267 888 1306 veras
918 1261 974 1306 et
1004 1253 1271 1323 genuinas
1294 1253 1523 1323 putavit.
1547 1253 1772 1307 Fatetur
1802 1252 1883 1306 vir
1900 1252 2107 1307 doctis-

517 1345 722 1409 simus,
771 1360 866 1400 eas
897 1346 1161 1415 epistolas
1191 1362 1331 1416 quas
1362 1361 1510 1400 nunc
1558 1346 1849 1412 habemus,
1881 1346 2100 1400 easdem

516 1438 744 1491 omnino
793 1453 915 1493 esse
959 1454 1098 1508 quas
1144 1439 1337 1493 habuit
1366 1437 1673 1504 Eusebius,
1716 1447 1771 1493 et
1811 1447 1933 1508 post
1975 1454 2102 1493 eum

519 1528 859 1585 Athanasius
901 1539 1065 1600 atque
1113 1529 1512 1587 Theodoretus.
1554 1530 1673 1598 Qua
1714 1548 1845 1603 ergo
1890 1532 2102 1587 ratione

514 1619 714 1675 ductus
763 1619 1015 1678 dubitare
1044 1632 1223 1693 potest
1253 1624 1320 1679 de
1359 1623 1659 1694 exemplari
1700 1624 1873 1679 solius
1908 1622 2103 1679 Hiero-

515 1713 687 1785 nymi,
706 1715 797 1785 qui
830 1723 954 1785 post
980 1713 1276 1770 Eusebium
1296 1726 1349 1772 et
1369 1717 1753 1785 Athanasium,
1778 1726 1902 1773 ante
1921 1716 2103 1773 Theo-

514 1805 765 1861 doretum
799 1808 977 1862 vixit?
1013 1808 1134 1863 Non
1166 1819 1277 1863 tam
1312 1810 1505 1877 multa,
1531 1811 1755 1877 scilicet,
1783 1811 1847 1863 de
1871 1828 1933 1865 ea
1962 1828 2018 1865 re
2044 1812 2098 1865 in

514 1896 731 1970 Ignatio
754 1900 884 1953 vidit
910 1899 1267 1971 Hieronymus
1291 1917 1310 1955 .'
1342 1902 1521 1972 quasi,
1560 1901 1605 1956 si
1632 1901 1891 1971 pauciora
1918 1902 1984 1958 de
2003 1918 2099 1957 ea-

515 1990 641 2047 dem
672 2007 731 2045 re
761 1992 993 2048 dixisset
1018 1992 1260 2064 Ignatius
1282 2036 1297 2061 ,
1332 1994 1493 2049 tidem
1536 1993 1633 2050 Dei
1681 2010 1900 2051 omnem
1946 1998 2104 2053 abro-

514 2094 698 2156 gasset
722 2083 1109 2156 Hieronymus.
1141 2086 1297 2141 Anne
1322 2087 1623 2143 auctoritas
1646 2088 1738 2143 illa
1772 2097 1983 2143 tantum
2007 2106 2102 2145 va-

514 2173 623 2227 lida
652 2180 756 2237 est,
784 2188 906 2243 quae
924 2175 1215 2230 sententiis
1234 2175 1388 2235 idem
1420 2177 1580 2243 plane
1610 2179 1937 2234 sonantibus
1959 2196 2102 2250 saepe

513 2263 756 2333 repetitis
791 2266 1044 2321 constat?
1073 2265 1218 2332 Quot
1244 2268 1527 2323 sententia:
1558 2269 1613 2324 in
1648 2268 1859 2341 lgnatio
1882 2272 2103 2327 oblitte—

510 2356 697 2411 randa:
732 2364 884 2422 sunt,
916 2365 977 2412 ut
1017 2359 1371 2430 episcopatus
1402 2370 1457 2417 et
1488 2363 1901 2434 presbyteratus
1932 2367 2099 2419 ἰσοτι-

513 2448 610 2519 μία
639 2450 707 2503 ab
735 2450 829 2505 illo
878 2452 1233 2507 condemnari
1271 2468 1381 2507 non
1437 2462 1681 2524 putetur,
1718 2465 1773 2510 et
1822 2458 2099 2525 doctrina,

509 2553 675 2607 quam
692 2548 952 2610 tanquam
978 2540 1457 2613 Hieronymianam
1490 2554 1882 2614 repraasentant
1905 2546 2101 2601 adveré

519 2630 693 2699 sarii,
747 2630 1042 2702 Ignatiana:
1076 2634 1306 2689 minime
1355 2639 1633 2691 contraria
1672 2638 1953 2693 videatur!
1993 2638 2101 2694 Sed

511 2736 705 2777 revera
731 2721 1052 2796 Hieronymi
1101 2726 1395 2793 sententia,
1436 2728 1484 2783 si
1518 2744 1626 2782 una
1659 2738 1825 2798 atque
1868 2730 2101 2801 simplex

508 2812 603 2881 sit,
630 2824 683 2870 et
697 2825 842 2871 recte
865 2818 1187 2887 explicetur,
1208 2817 1402 2889 Ignatii
1421 2820 1705 2874 sententia:
1722 2822 1948 2877 minime
1971 2837 2102 2877 con-

509 2910 679 2962 traria
705 2917 823 2975 est;
856 2911 1217 2967 contrarietas
1238 2911 1384 2966 enim
1423 2928 1547 2982 quae
1573 2913 1904 2979 obtenditur,
1929 2916 2101 2987 origi—

508 3015 636 3054 nem
670 3009 882 3056 tantum
913 3012 1162 3074 spectat,
1202 3005 1271 3059 de
1296 3020 1406 3075 qua
1434 3004 1855 3077 nihil’lgnatius.
1890 3007 2100 3064 Caetera

509 3108 641 3147 vero
678 3111 801 3165 qua:
826 3096 993 3152 habet
1030 3096 1398 3169 Hieronymus
1426 3115 1559 3154 sane
1586 3100 1990 3171 quampiurima
2033 3103 2100 3157 de

2211 599 2385 667 ﬁlium
2415 598 2742 669 dignationis
2784 610 2910 662 tute,
2940 598 3188 653 Orosium
3218 597 3578 668 presbyterum
3600 606 3650 651 et
3700 597 3783 650 sui

2210 691 2399 743 merito
2421 702 2469 744 et
2504 700 2551 744 te
2565 690 2781 759 jubente
2831 691 3055 755 suscepi.
3082 688 3214 754 Quae
3240 704 3363 743 cum
3419 690 3494 742 ita
3530 687 3660 755 sint,
3694 688 3782 742 illa

2212 782 2266 835 in
2298 792 2556 852 suspecto
2583 798 2747 851 opere
2782 783 2836 836 in
2877 782 3139 851 psalmum
3176 797 3301 835 xuv
3328 780 3659 852 Hieronymo
3694 781 3785 834 vix

2210 872 2516 941 abjudicari
2550 882 2814 943 possunt:
2849 862 3092 927 Fabrunt
3120 915 3135 940 ,
3185 891 3215 926 ο
3242 872 3483 926 Ecclesia
3508 914 3523 939 ,
3555 871 3785 941 apostoli

2208 972 2385 1032 patres
2413 965 2510 1027 tui,
2542 965 2666 1034 quia
2697 965 2809 1034 ipsi.
2839 976 2887 1018 te
2907 972 3221 1035 genuerunt.
3267 961 3423 1016 Nunc
3451 972 3626 1016 autem
3655 963 3783 1031 quia

2207 1056 2291 1109 illi
2338 1067 2665 1112 recesserunt
2704 1074 2736 1110 a
2782 1057 3013 1121 mundo,
3071 1056 3229 1110 habes
3251 1072 3347 1125 pro
3386 1056 3468 1109 his
3515 1056 3784 1124 episcopos

2206 1146 2370 1215 ﬁlios,
2400 1150 2490 1217 qui
2524 1166 2556 1201 a
2585 1159 2634 1203 te
2666 1148 2830 1201 creati
2860 1157 3025 1202 sunt:
3056 1157 3179 1202 sunt
3224 1149 3363 1201 enim
3409 1156 3471 1201 et~
3504 1148 3557 1200 hi
3607 1156 3784 1216 patres

2176 1230 2179 1235 ’
2208 1240 2307 1303 tui,
2334 1240 2459 1312 quia
2482 1240 2547 1293 ab
2575 1242 2704 1310 ipsis
2728 1242 2942 1310 regeris.
2969 1239 3095 1295 Harc
3126 1251 3309 1295 autem
3339 1239 3607 1309 subiectio
3652 1238 3784 1294 Hie-

2206 1332 2528 1401 ronymiana
2578 1332 2713 1386 nihil
2752 1330 2901 1385 aliud
2930 1342 3015 1387 est
3055 1348 3220 1403 quam
3265 1333 3478 1404 ὑπακοὴ
3530 1332 3616 1387 vel
3648 1332 3785 1385 ὑπο-

2206 1423 2345 1493 ταγὴ
2390 1422 2693 1492 Ignatiana.
2737 1422 3022 1491 Secundo,
3056 1421 3429 1493 Hieronymus
3482 1422 3786 1492 saepissime

2206 1522 2317 1567 tres
2339 1515 2543 1582 gradus
2572 1514 2688 1570 sive
2719 1517 2943 1571 ordines
2989 1516 3045 1569 in
3078 1513 3344 1580 Ecclesia,
3378 1514 3781 1585 episcopatum,

2204 1606 2638 1678 presbyteratum
2682 1618 2737 1664 et
2762 1609 3115 1665 diaconatum
3161 1609 3431 1681 agnoscit,
3460 1624 3568 1663 non
3598 1609 3785 1665 minus

2204 1715 2373 1769 quam
2405 1700 2669 1775 lgnatius.
2712 1702 2940 1776 Dialogo
2981 1704 3254 1759 adversus
3286 1701 3699 1759 Luciierianos:
3736 1702 3783 1754 A

2207 1793 2431 1863 triginta
2458 1794 2649 1849 cubitis
2676 1796 2931 1866 incipiens
2956 1806 3005 1850 et
3032 1812 3193 1866 usque
3228 1795 3297 1849 ad
3337 1812 3515 1849 unum
3548 1795 3786 1850 cubitum

2202 1885 2469 1954 paulatim
2508 1888 2809 1942 decrescens
2844 1904 2972 1943 arca
3009 1889 3338 1943 construitur
3360 1903 3379 1942 :
3443 1888 3687 1943 similiter
3732 1895 3787 1941 et

2202 1974 2446 2031 Ecclesia
2463 1978 2644 2032 multis
2665 1978 2918 2049 gradibus
2937 1980 3228 2034 consistens
3250 1980 3319 2033 ad
3341 1990 3634 2035 extremum
3658 1979 3787 2035 dia-

2202 2067 2371 2134 conis,
2393 2067 2713 2137 presbyteris
2762 2068 3121 2138 episcopisque
3145 2068 3349 2137 ﬁnitur.
3380 2068 3457 2121 Ita
3482 2067 3601 2121 ille:
3630 2068 3787 2121 Area

2202 2173 2534 2214 sacramenta
2558 2178 2677 2214 cum
2708 2160 2949 2215 Ecclesia
3002 2177 3335 2231 componens.
3375 2159 3788 2216 Commentario

2202 2249 2256 2303 in
2286 2249 2510 2306 Micheae
2553 2267 2675 2322 cap.
2702 2268 2813 2306 vu:
2842 2251 3027 2306 Nolite
3056 2252 3270 2306 credere
3297 2253 3351 2304 in
3375 2251 3622 2318 ducibus,
3681 2266 3790 2305 non

2200 2344 2256 2396 in
2279 2344 2542 2413 episc0po,
2574 2361 2679 2398 non
2703 2346 2758 2398 in
2787 2345 3115 2415 presbytero,
3146 2361 3252 2399 non
3284 2346 3339 2399 in
3387 2346 3633 2411 diacono,
3679 2361 3789 2398 non

2201 2437 2260 2489 in
2290 2436 2523 2507 qualibet
2555 2439 2826 2492 hominum
2849 2439 3132 2510 dignitate.
3162 2436 3285 2493 Non
3320 2440 3419 2493 hoc
3459 2439 3602 2505 dico,
3644 2437 3791 2510 quod

2200 2529 2508 2583 istiusmodi
2552 2532 2805 2600 gradibus
2848 2533 2903 2585 in
2947 2531 3189 2586 Ecclesia
3232 2548 3338 2586 non
3395 2531 3628 2586 debeatis
3675 2546 3793 2587 esse

2200 2620 2790 2692 subjecti.tQuicnnque
2810 2623 2951 2676 enim
2986 2623 3323 2677 maledixerit
3354 2624 3496 2693 patri
3529 2631 3624 2677 aut
3672 2639 3795 2677 ma-

2203 2714 2293 2780 tri,
2322 2724 2487 2768 morte
2510 2717 2765 2768 morietur
2803 2717 2848 2748 ²⁰
2870 2725 2977 2783 μετ
2991 2717 3277 2784 Apostolus
3305 2716 3455 2769 docet
3484 2716 3793 2785 pra’positis

2201 2806 2256 2858 in
2297 2804 2533 2859 Ecclesia
2571 2806 2914 2860 obediendum
2935 2808 3003 2861 ¹¹.
3042 2806 3145 2863 Sed
3173 2807 3311 2878 quod
3336 2807 3487 2861 aliud
3515 2808 3583 2863 sit
3618 2807 3791 2861 hono-

2200 2914 2321 2950 rare
2336 2898 2518 2964 duces,
2544 2897 2693 2951 aliud
2715 2915 2859 2967 spem
2885 2900 3076 2954 habere
3099 2901 3155 2953 in
3170 2900 3415 2954 ducibus.
3448 2898 3790 2954 Honoremus

2200 2989 2521 3058 episcopum,
2546 2989 2847 3058 presbytero
2878 2990 3178 3059 deferamus
3204 3034 3219 3055 ,
3264 3007 3610 3061 assurgamus
3660 2990 3793 3045 dia-

2201 3096 2352 3146 cono,
2378 3090 2427 3134 et
2456 3090 2627 3134 tamen
2672 3098 2777 3134 non
2812 3098 3077 3151 speremus
3106 3084 3162 3136 in
3195 3083 3292 3137 eis.
3323 3084 3589 3156 Apologia
3608 3084 3792 3154 prima

510 3188 866 3257 episcopatus
901 3204 931 3243 a
976 3190 1357 3259 presbyteratu
1402 3190 1757 3247 distinctione
1796 3201 1851 3248 et
1891 3208 2100 3263 pm“-
2129 3197 2171 3255 ε
2206 3174 2467 3229 adversus
2491 3173 2799 3228 Bullinum:
2834 3174 2982 3229 Sciat
3015 3177 3244 3229 multum
3268 3178 3516 3230 interesse
3541 3178 3604 3230 de
3626 3194 3795 3248 ange-

508 3280 786 3346 cellentia,
832 3294 898 3334 ac
922 3282 1250 3337 necessitate
1278 3282 1711 3354 autiquilateque
1726 3285 2012 3354 utriusque
2042 3285 2098 3340 in

509 3370 755 3428 Ecclesia
788 3371 903 3441 Dei,
932 3381 986 3428 et
1019 3372 1167 3428 Aerii
1196 3374 1394 3445 dogma
1420 3375 1697 3446 iugulant,
1726 3384 1777 3431 et
1800 3375 2097 3447 lgnatianis

506 3464 669 3533 plane
692 3464 999 3521 conformia
1031 3475 1194 3532 sunt;
1222 3482 1345 3538 quae
1383 3468 1547 3524 toties
1572 3467 1825 3522 imitatur
1843 3468 2099 3538 etsequi-

508 3565 630 3624 tur,
660 3566 719 3611 ut
750 3560 882 3629 quin
918 3560 1105 3615 omnia
1153 3561 1374 3627 viderit,
1417 3576 1541 3630 qua:
1592 3575 1692 3615 nos
1735 3561 1791 3615 in
1841 3561 2095 3632 genuinis

505 3649 754 3718 epistolis
775 3650 1044 3716 videmus,
1076 3652 1339 3719 dubitari,
1372 3661 1519 3707 certe
1556 3661 1615 3705 ut
1677 3652 1943 3723 pauciora
1964 3692 1978 3717 ,
2012 3651 2096 3707 af~

506 3738 719 3794 ﬁrmari
766 3756 873 3796 non
900 3742 1095 3811 possit.
1139 3741 1278 3797 Nam
1328 3742 1382 3796 in
1426 3742 1660 3813 epistola
1712 3743 1782 3797 ad
1836 3741 2095 3814 Nepotia-

505 3846 676 3886 num:
710 3830 863 3898 Esto,
893 3834 1091 3904 inquit,
1120 3834 1388 3903 subjectus
1417 3836 1658 3906 pontiﬁci
1691 3848 1781 3889 tuo
1800 3878 1824 3904 ,.
1847 3846 1896 3890 et
1938 3838 2093 3907 quasi

506 3931 702 3984 anima:
726 3940 995 4000 parentem
1020 3932 1247 4001 suscipe,
1268 3932 1353 3986 vel
1380 3933 1605 4001 suspice.
1631 3931 1955 3987 Exhortatio
1980 3933 2095 3988 haec

507 4037 618 4078 non
649 4022 918 4089 Aeriana,
966 4022 1059 4077 sed
1115 4021 1399 4091 lgnatiana
1441 4032 1542 4077 est.
1580 4022 1918 4092 Nepotianus
1943 4024 2092 4079 enim

506 4116 793 4186 presbyter
822 4124 958 4169 erat.
998 4114 1075 4169 Ita
1099 4115 1279 4169 deillo
1305 4114 1673 4187 Hieronymus
1703 4118 1863 4186 epist.
1898 4117 1965 4170 '5:
2000 4115 2094 4169 Fit

506 4206 758 4269 clericus,
811 4215 862 4260 et
913 4221 1005 4274 per
1032 4206 1217 4259 solitos
1248 4204 1447 4277 gradus
1478 4210 1748 4277 presbyter
1786 4207 2090 4261 ordinatur.

504 4294 894 4367 Presbyterum
927 4295 1095 4367 igitur
1136 4294 1445 4365 subjectum
1504 4300 1762 4368 episcopo
1823 4313 1926 4353 suo
1972 4314 2094 4355 esse

505 4386 707 4442 debere
734 4394 920 4441 monet
948 4384 1341 4459 Hieronymus,
1370 4397 1423 4443 et
1460 4388 1682 4459 quidem
1714 4396 1975 4460 tanquam
2034 4390 2095 4444 ti-

504 4477 641 4533 lium
666 4480 900 4549 parenti.
952 4476 1181 4548 Semper
1203 4480 1353 4535 enim
1413 4480 1733 4551 episcopum
1784 4480 2088 4551 presbyteri

2203 3267 2271 3321 lis
2293 3278 2341 3322 et
2373 3265 2653 3335 Seraphim
2677 3277 2727 3321 et
2765 3266 3049 3321 Cherubim
3083 3269 3257 3322 dicere
3299 3270 3560 3324 daemones
3602 3281 3652 3325 et
3688 3273 3792 3327 ho-

2199 3359 2365 3413 mines
2396 3359 2535 3428 ﬁeri,
2577 3361 2716 3429 quod
2744 3361 2971 3428 aﬁirmat
2998 3358 3271 3430 Origenes,
3301 3370 3351 3416 et
3381 3364 3522 3432 ipsos
3562 3364 3701 3419 inter
3730 3382 3791 3420 se

2198 3450 2412 3522 angelos
2443 3452 2653 3505 diversa
2683 3453 2971 3520 o/ﬁciorum
3002 3468 3194 3521 genera
3226 3468 3340 3508 esse
3369 3454 3611 3519 sortitos,
3642 3455 3791 3524 quod

2199 3544 2454 3598 Ecclesia:
2481 3560 2583 3596 non
2614 3556 2891 3613 repugnat.
2919 3542 3194 3609 Quomodo
3250 3554 3299 3599 et
3354 3546 3496 3599 inter
3544 3546 3792 3604 homines

2197 3637 2327 3691 ordo
2374 3636 2701 3706 dignitatum
2759 3652 2824 3688 ea:
2855 3636 3053 3689 laboris
3086 3636 3341 3690 varietate
3394 3637 3632 3691 diuersus
3661 3648 3742 3691 est
3767 3659 3791 3697 .-

2196 3746 2315 3783 oum
2344 3729 2641 3798 episcopus,
2665 3737 2714 3780 et
2742 3726 3031 3796 presbyter,
3061 3737 3111 3781 et
3160 3729 3331 3781 omnis
3385 3730 3791 3785 ecclesiasticus

2193 3820 2391 3891 gradus
2411 3820 2598 3873 habeat
2617 3818 2853 3871 ordinem
2884 3834 3062 3884 suum,
3109 3831 3162 3875 et
3201 3830 3378 3873 tamen
3407 3836 3586 3876 omnes
3610 3822 3794 3877 hami.

2196 3928 2282 3967 nes
2302 3921 2443 3965 sunt.
2476 3910 2716 3981 Epistola
2740 3911 2807 3963 27
2835 3925 2955 3980 qua!
2969 3911 3129 3965 estad
3143 3910 3523 3967 Eustochium:
3543 3913 3795 3970 Aderant

2198 4002 2694 4073 Hierosolymorum
2716 4012 2766 4055 et
2794 4003 3030 4056 aliarum
3077 4002 3290 4057 urbium
3322 4006 3576 4075 episcopi,
3603 4015 3654 4060 et
3688 4023 3795 4062 sa-

2194 4095 2462 4148 cerdotum
2484 4094 2750 4162 inferioris
2775 4092 2996 4164 gradus,
3021 4110 3085 4147 ac
3155 4094 3436 4148 levitarum
3470 4097 3793 4152 innumera-

2195 4186 2317 4241 bilis
2338 4186 2646 4239 multitudo.
2682 4186 2873 4241 Dicent
2901 4184 3289 4258 Hieronymum
3311 4187 3379 4241 de
3407 4188 3640 4243 diversis
3657 4204 3795 4259 gra-

2193 4279 2359 4335 dibus
2416 4290 2509 4335 aut
2536 4281 3007 4350 ordinibusloqni
3041 4280 3344 4335 secundum
3386 4296 3547 4336 usum
3592 4285 3791 4339 saeculi

2178 4372 2314 4426 sui:
2349 4372 2488 4426 idem
2522 4386 2575 4427 et
2591 4388 2693 4443 ego
2718 4372 2786 4428 de
2810 4372 3019 4443 lgnatio
3045 4372 3276 4427 aﬂirmo.
3306 4371 3374 4427 Et
3398 4374 3617 4443 quidem
3646 4373 3790 4431 Hie-

2193 4482 2458 4538 ronymus
2487 4467 2709 4522 eosdem
2734 4467 2940 4537 gradus
2971 4464 3139 4520 refert
3174 4465 3243 4523 ad
3269 4475 3515 4537 tempora
3552 4475 3793 4536 aposto-

504 4540 714 4641 patrein
748 4571 1020 4641 agnoscit.
1049 4540 1293 4642 Epistola
1323 4571 1394 4627 ϐῆ
1435 4540 1504 4628 ad
1535 4540 1897 4643 TheOphilum
1919 4590 1933 4627 :
1952 4540 2089 4629 'Non

2197 4560 2324 4616 lica:
2348 4570 2408 4617 ut
2431 4561 2631 4615 mirum
2660 4576 2769 4615 non
2797 4560 2869 4615 sit
2903 4557 3198 4629 lgnatium,
3225 4567 3350 4629 post
3371 4558 3618 4615 omnium
3642 4574 3793 4629 apo.

504 4678 687 4717 sumus
720 4673 831 4716 tam
861 4664 1042 4733 inflati
1062 4664 1261 4731 cordis,
1300 4676 1359 4720 ut
1388 4667 1686 4736 ignoremus
1721 4666 1849 4737 quid
1899 4666 2088 4743 debea-

506 4762 594 4807 tur
630 4756 990 4810 sacerdotibus
1035 4756 1255 4813 Christi.
1284 4756 1388 4823 Qui
1420 4759 1560 4812 enim
1603 4775 1689 4813 eos
1738 4761 1943 4830 recipit,
1981 4776 2089 4815 non

505 4852 616 4900 tam
660 4863 745 4900 eos
768 4848 988 4918 recipit,
1011 4866 1171 4920 quam
1194 4851 1345 4905 illum
1382 4852 1532 4921 cujus
1562 4853 1795 4923 episcopi
1813 4864 1955 4908 sunt.
1983 4854 2086 4911 Sed

503 4939 739 4992 contenti
764 4938 869 4990 sint
894 4938 1089 4993 honore
1111 4957 1205 4994 suo
1225 4957 1244 4994 :
1268 4940 1461 4995 Patres
1496 4959 1549 4996 se
1580 4944 1751 4998 sciant
1780 4961 1889 4999 esse
1908 4987 1924 5013 ,
1982 4963 2088 5000 non

502 5029 762 5084 dominos.
785 5028 861 5086 De
880 5028 1175 5087 Heliodoro
1201 5031 1489 5103 Nepotiani
1518 5036 1775 5107 episcopo
1798 5038 1873 5092 ita
1900 5038 2084 5109 loqui-

503 5131 622 5175 tur:
658 5122 870 5189 Quanto
896 5124 1065 5194 magis
1100 5132 1156 5177 tu
1174 5132 1225 5178 et
1246 5125 1537 5179 avunculus
1568 5137 1618 5180 et
1646 5129 1941 5199 episcopus,
1987 5130 2084 5184 hoc

502 5221 580 5266 est
602 5222 652 5266 et
700 5214 755 5265 in
783 5229 964 5277 carne,
1029 5223 1079 5267 et
1116 5215 1172 5268 in
1201 5214 1394 5285 spiritu
1423 5226 1594 5286 pater,
1643 5218 1787 5274 doles
1815 5220 1992 5274 abesse
2016 5222 2087 5275 vi-

503 5319 655 5356 scera
685 5311 797 5369 tua,
831 5312 880 5357 et
913 5305 1066 5374 quasi
1096 5321 1128 5357 a
1159 5316 1209 5359 te
1234 5305 1444 5361 divulsa
1477 5308 1745 5376 suspiras.
1782 5306 1865 5362 Ad
1905 5307 2085 5380 Nepo-

504 5395 716 5450 tianum
741 5394 903 5464 epist.
940 5395 1007 5450 ὃς
1044 5394 1234 5450 Gloria
1254 5399 1424 5468 patris
1462 5407 1541 5453 est
1585 5399 1732 5469 ﬁlius
1762 5401 1971 5469 sapiens
1997 5402 2038 5433 ⁸³
2065 5418 2081 5469 ;

504 5483 746 5540 Gaudeat
774 5486 1045 5556 episcopus
1068 5487 1272 5557 iudicio
1298 5506 1416 5557 suo,
1442 5507 1562 5543 cum
1586 5490 1716 5544 tales
1743 5490 1955 5546 Christo
1981 5492 2086 5548 ειε-

502 5580 638 5648 gerit
661 5579 981 5634 sacerdotes.
1009 5579 1087 5636 Ita
1113 5582 1230 5651 ipse
1249 5580 1308 5637 S.
1340 5584 1708 5656 Augustinum
1759 5585 2082 5654 compellat:

518 5666 641 5724 Vale
690 5669 821 5723 mihi
868 5672 1034 5726 amice
1083 5672 1430 5743 charissima,
1484 5682 1640 5729 aetate
1668 5673 1774 5743 ﬁli,
1824 5675 2087 5745 dignitate

575 5833 620 5867 "
650 5832 812 5893 Prov.
843 5853 897 5907 ξ,
938 5840 987 5896 1.

1062 5841 1107 5874 ὀ
1145 5840 1274 5899 Lev.
1312 5858 1407 5909 xx.
1443 5843 1495 5900 9.
1575 5845 1615 5877 ²¹
1644 5840 1811 5901 Hebr.
1846 5857 1968 5908 xm,
2004 5842 2092 5902 17.
2171 5846 2215 5877 ²¹
2243 5841 2265 5901 ι
2298 5840 2438 5898 Tim.
2472 5856 2554 5902 Ill,
2584 5838 2631 5894 l.

2196 4650 2465 4707 stolorum
2497 4660 2752 4716 mortem,
2778 4649 2850 4704 ita
2876 4649 3121 4704 locutum
3144 4664 3284 4705 esse.
3326 4648 3566 4720 Epistola
3596 4651 3795 4720 prima

2184 4746 2252 4802 ad
2274 4744 2620 4801 Heliodorum
2648 4764 2661 4798 :
2697 4765 2715 4799 ι
2744 4745 2850 4813 Qui
2875 4746 3235 4816 episcopatum
3260 4745 3546 4809 desiderat,
3574 4747 3787 4800 bonum

2184 4854 2315 4907 opus
2341 4837 2605 4892 desiderat
2634 4840 2701 4890 ¹².
2743 4856 2761 4891 ι
2793 4836 3001 4893 Scimus
3024 4838 3130 4891 ista
3162 4854 3180 4892 :
3208 4838 3298 4892 sed
3320 4838 3485 4907 junye
3511 4837 3649 4908 quod
3682 4852 3790 4892 εει-

2184 4930 2403 5001 quitur:
2432 4947 2451 4980 (
2483 4927 2699 4998 Oportet
2724 4939 2897 4981 autem
2926 4928 3229 4996 hujusmodi
3262 4926 3795 4994 irreprehensibilem

2185 5037 2296 5077 esse
2316 5022 2383 5088 ³³,
2418 5039 2438 5073 ›
2470 5030 2575 5077 etc.
2604 5020 2675 5074 Et
2696 5021 2897 5076 steteris
2922 5037 3039 5091 quae
3059 5020 3123 5075 de
3145 5037 3204 5075 eo
3233 5029 3525 5091 sequuntur
3548 5020 3799 5089 explici-

2189 5114 2281 5181 tis,
2298 5130 2402 5169 non
2424 5114 2676 5168 minorem
2698 5114 2754 5167 in
2780 5114 2935 5167 tertio
2953 5111 3123 5182 gradu
3144 5111 3386 5166 adhibuit
3414 5110 3796 5182 diligentiam,

2190 5205 2370 5261 dicens
2391 5220 2411 5259 :
2428 5222 2447 5258 ε
2472 5204 2734 5260 Diaconos
2756 5204 3002 5259 similiter
3021 5204 3239 5273 pudicos
3262 5203 3327 5258 ⁸³.
3364 5221 3383 5254 ι
3402 5202 3522 5257 Lib.
3543 5218 3559 5255 ι
3588 5202 3802 5259 adver-

2187 5320 2283 5362 sus
2320 5301 2706 5360 Iovinianum:
2742 5298 2927 5355 Cernis
2954 5299 3125 5369 igitur
3156 5297 3300 5368 quod
3326 5297 3622 5366 episcopus,
3648 5310 3796 5363 pre-

2187 5396 2366 5465 sbyter
2418 5403 2468 5448 et
2498 5393 2755 5447 diaconus
2789 5406 2891 5444 non
2915 5390 3033 5443 ideo
3058 5388 3165 5442 sint
3186 5388 3347 5453 beati,
3371 5388 3498 5456 quia
3518 5386 3768 5456 episcopi
3777 5429 3797 5448 .

2188 5488 2265 5543 vel
2292 5486 2583 5557 presbyteri
2612 5485 2739 5547 sint,
2778 5492 2873 5537 aut
2909 5480 3123 5535 diaconi
3148 5497 3169 5544 ;
3229 5480 3318 5533 sed
3351 5480 3397 5533 si
3420 5479 3639 5533 virtutes
3675 5477 3796 5532 ha-

2190 5579 2399 5633 buerint
2438 5578 2710 5631 nominum
2759 5589 2978 5629 suorum
3027 5582 3076 5627 et
3110 5572 3419 5642 officiorum.
3458 5568 3669 5638 Alioqui
3735 5573 3800 5624 si

2189 5673 2444 5728 diaconus
2475 5669 2713 5726 sanctior
2729 5668 2972 5738 episcopo
2997 5682 3091 5721 suo
3118 5665 3305 5735 fuerit,
3324 5680 3429 5718 non
3450 5678 3518 5716 ea:
3544 5677 3604 5715 eo
3628 5666 3797 5730 quod

2708 5837 2754 5870 ’³
2788 5835 2920 5893 Ibid.
2947 5878 2963 5893 .
3004 5834 3069 5889 ἓν
3137 5834 3181 5866 ³³
3220 5831 3353 5888 Ibid.
3378 5874 3392 5889 .
3428 5830 3480 5887 8.
