4078 6388
321 418 436 472 ῗξῖὃ

1032 409 1084 466 J.
1126 405 1492 463 PEARSONII
1524 400 1845 458 V'lNDlCltE
1888 398 2307 457 lGNATlANtE.
2345 427 2417 438 —
2454 396 2632 452 PARS
2672 392 2711 449 l.

3471 383 3579 437 254

325 531 558 599 inferior
588 529 759 600 gradu
781 536 858 582 est
884 566 900 592 ,
951 527 1090 597 apud
1122 500 1389 581 Christum
1414 526 1644 579 deterior
1664 524 1796 584 erit;
1819 533 1907 576 aut
1937 526 1985 582 A
2012 521 2264 590 dogmate
2292 520 2527 573 maxime
2551 511 2932 570 abhorrentia-
2954 509 3199 577 Denique
3234 505 3373 559 banc
3403 501 3578 572 ipsam

328 622 636 693 Stephanus
657 623 945 687 diaconus,
973 620 1062 690 qui
1088 620 1293 689 primus
1331 618 1588 687 martyrio
1627 623 1907 670 coronatus

325 725 433 779 est,
469 716 648 767 minor
669 713 886 782 futurus
902 720 977 765 est
1007 711 1061 764 in
1094 726 1253 781 regno
1299 709 1546 763 calorum
1578 706 1757 761 multis
1801 706 1910 775 epi-

330 806 533 874 scopis,
568 815 617 858 et
655 803 926 857 Timotheo
967 820 1028 855 ac
1058 801 1197 868 Tito,
1236 818 1363 865 quos
1409 810 1466 854 ut
1509 798 1764 868 subjicere
1808 813 1913 851 non

333 903 532 961 audeo,
556 898 635 951 ita
676 914 769 950 nec
794 905 1129 964 anteponere.
1180 893 1326 950 Idem
1367 893 1738 964 episc0patum
1787 899 1906 944 tan-

332 1005 502 1057 quam
536 1003 817 1043 summum
849 988 901 1041 in
936 986 1175 1041 Ecclesia
1208 986 1453 1041 ordinem
1490 983 1713 1038 maximi
1763 981 1912 1049 facit,

334 1083 601 1152 episcopo
638 1079 996 1135 commissam
1041 1094 1162 1133 esse
1198 1077 1498 1132 Ecclesiam
1549 1077 1723 1140 docet,
1758 1075 1917 1144 eique

336 1175 713 1247 principatum
764 1171 1035 1225 attribuit.
1070 1169 1313 1240 Epistola
1368 1169 1525 1223 tertia
1563 1168 1628 1221 ad
1660 1164 1918 1235 Nepotia-

336 1284 508 1323 num:
564 1265 717 1321 Sciat
762 1266 1058 1335 cpiscopus,
1094 1264 1180 1317 cui
1220 1264 1503 1317 commissa
1546 1269 1622 1315 est
1654 1259 1915 1325 Ecclesia,

336 1373 494 1429 quem
553 1355 942 1425 dispensationi
997 1369 1291 1423 pauperum
1349 1367 1589 1421 curaque
1636 1349 1914 1419 praﬁciat.

340 1451 595 1523 Epistola
621 1451 688 1506 ad
714 1448 1098 1519 Theophilum,
1124 1446 1191 1502 de
1205 1445 1417 1501 Joanne
1445 1446 1705 1515 episcopo
1728 1441 1920 1497 Hiero-

340 1547 712 1621 solymitano:
746 1545 874 1608 Aut,
907 1543 1060 1613 quasi
1094 1541 1354 1611 pontifex,
1401 1539 1604 1593 cunctis
1646 1535 1921 1608 aqualiter

338 1644 596 1710 imperet:
625 1647 739 1700 aut,
783 1637 937 1707 quasi
994 1636 1236 1689 imitator
1270 1632 1531 1703 Apostoli,
1562 1631 1922 1686 universorum

337 1732 507 1786 satuti
536 1745 601 1783 ea:
626 1744 776 1798 aquo
796 1727 1007 1780 serviat.
1028 1723 1438 1779 Commentario
1465 1724 1517 1777 in
1554 1719 1771 1786 lsaiam,
1799 1733 1917 1788 cap.

336 1820 710 1886 uthonam,
746 1818 943 1887 inquit,
974 1814 1233 1886 principes
1264 1822 1379 1867 tuos
1410 1813 1464 1866 in
1491 1827 1701 1882 pacem,
1735 1819 1783 1863 et
1806 1810 1920 1879 epi-

340 1927 533 1982 scopos
558 1921 675 1966 tuos
704 1912 757 1963 in
788 1909 1063 1979 justitiam
1090 1908 1135 1939 "
1152 1906 1261 1972 ;sin
1280 1921 1381 1975 quo
1407 1903 1697 1973 Scriptum
1726 1910 1923 1956 sancta

339 1984 667 2059 admiranda
694 2001 966 2069 majestas,
998 1996 1137 2067 quod
1170 1997 1431 2065 principes
1483 1994 1689 2063 futuros
1740 1990 1924 2046 Eccle-

337 2099 436 2153 sia
468 2096 739 2166 episcOpos
766 2090 1076 2145 nominavit.
1106 2088 1165 2143 In
1190 2086 1449 2156 Catalogo
1475 2085 1802 2153 scriptorum
1834 2097 1925 2137 ec-

336 2188 816 2247 clesiasticarum:
852 2182 1197 2251 Polycarpus,
1224 2177 1451 2232 Joannis
1498 2175 1725 2246 apostoli
1762 2174 1926 2227 disci-

334 2283 524 2353 pulus,
560 2292 609 2333 et
643 2279 708 2332 ab
754 2292 815 2330 eo
866 2272 1109 2343 Smyrna
1128 2273 1400 2342 episcopus
1431 2269 1728 2332 ordinatus,
1763 2268 1923 2320 totius

335 2375 490 2429 Asia
518 2372 762 2442 princeps
780 2366 905 2437 fuit.
936 2362 1350 2419 Commentario
1374 2360 1428 2413 in
1455 2358 1651 2413 Isaiam
1685 2373 1803 2426 cap.
1830 2372 1920 2412 ηιξ

340 2464 448 2520 Sed
478 2472 529 2517 et
565 2461 635 2513 ad
661 2467 868 2513 nostros
900 2456 1163 2525 principes
1189 2452 1377 2521 referri
1404 2458 1593 2521 potest,
1625 2449 1671 2501 si
1694 2456 1925 2501 atterunt

340 2555 643 2623 subjectum
662 2549 768 2603 sibi
793 2546 1012 2617 plebem,
1051 2554 1103 2599 et
1147 2558 1401 2613 pauperes
1442 2539 1793 2606 delinquentes
1828 2554 1928 2607 pu-

342 2646 481 2701 blice
510 2650 741 2713 arguant
768 2650 925 2709 atque
945 2636 1294 2706 confundant,
1330 2631 1581 2687 divitibus
1606 2640 1779 2684 autem
1809 2645 1925 2682 nta-

331 2738 467 2809 jora
503 2730 843 2806 peccantibus
874 2745 937 2783 ne
962 2736 1153 2781 nutum
1194 2724 1404 2796 quidem
1451 2722 1623 2792 facere
1671 2720 1923 2788 audeant,

342 2838 455 2883 etc.
492 2824 560 2881 Et
582 2838 706 2894 cap.
735 2837 805 2875 v:
854 2819 1156 2873 Abutamur
1185 2816 1279 2869 hoc
1320 2812 1617 2868 testimonio
1652 2811 1929 2866 adversum

332 2918 615 2988 principes
644 2913 920 2977 Ecclesia,
944 2910 1035 2980 qui
1069 2908 1132 2962 de
1175 2922 1328 2960 mane
1359 2910 1681 2975 consurgunt
1735 2899 1804 2954 ad
1847 2916 1929 2954 se-

342 3010 605 3065 ctandam
630 3007 878 3069 siceram,
918 3012 967 3057 et
1016 2998 1297 3054 bibendum
1340 3013 1501 3067 usque
1525 2996 1593 3049 ad
1638 3012 1925 3067 vesperam,

344 3111 456 3158 etc.
491 3096 903 3163 Commentario
925 3096 978 3149 in
1019 3094 1202 3148 Titum
1243 3107 1364 3162 cap.
1395 3108 1444 3145 ιε
1484 3088 1759 3144 Nonenim
1786 3092 1927 3160 Apo-

1951 1860 1994 1914 B

2011 618 2264 673 ordinum
2306 617 2712 673 distinctionem
2760 629 2791 668 a
2846 607 3187 678 temporibus
3241 600 3581 672 apostolicis,

2013 708 2122 763 imo
2155 708 2223 763 ab
2254 708 2388 777 ipsis
2405 707 2664 776 apostolis
2689 701 2918 758 arcessit
2950 697 3339 767 Hieronymus.
3371 690 3429 744 In
3462 691 3583 759 ipsa

2012 800 2155 855 enim
2189 799 2257 853 ad
2281 798 2570 868 Evagrium
2597 794 2847 865 epistola,
2877 804 3040 859 quam
3075 783 3371 841 adversarii
3404 790 3586 835 tanto-

2012 907 2141 962 pere
2166 891 2478 955 sollicitant,
2514 891 2629 943 haec
2658 887 2851 941 habet:
2891 880 2958 935 Ut
2991 879 3221 933 sciamus
3269 875 3583 929 traditiones

2016 983 2333 1052 apostolicus
2383 990 2620 1050 sumptas
2678 978 2743 1031 de
2803 974 2975 1028 Veteri
3011 971 3383 1031 Testamento,
3444 963 3585 1035 quod

2014 1077 2196 1129 Aaron
2219 1084 2267 1128 et
2298 1074 2401 1143 lilii
2462 1073 2574 1141 ejus
2606 1083 2760 1139 atque
2818 1067 2986 1120 levita
3037 1064 3093 1116 in
3127 1058 3317 1129 templo
3349 1058 3585 1126 fuerunt,

2015 1167 2111 1220 hoc
2144 1166 2244 1219 sibi
2263 1164 2511 1235 episcopi,
2542 1158 2828 1231 presbyteri
2871 1166 2917 1209 et
2964 1152 3176 1207 diaconi
3225 1149 3484 1203 vindicent
3529 1145 3584 1196 in

2018 1258 2280 1313 Ecclesia.
2314 1255 2419 1311 Ubi
2441 1255 2619 1326 primo
2635 1261 2819 1322 aperta
2839 1247 3119 1304 distinctio
3141 1244 3389 1299 ordinum
3414 1238 3589 1292 :alius

2018 1350 2165 1406 enim
2193 1348 2328 1404 ordo
2354 1347 2611 1410 Aaronis,
2640 1344 2756 1399 sive
2782 1338 2981 1398 summi
3013 1333 3330 1399 sacerdotis,
3365 1330 3457 1399 qui
3495 1343 3590 1397 per

2019 1440 2392 1525 excellentiam
2433 1447 2565 1525 ῘΠΣΠ
2591 1438 2619 1489 ὁ
2671 1434 2868 1505 ἱερεὺς,
2903 1430 2987 1485 vel
3036 1429 3198 1483 etiam
3235 1434 3409 1484 mann
3458 1428 3593 1506 ῙΓΟΠ

2017 1515 2174 1593 ’ἳτῐιΠ
2220 1538 2375 1617 tuon,
2423 1515 2508 1583 vel
2551 1538 2671 1586 una
2714 1536 2875 1590 nam,
2925 1522 2984 1575 ὃν
3039 1516 3389 1617 ἀναραϐάχην
3422 1527 3562 1613 apes

2019 1603 2378 1698 αγορεύὸυσι·
2481 1617 2734 1689 σημαίνει
2792 1614 2850 1667 δὲ
2907 1610 3188 1685 ἀρχιερέα,
3244 1616 3305 1662 ut
3349 1603 3592 1698 loquitur

2021 1691 2326 1780 Iosephus;
2360 1707 2503 1763 alius
2526 1707 2765 1761 ﬁliorum
2792 1702 3026 1757 Aaronis
3047 1742 3062 1768 ,
3107 1715 3203 1755 seu
3240 1691 3598 1752 secundario-

2023 1819 2145 1858 rum
2184 1801 2549 1867 sacerdotum,
2573 1798 2667 1863 οὓς
2698 1798 2925 1869 χαναίας
2982 1794 3242 1857 καλοῦσι,
3277 1786 3597 1859 simpliciter

2022 1904 2207 1959 arma,
2253 1894 2339 1949 vel
2393 1907 2517 1948 cum
2556 1890 2918 1948 diminutione
2981 1894 3216 1947 Diu-irin
3276 1891 3443 1943 cum:
3508 1895 3595 1932 sa-

2022 1989 2254 2042 cerdotes
2314 1985 2531 2051 idiota,
2587 1984 2673 2038 vel
2728 1981 2870 2037 κατὰ
2917 1979 3118 2051 μέρος;
3168 1977 3308 2032 alius
3364 1974 3599 2042 denique

2022 2078 2312 2134 levitarum
2341 2092 2355 2128 :
2414 2089 2648 2145 quorum
2682 2073 2899 2127 diversa
2932 2069 3104 2124 ollicia
3141 2078 3194 2122 et
3229 2066 3520 2136 dignitates
3543 2064 3597 2117 in

2024 2168 2311 2238 Scriptura
2338 2164 2677 2220 referuntur.
2710 2160 2915 2215 Aaroni
2969 2168 3175 2222 autem,
3233 2173 3332 2212 seu
3381 2167 3599 2210 sunnno

2025 2257 2296 2316 sacerdoti
2325 2256 2645 2327 episcopum
2663 2294 2679 2319 ,
2711 2250 3089 2308 sacerdotibus
3112 2246 3451 2304 secundariis
3475 2259 3598 2315 pre-

2026 2352 2278 2423 sbyteros
2306 2389 2322 2415 ,
2370 2346 2553 2402 levitis
2603 2344 2867 2399 diaconos
2890 2342 2943 2396 in
2996 2340 3241 2396 Ecclesia
3274 2337 3602 2408 respondere

2025 2444 2219 2501 asseri-t
2249 2440 2634 2511 Hieronymus.
2677 2436 2930 2493 Secundo
2951 2477 2966 2502 ,
2998 2434 3164 2504 hujus
3210 2432 3463 2488 ordinum
3490 2431 3603 2486 dis-

2025 2534 2310 2592 tinctionis
2373 2531 2756 2601 antiquitatem
2810 2527 3303 2595 auctoritatemque
3337 2523 3600 2593 depingit,

2026 2646 2093 2686 ex
2118 2625 2423 2698 apostolico
2441 2623 2589 2678 enim
2611 2621 2908 2676 traditione
2932 2627 3117 2673 natam
3136 2617 3202 2671 ad
3234 2631 3334 2670 sua
3357 2624 3605 2684 tempora

2027 2719 2331 2775 derivatam
2381 2714 2563 2770 docet.
2609 2711 2925 2767 Blondellus
2982 2710 3037 2763 in
3070 2706 3335 2779 Apologia
3374 2705 3442 2760 ad
3489 2705 3607 2761 haec

2026 2810 2235 2866 nullam
2260 2805 2714 2862 ’observationem
2771 2802 3032 2865 adhibet,
3080 2798 3498 2855 elucidationem
3546 2796 3601 2851 in

2029 2909 2183 2960 sexta
2208 2899 2356 2954 illius
2385 2897 2567 2968 operis
2596 2894 2841 2952 sectione
2870 2893 3162 2963 promittit,
3194 2906 3316 2946 cum
3348 2898 3458 2945 tres
3490 2898 3607 2944 tan-

2030 3006 2145 3051 tum
2179 2991 2452 3051 sectiones
2475 2986 2725 3044 ediderit.
2758 2984 2865 3040 Sed
2887 2983 3015 3055 quid
3043 2982 3109 3037 ad
3136 2982 3249 3037 haec
3278 2980 3607 3051 respondere

2030 3085 2291 3158 potuerit,
2324 3081 2461 3138 satis
2491 3078 2822 3151 perspicitur
2847 3092 2914 3131 ex
2958 3076 3028 3130 iis
3050 3116 3066 3141 ,
3101 3088 3223 3144 quae
3273 3073 3329 3128 in
3353 3072 3609 3143 Prolego-

342 3194 521 3250 stolus
554 3190 805 3245 Ecclesia
824 3189 1111 3259 principem
1141 3186 1375 3255 formans
1398 3191 1538 3237 vetat
1567 3198 1677 3236 esse
1702 3182 1931 3253 pugilem
1957 3199 2000 3257 ς
2034 3177 2210 3231 menis
2238 3174 2305 3229 ad
2332 3167 2849 3231 Pseudo-lsidorum
2884 3165 3124 3236 scripsit,
3150 3165 3348 3220 misera
3386 3172 3439 3219 et
3464 3162 3608 3220 infe-

342 3296 400 3344 et
424 3285 863 3357 pancratiasten;
901 3296 1025 3350 quae
1050 3287 1239 3349 postea
1266 3276 1500 3345 explicat
1542 3273 1639 3328 lib.
1672 3290 1689 3328 ι
1735 3274 1929 3329 adver-

345 3397 447 3438 sus
470 3376 847 3439 Jovinianum,
870 3371 1050 3443 Neque
1079 3371 1217 3426 enim
1250 3368 1479 3439 pugilem
1494 3366 1740 3422 describit
1761 3383 1931 3421 sermo

346 3469 704 3542 apostolicus,
758 3465 849 3518 sed
890 3463 1193 3532 pontiﬁcem
1224 3460 1478 3514 instituit.
1508 3458 1681 3529 Epist.
1705 3460 1767 3513 ὃς
1793 3458 1934 3512 Pru-

348 3566 640 3629 denterque
682 3556 886 3610 Ennius
909 3571 928 3610 :
962 3573 980 3606 ι
1001 3552 1178 3619 Plebs,
1205 3553 1399 3622 inquit,
1434 3552 1491 3604 in
1527 3553 1622 3603 hoc
1651 3550 1762 3620 regi
1793 3557 1935 3603 ante-

348 3662 459 3708 stat
487 3650 642 3713 loco;
696 3648 818 3702 licet
865 3646 1166 3715 lacrymare
1218 3643 1389 3714 plebi,
1445 3642 1554 3712 regi
1579 3641 1790 3694 honeste
1830 3655 1934 3693 non

347 3744 500 3797 licet.
542 3758 562 3791 ι
621 3736 689 3792 Ut
718 3740 865 3807 regi,
890 3736 967 3790 sic
995 3736 1272 3804 episcopo;
1312 3732 1420 3784 imo
1469 3730 1643 3783 minus
1669 3729 1931 3798 episcopo,

347 3850 519 3905 quam
534 3832 665 3901 regi.
686 3828 818 3895 Quae
834 3842 959 3883 cum
984 3825 1315 3896 Hieronymo
1337 3822 1473 3878 adeo
1495 3822 1605 3877 sint
1623 3820 1931 3885 familiaria,

350 3926 524 3978 etiam
556 3922 648 3975 illa
679 3934 803 3989 quae
833 3918 889 3972 in
923 3916 1196 3987 psalmum
1226 3930 1354 3969 xuv
1396 3913 1500 3969 sub
1545 3912 1665 3982 ejus
1717 3912 1937 3967 nomine

349 4016 593 4085 legimus
614 4007 992 4081 praetereunda
1021 4023 1131 4063 non
1158 4006 1437 4061 videntur:
1466 4002 1933 4058 ConstituitChri-

350 4118 474 4162 stus
504 4114 715 4159 sanctos
770 4118 894 4155 suos
920 4115 1075 4168 super
1104 4113 1282 4152 omnes
1330 4095 1573 4165 populos.
1632 4093 1698 4148 In
1731 4095 1937 4148 nomine

350 4199 499 4253 enim
525 4194 622 4249 Dei
654 4194 943 4248 dilatatum
968 4198 1045 4245 est
1082 4188 1430 4259 Evangelium
1458 4188 1513 4240 in
1541 4185 1784 4240 omnibus
1815 4185 1938 4254 ﬁni-

352 4293 454 4344 bus
486 4286 694 4349 mundi,
738 4285 798 4338 in
834 4283 1021 4355 quibus
1043 4282 1303 4352 principes
1338 4279 1610 4346 Ecclesia,
1634 4278 1687 4331 id
1716 4288 1793 4333 est
1822 4278 1936 4347 epi-

351 4381 506 4449 scopi
531 4376 809 4432 constituti
831 4385 978 4429 sunt.
1006 4372 1278 4429 Praterea
1312 4370 1677 4441 Hieronymus
1698 4368 1939 4424 necessi-

352 4480 530 4527 tatem
557 4470 755 4524 horum
780 4468 1048 4539 graduum
1087 4465 1142 4519 in
1174 4463 1439 4529 Ecclesia,
1466 4470 1521 4517 et
1547 4460 1768 4532 quidem
1820 4459 1939 4529 epi-

352 4570 643 4633 scopatus,
672 4575 781 4614 non
796 4558 980 4613 minus
1002 4572 1166 4627 quam
1191 4554 1432 4626 lgnatius
1460 4561 1659 4609 tuetur.
1689 4551 1769 4607 lta
1791 4552 1938 4606 enim
1967 4533 2014 4589 θ

352 4655 451 4710 ille
475 4656 533 4707 in
563 4651 791 4722 Dialogo
816 4650 1082 4705 adversus
1106 4646 1487 4703 Luciferianos
1518 4662 1531 4697 :
1567 4645 1811 4699 Ecclesia
1836 4661 1942 4699 non

353 4754 464 4813 est,
486 4760 609 4811 qua
634 4759 739 4797 non
785 4741 940 4795 habet
970 4741 1289 4794 sacerdotes.
1319 4736 1470 4804 Quos
1493 4745 1675 4791 autem
1710 4735 1942 4790 voluerit

354 4838 704 4901 sacerdotes,
758 4835 875 4904 ipse
895 4834 1031 4887 satis
1057 4830 1283 4893 indicat,
1319 4830 1387 4885 de
1412 4828 1623 4884 Hilario
1673 4828 1937 4897 loquens:

356 4930 659 5000 Episcopos
704 4935 754 4980 et
796 4924 1124 4995 presbyteros
1144 4938 1245 4975 non
1272 4921 1521 4987 habente;
1576 4919 1830 4990 idemque
1874 4933 1941 4973 ex

357 5021 550 5077 verbis
573 5017 933 5088 sequentibus
971 5022 1216 5084 apparet.
1265 5011 1390 5081 Sed,
1413 5012 1621 5066 omissis
1648 5011 1831 5083 paucis
1856 5009 1945 5063 ho—

358 5114 596 5168 minibus
625 5151 640 5175 ,
682 5110 773 5180 qui
826 5108 929 5178 ipsi
964 5106 1067 5160 sibi
1112 5114 1161 5159 et
1184 5105 1311 5158 laici
1338 5113 1461 5158 sunt
1490 5114 1539 5157 et
1570 5101 1821 5173 episcopi,
1847 5116 1944 5154 au-

359 5208 540 5265 sculta
557 5205 685 5276 quid
717 5204 780 5258 de
800 5203 943 5257 omni
964 5202 1206 5257 Ecclesia
1226 5200 1559 5255 sentiendum
1584 5197 1672 5250 sit.
1690 5193 1856 5262 Quod
1876 5208 1943 5248 ex

359 5301 556 5356 eodem
587 5297 732 5350 libro
754 5294 1025 5364 imprimis
1049 5291 1477 5362 comprobatur:
1516 5287 1772 5341 Ecclesia
1794 5284 1943 5340 salus

361 5393 419 5443 in
466 5387 663 5443 summi
715 5384 1006 5439 sacerdotis
1042 5383 1302 5453 dignitate
1347 5380 1570 5451 pendet;
1631 5379 1717 5432 cui
1771 5378 1816 5432 si
1844 5392 1946 5429 non

361 5498 548 5538 mors
568 5478 839 5551 quadam,
874 5488 923 5531 et
941 5476 1005 5531 ab
1031 5474 1329 5530 hominibus
1355 5473 1585 5527 eminens
1612 5470 1768 5524 detur
1802 5477 1947 5537 pote-

361 5586 496 5641 stas,
530 5584 605 5629 tot
636 5575 693 5628 in
748 5570 992 5627 Ecclesia
1041 5569 1341 5639 afﬁcientur
1367 5566 1674 5629 schismata,
1710 5570 1834 5633 quot
1860 5577 1948 5615 sa-

359 5668 618 5725 cerdotes.
637 5664 775 5733 Quae
802 5678 940 5734 pura
960 5670 1090 5733 puta
1118 5668 1250 5719 sunt
1278 5658 1579 5732 lgnatiana,
1603 5663 1657 5715 et
1689 5654 1760 5711 ab
1798 5651 1947 5711 Aerii

468 5824 513 5857 “
545 5819 651 5879 lsa.
688 5836 781 5889 ιι,
822 5818 908 5875 l'i.

2032 3268 2157 3323 licia
2178 3276 2233 3322 et
2261 3266 2483 3320 homine
2498 3264 2583 3319 vel
2606 3262 2768 3317 docto
2796 3259 2882 3315 vel
2915 3257 3086 3329 probo
3109 3273 3335 3328 prorsus
3362 3256 3605 3326 indigna.

2036 3359 2127 3415 Sic
2159 3359 2303 3413 enim
2332 3356 2665 3412 Turrianum
2713 3353 3082 3422 disputantem
3124 3349 3354 3405 inducit.
3394 3348 3455 3403 Si
3502 3347 3606 3417 fuit

2033 3452 2335 3522 ili/ferentia
2364 3451 2504 3504 inter
2544 3448 2774 3501 Aaronis
2801 3445 2942 3515 ﬁlios
2981 3453 3030 3499 et
3072 3444 3286 3509 levitas,
3346 3450 3469 3496 sunt
3509 3458 3608 3495 au-

2036 3559 2139 3600 tem
2178 3546 2309 3599 tales
2342 3543 2570 3613 episcopi
2610 3549 2660 3594 et
2684 3539 2997 3610 presbyteri,
3030 3538 3133 3607 fuit
3177 3552 3376 3606 semper
3417 3535 3608 3588 distin-

2034 3639 2137 3693 ctio
2153 3653 2353 3692 eorum.
2379 3634 2544 3705 Atqui
2564 3648 2742 3688 verum
2767 3633 2939 3702 prius,
2965 3638 3091 3684 teste
3114 3628 3332 3682 Hieron.
3362 3626 3513 3697 epist.
3541 3626 3610 3681 ad

2036 3730 2347 3802 Evagrium.
2377 3728 2520 3783 Tum
2543 3740 2673 3783 vero
2694 3724 3110 3796 responsionem
3129 3736 3285 3777 suam
3304 3719 3606 3792 subjungit:

2034 3825 2198 3896 Atqui
2235 3840 2340 3878 non
2356 3831 2478 3879 sunt
2509 3821 2641 3876 tales
2662 3820 2890 3887 episcopi
2914 3826 2964 3872 et
2989 3815 3315 3893 presbyteri;
3357 3813 3448 3868 sed
3497 3814 3611 3883 epi-

2036 3917 2179 3988 scopi
2206 3916 2283 3987 (in
2311 3914 2499 3985 quibus
2556 3911 2903 3980 Hieronymo,
2950 3911 3057 3963 imo
3107 3906 3349 3977 apostolo
3394 3917 3609 3961 auctore

2034 4008 2323 4080 presbyteri
2345 4002 2700 4073 continentur)
2727 4012 2777 4058 et
2799 4002 3030 4057 diaconi.
3064 4000 3206 4071 Ergo
3228 4000 3439 4070 fallitur
3471 3998 3611 4052 Tur-

2037 4102 2245 4155 rianus.
2309 4098 2533 4153 Duabus
2577 4095 2825 4166 partibus
2875 4094 2993 4149 haec
3036 4092 3327 4163 responsio
3376 4098 3613 4156 constat,

2037 4193 2287 4265 negativa
2312 4206 2445 4257 una,
2466 4187 2789 4244 allirmativa
2814 4187 3009 4242 altera.
3032 4170 3287 4257 Episcbpi
3309 4194 3363 4240 et
3388 4187 3615 4256 presby-

2038 4284 2140 4341 teri
2177 4298 2288 4337 non
2323 4287 2452 4337 sunt
2482 4277 2719 4333 Aaronis
2770 4276 2869 4330 ﬁlii
2898 4284 2954 4332 et
3010 4277 3216 4332 levita:
3250 4276 3365 4331 haec
3414 4276 3612 4345 prima.

2039 4371 2294 4445 Episcopi
2349 4378 2404 4425 et
2418 4368 2635 4425 diaconi
2660 4374 2790 4423 sunt
2813 4366 3050 4422 Aaronis
3076 4367 3169 4421 ﬁlii
3194 4373 3246 4421 et
3284 4364 3479 4431 levitae,
3502 4366 3619 4422 haec

2041 4466 2301 4522 secunda.
2344 4460 2449 4516 Sed
2481 4459 2613 4530 quid
2656 4458 2812 4525 bac,
2843 4458 3063 4525 amabo,
3116 4457 3183 4513 ad
3214 4458 3380 4512 verba
3428 4455 3621 4514 Hiero:

2040 4558 2229 4629 nymi?
2254 4557 2336 4610 An
2375 4554 2679 4609 Turrianus
2714 4550 2851 4605 adeo
2878 4547 3155 4615 insanivit,
3186 4557 3248 4603 ut
3271 4548 3475 4604 diceret
3499 4546 3616 4618 epi-

2043 4664 2241 4719 scopos
2292 4656 2349 4702 et
2396 4645 2749 4717 presbyteros
2801 4642 2937 4698 tales
2987 4655 3128 4705 esse,
3154 4638 3345 4708 quales
3398 4636 3621 4692 luerunt

2042 4739 2276 4794 Aaronis
2303 4737 2398 4793 ﬁlii
2456 4747 2509 4791 et
2548 4734 2765 4789 levita?
2789 4734 3015 4788 minime
3034 4746 3184 4786 vero.
3215 4728 3311 4785 llle
3331 4728 3619 4784 nobiscum

2043 4834 2124 4889 sic
2149 4830 2465 4901 disputavit,
2494 4844 2594 4899 pro
2612 4825 2871 4897 Epistolis
2890 4822 3253 4880 decretalibus
3275 4821 3371 4876 lib.
3395 4837 3461 4874 v:
3485 4819 3618 4880 Hie--

2043 4939 2291 4994 ronymus
2329 4922 2386 4976 in
2424 4919 2668 4989 Epistola
2697 4919 2767 4973 ad
2792 4917 3080 4988 Evagrium
3109 4916 3189 4969 ita
3218 4910 3619 4977 scribimQuod

2044 5018 2225 5071 Aaron
2245 5026 2295 5070 et
2317 5015 2421 5085 ﬁlii
2443 5013 2593 5083 ejus,
2625 5020 2783 5083 atque
2839 5009 3010 5065 !evita
3049 5008 3100 5062 in
3144 5004 3335 5075 templo
3385 5005 3619 5074 fuerunt,

2045 5109 2141 5163 hoc
2182 5108 2285 5161 sibi
2322 5106 2573 5177 episcopi,
2605 5103 2895 5173 presbyteri
2956 5108 3006 5155 et
3048 5098 3262 5153 diaconi
3284 5098 3336 5150 in
3382 5095 3621 5149 Ecclesia

2046 5196 2498 5262 viudicentuQuis
2524 5206 2702 5250 autem
2730 5195 2873 5249 dicat
2899 5209 3001 5247 non
3025 5192 3189 5261 fuisse
3213 5190 3268 5243 in
3300 5188 3491 5257 tentplo
3515 5188 3621 5257 dif-

2047 5288 2324 5358 ferentiam
2356 5286 2494 5339 inter
2531 5300 2795 5337 summum
2816 5282 3142 5337 sacerdotem
3158 5280 3361 5345 Aaron,
3401 5287 3449 5332 et
3474 5278 3617 5347 ﬁlios

2045 5380 2156 5449 ejus
2189 5379 2413 5432 minores
2452 5375 2786 5430 sacerdotes?
2840 5372 2993 5438 Quod
3040 5373 3087 5426 si
3131 5372 3235 5441 fuit
3264 5386 3484 5440 semper,
3513 5370 3616 5439 fuit

2046 5483 2210 5541 igitur
2235 5484 2455 5538 semper,
2480 5475 2695 5520 auctore
2715 5464 3060 5533 Hieronymo,
3095 5462 3399 5531 diﬂereutia
3426 5463 3481 5515 in
3514 5458 3621 5515 Ec-

2048 5561 2209 5615 clesia
2235 5561 2371 5612 inter
2404 5559 2670 5627 episcopos
2699 5564 2747 5610 et
2778 5554 3129 5623 presbyteros.
3165 5552 3291 5608 Haec
3317 5562 3447 5608 sunt
3474 5550 3608 5607 Tur-

2049 5652 2190 5713 riani
2213 5650 2399 5720 verba,
2426 5665 2549 5721 quae
2581 5648 2778 5705 misere
2804 5646 3037 5703 detorsit
3059 5644 3397 5717 Blondellus,
3429 5654 3489 5703 ut
3510 5646 3620 5702 illis
