4078 6398
508 390 619 448 9.55

1491 392 1562 448 σε.
1600 390 1949 448 IGNATIUS.
1987 421 2056 430 —
2091 387 2619 446 PROLEGOMENA.

3663 390 3769 444 256

510 511 920 582 responsionem
975 512 1169 567 saltem
1224 512 1463 583 aliquam
1497 527 1761 583 reponere
1787 512 2083 567 videretur.
2115 514 2164 569 Λ
2190 508 2309 573 lito,
2336 510 2522 573 Caius,
2544 507 2835 579 Dionysius
2851 505 3194 572 Corinthius,
3214 504 3509 578 Dionysius
3528 506 3768 562 Alexan-

510 600 760 673 Disputat
785 602 1089 659 Turrianus
1111 605 1178 659 de
1197 605 1411 660 Aarone
1432 622 1525 661 seu
1546 623 1763 662 summo
1781 606 2084 669 sacerdote,

509 701 565 748 et
590 692 715 748 ﬁliis
757 694 876 763 ejus
924 710 1021 748 seu
1058 695 1364 752 minoribus
1421 699 1829 765 sacerdotibus;
1891 714 2084 754 eorum

509 786 631 841 loco
655 785 937 840 substituit
968 785 1303 853 Blondellus,
1349 787 1406 841 in
1436 798 1760 859 argumento
1800 788 2081 855 Turriani,

508 877 744 934 Aaronis
777 879 918 934 ﬁlios
950 888 1005 933 et
1056 880 1287 946 levitas;
1318 895 1383 935 ac
1414 890 1544 936 tunc
1581 883 1874 952 respondet
1896 922 1911 947 ,
1970 897 2080 937 non

507 986 631 1027 esse
687 972 824 1026 tales
869 973 1154 1041 episcopos
1201 982 1255 1027 et
1306 974 1684 1045 presbyteros;
1729 974 1875 1045 quod
1921 992 2082 1031 nemo

510 1078 750 1133 unquam
784 1064 942 1119 dixit.
979 1065 1049 1119 At
1077 1081 1178 1120 nos
1208 1065 1463 1133 dicimus,
1492 1066 1792 1122 secundum
1816 1065 2084 1138 Hierony-

508 1170 682 1221 mum,
708 1155 1026 1224 episcopum
1073 1156 1403 1226 respondere
1455 1156 1682 1221 Aaroni,
1732 1158 2082 1229 presbyteros

506 1245 741 1303 Aaronis
768 1248 915 1313 ﬁliis,
944 1247 1209 1303 diaconos
1269 1248 1469 1303 levitis.
1524 1248 1740 1304 Etcum
1792 1252 2081 1319 episcopus

505 1339 786 1395 vindicare
815 1341 1007 1395 debeat
1030 1342 1081 1395 in
1111 1340 1352 1396 Ecclesia
1398 1342 1450 1396 id
1482 1342 1627 1411 quod
1661 1342 1843 1395 Aaron
1889 1340 1995 1396 fuit
2024 1342 2079 1396 in

508 1430 731 1498 templo,
754 1429 1165 1485 distinctionem
1198 1432 1409 1487 ordinis
1427 1446 1693 1499 asserere,
1717 1431 2079 1501 przeeminen-

432 1592 439 1599 _
506 1524 639 1576 tiam
670 1522 951 1593 dignitatis
999 1539 1281 1579 assumere
1307 1564 1322 1590 ,
1348 1524 1742 1594 subjectionem
1779 1540 1811 1580 a
1847 1526 2077 1596 presby-

415 1602 436 1661 ἐ
506 1614 640 1667 teris
697 1614 973 1684 postulare
1027 1630 1093 1669 ex
1144 1616 1445 1686 apostolica
1490 1617 1780 1671 traditione
1838 1623 2074 1674 tenetur.

504 1703 650 1758 Alibi
681 1705 927 1759 eamdem
946 1707 1411 1775 comparationem
1428 1707 1666 1762 instituit
1689 1706 2074 1780 Hieronymus,

504 1796 652 1850 nulla
701 1797 989 1851 levitarum
1037 1806 1135 1851 aut
1180 1798 1535 1854 diaconorum
1585 1798 1727 1854 iacta
1773 1802 2071 1855 mentione.

501 1887 677 1958 Epist.
707 1890 774 1943 ad
810 1888 1199 1960 Nepotianum,
1231 1891 1383 1956 Quod
1423 1891 1602 1946 Aaron
1649 1903 1699 1946 et
1751 1893 1894 1963 ﬁlios
1938 1893 2072 1963 ejus,

501 1980 597 2034 hoc
643 1983 977 2052 episcopum,
1027 1994 1076 2037 et
1132 1984 1459 2053 presbyteros
1482 2001 1592 2039 esse
1620 1986 1937 2040 noverimus.
1969 1984 2075 2041 Ubi

499 2072 648 2128 clare
676 2074 968 2143 episc0pus
1020 2075 1314 2144 singularis
1364 2092 1581 2132 summo
1617 2079 1909 2147 sacerdoti,
1949 2094 2077 2149 pre-

501 2166 705 2238 sbyteri
752 2167 1060 2223 minoribus
1100 2168 1476 2224 sacerdotibus
1528 2170 1909 2225 conferuntur.
1960 2170 2077 2227 Hoc

497 2252 831 2326 Hieronymo
856 2257 1097 2312 solemne
1120 2266 1223 2312 est.
1256 2256 1333 2312 Ita
1363 2258 1479 2328 ipse
1504 2258 1570 2313 de
1596 2260 1779 2328 seipso
1809 2259 1922 2329 jam
1951 2274 2076 2327 pre—

498 2346 717 2419 sbytero
766 2348 928 2417 epist.
982 2348 1100 2403 99:
1147 2348 1400 2404 Omnium
1447 2367 1574 2419 pene
1616 2351 1826 2420 judicio
1881 2351 2072 2421 dignus

496 2456 703 2494 summa
751 2444 1048 2497 sacerdotio
1096 2444 1432 2515 decernebar,
1468 2448 1573 2501 hoc
1591 2457 1676 2502 est
1732 2448 2069 2518 episcopatu.

498 2528 672 2599 Epist.
706 2532 767 2587 ﬁl
794 2575 809 2600 ,
866 2534 1128 2591 adversus
1167 2535 1434 2593 Joannem
1480 2538 2067 2611 Hierosolymitauum:

501 2621 628 2676 Nisi
655 2640 735 2677 me
780 2624 947 2679 honor
997 2627 1305 2695 sacerdotii,
1358 2638 1408 2683 et
1436 2632 1700 2685 veneratio
1742 2632 1967 2687 nominis
2000 2649 2075 2686 re-

497 2712 751 2782 frenaret,
803 2724 855 2769 et
877 2717 1067 2771 scirem
1094 2717 1233 2773 illud
1259 2722 1906 2791 Apostoli:¢Nesciebam,
1959 2724 2074 2793 fra-

500 2817 625 2873 tres,
653 2809 779 2877 quia
801 2811 1042 2880 pontifex
1062 2822 1140 2867 est
1165 2830 1184 2877 ;
1220 2815 1476 2883 scriptum
1500 2826 1576 2870 est
1622 2818 1798 2870 enim:
1828 2816 2071 2886 Principi

493 2898 677 2967 populi
700 2902 777 2953 tui
806 2916 909 2953 non
931 2902 1445 2974 maledices“',rqua
1459 2907 1829 2975 vociferatione
1854 2918 1902 2961 et
1933 2908 2073 2962 indi-

495 2990 745 3059 gnatione
766 2993 1041 3045 verborum
1088 2993 1153 3046 de
1208 3003 1302 3048 tua
1342 2998 1648 3050 narratione
1693 2997 2073 3069 conquererer!

495 3078 619 3134 licet
641 3083 752 3151 ipse
777 3084 1005 3137 nominis
1045 3088 1124 3137 tui
1149 3094 1394 3139 extenuas
1436 3088 1771 3157 dignitatem,
1802 3106 1921 3143 cum
1968 3106 2071 3159 pa-

2188 600 2422 667 drinus,
2471 600 2757 670 Philippus
2804 600 3095 669 episcopus
3118 597 3420 664 Cretensis,
3480 597 3764 665 Musanus,

2187 690 2485 759 Modestus,
2522 691 2775 757 Rhodon,
2792 690 3080 757 Miltiades,
3106 689 3449 759 Apollonius,
3475 690 3762 760 Serapion,

2187 782 2521 853 Theophilus
2568 782 2954 848 Caasareensis,
2972 792 3077 837 etc.
3104 781 3166 835 Hi
3187 782 3389 851 aliique
3415 797 3546 836 sane
3571 797 3762 851 quam-

2186 874 2408 944 plurimi
2446 873 2615 928 multa
2651 874 2718 929 ad
2749 880 3139 942 argumentum
3173 869 3463 940 Epiphanii
3502 880 3764 941 opportu-

2184 966 2415 1021 nissima
2466 966 2755 1035 scripsere,
2784 978 3022 1034 quorum
3088 963 3292 1018 nullius
3331 963 3421 1018 ille
3473 963 3760 1028 meminit;

2184 1073 2346 1115 nemo
2384 1068 2566 1114 tamen
2595 1075 2721 1114 eum
2744 1058 2846 1113 hos
2869 1072 3082 1124 omnes,
3111 1058 3359 1127 aliosque
3390 1065 3764 1128 quosprazter—

2182 1151 2279 1220 iit,
2360 1162 2455 1206 aut
2493 1152 2794 1220 ignorasse,
2820 1160 2915 1205 aut
2942 1151 3337 1221 contempsisse
3363 1150 3525 1205 dicet.
3573 1150 3765 1206 Memi-

2183 1249 2265 1303 nit
2313 1247 2535 1318 quidem
2586 1246 2940 1317 epistolarum
2993 1244 3296 1300 Clementis
3348 1242 3611 1306 Romani,
3666 1244 3764 1299 sed

2181 1340 2358 1394 obiter
2389 1347 2621 1405 tantum,
2656 1353 2765 1393 non
2798 1347 2858 1392 ut
2892 1338 3061 1392 ullam
3111 1352 3178 1392 ex
3210 1337 3278 1391 iis
3322 1336 3648 1390 sententiam
3693 1336 3763 1391 ad

2180 1429 2429 1485 haeresim
2456 1430 2694 1499 aliquam
2719 1426 3069 1482 refellendam
3120 1424 3532 1495 transcriberet,
3565 1426 3657 1480 sed
3703 1434 3765 1481 ut

2179 1524 2546 1579 adulteratum
2572 1524 2640 1577 ab
2669 1523 2938 1577 haereticis
2968 1520 3137 1576 fuisse
3162 1520 3362 1574 librum
3390 1520 3543 1573 illum
3577 1528 3762 1574 osten-

2177 1614 2351 1681 deret,
2393 1615 2487 1685 ιιιιί
2545 1615 2647 1669 sub
2696 1615 2994 1669 Clementis
3036 1612 3261 1667 nomine
3315 1608 3574 1671 Periodus
3610 1608 3761 1667 Petri

2178 1707 2498 1763 vocabatur.
2524 1705 2701 1761 Verba
2730 1705 2894 1759 etiam
2927 1705 3176 1774 quadam
3197 1720 3260 1757 ex
3292 1703 3525 1772 epistola
3548 1703 3612 1757 ad
3652 1703 3760 1759 Co-

2181 1799 2414 1855 rinthios
2440 1800 2590 1865 citat,
2618 1814 2729 1854 non
2757 1808 2949 1853 contra
2978 1798 3287 1863 hazreticos,
3314 1796 3415 1852 sed
3444 1806 3653 1851 tantum
3696 1806 3759 1853 ut

2180 1895 2373 1965 probet
2402 1893 2736 1947 Clementem
2764 1892 3156 1962 {episcopatum
3191 1890 3369 1960 primo
3416 1889 3754 1959 repudiasse.

2178 1986 2383 2042 Contra
2426 2001 2617 2041 omnes
2670 1985 2955 2040 haereticos
3007 1983 3093 2039 sui
3147 1982 3409 2053 temporis
3463 1982 3758 2051 scripserat

2175 2076 2453 2134 Justinus:
2480 2093 2606 2133 eum
2636 2088 2822 2132 tamen
2860 2076 3031 2131 semel
3062 2084 3278 2129 tantum
3324 2074 3573 2131 nominat
3623 2073 3756 2144 Epi-

2175 2171 2435 2242 phanius,
2469 2185 2569 2225 nec
2599 2169 2653 2222 in
2683 2168 2851 2223 alium
2907 2167 3091 2231 ﬁnem,
3127 2183 3293 2236 quam
3354 2176 3414 2221 ut
3462 2165 3755 2221 Tatianum

2176 2261 2491 2316 haereticum
2550 2259 2627 2313 illi
2669 2260 3039 2331 synchronum
3090 2257 3262 2313 fuisse
3318 2258 3589 2313 ostendat.
3644 2256 3759 2312 Ire-

2178 2369 2357 2408 naeum
2411 2352 2698 2422 aliquoties
2745 2351 2919 2418 citat,
2965 2350 3219 2406 utlabori
3243 2366 3345 2406 suo
3394 2360 3660 2420 parceret,
3698 2358 3760 2406 et

2177 2444 2553 2499 hereticorum
2583 2443 2872 2498 historiam
2904 2458 2967 2496 ex
2994 2443 3086 2497 illo
3104 2440 3589 2497 transcriberetzat
3627 2454 3757 2496 sen-

2175 2534 2374 2588 tentias
2400 2534 2610 2604 aliquas
2645 2550 2710 2589 ex
2745 2534 2935 2589 eodem
2967 2533 3036 2588 ad
3065 2531 3447 2589 hmreticorum
3494 2532 3757 2602 dogmata

2174 2626 2507 2681 confutanda
2528 2642 2812 2696 nunquam
2852 2626 3093 2682 adducit.
3131 2626 3271 2693 lmo,
3302 2635 3361 2681 ut
3410 2626 3529 2695 ipse
3559 2625 3755 2681 obser-

2174 2725 2283 2782 vat,
2324 2716 2558 2773 lrenaaus
2586 2718 2766 2787 primo
2791 2718 2933 2772 libro
2977 2717 3265 2773 haereticos
3290 2725 3562 2782 recenset,
3614 2716 3754 2771 reli-

2172 2807 2297 2876 quis
2342 2806 2584 2863 refutat:
2634 2809 2914 2879 ἀκρότατα
2945 2808 3001 2861 δὲ
3034 2808 3233 2871 αὐτοὺς
3265 2810 3323 2861 ὲν
3358 2808 3435 2879 τῷ
3469 2806 3594 2879 ἑξῆς
3626 2807 3755 2860 δευ-

2172 2898 2315 2970 τέρῳ
2346 2899 2510 2953 αὑτοῦ
2544 2900 2687 2970 λόγῳ
2720 2900 2814 2953 καὶ
2863 2902 2977 2963 τοῖς
3009 2899 3188 2963 ἄλλοις
3219 2898 3467 2970 διήλεγξε
3501 2913 3755 2969 περιττο-

2170 2990 2365 3063 τέρως,
2427 3007 2549 3061 quae
2564 2993 2924 3063 negligentius
2944 3010 2971 3047 a
2991 2992 3213 3048 Petavio
3235 3008 3396 3048 versa
3414 2993 3495 3049 sic
3518 2992 3749 3063 reﬁnge:

2173 3080 2281 3137 Eos
2323 3092 2501 3138 autem
2527 3085 2581 3137 in
2605 3087 2845 3153 proximo
2898 3102 2987 3139 seu
3015 3086 3245 3139 secundo
3289 3084 3426 3139 libro
3455 3086 3757 3139 accuratis-

492 3179 623 3224 trem
659 3188 785 3241 pene
805 3175 1039 3228 omnium
1062 3178 1429 3247 episcoporum
1465 3189 1516 3232 et
1544 3195 1700 3249 opere
1736 3188 1787 3233 et
1835 3197 2070 3237 sermone
2095 3184 2137 3243 (2
2172 3178 2324 3243 sime,
2348 3186 2399 3231 et
2437 3178 2491 3229 in
2521 3177 2736 3248 reliquis
2767 3194 2832 3231 ea:
2877 3178 3333 3249 superabundanti
3375 3178 3648 3248 refutauit.
3704 3178 3753 3234 E

493 3260 784 3331 despicias.
803 3262 925 3330 Quo
948 3267 1220 3336 praecipue
1242 3278 1490 3339 spectant
1515 3285 1577 3323 ea
1606 3286 1728 3340 quae
1750 3281 1875 3326 ante
1897 3273 2068 3327 addu—
2169 3270 2347 3338 primo
2370 3276 2553 3324 tamen
2592 3270 2756 3334 libro,
2792 3278 2975 3341 utpote
2994 3270 3257 3327 historico
3287 3280 3525 3336 tantum,
3550 3286 3750 3327 excer-

492 3351 696 3419 ximus,
727 3352 982 3408 Ecclesia:
1004 3356 1151 3409 salus
1193 3358 1247 3411 in
1276 3360 1469 3414 summi
1496 3360 1785 3415 sacerdotis
1810 3362 2069 3432 dignitate
2170 3369 2259 3429 pta
2280 3361 2509 3430 protulit
2538 3360 2899 3431 Epiphanius,
2922 3363 2989 3417 ad
3021 3363 3322 3418 secundum
3351 3362 3519 3417 semel
3561 3378 3753 3432 respe-

490 3444 694 3514 pendet.
724 3444 862 3500 Cum
904 3447 1069 3518 igitur
1101 3448 1463 3522 Hieronymus
1480 3451 1547 3507 de
1574 3452 1926 3509 distinctione
1948 3455 2065 3525 epi—

495 3548 801 3605 scopatusa
834 3540 1233 3612 presbyteratu,
1263 3543 1330 3599 de
1350 3544 1594 3614 ejusdem
1624 3546 1787 3602 etiam
1815 3549 2065 3618 praeemi-

492 3628 676 3684 nentia
699 3638 862 3700 atque
879 3641 1165 3702 potestate,
1183 3633 1251 3690 de
1288 3637 1613 3693 necessitate
1632 3653 1797 3708 porro
1833 3648 1889 3695 et
1920 3642 2064 3695 anti-

490 3719 700 3788 quitate
726 3729 836 3776 tam
866 3724 1088 3794 copiose
1112 3726 1465 3795 disseruerit;
1500 3730 1649 3785 nulla
1677 3731 1906 3787 rationis
1940 3748 2066 3803 spe—

492 3809 578 3865 cie
606 3820 703 3867 aut
726 3813 965 3871 Aeriano
997 3816 1242 3888 dogmati
1267 3822 1643 3888 consensisse,
1672 3831 1768 3878 aut
1787 3822 2062 3879 confertas

490 3897 683 3970 lgnatii
712 3907 1012 3962 sententias
1045 3908 1270 3964 minime
1297 3910 1503 3967 vidisse
1532 3913 1713 3981 putari
1734 3922 1930 3983 potest.

558 3990 894 4067 Hieronymo
936 3997 1304 4068 Epiphaniam
1339 4003 1478 4057 mire
1522 4004 1825 4074 conjungit,
1854 4020 1921 4059 ex
1951 4020 2061 4075 quo

489 4083 599 4139 duo
622 4086 971 4154 potissimum
987 4089 1261 4153 observat,
1279 4092 1475 4159 primo,
1496 4108 1622 4147 eum
1654 4091 2060 4163 lgnatianorum

490 4190 603 4230 non
648 4166 1305 4247 meminisse;secundo,
1350 4180 1599 4251 quaedam
1651 4183 1901 4251 posuisse
1934 4198 2059 4238 cum

488 4264 786 4339 Ignatianis
821 4269 1164 4337 apertissime
1202 4273 1525 4341 pugnantia.
1564 4272 1794 4343 Propter
1820 4275 1934 4330 haec
1951 4275 2061 4330 duo

488 4375 661 4415 unum
689 4376 759 4416 ex
796 4362 970 4416 tribus
1001 4363 1155 4433 sequi
1185 4364 1281 4429 ait,
1334 4366 1420 4421 vel
1443 4364 1809 4436 Epiphanium
1841 4376 2060 4421 senten-

487 4453 594 4509 tias
623 4453 691 4509 de
713 4454 1029 4525 episcopatu
1060 4473 1167 4512 non
1202 4458 1425 4525 vidisse,
1452 4467 1638 4528 utpote
1665 4459 1734 4513 ab
1759 4459 2056 4529 interpola-

2170 3451 2269 3515 xit,
2309 3451 2553 3521 reliquos
2576 3469 2857 3523 nunquam
2893 3454 3101 3524 attigit;
3128 3469 3196 3509 ne
3235 3470 3403 3512 unum
3429 3454 3647 3525 quidem
3676 3470 3752 3511 ex

2168 3540 2237 3596 iis
2270 3542 2646 3597 testimonium
2706 3545 2969 3600 adversus
3002 3546 3289 3601 hereticos
3320 3546 3567 3612 adduxit,
3618 3545 3751 3601 Cle-

2166 3643 2406 3690 mentem
2428 3636 2863 3692 Alexandrinum
2886 3646 2941 3691 et
2976 3636 3277 3692 Eusebium
3326 3639 3595 3703 nominat,
3647 3640 3750 3696 sed

2165 3727 2550 3781 tantummodo
2590 3735 2852 3798 tanquam
2883 3728 2988 3783 ﬁde
3042 3729 3237 3800 dignos
3275 3737 3442 3785 testes
3501 3729 3751 3785 historia

2166 3830 2289 3885 qua:
2308 3815 2375 3870 de
2397 3813 2454 3869 S.
2478 3813 2682 3871 Jacobo
2710 3827 2983 3874 narratur.

2237 3904 2437 3971 Quidni
2469 3916 2653 3961 autem
2693 3918 2749 3963 et
2793 3908 2847 3961 in
2883 3907 3181 3978 lgnatianis
3229 3923 3384 3979 atque
3431 3910 3482 3963 ei
3525 3910 3742 3975 ἀξιόπι-

2168 4014 2293 4062 στος
2319 4008 2436 4053 erat
2460 3998 2770 4056 Eusebius?
2795 4000 3132 4056 Clementem
3165 4001 3313 4055 hunc
3344 4001 3510 4055 etiam
3542 4001 3746 4055 adver-

2164 4105 2261 4143 sus
2290 4091 2572 4160 gentilium
2604 4091 2759 4158 deos,
2788 4108 2889 4147 nec
2914 4092 3072 4147 aliter
3092 4091 3245 4147 citat.
3275 4090 3551 4145 Prolixam
3574 4106 3744 4161 porro

2168 4180 2225 4236 S.
2257 4181 2518 4238 Methodii
2542 4183 2973 4253 disputationem
2999 4183 3224 4238 adducit
3253 4183 3517 4238 adversus
3546 4183 3741 4253 Orige-

2166 4289 2289 4329 nem
2320 4275 2396 4329 De
2434 4278 2843 4341 resurrectione,
2872 4286 2967 4333 aut
2992 4284 3053 4332 ut
3090 4276 3266 4331 labori
3318 4291 3419 4331 suo
3464 4285 3739 4346 parceret,

2165 4374 2259 4420 aut
2282 4374 2342 4419 ut
2369 4367 2630 4421 invidiam
2659 4367 2975 4421 declinaret.
3007 4365 3087 4419 Eo
3107 4366 3247 4420 enim
3282 4374 3510 4435 tempore
3545 4365 3743 4437 Origh

2165 4458 2245 4512 nis
2278 4474 2465 4513 nomen
2495 4458 2717 4527 ﬂorebat
2747 4460 2802 4513 in
2829 4460 3023 4513 mundo
3046 4498 3062 4524 ,
3090 4466 3153 4513 ut
3191 4459 3435 4529 loquitur
3467 4458 3740 4529 Hierony-

486 4550 605 4600 tore
638 4556 826 4616 postea
858 4547 1127 4616 insertas;
1159 4550 1244 4605 vel
1284 4551 1543 4621 epistolas
1594 4551 1922 4617 nescivisse;
1969 4552 2057 4608 vel
2090 4533 2135 4590 Ῑ)
2158 4565 2305 4605 mus.
2352 4548 2411 4604 S.
2459 4550 2747 4606 Athanasii
2788 4551 3009 4621 quidem
3044 4550 3313 4621 integram
3344 4551 3630 4621 epistolam
3663 4550 3739 4607 ad

484 4645 746 4708 tanquam
795 4640 952 4695 ﬁctas
1006 4642 1434 4711 contempsisse;
1499 4644 1646 4712 quod
1698 4643 2054 4702 verisimilius

484 4738 660 4802 putat.
688 4729 753 4785 Et
778 4732 957 4802 primo
983 4733 1204 4803 quidem
1228 4732 1432 4799 fateor,
1459 4732 1822 4804 Epiphanium
1856 4736 2053 4808 lgnatii

487 4822 542 4878 in
581 4823 736 4879 libris
764 4824 841 4878 De
869 4826 1154 4881 haeresibus
1171 4842 1451 4896 nunquam
1477 4830 1823 4898 meminisse;
1849 4840 1905 4886 at
1926 4848 2053 4887 eum

485 4932 587 4972 nec
609 4918 889 4989 ignorasse
910 4919 1037 4974 inde
1055 4921 1323 4989 sequitur,
1343 4935 1441 4977 nec
1452 4926 1863 4997 contempsisse;
1878 4941 2053 4997 neque

484 5010 533 5065 si
556 5008 911 5080 ignoraverit,
944 5018 1026 5065 tot
1057 5010 1164 5078 illo,
1204 5026 1320 5065 aevo
1343 5020 1399 5067 et
1429 5014 1632 5083 optime
1669 5016 1971 5073 scientibus
1997 5026 2052 5074 et

484 5114 700 5156 summe
728 5102 1153 5171 pradicantibus
1185 5142 1201 5169 ,
1249 5105 1573 5160 sententiam
1629 5117 1874 5164 nostram
1939 5108 2050 5165 ullo

484 5193 649 5248 modo
668 5193 833 5258 laedit,
859 5201 955 5247 aut
976 5194 1227 5263 negantis
1254 5199 1559 5266 argumenti
1602 5202 1837 5269 speciem
1878 5202 2049 5258 ullam

484 5284 667 5339 habet.
705 5282 991 5354 lgnorasse
1024 5298 1135 5340 non
1166 5288 1434 5357 sequitur,
1461 5290 1590 5360 quia
1612 5294 2049 5363 quamplurimas

482 5385 736 5431 auctores
753 5377 1160 5435 laudatissimos
1190 5390 1243 5435 et
1272 5381 1339 5435 ad
1359 5397 1473 5437 rem
1495 5398 1650 5437 suam
1668 5386 2052 5442 accommoda-

485 5466 730 5524 tissimos
754 5484 863 5524 non
897 5470 1158 5538 laudavit,
1208 5488 1347 5543 quos
1379 5483 1563 5530 tamen
1600 5492 1727 5530 eum
1766 5477 2049 5547 ignorasse

481 5558 780 5614 verisimile
802 5576 910 5617 non
933 5572 1035 5617 est.
1058 5563 1257 5630 Quales
1273 5563 1425 5620 fuere
1442 5564 1663 5635 Papias,
1688 5565 2045 5640 I'legesippus,

482 5644 837 5720 Theophilus,
866 5652 1258 5728 Athenagoras,
1284 5655 1597 5727 Pantaenus,
1630 5658 1864 5733 Agrippa
1890 5704 1905 5732 ,
1937 5661 2049 5720 Me-

553 5780 749 5843 1"'Act.
786 5806 946 5856 xxtn,
970 5791 1022 5847 5.

2156 4639 2465 4710 Epictetum
2496 4643 2875 4712 transcripsit;
2920 4643 3015 4698 sed
3060 4652 3123 4697 ut
3165 4641 3576 4698 Dimmritarum
3621 4643 3737 4697 hat-

2155 4729 2305 4784 resin
2339 4730 2674 4786 luculentius
2707 4731 3060 4795 describeret,
3088 4731 3363 4801 simulque
3391 4741 3628 4798 caveret,
3661 4748 3738 4789 no

2153 4820 2262 4876 illis
2281 4822 2535 4891 dogmata
2562 4822 2816 4893 allingere
2842 4823 2959 4892 ipse
2989 4823 3287 4879 videretur.
3314 4824 3527 4880 Paulini
3563 4824 3735 4880 etiam

2152 4914 2549 4985 professionem
2598 4915 2721 4971 ﬁdei
2765 4917 3035 4987 adjunxit,
3087 4927 3147 4973 ut
3188 4934 3381 4974 eorum
3428 4917 3731 4975 Historiam

2150 5008 2350 5063 melius
2379 5009 2695 5063 illustraret.
2726 5008 3025 5064 Eusebium
3059 5009 3458 5066 Vercellensem
3486 5027 3546 5067 se
3591 5010 3733 5083 Scy-

2152 5098 2359 5167 thopoli
2387 5098 2591 5153 vidisse
2624 5098 2764 5155 forte
2785 5110 3199 5156 commemorat.
3220 5102 3361 5169 Quid
3394 5104 3509 5173 ipse
3537 5104 3605 5157 de
3631 5103 3727 5169 iis,

2151 5190 2246 5259 qui
2281 5201 2407 5245 ante
2438 5206 2564 5245 eum
2585 5200 2778 5247 contra
2806 5192 3042 5248 haereses
3066 5194 3430 5264 scripserant,
3465 5195 3726 5260 senserit,

2150 5284 2239 5338 cui
2280 5284 2405 5339 usui
2436 5294 2620 5340 essent
2654 5286 2759 5341 sibi
2803 5286 2857 5339 in
2888 5300 3053 5355 opere
3099 5302 3199 5341 suo
3228 5288 3545 5351 condendo,
3581 5288 3728 5341 duo.

2148 5377 2254 5433 bus
2277 5378 2623 5448 potissimum
2648 5378 2784 5434 locis
2809 5378 3067 5434 ostendit.
3094 5378 3165 5435 Ut
3196 5381 3388 5437 haeresi
3413 5381 3722 5438 Valentini:

2161 5469 2425 5540 Ὀρῶντες
2465 5470 2546 5523 ὃτι
2585 5470 2732 5524 ἄλλοι
2768 5474 3127 5543 πεπονήκασι,
3179 5473 3321 5544 φημὶ
3366 5473 3423 5526 δὲ
3467 5473 3722 5544 Κλήμης,

2148 5561 2243 5614 καὶ
2265 5562 2575 5631 Εἰρηναῖος,
2610 5562 2704 5614 καὶ
2736 5562 3064 5630 Ἱππόλυτος,
3101 5564 3195 5617 καὶ
3222 5564 3370 5619 ἄλλοι
3398 5563 3633 5627 πλείους,
3668 5563 3724 5617 οι

2149 5654 2243 5708 καὶ
2283 5651 2609 5723 θαυμαστῶς
2634 5652 2732 5723 τὴν
2758 5655 2875 5709 κατ’
2912 5653 3088 5709 αὐτῶν
3131 5658 3450 5725 πεποίηνται
3490 5655 3725 5724 ἀνατρο-
