4078 6428
377 373 489 430 2.37

1079 384 1130 439 J.
1171 385 1539 444 PEARSONH
1578 387 1902 445 VlNDlCIAS
1944 390 2370 448 IGNATIANAE.
2418 425 2482 436 —
2509 394 2691 449 PARS
2727 395 2768 450 Ι.

3541 402 3648 459 258

377 495 516 569 πὴν,
563 497 625 551 οὐ
671 498 812 552 πάνυ
858 519 912 554 τι
943 503 1023 575 τῷ
1065 507 1292 577 καμάτῳ
1321 508 1655 579 προσθεῖναι,
1681 509 1756 573 ὡς
1785 514 1950 582 προεῖ-

2033 541 2046 572 ι
2073 527 2184 566 non
2214 521 2426 568 tantum
2455 515 2601 568 Aerii
2626 523 2946 588 argumenta
2975 517 3157 572 leviter
3171 534 3232 572 ac
3259 517 3406 573 molli
3433 520 3646 576 brachio

376 602 520 654 πον,
570 590 950 664 ἠθελήσαμεν,
1000 599 1355 664 ίκανωθέντες
1395 605 1507 666 τοῖς
1553 604 1968 675 προειρημένοις

373 677 632 752 ἀνδράσι.
667 681 802 737 Cum
833 685 970 742 alios
1002 705 1202 760 quoque
1245 693 1513 748 videamus
1553 695 1690 750 hunc
1731 697 1967 752 laborem

374 772 1015 841 suscepisse,Clementem
1034 780 1172 848 dico,
1187 793 1234 835 et
1253 782 1282 836 Ι
1289 801 1534 850 remeant,
1551 796 1602 841 et
1620 787 1966 859 Hippolytum

371 872 425 916 et
457 863 598 918 alios
627 866 942 937 complures,
966 873 1056 942 qui
1080 875 1335 943 praeclare
1354 893 1534 930 eorum
1555 879 1803 948 dogmata
1822 883 1966 951 refu-

372 961 586 1021 tarunt,
603 957 830 1012 multum
846 960 1066 1030 laboris,
1081 975 1136 1017 ut
1148 975 1268 1021 ante
1279 969 1413 1034 dixi,
1431 971 1775 1038 superaddere
1790 973 1964 1026 nolui-

369 1061 517 1114 mus,
531 1049 805 1114 praedictis
820 1052 947 1108 viris
962 1057 1210 1111 contenti.
1228 1056 1294 1111 Et
1307 1060 1496 1117 haeresi
1514 1059 1957 1118 Manichaeorum:

359 1137 520 1210 ’Ἤδη
555 1139 616 1192 δὲ
644 1141 872 1213 ἀνδράσι
897 1146 1154 1215 μεγάλοις
1177 1147 1508 1220 Θαυμαστῶς
1535 1154 1656 1208 κατ’
1687 1153 1851 1206 αὐτοῦ
1875 1156 1962 1208 ἀν-

363 1231 661 1302 τιρρήσεις
691 1232 787 1286 τοῦ
819 1233 1043 1307 ἐλέγχου
1080 1239 1420 1312 πεποίηνται·
1455 1243 1727 1316 Ἀρχελάῳ
1756 1246 1854 1316 μὲν
1880 1247 1958 1318 τῷ

365 1322 682 1396 ὲπισκόπῳ,
719 1326 795 1389 ὡς
822 1329 1163 1401 προείρηται,
1201 1332 1460 1405 Ὠριγένει
1490 1336 1546 1389 δὲ
1563 1378 1578 1403 ,
1605 1336 1680 1399 ὡς
1707 1338 1918 1408 ἀκήκοα
1939 1378 1954 1404 ,

362 1411 621 1486 Εὑσεϐίῳ
638 1415 694 1468 δὲ
713 1415 791 1486 τῷ
813 1419 1168 1491 Καισαρείας,
1201 1425 1294 1476 καὶ
1317 1424 1559 1495 Εὑσεὸίῳ
1585 1425 1664 1497 τῷ
1701 1429 1952 1499 Ἐμέσης,

360 1504 680 1574 Σεραπίωνι
696 1506 774 1577 τῷ
788 1508 1066 1578 Θμούεως,
1086 1512 1384 1586 Ἀθανασίῳ
1415 1516 1492 1587 τῷ
1523 1517 1951 1591 Ἀλεξανδρείας,

359 1597 630 1670 Γεωργίῳ
643 1598 723 1670 τῷ
739 1603 1083 1669 Λαοδικείας,
1115 1606 1498 1681 Ἀπολλιναρίῳ
1518 1609 1596 1680 τῷ
1612 1613 1949 1678 Λαοδικείας,

358 1691 534 1761 Τίτῳ,
568 1691 664 1744 καὶ
697 1692 911 1758 πολλοῖς
939 1697 1048 1750 τῶν
1069 1699 1190 1752 κατ’
1219 1699 1404 1753 αὐτοῦ.
1440 1703 1602 1755 Οὐδὲν
1639 1705 1694 1757 δὲ
1720 1704 1951 1777 λυπήσει

355 1783 457 1835 καὶ
492 1785 604 1838 ἀπὺ
635 1787 738 1857 τῆς
768 1787 926 1859 ἡμῶν
957 1789 1229 1860 πτωχείας
1261 1791 1415 1862 ὀλίγα
1443 1795 1523 1858 είς
1560 1795 1821 1868 αἰσχύνην
1853 1798 1947 1851 τοῦ

2070 602 2254 668 solvit,
2293 605 2386 659 sed
2433 614 2486 659 et
2517 605 2890 675 imprudenter
2918 623 3142 663 causam
3187 623 3343 664 suam
3383 611 3641 680 prodidit.

2070 692 2271 749 Verum
2298 696 2455 750 aliter
2486 696 2644 765 plane
2671 713 2730 752 se
2752 712 2839 752 res
2868 698 3046 753 habet.
3090 699 3483 772 Distinguenda
3512 713 3643 758 sunt

2067 792 2334 854 tempora,
2367 797 2421 841 et
2453 787 2711 843 Ecclesiae
2741 798 2940 855 status,
2983 792 3129 859 quod
3161 804 3415 849 accurate
3456 795 3643 850 obser-

2065 883 2156 927 vat
2184 875 2542 946 Epiphanius,
2572 887 2625 932 et
2658 880 2841 932 omnia
2871 881 3053 933 statim
3083 882 3244 951 plane
3274 885 3637 953 convenient;

2063 969 2214 1022 trulla
2247 970 2387 1023 inter
2418 969 2686 1039 lgnatium
2733 979 2787 1025 et
2836 969 3202 1040 Epiphanium
3253 976 3469 1031 dissidii
3513 979 3636 1032 vola

2060 1060 2148 1114 vel
2175 1061 2462 1131 vestigium
2495 1063 2794 1132 apparebit.
2817 1061 2892 1116 De
2921 1072 3076 1119 aetate
3105 1063 3164 1120 S.
3194 1065 3348 1123 Pauli
3373 1071 3484 1140 agit
3507 1070 3634 1141 Epi-

2059 1152 2317 1222 phanius,
2342 1153 2409 1207 de
2435 1169 2534 1207 sua
2571 1153 2830 1222 lgnatius.
2868 1154 2957 1209 llle
2979 1156 3045 1210 de
3068 1158 3315 1214 ecclesiis
3340 1163 3622 1230 particula-

2058 1243 2211 1297 ribus
2247 1244 2490 1297 nondum
2523 1245 2781 1300 omnibus
2821 1249 3067 1304 numeris
3099 1251 3386 1317 absolutis,
3416 1262 3471 1308 et
3499 1253 3628 1326 πλη.

2061 1333 2288 1404 ρώματα
2317 1333 2628 1404 οἰκονομίας
2659 1336 2839 1391 adhuc
2882 1339 3210 1408 recepturis,
3263 1340 3355 1395 hic
3405 1343 3471 1396 de
3517 1343 3629 1412 jam

2056 1425 2214 1494 plene
2251 1426 2589 1492 constitutis,
2617 1437 2668 1481 et
2696 1429 2888 1482 ultima
2921 1430 3295 1498 apostolorum
3347 1447 3513 1486 manu
3553 1433 3614 1487 ef-

2054 1513 2304 1570 formatis
2357 1525 2523 1585 atque
2551 1518 2824 1572 stabilitis.
2861 1518 2934 1572 Ita
2964 1520 3052 1573 ille
3075 1519 3142 1574 de
3167 1521 3330 1575 Aerio
3353 1523 3618 1592 loquitur:

2053 1609 2164 1662 Οὐκ
2186 1605 2325 1661 οἶδεν
2351 1610 2379 1660 ὁ
2414 1608 2511 1679 τὴν
2558 1610 2877 1665 ἀκολουθίαν
2917 1612 3016 1682 τῆς
3043 1613 3299 1683 ἀληθείας
3339 1616 3628 1686 ἀγνοήσας,

2053 1699 2145 1751 καὶ
2170 1700 2432 1770 ἱστορίαις
2463 1700 2788 1771 βαθυτάταις
2827 1703 2900 1774 μὴ
2934 1701 3191 1774 ἐντυχὼν,
3224 1705 3306 1757 ὅτι
3335 1706 3454 1758 νέου
3480 1706 3628 1770 ὄντος

2048 1791 2143 1843 τοῦ
2170 1792 2522 1862 κηρύγματος
2539 1794 2675 1864 πρὸς
2695 1795 2762 1847 τὰ
2785 1795 3156 1850 ὑποπίπτοντα
3173 1796 3408 1868 ἔγραφεν
3433 1801 3460 1851 ὁ
3478 1798 3627 1868 ἆγιςς

355 1875 601 1931 ὲλεεινοῦ
629 1879 919 1952 ἀνθρώπου
962 1882 1154 1935 εἰπεῖν.
1190 1882 1521 1954 Iampridem
1549 1905 1668 1942 vero
1707 1889 1945 1943 admira-

2057 1881 2394 1946 Ἀπόστολος.
2433 1883 2679 1938 Veritatis
2707 1885 2796 1938 ille
2817 1888 3005 1939 seriem
3029 1888 3304 1957 ignorans,
3332 1907 3421 1943 nec
3445 1891 3500 1944 in
3537 1907 3624 1944 re-

352 1965 490 2021 biles
518 1970 590 2022 ad
627 1968 776 2025 illius
808 1972 1121 2041 refutandos
1140 1991 1341 2029 errores
1375 1977 1764 2033 lucubrationes
1788 1983 1944 2036 editce

349 2067 481 2111 sunt
505 2074 527 2111 .'
569 2059 712 2114 velut
741 2059 805 2114 ab
849 2063 1109 2118 Archelao
1149 2067 1422 2136 episcopo,
1456 2078 1516 2122 ut
1554 2082 1707 2124 antea
1743 2073 1942 2127 dictum

346 2160 450 2216 est,
482 2149 732 2222 Origene,
757 2163 814 2208 ut
836 2157 1157 2226 accepimus,
1183 2157 1411 2214 Eusebio
1437 2161 1760 2218 Ctesareensi
1789 2178 1836 2219 et
1860 2167 1943 2220 al—

349 2250 466 2296 tero
532 2243 830 2310 Emeseno,
900 2247 1186 2318 Serapione
1253 2251 1573 2321 Tltntuensi,
1643 2257 1939 2312 Athanasio

341 2331 744 2400 Alexandrino,
778 2333 1003 2407 Georgio
1034 2338 1353 2408 Laodiceae,
1385 2343 1720 2412 Apollinario
1748 2346 1941 2402 Laodi-

342 2440 500 2490 ceno,
533 2425 678 2494 Tito,
712 2427 997 2499 multisque
1021 2432 1111 2501 qui
1136 2431 1385 2488 adversus
1414 2436 1566 2489 illum
1594 2440 1936 2509 scripserunt.

345 2513 478 2570 Non
510 2519 614 2571 erit
660 2527 836 2573 tamen
885 2522 1183 2599 molestum,
1227 2531 1275 2585 si
1297 2545 1466 2599 pauca
1491 2544 1585 2598 pro
1615 2531 1794 2604 inopia
1837 2551 1938 2594 n0-

341 2617 490 2671 ειταν
533 2609 606 2661 ad
635 2612 934 2680 augendam
967 2615 1197 2691 infelicis
1227 2627 1588 2682 Itomuncionis
1631 2629 1933 2699 infamiam,

339 2698 618 2754 dicamus.
659 2700 851 2757 Plures
893 2705 980 2767 his
1027 2715 1322 2784 scriptores
1363 2719 1686 2784 catholicos,
1717 2721 1931 2789 Opinor,

339 2807 458 2846 non
495 2794 802 2856 nominavit
832 2795 1171 2874 Epiphanius
1217 2806 1271 2860 in
1313 2807 1470 2863 libris
1511 2809 1588 2862 De
1625 2809 1931 2879 hwresibus,

340 2891 585 2960 prolixis
631 2910 764 2949 sane
811 2904 865 2949 et
907 2896 1236 2964 elaboratis;
1283 2898 1528 2954 infinitos
1581 2900 1746 2970 igitur
1796 2917 1935 2970 pene

340 2983 560 3043 ouiisit,
595 2993 651 3038 et
669 3001 736 3040 ex
761 2986 868 3041 illis
899 3001 1038 3055 quos
1068 2989 1391 3055 nominavit,
1423 3005 1492 3044 ne
1515 3007 1677 3044 uuam
1709 2992 1930 3060 quidem

339 3076 684 3130 sententiam
737 3077 986 3141 adduxit,
1011 3093 1118 3147 qua
1150 3090 1471 3149 argumenta
1517 3096 1614 3135 sua
1647 3083 1934 3138 conﬁrma-

336 3175 450 3233 ret,
478 3175 576 3220 aut
607 3167 847 3222 haretici
875 3169 1181 3237 cujuSpiam
1211 3170 1408 3238 dogma
1436 3171 1724 3227 refelleret.

411 3258 728 3313 Audiamus
756 3259 923 3328 igitur
946 3236 1076 3329 quid
1106 3260 1174 3313 de
1203 3236 1508 3329 Epiphanio
1551 3263 1806 3318 observet
1843 3265 1928 3320 vir
1955 3236 1997 3294 C

333 3349 743 3416 doctissimus,
789 3351 920 3419 quid
961 3366 1024 3404 ex
1064 3352 1449 3405 observatione
1497 3353 1737 3421 colligat.
1795 3354 1929 3424 Epi-

333 3441 596 3512 phanius,
631 3440 830 3510 inquit,
874 3440 1050 3495 nullus
1079 3440 1488 3512 Ignatianorum
1518 3443 1778 3507 meminit,
1809 3444 1928 3513 qui-

333 3534 435 3588 bus
468 3533 606 3586 nihil
653 3534 705 3586 in
750 3542 862 3586 tota
892 3534 1210 3602 antiquitate
1245 3531 1496 3586 adversus
1539 3533 1688 3588 Aerii
1716 3535 1925 3604 opinis-

333 3641 460 3680 nem
489 3625 764 3679 disertius.
799 3625 942 3696 Ergo
973 3625 1302 3695 velepistolae
1326 3634 1446 3678 sunt
1484 3634 1665 3694 postea
1699 3627 1928 3696 interpo-

331 3717 469 3771 latae
489 3757 506 3779 ,
545 3716 624 3770 vel
654 3733 741 3770 eas
775 3717 1016 3781 nescivit,
1050 3715 1127 3770 vel
1166 3717 1496 3786 contempsit.
1524 3714 1674 3770 Nihil
1705 3717 1921 3772 horum.

333 3803 491 3858 Nihil
519 3807 666 3860 enim
701 3823 768 3862 ex
798 3818 910 3862 tota
935 3807 1261 3876 antiquitate
1307 3823 1552 3878 unquam
1587 3808 1769 3862 attulit
1796 3807 1925 3877 Epi-

332 3899 580 3968 phanius
611 3899 678 3953 ad
706 3901 873 3954 ullam
911 3901 1164 3955 haeresim
1217 3899 1608 3966 refellendam;
1640 3914 1921 3968 nunquam

332 3987 672 4042 auctoritate
708 3999 955 4044 veterum
985 4006 1119 4046 usus
1161 3998 1245 4044 est
1277 3991 1345 4044 ad
1384 3989 1556 4044 ullum
1607 3989 1923 4044 luereticum

329 4080 787 4149 opprimendum.
838 4081 992 4138 Licet
1034 4083 1202 4152 igitur
1251 4082 1336 4136 hae
1374 4082 1507 4151 ipsae
1551 4081 1822 4149 epistolae,
1862 4089 1924 4135 ut

329 4187 432 4229 eas
466 4189 619 4229 nunc
648 4174 934 4240 habemus,
965 4172 1254 4244 Epiphanii
1276 4189 1391 4228 aevo
1419 4173 1725 4227 exstiterint
1751 4171 1920 4242 (quod

329 4267 647 4322 certissime
669 4267 1040 4336 cognoscitur,
1068 4275 1122 4320 et
1154 4265 1209 4320 id
1240 4279 1438 4336 negare
1464 4280 1573 4319 non
1595 4272 1774 4333 potest
1794 4262 1920 4318 Dal-

303 4359 473 4418 ,ιειυε
497 4399 516 4424 ,
557 4357 652 4428 qui
690 4372 813 4412 cum
853 4355 1160 4422 Salmasio,
1210 4355 1495 4410 Blondello
1531 4362 1586 4408 et
1634 4355 1916 4410 Albertino

327 4451 558 4508 easdem
588 4465 712 4505 esse
752 4465 892 4519 quas
935 4448 1208 4504 Eusebius
1249 4457 1303 4502 et
1332 4447 1668 4502 Athanasius
1711 4447 1918 4501 habue-

327 4553 486 4610 runt,
514 4542 738 4612 fatetur)
761 4543 809 4596 si
833 4558 928 4596 eas
955 4542 1159 4611 optime
1181 4541 1396 4595 noverit
1426 4548 1480 4595 et
1517 4540 1741 4593 maximi
1774 4539 1916 4594 fece-
1949 4571 1993 4625 ο

327 4635 424 4698 rit,
461 4643 518 4688 et
545 4635 613 4687 ad
643 4649 868 4687 manum
893 4634 1057 4688 etiam
1081 4648 1207 4688 cum
1240 4632 1504 4688 scriberet
1535 4631 1806 4697 habuerit;
1833 4630 1919 4685 in—

325 4729 596 4784 credibile
621 4737 804 4782 tamen
836 4735 922 4781 est
943 4742 1068 4780 eum
1099 4725 1341 4780 voluisse
1373 4724 1456 4778 vel
1487 4740 1654 4778 unam
1697 4733 1917 4780 senten-

324 4822 467 4875 tiam
497 4834 566 4874 ex
589 4819 659 4874 iis
687 4821 954 4874 adversus
982 4818 1205 4872 Aerium
1233 4817 1526 4883 adducere,
1559 4817 1654 4886 qui
1683 4818 1828 4872 aliud
1858 4817 1915 4872 in

323 4923 446 4970 toto
469 4914 565 4967 illo
586 4927 752 4982 opere
777 4912 1082 4968 institutum
1113 4911 1322 4975 habuit,
1345 4918 1398 4966 et
1425 4911 1476 4964 in
1500 4911 1646 4964 nulla
1671 4926 1913 4980 unquam

322 5006 708 5078 disputatione
760 5006 1022 5060 adversus
1069 5004 1242 5059 ullum
1295 5003 1636 5068 haereticum,
1669 5003 1736 5057 ad
1767 5003 1913 5057 illius

323 5108 657 5172 argumenta
685 5097 1020 5152 retundenda
1047 5138 1063 5164 ,
1112 5096 1197 5150 vel
1251 5112 1418 5151 unam
1463 5097 1793 5151 sententiam
1845 5111 1909 5150 ex

320 5202 580 5248 veterum
623 5191 809 5260 aliquo
846 5189 1094 5244 adduxit.
1127 5187 1404 5254 Quorsum
1448 5188 1616 5256 igitur
1651 5187 1745 5258 qui
1785 5186 1906 5241 reli-

317 5299 470 5354 quos
502 5297 699 5336 omnes
729 5280 1012 5350 praeteriit,
1047 5281 1314 5350 lgnatium
1351 5279 1528 5333 solum
1556 5278 1842 5334 laudaret?

397 5374 658 5430 Secunda
698 5374 1014 5429 observatio
1061 5389 1128 5427 ex
1169 5373 1476 5442 Epiphanio
1522 5374 1688 5442 petita
1737 5373 1910 5427 multo

317 5474 514 5528 minus
529 5470 697 5524 valet.
727 5467 1004 5533 Quaedam,
1035 5465 1213 5536 inquit
1237 5467 1292 5519 in
1320 5465 1693 5533 disputatione
1717 5465 1911 5519 adver-

317 5579 422 5620 sus
447 5561 599 5616 Aerii
631 5561 860 5629 dogma,
889 5561 1038 5628 ponit
1076 5573 1194 5611 cum
1240 5555 1544 5628 Ignatianis
1579 5557 1908 5624 apertissime

315 5655 644 5728 pugnantia,
669 5654 776 5706 imo
801 5652 1021 5706 totidem
1047 5658 1284 5705 monstra
1312 5664 1376 5702 ea:
1417 5647 1618 5720 lgnatii
1646 5648 1907 5719 epistolici

315 5747 669 5803 Itierarclticis
709 5745 954 5815 legibus:
1000 5743 1185 5813 quibus
1223 5742 1566 5812 epistolarum
1607 5740 1801 5814 κυρίας
1822 5742 1907 5795 δό-

319 5841 421 5908 ξας
462 5838 664 5910 liquido
709 5838 892 5892 evertit
939 5834 1287 5907 Epiphanius.
1335 5833 1393 5891 Si
1438 5835 1553 5891 haec
1593 5850 1722 5890 vera
1771 5834 1900 5903 sint,

2043 1973 2428 2028 conditioribus
2457 1974 2693 2028 historiis
2721 1986 2956 2030 versatus
2978 1993 3080 2030 non
3106 1978 3354 2048 intelligit
3380 1992 3625 2034 sanctum

2041 2064 2383 2134 Apostolum,
2417 2081 2534 2118 cum
2581 2081 2757 2118 recens
2787 2076 2922 2120 esset
2960 2065 3237 2138 Evangelii
3285 2071 3621 2138 pra’dicatio,

2039 2173 2133 2227 pro
2165 2174 2220 2211 re
2248 2166 2374 2210 nata
2398 2157 2694 2224 scripsisse.
2721 2158 2960 2223 Scilicet,
2988 2161 3281 2216 utoccasio
3297 2177 3364 2215 ex
3388 2162 3622 2216 circnm-

2040 2252 2257 2306 stantiis
2291 2251 2437 2305 illius
2471 2252 2733 2321 temporis
2762 2268 2820 2307 se
2849 2253 3066 2319 obtulit,
3113 2269 3212 2308 sua
3244 2256 3449 2325 scripta
3480 2266 3620 2311 tem-

2038 2345 2247 2412 peravit
2270 2344 2591 2413 Apostolus.
2620 2345 2674 2398 In
2703 2345 2977 2414 aliquibus
3015 2345 3149 2400 locis
3181 2356 3312 2401 tunc
3357 2349 3622 2418 temporis

2037 2443 2157 2488 erat
2186 2434 2481 2503 episc0pus
2514 2450 2638 2489 cum
2670 2435 2940 2500 diaeonis,
2975 2436 3218 2490 nondum
3255 2437 3452 2492 ibidem
3485 2454 3620 2493 con-

2036 2526 2244 2582 stitutis
2273 2527 2628 2598 presbyteris,
2654 2527 2724 2581 ob
2757 2527 3085 2596 paucitatem
3111 2527 3380 2594 fidelium;
3409 2529 3464 2584 in
3494 2531 3617 2587 aliis

2035 2625 2188 2675 erant
2212 2618 2513 2690 pnesbyteri
2535 2634 2660 2673 cum
2691 2617 2961 2684 diaeonis,
2991 2619 3232 2673 nondum
3262 2620 3459 2674 ibidem
3486 2638 3617 2677 con-

2035 2714 2228 2768 stituto
2262 2711 2552 2781 episcopo,
2587 2710 2734 2778 quod
2770 2710 3065 2780 quisquam
3104 2726 3168 2765 ea
3210 2710 3492 2767 functione
3533 2714 3617 2769 di-
3713 2754 3718 2760 .

2033 2820 2175 2876 guns
2202 2804 2381 2858 adhuc
2411 2803 2555 2857 haud
2582 2803 2931 2872 reperiretur.
2965 2801 3091 2858 llaec
3120 2819 3188 2858 ex
3230 2805 3614 2861 reconditiori-

2032 2896 2136 2951 bus
2181 2895 2426 2950 historiis
2467 2895 2729 2949 hauserat
2761 2893 3124 2964 Epiphanius,
3168 2912 3309 2965 quas
3336 2913 3444 2952 non
3478 2915 3612 2954 con-

2032 2986 2278 3056 spexisse
2324 2986 2428 3056 ipsi
2478 2987 2767 3041 videbatur
2794 2986 3010 3040 Aerius.
3042 2987 3218 3051 Οὕτω,
3250 2989 3462 3059 inquit,
3491 2991 3613 3044 κατ’

2030 3078 2206 3130 ἐκεῖνο
2238 3076 2428 3148 καιροῦ
2454 3073 2594 3149 ἦσαν
2625 3078 2674 3130 οἱ
2701 3078 2877 3144 τόποι,
2901 3077 2996 3131 καὶ
3023 3077 3132 3151 γὰρ
3174 3080 3406 3134 ἕκαστον
3466 3088 3613 3157 πρᾶ-

2031 3168 2256 3237 γμαούκ
2276 3169 2369 3220 ἀπ’
2388 3169 2564 3240 ἀρχῆς
2589 3169 2658 3223 τὰ
2697 3170 2874 3224 πάντα
2905 3171 3083 3244 ἔσχεν·
3119 3171 3254 3226 ἀλλὰ
3287 3173 3610 3244 προϐαίνον-

2028 3278 2120 3324 τος
2145 3259 2240 3314 τοῦ
2268 3261 2462 3332 χρόνου
2488 3259 2556 3313 τὰ
2587 3263 2722 3334 πρὸς
2751 3263 3029 3318 τελείωσιν
3048 3265 3156 3319 τῶν
3191 3266 3387 3338 χρειῶν
3410 3285 3613 3339 κατηρς

2028 3347 2224 3411 τίζετο.
2275 3347 2366 3402 Ita
2423 3365 2514 3417 per
2564 3350 2702 3403 illud
2757 3360 2957 3422 tempus
3011 3355 3318 3408 istiusmodi
3372 3356 3610 3410 locorum

2028 3449 2200 3492 status
2224 3439 2467 3502 exstitit;
2497 3441 2687 3494 etenim
2717 3457 3040 3512 unaquaque
3072 3461 3152 3497 res
3186 3462 3289 3498 non
3337 3447 3402 3499 ab
3452 3447 3608 3502 initio

2028 3527 2268 3581 omnibus
2303 3530 2535 3582 numeris
2571 3531 2816 3585 absoluta
2843 3534 2986 3602 fuit;
3031 3535 3122 3588 sed
3161 3536 3468 3604 procedente
3512 3539 3607 3593 Λε-

2027 3636 2170 3672 mum
2198 3629 2457 3690 tempore,
2485 3639 2547 3675 ea
2574 3638 2690 3692 qua:
2720 3623 2791 3675 ad
2821 3626 3194 3694 perfectionem
3235 3628 3471 3681 omnium
3517 3645 3611 3683 nc-

2026 3711 2329 3764 cessitatum
2354 3713 2637 3780 pertinent,
2671 3715 2960 3769 constituta
3004 3724 3149 3772 sunt.
3199 3715 3354 3782 Quod
3399 3718 3506 3772 late
3539 3734 3605 3774 ex

2025 3799 2206 3856 Veteri
2233 3801 2584 3859 Testamento
2621 3806 2836 3874 probat,
2881 3815 2935 3860 et
2962 3807 3042 3862 sic
3079 3808 3428 3880 intelligenda
3457 3813 3606 3882 Apo~

2025 3893 2150 3947 stoli
2174 3893 2341 3946 verba
2368 3895 2587 3958 asserit,
2632 3905 2686 3948 et
2717 3895 2818 3949 hoc
2853 3911 2960 3949 uno
3007 3895 3364 3954 fundamento
3397 3903 3601 3970 posito,

2022 3998 2182 4038 ruere
2208 3999 2398 4039 omnes
2424 3985 2572 4038 Aerii
2597 3984 2935 4054 objectiones
2959 3988 3256 4055 concludit,
3295 3999 3350 4044 et
3378 4007 3478 4046 nos
3505 4007 3603 4061 pa-

2022 4071 2154 4126 riter
2180 4087 2399 4126 omncm
2423 4073 2886 4140 contrarietatem,
2913 4084 2967 4128 et
2992 4090 3118 4128 cum
3138 4074 3434 4147 lgnatianis
3455 4079 3602 4134 ἐναν-

2019 4166 2333 4233 τιοφάνειαν
2365 4167 2552 4221 eodem
2593 4167 2707 4220 tolli
2733 4175 3011 4238 putamus.

2092 4258 2418 4314 Examinato
2475 4261 2710 4330 septimo
2770 4261 2980 4331 capite,
3039 4263 3289 4334 sequitur
3341 4273 3597 4321 octavum

2020 4369 2144 4409 cum
2170 4354 2272 4408 hoc
2303 4355 2458 4408 titulo
2490 4372 2504 4408 :
2532 4353 2726 4424 Ignota
2762 4354 3090 4410 Tertulliano
3115 4358 3277 4426 fuisse
3309 4357 3598 4429 Ignatiana

2018 4445 2414 4500 demonstratur
2454 4447 2680 4517 quinque
2716 4450 3060 4518 argumentis.
3089 4448 3192 4503 Sed
3227 4451 3478 4520 quintum
3513 4461 3595 4506 te-

2019 4537 2131 4592 lum
2164 4537 2363 4593 fatetur
2386 4538 2744 4595 Usserianum
2774 4540 3040 4611 lgnatium
3078 4558 3186 4596 non
3221 4543 3421 4610 ferire;
3461 4561 3598 4613 qua-

2023 4638 2149 4684 tuor
2180 4630 2364 4702 itaque
2389 4633 2770 4687 tantunnnodo
2820 4634 2976 4688 nobis
3013 4642 3222 4688 restant
3261 4635 3593 4704 repellenda.

2019 4719 2229 4788 Primo,
2274 4723 2430 4778 docet
2473 4724 2526 4777 id
2583 4723 2955 4780 Tertullianus
2995 4725 3139 4794 quod
3176 4724 3463 4795 lgnatianre
3497 4727 3596 4780 do-

2018 4813 2206 4868 ctrinae
2232 4823 2315 4869 est
2339 4815 2698 4871 contrarium.
2726 4814 2868 4885 Ergo
2891 4831 3015 4870 eum
3042 4817 3289 4870 nescivit.
3317 4816 3594 4872 Adversus

2017 4904 2164 4958 enim
2200 4906 2560 4974 apostolicum
2592 4908 2768 4961 virum
2806 4916 2859 4961 et
2904 4915 3198 4977 martyrem
3258 4908 3361 4961 sibi
3400 4917 3591 4964 notum

2017 5011 2298 5065 nunquam
2353 4997 2652 5067 quidquam
2702 4999 3000 5054 docuisset.
3057 4996 3188 5052 Mira
3247 4999 3360 5053 hrec
3395 5014 3592 5053 cense-

2015 5090 2236 5157 quentia
2265 5090 2330 5144 de
2351 5091 2593 5159 quolibet
2619 5090 2906 5160 scriptore,
2941 5091 3008 5144 de
3034 5089 3375 5143 Tertulliano
3410 5090 3589 5145 maxi-

2014 5196 2103 5235 mc
2130 5181 2402 5237 miranda.
2436 5183 2796 5254 Nunquamne
2839 5193 2898 5239 ut
2927 5186 3218 5255 quisquam
3251 5185 3453 5254 aliquid
3497 5187 3588 5241 do-

2013 5275 2388 5349 cuerit,quod
2425 5286 2571 5331 esset
2609 5277 2741 5330 viris
2782 5277 3101 5344 apostolicis
3125 5287 3219 5331 aut
3251 5279 3587 5349 martyribus

2013 5368 2159 5421 notis
2186 5348 2524 5422 a'dversans?
2543 5369 2626 5420 An
2661 5368 2764 5420 viri
2787 5369 3076 5438 apostolici
3105 5380 3158 5425 et
3181 5378 3447 5440 martyres
3470 5386 3588 5425 ina-

2005 5461 2145 5531 joris
2177 5477 2417 5532 unquam
2450 5460 2794 5516 auctoritatis
2825 5459 2995 5524 fuere,
3023 5477 3186 5531 qnam
3220 5461 3323 5530 ipsi
3352 5462 3585 5530 apostoli

2009 5563 2064 5608 et
2093 5554 2480 5624 evangelisue?
2508 5552 2728 5606 Illorum
2758 5563 2904 5606 certe
2927 5553 3193 5607 doctrinae
3224 5554 3470 5606 nonnulli
3495 5554 3589 5607 ali-

2009 5647 2230 5716 quando
2257 5647 2674 5712 contradixere;
2711 5661 2819 5699 non
2854 5644 3260 5715 Scripmrarum
3285 5646 3465 5710 inscii,
3492 5657 3588 5700 aut

2007 5755 2196 5795 carum
2243 5739 2589 5793 auctoritatis
2621 5746 3047 5808 contemptores,
3092 5738 3187 5792 sed
3221 5738 3300 5792 vel
3333 5738 3586 5791 inadver-

2011 5835 2175 5888 tentia
2204 5832 2373 5901 ducti,
2407 5833 2488 5887 vel
2519 5831 2837 5904 pra:judiCi0
2860 5831 3046 5904 aliquo
3077 5832 3306 5903 abrepti.
3341 5831 3422 5884 An
3448 5829 3582 5885 Ter-
