4078 6396
494 343 601 400 Ξ59

1592 337 1651 393 S.
1688 331 2034 393 lCNATiUS.
2058 363 2127 374 —
2156 329 2692 389 PROLEGOMENA.

3646 328 3752 383 200

500 460 762 515 tullianus
805 457 940 514 adeo
988 456 1201 513 subacti
1233 454 1446 526 iudicii,
1483 455 1623 511 adeo
1664 455 1836 511 sedati
1868 435 2572 525 ingeniiKTet-tullianus,
2620 448 2726 504 nisi
2774 447 2923 521 quod
2972 456 3027 504 et
3073 447 3336 518 lgnatius.
3380 445 3522 501 Cum
3567 456 3752 500 autem

500 552 604 606 fuit
623 560 683 607 ut
714 551 846 605 nulli
876 565 1117 619 unquam
1143 549 1263 603 viro
1288 549 1341 602 in
1368 546 1609 602 Ecclesia
1634 546 1832 601 celebri
1862 556 2076 600 contra-

500 644 725 705 diceret,
758 658 881 698 cum
903 642 1018 712 ipse
1046 642 1114 696 ab
1135 640 1379 697 Ecclesia
1396 639 1706 708 recesserit,
1733 650 1787 694 et
1808 639 2073 694 adversus

500 753 622 792 eam
654 736 1055 807 quamplurima
1080 734 1276 790 acerbe
1311 742 1366 789 et
1400 733 1709 804 petulanter
1752 732 2075 804 scripserit?

501 827 789 895 Praeterea,
821 830 905 883 vel
933 828 1066 899 ipsis
1094 827 1373 898 iudicibus
1408 827 1759 894 adversariis,
1793 828 1908 882 haec
1935 841 2072 882 con-

502 922 784 991 sequentia
811 937 920 976 non
970 930 1054 977 est
1082 922 1416 977 necessaria.
1469 922 1545 977 De
1572 922 1695 977 aliis
1733 922 1901 988 enim,
1938 920 2074 975 Ter-

500 1014 728 1067 tulliano
753 1013 1087 1080 junioribus,
1108 1027 1248 1083 quos
1276 1011 1485 1083 lgnatio
1513 1013 1788 1068 contraria
1818 1012 2075 1069 docuisse

499 1106 635 1172 vult,
666 1105 741 1159 ita
772 1105 1015 1174 disputat
1037 1104 1311 1171 Dallaeus,
1350 1113 1411 1158 ut
1452 1104 1529 1158 illi
1567 1105 1650 1159 vel
1678 1104 2069 1175 ignoraverint,

498 1197 582 1251 vel
622 1197 725 1252 ista
760 1198 961 1267 quibus
997 1197 1276 1251 contraria
1318 1197 1601 1252 docuerint
1630 1197 1685 1251 in
1721 1196 1928 1269 lgnatio
1960 1213 2072 1253 non

496 1290 756 1353 viderint,
774 1289 860 1343 vel
882 1289 1145 1358 epistolas
1168 1297 1427 1359 tanquam
1448 1288 1601 1345 ﬁctas
1619 1291 2068 1361 contempserint.

498 1380 556 1435 Si
586 1390 766 1435 autem
795 1381 911 1435 haec
940 1380 1006 1435 de
1030 1381 1153 1435 aliis
1194 1380 1302 1435 dici
1350 1380 1593 1451 possint,
1637 1396 1737 1436 rur
1776 1397 1884 1436 non
1924 1390 1978 1437 et
2005 1382 2072 1438 de

496 1468 875 1523 Tertulliano?
904 1466 1064 1523 Certe
1095 1466 1419 1533 Salmasius,
1451 1467 1782 1535 Blondcllus,
1813 1476 1867 1523 et
1887 1468 2073 1523 Albcr-

496 1564 645 1617 tinus
674 1563 815 1618 hanc
836 1562 1289 1631 consequentiam
1332 1562 1517 1631 potius
1563 1561 1938 1629 admitterent,
1976 1560 2070 1632 qui

494 1656 756 1725 epistolas
781 1654 872 1709 diu
892 1664 1019 1708 ante
1046 1668 1221 1708 aevum
1241 1654 1567 1709 Tertulliani
1598 1655 1753 1711 lictas
1773 1664 2066 1724 putarunt;

493 1760 549 1805 et
592 1749 642 1804 si
686 1748 919 1804 Dallaaus
966 1762 1076 1803 non
1118 1748 1405 1815 admittat,
1454 1750 1509 1802 in
1553 1748 1926 1819 disputatione
1968 1765 2066 1806 sua

2175 542 2417 615 lgnatius
2438 542 2622 607 addat,
2655 540 2825 613 χωρὶς
2844 539 3072 606 τούτων,
3102 541 3214 594 sine
3234 539 3510 609 episcopis,
3542 538 3756 608 presby-

2179 636 2306 688 teris
2330 642 2385 688 et
2411 633 2657 687 diaconis
2686 632 2926 688 Ecclesia
2960 650 3063 687 non
3086 643 3329 699 vocatur,
3356 632 3546 687 eadem
3575 631 3756 686 notio-

2176 740 2244 780 ne
2273 724 2392 781 sine
2422 724 2593 779 dubio
2630 723 2853 780 locutus
2883 731 2968 779 est
2996 722 3395 789 Tertullianus,
3440 720 3635 777 saltem
3658 720 3755 774 ad-

2175 815 2282 871 huc
2333 816 2387 870 in
2422 814 2666 872 Ecclesia
2713 815 2988 871 catholica
3029 829 3279 869 manens.
3322 811 3457 867 Nam
3501 827 3647 868 cumi
3685 811 3755 868 de

2174 906 2423 962 ecclesiis
2452 907 2774 977 apostolicis
2797 906 3065 976 loquitur,
3092 906 3207 962 haec
3230 904 3395 961 habet
3430 923 3442 960 :
3475 904 3527 959 Il
3533 905 3751 959 abemus

2174 1009 2221 1054 et
2248 999 2474 1054 Joannis
2504 998 2746 1053 alumnas
2773 999 3042 1053 ecclesias.
3074 997 3218 1051 Nam
3255 998 3357 1052 etsi
3397 996 3755 1067 Apocalypsin

2174 1089 2417 1144 Marcion
2450 1102 2682 1161 respuat,
2707 1092 2837 1145 ordo
2869 1101 3044 1145 tamen
3086 1091 3451 1160 episcopon
3488 1089 3558 1143 ad
3584 1090 3753 1159 origi-

2175 1200 2292 1238 nem
2334 1201 2574 1239 recensus
2624 1186 2679 1238 in
2724 1183 2987 1238 Joannem
3033 1185 3199 1238 stabit
3238 1193 3530 1238 auctorem.
3572 1182 3641 1237 Et
3679 1183 3757 1238 De

2175 1275 2588 1345 prmscriptione
2635 1276 3038 1342 haereticorum,
3084 1291 3204 1345 cap.
3257 1275 3366 1330 ὗες
3404 1274 3585 1328 Edunt
3630 1290 3754 1345 ergo

2174 1366 2406 1435 origines
2439 1365 2783 1419 ecclesiarum
2805 1381 3058 1430 suarum;
3104 1365 3342 1418 evolvant
3372 1364 3613 1417 ordinem
3642 1363 3755 1431 epi-

2172 1477 2450 1531 scoporum
2488 1476 2708 1517 suorum
2729 1500 2743 1523 ,
2770 1460 2848 1513 ita
2885 1476 2977 1528 per
2998 1460 3349 1515 successiones
3388 1458 3458 1511 ad
3483 1458 3640 1512 initia
3660 1464 3754 1513 rte-

2174 1562 2491 1617 currentem,
2525 1562 2583 1605 ut
2620 1552 2826 1621 primus
2861 1550 2954 1605 ille
2979 1552 3254 1621 episcopus
3279 1550 3508 1621 aliquem
3545 1566 3610 1604 ea:
3631 1568 3755 1620 apo-

2172 1646 2323 1699 stolis
2370 1645 2447 1699 uel
2494 1644 2798 1715 apostolicis
2828 1645 2977 1711 viris,
3008 1645 3099 1715 qui
3124 1654 3298 1697 tamen
3338 1660 3459 1697 cum
3498 1643 3753 1709 apostolis

2172 1738 2597 1808 perseveraverit,
2644 1737 2889 1791 habuerit
2937 1746 3210 1790 auctorem
3251 1744 3303 1789 et
3343 1743 3750 1791 antecessorem.

495 1842 822 1913 principium
849 1842 1001 1912 petit,
1033 1842 1164 1897 dum
1186 1857 1252 1896 ex
1284 1840 1620 1896 Tertulliano
1645 1844 1723 1896 sic
1747 1842 1941 1911 probet
1956 1843 2068 1912 epi-

2176 1829 2293 1884 Hoc
2318 1831 2459 1884 enim
2492 1829 2648 1884 modo
2680 1828 2938 1883 Ecclesia:
2962 1828 3269 1898 apostolica:
3297 1844 3483 1882 census
3510 1844 3632 1881 suos
3662 1828 3753 1882 de-

494 1936 664 1991 stolas
687 1950 796 1990 non
826 1935 1124 2001 exstitisse,
1148 1950 1273 1989 cum
1299 1942 1683 2004 argumentum
1716 1934 1853 1989 nihil
1877 1936 2069 2004 valeat,

494 2026 599 2080 nisi
632 2026 756 2096 quis
786 2026 1050 2080 concedat
1076 2025 1295 2081 easdem
1327 2035 1452 2096 post
1475 2024 1798 2080 Tertulliani
1826 2034 2071 2096 tempora

493 2117 663 2173 fuisse
704 2118 1041 2190 suppositas.
1081 2116 1139 2173 Si
1170 2118 1315 2173 enim
1348 2126 1475 2172 ante
1503 2116 1901 2172 Tertullianum
1952 2117 2071 2174 fue-

492 2218 622 2264 runt
650 2209 807 2277 ﬁctae,
840 2217 894 2265 et
924 2209 1103 2280 potuit
1133 2208 1223 2263 ille
1253 2223 1616 2277 coanoscere,
1638 2218 1692 2263 et
1716 2208 1906 2263 debuit
1932 2222 2070 2264 con-

491 2308 752 2357 temnere.

562 2391 669 2448 Sed
701 2393 918 2448 interim
960 2393 1242 2448 videamus
1276 2391 1539 2463 quidnam
1583 2392 1717 2448 illud
1747 2391 2071 2448 Tertulliani

489 2483 765 2538 decretum
793 2484 882 2549 sit,
927 2483 1073 2553 quod
1106 2482 1448 2552 lgnatianum
1490 2481 1627 2536 adeo
1667 2489 1853 2551 aperte
1892 2480 2073 2551 reﬁgit

489 2582 544 2628 et
573 2574 871 2643 proculcat.
904 2571 1107 2643 Nempe
1137 2592 1149 2626 :
1182 2572 1282 2627 Ubi
1326 2583 1428 2627 tres
1453 2612 1469 2639 ,
1504 2571 1743 2627 Ecclesia
1785 2582 1861 2627 est
1884 2614 1899 2639 ,
1948 2572 2070 2626 licet

384 2694 393 2699 -
488 2664 638 2721 laici.
688 2664 815 2719 Hinc.
860 2662 1250 2719 Tertullianus.
1310 2663 1380 2715 At
1425 2662 1687 2732 lgnatius,
1744 2664 1912 2733 χωρὶς
1947 2662 2070 2715 τού-

488 2774 597 2810 των
618 2798 634 2822 ,
668 2757 721 2811 id
748 2768 832 2811 cst
879 2757 998 2811 sine
1033 2755 1308 2826 episc0pis
1328 2796 1342 2820 ,
1369 2754 1704 2825 presbyteris
1741 2763 1796 2808 et
1824 2755 2071 2810 diaconis

489 2847 755 2918 ἐκκλησία
785 2848 845 2901 οὐ
868 2847 1132 2900 καλεῖται.
1161 2844 1358 2912 Quaero
1391 2844 1590 2914 primo,
1621 2845 1715 2899 ubi
1742 2845 1857 2900 hinc
1883 2862 1913 2900 a
1939 2845 2072 2899 Ter-

492 2938 720 2993 tulliano
743 2939 1094 2994 scribuntur?
1120 2937 1525 3007 Respondetur,
1552 2936 1692 2991 libro
1722 2936 1794 2991 De
1821 2938 2073 2992 exltorta-

491 3034 630 3086 tione
654 3032 942 3087 castitatis.
971 3034 1041 3087 At
1067 3032 1127 3087 S.
1174 3031 1515 3101 Augustinus
1562 3029 1958 3086 Tertulliauum
1991 3030 2072 3086 fa-

2175 1922 2353 1992 ferunt
2381 1937 2400 1974 .'
2429 1921 2568 1976 sicut
2596 1920 2994 1991 Smyrnworum
3026 1920 3271 1976 Ecclesia
3306 1920 3660 1991 Polycarpum
3687 1921 3753 1976 ab

2172 2012 2380 2067 Joanne
2420 2014 2741 2069 collocatum
2785 2015 2977 2085 refert;
3039 2016 3180 2070 sicut
3224 2015 3585 2071 Romanorum
3635 2016 3758 2072 Cle-

2174 2118 2399 2162 mentem
2432 2126 2467 2161 a
2507 2106 2675 2162 Petro
2714 2108 3021 2162 ordinatum
3062 2110 3270 2164 itidem.
3317 2109 3547 2164 Perinde
3575 2112 3757 2181 utique

2172 2212 2224 2255 et
2252 2212 2445 2256 catera
2475 2202 2739 2269 eshibent,
2773 2219 2902 2273 quos
2934 2202 2999 2255 ab
3025 2203 3281 2272 apostolis
3307 2204 3363 2257 in
3392 2204 3754 2273 episcopatum

2174 2296 2490 2350 constitutos
2521 2295 2799 2365 apostolici
2829 2296 3044 2350 seminis
3069 2296 3311 2350 traduces
3334 2296 3581 2351 habeant.
3615 2296 3755 2352 Cum

2174 2384 2342 2455 igitur
2387 2385 2612 2455 proprie
2666 2394 2721 2440 et
2779 2386 3051 2440 catholice
3097 2386 3164 2441 de
3195 2384 3439 2442 Ecclesia
3482 2386 3755 2457 loquitur,

2174 2476 2413 2531 ostendit
2454 2491 2514 2531 se
2566 2475 2711 2531 idem
2763 2476 2991 2531 omnino
3042 2476 3247 2532 sentire
3292 2478 3439 2548 quod
3489 2478 3757 2533 sentiebat

2174 2567 2436 2639 lgnatius,
2492 2584 2614 2624 eam
2664 2569 2783 2624 sine
2830 2569 3092 2640 episcopo
3143 2571 3415 2640 integram
3465 2585 3587 2626 esse
3640 2586 3757 2627 non

2173 2676 2358 2731 posse.
2393 2659 2470 2716 De
2499 2661 2768 2717 vocabulo
2807 2662 3030 2732 quidem
3064 2662 3320 2718 Ecclesia:
3361 2664 3435 2717 ita
3483 2679 3625 2733 saepe
3668 2664 3755 2720 lo-

2174 2754 2392 2825 quitur,
2436 2763 2496 2809 ut
2541 2763 2597 2809 et
2647 2755 2920 2811 haireticis
2958 2756 3198 2823 tribuat;
3236 2772 3377 2827 quos
3416 2758 3470 2812 in
3508 2756 3756 2814 Ecclesia

2173 2845 2393 2914 proprie
2451 2844 2597 2898 dicta
2648 2859 2771 2900 esse
2815 2862 2917 2901 nec
2959 2846 3105 2917 ipse,
3145 2862 3246 2903 nec
3272 2850 3568 2918 quisquam
3611 2850 3758 2903 alius

2174 2938 2415 3009 agnovit.
2446 2938 2700 3005 Faciunt,
2733 2938 2932 3010 inquit,
2958 2940 3107 3010 favos
3135 2952 3185 2995 et
3210 2959 3408 3010 vespm;
3440 2942 3648 3009 faciunt
3670 2960 3753 2997 cc-

2178 3035 2361 3089 :lesias
2387 3045 2435 3089 et
2459 3034 2861 3101 Marcionistce;
2892 3037 2986 3092 sed
3004 3053 3168 3108 quam
3199 3037 3383 3107 inique
3406 3037 3536 3092 illud
3556 3050 3757 3091 nomen

488 3132 637 3179 ctum
664 3125 979 3180 haereticum
1011 3124 1169 3179 docet
1192 3122 1462 3179 secundas
1495 3122 1737 3192 nuptias,
1765 3133 1958 3178 contra
1980 3123 2074 3179 do-
2100 3168 2143 3225 Ο
2179 3127 2244 3181 iis
2272 3128 2605 3184 attribuatur
2649 3130 2810 3185 docet
2837 3148 2851 3185 :
2885 3128 3059 3185 Habet
3099 3132 3308 3201 quidem
3340 3130 3437 3183 illa
3482 3128 3754 3190 ecclesias.

488 3215 721 3270 ctrinam
770 3217 1160 3286 apostolicam,
1215 3225 1478 3288 tanquam
1526 3228 1717 3291 stupra
1765 3220 2066 3288 damnare,

487 3307 633 3377 quod
673 3307 727 3361 in
770 3322 837 3362 eo
875 3322 1040 3378 opere
1076 3309 1226 3364 facit.
1269 3308 1373 3376 Qui
1422 3321 1603 3366 autem
1633 3324 1822 3368 contra
1865 3313 2071 3368 doctri-

487 3412 612 3451 nam
648 3398 1003 3468 apostolicam
1038 3402 1277 3470 scripsit,
1324 3402 1451 3457 licet
1498 3402 1556 3459 S.
1613 3402 1767 3458 Pauli
1808 3405 2069 3474 epistolas

487 3500 695 3555 nosset,
726 3505 907 3546 nonne
938 3502 993 3546 et
1020 3503 1212 3548 contra
1245 3492 1584 3565 lgnatianam
1612 3497 1853 3551 scribere
1870 3498 2066 3567 potuit,

485 3578 613 3635 licet
643 3586 763 3651 ejus
796 3583 1060 3653 epistolas
1107 3585 1253 3641 haud
1305 3586 1675 3659 ignoraverit?
1706 3588 1863 3645 Ilunc
1887 3590 2067 3660 ipsum

484 3670 683 3728 librum
716 3671 1060 3745 Nicephorus
1087 3688 1357 3732 memorat
1383 3686 1644 3750 tanquam
1677 3681 1943 3735 adversus
1967 3679 2069 3735 Ec-

484 3766 705 3822 clesium
736 3768 1023 3837 scriptum,
1063 3769 1157 3822 καὶ
1194 3770 1377 3835 ξδικῶς
1408 3772 1547 3825 κατὰ
1570 3772 1670 3843 τῆς
1694 3773 1926 3827 καθόλου
1952 3771 2070 3826 Ἐκ-

482 3860 712 3932 κλησίας
765 3861 942 3932 βίϐλον
989 3863 1290 3918 συντάττει·
1338 3865 1490 3918 οὐδὲν
1520 3866 1574 3919 δὲ
1611 3862 1773 3937 ἦττον
1808 3867 1904 3921 καὶ
1940 3867 2068 3938 περὶ

484 3952 842 4026 Σωφροσύνης
865 3955 1051 4028 ἕτερον
1083 3956 1424 4030 σύγγραμμα
1454 3958 1796 4023 καταλείπει,
1821 3959 1916 4011 καὶ
1939 3960 2069 4031 περὶ

483 4044 835 4115 Move-rapiat;
877 4045 1083 4118 ἓτερον.
1121 4046 1259 4102 Cum
1313 4049 1479 4118 igitur
1525 4058 1715 4105 contra
1760 4050 2068 4105 Ecclesium

484 4134 812 4188 catholicam
837 4136 1121 4203 scriberet,
1158 4138 1275 4193 haec
1311 4137 1544 4193 habuit:
1581 4138 1682 4193 Ubi
1734 4149 1862 4204 tres,
1896 4139 2071 4194 Eccle-

482 4224 566 4279 sia
586 4234 683 4291 est,
712 4224 833 4279 licet
859 4226 1009 4282 laici.
1038 4227 1249 4283 Pariter
1273 4230 1413 4284 etde
1437 4228 1565 4301 luga
1583 4230 1636 4284 in
1667 4231 2066 4301 persecutione,

477 4321 594 4391 jam
624 4320 861 4377 adultior
885 4322 1218 4379 Montanisla
1250 4326 1303 4380 in
1334 4326 1483 4381 hunc
1526 4327 1750 4382 modum
1780 4327 2023 4395 loquitur
2050 4346 2065 4382 :

484 4411 609 4467 Non
637 4423 780 4485 potes
809 4416 1105 4471 discurrere
1127 4435 1218 4487 per
1244 4419 1522 4490 singulos?
1564 4422 1636 4474 sit
1671 4420 1765 4473 tibi
1792 4431 1841 4474 et
1877 4421 1933 4474 iu
1970 4422 2068 4474 tri-

2174 3220 2265 3273 sed
2299 3237 2423 3274 suas
2477 3232 2586 3275 tam
2622 3231 2861 3291 posteras
2892 3238 3054 3293 quam
3100 3222 3413 3287 adulteras;
3450 3238 3677 3294 quarum
3709 3225 3762 3275 si

2172 3328 2384 3367 censum
2408 3315 2668 3381 requiras,
2698 3314 2912 3383 facilius
2943 3314 3299 3383 apostaticum
3330 3314 3565 3369 invenias
3596 3330 3759 3384 quam

2172 3402 2547 3471 apostolicum.
2568 3402 2644 3458 De
2667 3403 2912 3459 Ecclesia
2938 3405 3101 3459 etiam
3128 3404 3358 3473 myStice
3388 3404 3635 3474 loquitur
3658 3402 3762 3460 lib.

2171 3494 2249 3548 De
2276 3495 2560 3561 pudicitia,
2585 3510 2707 3564 cap.
2738 3496 2802 3550 21
2840 3515 2853 3549 :
2890 3494 3035 3549 Nam
3079 3505 3130 3550 et
3173 3495 3416 3549 Ecclesia
3460 3498 3670 3566 proprie
3708 3506 3761 3551 et

2170 3588 2541 3657 principaliter
2594 3590 2705 3656 ipse
2751 3597 2831 3642 est
2880 3589 3125 3658 spiritus,
3171 3590 3227 3642 in
3262 3606 3363 3660 quo
3418 3598 3496 3643 est
3542 3589 3762 3647 trinitas

2171 3681 2327 3734 unius
2350 3680 2673 3747 divinitatis,
2703 3678 2887 3746 Pater,
2931 3689 2981 3733 et
3032 3679 3210 3735 Filius
3231 3722 3245 3744 ,
3284 3690 3333 3735 et
3363 3680 3596 3751 Spiritus
3629 3698 3760 3737 sano

2171 3782 2308 3824 ctus.
2345 3769 2505 3824 Illam
2534 3770 2830 3825 Ecclesiam
2875 3782 3193 3843 congregat,
3227 3790 3388 3843 quam
3412 3772 3671 3826 Dominus
3700 3775 3761 3825 in

2172 3863 2341 3916 tribus
2366 3863 2563 3932 posuit.
2589 3862 2759 3933 Atque
2787 3864 2867 3916 ita
2893 3864 3081 3918 exinde
3110 3866 3272 3918 etiam
3304 3881 3554 3919 numerus
3582 3867 3760 3920 omnis

2169 3957 2259 4025 qui
2285 3958 2342 4009 in
2376 3957 2513 4011 lianc
2541 3956 2700 4026 ﬁdem
2736 3956 3136 4027 conspiraverit,
3172 3957 3411 4012 Ecclesia
3438 3959 3502 4012 ab
3539 3969 3762 4017 auctare

2170 4056 2218 4101 et
2247 4056 2611 4103 consecratore
2636 4058 2895 4104 censetur.
2935 4049 3000 4104 Et
3030 4050 3148 4104 ideo
3174 4050 3417 4105 Ecclesia
3437 4052 3647 4122 quidem
3670 4054 3762 4107 de-

2169 4139 2298 4193 licta
2339 4140 2593 4207 donabit,
2640 4141 2733 4195 sed
2770 4139 3014 4196 Ecclesia
3042 4141 3281 4212 Spiritus
3318 4160 3412 4212 per
3450 4146 3760 4215 spiritalem

2170 4233 2428 4287 hominem
2456 4276 2470 4300 ,
2499 4250 2601 4287 non
2636 4233 2877 4289 Ecclesia
2917 4251 3168 4290 numerus
3198 4238 3584 4306 episcoiiorum.
3611 4238 3759 4296 Cum

2170 4326 2337 4397 igitur
2360 4325 2731 4381 Tertullianus
2774 4342 2922 4381 nunc
2967 4326 3225 4383 Ecclesiae
3267 4330 3595 4385 vocabulum
3631 4347 3736 4400 pro

2169 4420 2287 4489 prie
2310 4428 2514 4486 sumat,
2541 4434 2641 4489 pro
2675 4418 2792 4485 tali,
2825 4420 3054 4483 scilicet,
3093 4422 3313 4490 qualem
3347 4422 3578 4492 apostoli
3622 4439 3759 4477 eou-

483 4504 577 4562 bus
613 4506 868 4564 Ecclesia.
903 4508 1030 4567 Haec
1058 4511 1148 4566 ille
1169 4528 1236 4567 ex
1263 4512 1721 4571 MontaniStarum
1740 4513 2058 4583 disciplina;
2095 4511 2139 4567 D
2169 4511 2465 4566 Stituerunt
2484 4550 2501 4579 ,
2546 4525 2695 4565 nunc
2737 4511 3057 4582 improprie,
3087 4526 3141 4568 et
3177 4515 3231 4568 in
3268 4515 3375 4570 alia
3405 4516 3659 4581 notione,
3689 4526 3757 4571 ut

483 4615 670 4659 contra
695 4620 860 4675 quam
885 4606 1001 4675 ipse
1026 4606 1332 4664 catholicus
1363 4610 1582 4680 scripsit
1606 4628 1619 4664 :
1654 4609 1829 4665 Hodie
1849 4612 2060 4683 presby-

483 4707 590 4764 ter,
622 4700 713 4770 qui
758 4717 875 4755 cras
915 4702 1124 4756 laicus:
1153 4718 1275 4756 nam
1317 4712 1367 4755 et
1398 4702 1553 4757 laicis
1592 4705 1947 4759 sacerdotalia
1976 4708 2063 4761 in-

473 4790 724 4862 jungunt.
762 4792 930 4847 Aliter
966 4794 1034 4848 de
1065 4794 1169 4848 hac
1206 4794 1323 4862 ipsa
1357 4810 1415 4848 re
1456 4794 1673 4851 locutus
1702 4805 1787 4851 est
1820 4798 1949 4851 dum
1980 4814 2068 4853 ca-

482 4883 718 4941 tholicus
748 4886 850 4942 fuit
880 4905 892 4941 :
924 4886 1023 4940 Ubi
1056 4897 1181 4952 tres,
1217 4887 1269 4939 id
1304 4897 1377 4940 est
1404 4886 1565 4941 Pater
1592 4898 1641 4941 et
1668 4887 1842 4943 Filius
1867 4899 1915 4943 et
1942 4890 2066 4961 Spi-

483 4977 619 5030 ritus
668 4988 906 5043 sanctus,
954 4978 1026 5030 ibi
1081 4976 1319 5030 Ecclesia
1366 4994 1482 5047 qua:
1528 4981 1690 5033 trium
1739 4997 1927 5050 corpus
1963 4992 2063 5038 est.

482 5071 758 5141 Quidquid
782 5080 963 5127 autem
996 5070 1063 5125 de
1112 5071 1207 5126 illo
1253 5072 1375 5127 loco
1408 5075 1645 5128 senserit
1672 5094 1684 5128 :
1721 5074 1820 5129 Ubi
1851 5077 1954 5130 duo
1985 5076 2064 5130 vel

484 5172 587 5215 tres
619 5162 675 5214 in
698 5161 906 5215 nomine
933 5178 1044 5214 meo
1069 5172 1474 5233 congregantur,
1492 5182 1584 5235 ego
1609 5168 1665 5219 in
1690 5168 1858 5221 medio
1882 5185 2063 5222 eorum

482 5267 599 5305 sum
630 5253 698 5318 ”,
718 5252 785 5306 de
815 5254 1104 5321 praesentia
1128 5254 1334 5311 Christi
1368 5257 1419 5311 id
1454 5260 1693 5328 accepit,
1720 5276 1842 5328 qua:
1876 5262 2063 5331 aliquo

482 5358 647 5398 sensu
680 5340 977 5398 Ecclesium
1010 5343 1190 5400 facere
1219 5346 1453 5412 videtur,
1473 5349 1575 5402 etsi
1601 5348 1854 5404 Christus
1880 5351 1932 5404 Id
1953 5366 2063 5407 non

481 5434 699 5490 dixerit.
732 5433 810 5489 Ita
850 5436 963 5505 ipse
995 5438 1148 5504 alibi,
1182 5436 1249 5492 In
1274 5455 1375 5493 uno
1415 5449 1465 5494 et
1489 5439 1657 5493 altero
1691 5440 1931 5495 Ecclesia
1962 5453 2059 5509 est,

483 5527 725 5583 Ecclesia
773 5545 890 5585 vero
942 5530 1211 5586 Christus.
1263 5531 1419 5599 Quod
1469 5532 1608 5587 adeo
1650 5549 1756 5588 non
1795 5545 2063 5606 repugnat

480 5621 708 5693 lgnatio,
743 5633 799 5677 ut
830 5624 943 5693 ipse
965 5625 1129 5679 etiam
1170 5624 1369 5679 dixerit
1398 5644 1411 5678 :
1443 5624 1542 5679 Ubi
1572 5636 1650 5680 est
1690 5625 1935 5680 Christus
1959 5626 2058 5680 Je-

478 5727 591 5779 ιω,
618 5711 728 5765 illic
755 5713 1018 5767 catholica
1050 5712 1311 5767 Ecclesia.
1346 5712 1492 5769 Nihil
1516 5713 1699 5786 itaque
1724 5715 1903 5771 adhuc
1924 5715 2061 5772 dixit

581 5829 623 5862 "
659 5826 850 5893 Matth.
885 5844 1039 5897 xvm,
1075 5827 1171 5883 20,.

2169 4618 2294 4658 cum
2322 4604 2574 4674 spiritum
2604 4616 2727 4658 esse
2759 4601 2913 4668 dicit,
2938 4618 3064 4657 cum
3092 4604 3235 4658 idem
3281 4620 3481 4659 nomen
3528 4605 3755 4659 haereti»

2167 4711 2358 4751 corum
2390 4697 2751 4753 conventibus
2787 4697 2999 4763 tribuit,
3042 4705 3139 4751 aut
3181 4698 3358 4753 tribus
3403 4697 3580 4763 laicis,
3611 4712 3757 4767 quos

2166 4788 2283 4858 ipse
2313 4788 2623 4844 sacerdotes
2657 4797 2819 4844 vocat
2848 4804 3010 4843 sensu
3044 4789 3250 4859 aliquo,
3291 4790 3424 4859 (tam
3469 4789 3614 4845 enim
3659 4804 3762 4842 ve-

2166 4895 2286 4933 rum
2321 4889 2406 4934 est
2451 4895 2519 4935 ex
2567 4878 2889 4936 Tertulliani
2935 4882 3229 4947 sententia,
3273 4881 3417 4951 quod
3464 4889 3577 4935 tres
3625 4880 3760 4935 laici

2166 4980 2295 5026 sunt
2324 4980 2435 5027 tres
2464 4973 2800 5039 sacerdotes,
2834 4988 2999 5042 quam
3027 4973 3173 5043 quod
3207 4973 3299 5027 ubi
3332 4983 3441 5027 tres
3474 4972 3617 5037 laici,
3648 4971 3765 5026 Ec-

2165 5064 2333 5120 clesia
2364 5065 2470 5135 est)
2508 5080 2653 5129 cum,
2686 5066 2936 5135 inquam,
2969 5076 3079 5120 tam
3128 5065 3428 5136 improprie
3461 5065 3529 5119 de
3564 5063 3765 5120 Eccle-

2166 5158 2248 5212 sia
2289 5158 2569 5227 loquatur,
2593 5159 2727 5214 illud
2751 5160 3031 5215 decretum
3058 5159 3343 5229 lgnatiano
3370 5159 3597 5213 minime
3617 5174 3765 5213 con-

2165 5252 2395 5307 trarium
2435 5259 2538 5317 est,
2582 5267 2707 5307 cum
2758 5252 3002 5324 lgnatius
3047 5254 3115 5307 de
3164 5251 3408 5308 Ecclesia
3455 5251 3673 5322 proprie
3697 5262 3763 5308 es

2166 5342 2373 5415 integre
2410 5353 2633 5414 accepta
2682 5345 2974 5415 loquatur,
3021 5344 3213 5399 eodem
3274 5344 3439 5398 modo
3472 5359 3583 5413 quo
3617 5343 3759 5398 alibi

2166 5437 2537 5495 Tertullianus
2567 5481 2582 5505 ,
2614 5457 2726 5511 quo
2760 5440 2818 5495 S.
2851 5438 3195 5511 Cyprianus,
3228 5442 3323 5511 qui
3352 5440 3760 5495 Tertullianum

2165 5533 2485 5599 magistrum
2521 5535 2775 5589 vocavit:
2809 5532 2904 5587 Illi
2928 5544 3053 5587 sunt
3094 5533 3369 5599 Ecclesia,
3403 5533 3547 5602 plebs
3574 5548 3765 5587 sacer-

2164 5623 2276 5678 doti
2322 5625 2562 5680 aduuata
2589 5666 2603 5690 ,
2641 5635 2690 5678 et
2740 5625 2947 5694 pastori
2978 5641 3075 5679 sua
3104 5642 3232 5695 grex
3262 5627 3559 5679 adhaerens.
3599 5623 3762 5678 Unde

2164 5718 2297 5772 seire
2318 5718 2469 5774 debes
2491 5720 2792 5789 episcopum
2816 5718 2869 5773 in
2895 5715 3133 5773 Ecclesia
3157 5734 3287 5785 esse,
3309 5727 3355 5773 et
3378 5716 3670 5772 Ecclesium
3694 5718 3760 5772 in
