4078 6440
339 380 443 435 261

1034 386 1086 439 ,1.
1130 383 1494 439 PEABSONII
1529 382 1848 439 VlNDlChE
1890 381 2315 439 ΙϐΝΑἹΊΛΝΑἶ.
2357 416 2426 427 -
2464 384 2645 441 PARS
2681 387 2724 442 1.

3514 388 3621 445 262

337 499 613 567 episcopo,
646 506 698 552 et
732 501 781 552 si
800 500 892 569 qui
926 517 1046 553 cum
1079 502 1321 571 episcopo
1357 518 1459 555 non
1486 511 1636 567 sunt,
1658 503 1715 555 iu
1745 499 1931 553 Eccle-
1957 505 2005 560 Α
2036 499 2386 557 Μανεὶοηὶιαε
2432 510 2583 556 notat
2606 542 2621 567 ,
2667 504 2758 573 qui
2808 502 3078 558 Christum
3116 506 3433 572 phantasma
3480 505 3618 559 dice-

338 588 425 640 sia
450 604 557 642 non
584 604 718 653 esse,
755 591 915 659 epist.
949 589 1049 655 69;
1095 591 1285 646 eodem
1317 607 1427 661 quo
1454 590 1683 660 Optatus
1722 591 1926 659 pariter

335 678 646 735 Africanus
675 699 688 735 :
735 680 975 736 Ecclesia
1003 694 1146 736 certa
1182 685 1426 753 qua’dam
1465 684 1698 737 membra
1736 684 1925 751 habet,

336 772 638 842 episcopos,
666 773 1019 844 presbyteros,
1048 775 1296 829 diaconos
1339 786 1387 829 et
1418 776 1624 829 turbam
1651 776 1925 844 ﬁdelium;

336 865 536 918 eodem
563 881 676 935 quo
717 866 910 922 Victor
945 866 1185 925 Vitensis
1234 869 1396 923 etiam
1428 869 1719 926 Africanus
1753 870 1928 935 τριή-

337 956 435 1011 bus
464 968 646 1011 autem
667 975 955 1030 persequar
982 962 1290 1030 ﬂuminibus
1314 960 1691 1031 lacrymarum,
1717 962 1926 1032 quando

334 1052 639 1121 episcopos,
692 1052 1042 1121 presbyteros,
1093 1052 1366 1117 diaconos,
1414 1061 1466 1105 et
1511 1052 1624 1106 alia
1674 1050 1925 1107 Ecclesia:

332 1144 578 1197 membra
610 1143 679 1197 ad
708 1144 958 1197 exsilium
989 1146 1147 1198 eremi
1175 1146 1479 1201 destinavit.

407 1231 704 1296 Secundo,
738 1232 944 1301 colligit
986 1232 1252 1301 lgnatium
1295 1240 1543 1287 nostrum
1583 1230 1917 1285 Tertulliano

332 1323 513 1378 fuisse
561 1324 845 1394 ignotum,
876 1323 1003 1391 quia
1045 1338 1170 1376 cum
1215 1338 1318 1377 non
1347 1324 1521 1378 solum
1567 1333 1916 1380 antecessores

330 1432 485 1474 suos.
511 1416 607 1469 sed
646 1417 883 1484 ipsorum
915 1416 1075 1468 etiam
1117 1416 1586 1470 hceresiarcharum
1625 1426 1923 1487 contempo-

332 1514 482 1561 rales
517 1507 838 1560 nominatim
870 1515 1172 1573 recenseat,
1205 1505 1478 1578 lgnatium
1521 1525 1583 1561 ne
1628 1512 1922 1564 nominavit

327 1597 583 1664 quidem;
634 1595 920 1651 videmnus
963 1612 1128 1666 quam
1162 1606 1326 1653 recte.
1375 1598 1743 1655 Tertullianus
1786 1602 1924 1656 scri-

327 1687 471 1742 bens
503 1688 771 1743 adversus
789 1686 1221 1757 Valentinianos,
1246 1691 1499 1746 observat
1528 1692 1705 1761 primo
1728 1707 1922 1748 eorum

326 1780 606 1849 originem
646 1780 699 1834 in
734 1779 1047 1847 Valentino,
1075 1782 1195 1851 ejus
1232 1798 1498 1853 sequaces
1526 1792 1697 1851 notat,
1723 1784 1919 1840 Celar-

2027 592 2361 662 rent;idque
2381 595 2569 663 probat
2599 610 2665 648 ea:
2706 593 2913 648 Joanne
2957 596 3213 665 apostolo.
3256 597 3324 650 At
3363 594 3613 667 Ignatius

2025 696 2206 734 eorum
2253 682 2553 737 doctrinam
2592 685 2899 753 perstringit
2950 700 2968 738 :
3019 702 3137 738 eum
3183 687 3350 755 igitur
3403 685 3604 739 Joanui

2030 779 2213 825 testem
2260 773 2550 827 addidisset
2587 772 2974 840 Tertullianus,
3010 776 3057 828 si
3106 775 3367 829 hominem
3414 784 3610 830 nosset.

2027 859 2197 927 Quasi
2232 879 2361 917 vero
2405 863 2599 934 lgnatii
2652 864 2970 920 testimonio
3022 880 3161 935 Opus
3189 875 3334 921 esset
3369 868 3439 922 ad
3490 882 3612 921 eam

2026 968 2164 1019 rem,
2189 953 2348 1023 cujus
2375 963 2569 1012 testem
2603 956 2912 1025 apostolum
2944 957 3162 1011 habuit.
3196 956 3309 1013 [mo
3343 973 3473 1013 vero
3502 974 3612 1012 non

2024 1053 2237 1099 tantum
2276 1062 2415 1116 opus
2456 1062 2566 1101 non
2610 1056 2725 1101 erat
2774 1056 2836 1101 ut
2872 1062 2995 1102 eum
3038 1048 3355 1115 adhiberet;
3410 1050 3503 1104 sed
3557 1058 3612 1105 et

2022 1134 2258 1190 absurde
2288 1135 2532 1203 fecisset,
2580 1138 2626 1192 si
2670 1138 3036 1195 adhibuisset.
3078 1137 3291 1194 Primos
3328 1139 3474 1195 enim
3512 1156 3609 1195 au-

2019 1234 2198 1281 ctores
2221 1225 2342 1295 ejus
2371 1228 2662 1283 sententia:
2691 1236 2869 1294 notat,
2912 1238 2964 1283 et
3002 1244 3191 1284 eorum
3226 1232 3608 1302 antiquitatem

2019 1320 2248 1389 probat;
2286 1322 2523 1377 ostendit
2550 1338 2646 1377 eos
2670 1323 2806 1378 adeo
2830 1339 3171 1394 praecoques,
3198 1334 3259 1379 ut
3283 1334 3440 1380 aatate
3472 1343 3608 1397 apo-

2023 1412 2289 1467 stolorum
2321 1414 2659 1483 exstiterint;
2702 1416 2755 1471 id
2802 1431 2932 1470 vero
2964 1424 3024 1471 ut
3052 1416 3358 1483 confirmet,
3387 1429 3608 1489 aposto-

2022 1502 2137 1558 lum
2188 1506 2365 1573 ipsum
2414 1514 2606 1560 testem
2664 1507 2909 1573 adducit,
2964 1508 3057 1577 qui
3095 1522 3192 1563 eos
3232 1507 3606 1567 Antichristos

2023 1597 2398 1665 pronuntiavit
2426 1607 2684 1668 negantes
2726 1598 3006 1654 Christum
3046 1598 3104 1654 in
3152 1616 3316 1655 carne
3366 1603 3604 1663 venisse.

2021 1685 2141 1741 Jam
2176 1703 2306 1743 vero
2331 1705 2495 1759 quam
2526 1691 2823 1745 absurdum
2875 1691 3072 1748 fuisset
3119 1690 3312 1763 lgnatii
3346 1695 3597 1750 testimo-

2025 1779 2177 1833 nium
2210 1780 2465 1850 adjicere,
2491 1783 2584 1852 qui
2628 1795 2677 1836 a.
2712 1782 2774 1835 D.
2809 1784 2909 1837 107
2950 1784 3236 1855 scripsisse
3265 1786 3600 1855 perhibetur,

324 1868 555 1933 basum,
577 1869 962 1934 Ptolemaeum,
984 1850 1393 1939 lleracleouem,
1422 1850 1756 1941 Secundum,
1779 1875 1917 1930 Mar-
1950 1850 1993 1909 Β
2019 1877 2070 1923 et
2099 1870 2470 1939 phantasticos
2495 1850 2810 1930 damnasse.
2849 1875 2931 1928 An
2971 1891 3036 1930 ex
3059 1850 3226 1932 illius
3254 1850 3500 1946 epistolis
3537 1879 3602 1932 li-

323 1974 455 2014 cum
487 1970 544 2014 et
576 1960 951 2028 Theotimum,
993 1963 1086 2032 qui
1117 1965 1370 2033 quamvis
1413 1963 1782 2021 Valentiniani
1827 1968 1915 2022 di-

323 2060 617 2117 cerentur,
652 2052 884 2105 multum
921 2061 1100 2107 tamen
1131 2068 1161 2108 a
1190 2052 1478 2109 Valentino
1505 2058 1911 2127 discrepabant.

320 2144 537 2199 Statuit
565 2146 733 2215 igitur
762 2146 943 2217 primo
971 2163 1097 2202 cum
1129 2148 1524 2218 principalibus
1563 2166 1723 2220 agere
1746 2194 1760 2218 ,
1803 2169 1913 2210 non

317 2250 444 2287 cum
471 2235 728 2302 ducibus,
760 2245 820 2290 ut
842 2237 1106 2306 loquitur,
1137 2240 1471 2308 passivorum
1496 2241 1913 2311 discipulorum;

319 2326 581 2381 secundo
612 2368 629 2393 ,
681 2328 979 2383 lectoribus
1030 2329 1358 2398 persuadere
1408 2340 1638 2385 conatur
1692 2347 1751 2386 se
1803 2349 1912 2388 non

320 2419 561 2474 ﬁnxisse
583 2421 869 2483 materias,
909 2421 1013 2476 hoc
1036 2430 1140 2488 est,
1168 2422 1425 2493 dogmata
1454 2423 1562 2478 illis
1595 2425 1913 2480 attribuisse

316 2525 449 2580 quae
484 2510 595 2580 ipsi
632 2527 741 2565 non
766 2512 1158 2582 propalabant;
1189 2513 1338 2583 quod
1368 2529 1432 2568 ea
1472 2530 1578 2569 non
1604 2517 1780 2571 solum
1815 2535 1913 2571 an—

318 2612 615 2657 tecessores
649 2605 753 2671 sui,
784 2606 877 2660 sed
908 2605 1151 2675 ipsorum
1184 2607 1659 2663 haeresiarcharum
1687 2620 1913 2665 contem-

315 2693 539 2762 porales
567 2695 1002 2750 instructissimis
1030 2696 1379 2751 voluminibus
1409 2708 1459 2752 et
1502 2700 1836 2768 protulerunt
1860 2712 1911 2755 et

316 2784 664 2839 rettulerunt.
690 2785 899 2840 Deinde
929 2801 1026 2842 eos
1059 2788 1327 2851 nominat,
1355 2789 1448 2859 qui
1476 2789 1567 2843 illa
1594 2791 1911 2847 instructis-

314 2878 466 2931 sima
498 2878 789 2932 volumina
823 2877 1114 2948 scripsere,
1138 2880 1339 2949 quibus
1366 2896 1556 2936 omnes
1579 2881 1700 2937 illas
1731 2884 1908 2939 haere-

313 2970 461 3024 ticas
493 2969 790 3038 Opiniones
814 2979 1191 3039 exposuerunt
1215 2980 1378 3041 atque
1400 2970 1731 3041 refutarunt,
1764 2991 1906 3045 quos

311 3058 439 3127 ipse
468 3062 615 3115 utin
651 3060 758 3116 hoc
801 3061 1078 3117 scribendi
1119 3079 1316 3132 genere
1359 3074 1688 3135 assequatur
1731 3076 1903 3137 optat.

309 3151 535 3207 Horum
565 3154 780 3223 primus
806 3152 1054 3209 Justinus
1079 3155 1418 3226 philosophus
1459 3166 1509 3209 et
1538 3170 1764 3229 martyr,
1807 3161 1902 3231 qui

310 3262 426 3300 non
460 3253 679 3299 tantum
728 3256 915 3299 contra
966 3245 1289 3301 Marcionem
1334 3248 1565 3318 insignia
1613 3251 1902 3322 volumina,

307 3338 413 3393 sed
443 3347 501 3392 et
532 3336 701 3390 alium
739 3337 933 3391 librum
970 3348 1154 3392 contra
1180 3355 1356 3394 omnes
1403 3341 1623 3396 hcereses
1670 3346 1901 3414 scripsit,

305 3440 375 3485 ut
402 3439 648 3486 testatur
673 3429 1040 3502 Hieronymus
1091 3432 1143 3485 in
1175 3432 1458 3504 Catalogo.
1497 3433 1785 3493 Secundus
1819 3447 1904 3494 est

309 3510 601 3577 Niltiddes
638 3522 983 3578 ecclesiarum
1008 3524 1279 3594 sophista,
1314 3541 1474 3595 quem
1497 3568 1513 3593 ,
1541 3528 1733 3583 eodem
1776 3528 1903 3586 Hie-

307 3630 552 3687 ronymo
586 3624 755 3683 teste,
787 3616 997 3672 scimus
1032 3618 1321 3686 scripsisse
1364 3619 1630 3676 adversus
1682 3620 1901 3678 Monta-

307 3724 446 3763 num
488 3708 733 3763 volumen
762 3709 1106 3777 praecipuum.
1136 3706 1353 3763 Tertius
1394 3719 1478 3765 est
1504 3710 1742 3768 lrenaaus
1761 3754 1776 3779 ,
1805 3725 1912 3767 cu-'

300 3801 399 3871 jus
442 3802 942 3856 instructissimum
972 3801 1228 3856 volumen
1258 3801 1523 3860 adversas
1557 3802 1897 3859 Valentinia-

303 3907 415 3946 nos
434 3898 639 3945 exstat.
656 3889 919 3956 Quartus,
948 3905 1109 3961 quem
1142 3889 1435 3946 Proculum
1472 3895 1739 3960 nominat,
1774 3895 1898 3963 quis

302 3982 379 4035 sit
420 3980 727 4051 ambigitur
752 4020 768 4046 ,
815 3995 940 4049 qua:
988 3980 1291 4050 scripserit,
1324 3983 1551 4052 opinor,
1588 3984 1891 4054 ignoratur.

298 4072 429 4129 Jam
457 4089 597 4129 vero
634 4088 702 4128 an
725 4089 945 4144 aequum
970 4074 1211 4145 postulat
1238 4076 1321 4130 vir
1343 4076 1698 4134 doctissimus
1721 4119 1736 4144 ,
1768 4095 1895 4136 cum

298 4167 569 4238 requirit,
614 4179 675 4223 ut
696 4166 939 4239 lgnatius
961 4168 1067 4222 hoc
1090 4168 1214 4223 loco
1246 4169 1388 4224 inter
1412 4170 1512 4225 hos
1542 4180 1781 4241 quatuor
1808 4175 1894 4229 vi-

299 4277 397 4317 ros
430 4270 795 4327 memoretur,
822 4270 918 4315 aut
948 4261 1165 4331 penitus
1194 4259 1536 4318 Tertulliano
1561 4264 1779 4330 ignotus
1805 4266 1897 4337 ju-

296 4351 564 4406 dicetur?
592 4349 675 4404 An
726 4349 969 4420 lgnatius
1000 4351 1493 4407 instructissimum
1536 4354 1756 4424 aliquod
1799 4358 1895 4412 ad-

296 4458 502 4499 versus
541 4443 827 4498 haereticos
869 4443 1128 4497 volumen
1182 4444 1435 4513 scripsit?
1463 4459 1532 4498 an
1578 4445 1667 4500 ille
1702 4462 1892 4502 eorum

2017 1975 2185 2029 quere
2209 1963 2407 2031 potuit,
2436 1974 2543 2017 tam
2574 1980 2897 2035 praecoques
2930 1966 3281 2023 Marciouilas
3313 1967 3503 2035 fuisse,
3538 1979 3599 2023 ut

2016 2060 2307 2121 antequam
2334 2052 2391 2107 S.
2432 2052 2674 2110 Joannes
2716 2058 3001 2126 epistolam
3034 2058 3276 2128 scripsit,
3314 2076 3407 2115 eos
3431 2062 3600 2116 exsti—

2018 2142 2147 2197 tisse
2170 2152 2508 2212 compertum
2542 2146 2651 2199 sit?
2674 2146 2757 2200 An
2797 2148 2942 2217 quod
2989 2148 3230 2219 lgnatius
3270 2150 3433 2203 morti
3468 2149 3601 2204 vici-

2014 2250 2119 2290 nus
2150 2247 2393 2292 moneret
2419 2239 2781 2305 Christianos,
2818 2251 2878 2297 ut
2926 2242 3028 2296 sibi
3074 2251 3332 2296 caverent
3389 2243 3458 2298 ab
3507 2245 3596 2308 iis,

2013 2325 2106 2393 qui
2156 2324 2349 2380 falsam
2397 2327 2707 2381 doctrinam
2760 2330 2814 2383 in
2869 2329 3117 2384 Ecclesia
3162 2346 3420 2402 spargere
3467 2340 3601 2386 tunc

2013 2418 2274 2487 temporis
2316 2421 2679 2487 conabantur,
2717 2420 2843 2475 inde
2882 2422 3211 2477 concludere
3249 2423 3427 2491 potuit
3458 2420 3594 2477 Ter-

2014 2507 2296 2573 tullianus,
2334 2523 2429 2565 eos
2466 2511 2655 2565 eadem
2688 2518 2767 2565 tot
2798 2512 2958 2566 annis
2992 2520 3118 2568 ante
3160 2513 3451 2568 docuisse?
3491 2514 3597 2568 Sed

2013 2613 2173 2668 neque
2201 2600 2308 2666 hic,
2333 2602 2532 2672 inquit,
2574 2620 2737 2674 neque
2768 2604 2974 2674 uspiam
3008 2606 3063 2658 in
3095 2612 3202 2659 toto
3233 2614 3419 2659 contra
3447 2606 3598 2660 Mar-

2011 2691 2210 2744 cionem
2245 2709 2395 2761 opere
2425 2692 2628 2764 Ignatii
2656 2697 2917 2759 meminit,
2960 2697 3110 2767 cujus
3142 2706 3250 2751 tam
3293 2698 3476 2753 multa:
3517 2699 3595 2753 le-

2010 2793 2208 2852 guntur
2238 2784 2485 2839 adversus
2510 2785 2840 2841 Marcionica
2874 2789 3124 2858 ﬁgmenta
3148 2793 3436 2846 sententiat.
3477 2791 3596 2846 Non

2010 2876 2263 2931 meminit
2290 2878 2510 2947 quidem
2558 2880 2777 2949 Iguatii,
2832 2882 2927 2950 qui
2974 2881 3177 2936 nullius
3216 2885 3499 2951 meminit;
3534 2887 3593 2941 in

2010 2978 2124 3025 toto
2150 2980 2336 3026 contra
2368 2970 2698 3026 Marcionem
2731 2987 2892 3042 opere
2925 2988 3025 3028 nec
3054 2989 3222 3028 unum
3250 2976 3469 3045 quidem
3504 2994 3596 3035 ec~

2008 3062 2377 3119 clesiasticum
2397 3064 2721 3134 scriptorem
2748 3065 2913 3132 citat;
2940 3062 3258 3135 Scripturis,
3282 3069 3593 3139 traditiOne,

2007 3157 2315 3214 rationibus
2362 3167 2568 3229 pugnat
2613 3166 2667 3213 et
2711 3159 2934 3229 quidem
2988 3156 3320 3230 lgnatianis,
3376 3179 3478 3221 nec
3527 3182 3596 3221 ex

2008 3249 2218 3322 lgnatio
2247 3250 2573 3304 nominatim
2614 3249 2941 3304 sententiam
2973 3250 3237 3320 aliquam,
3276 3269 3377 3309 nec
3400 3271 3465 3311 ex
3487 3258 3595 3321 alio

2008 3342 2268 3412 quapiam
2298 3340 2580 3395 describit.
2636 3339 2694 3394 Si
2742 3339 2987 3410 lgnatius
3021 3342 3285 3411 epistolas
3318 3345 3444 3401 ideo
3482 3364 3592 3405 non

2006 3431 2296 3501 scripsisse
2326 3429 2594 3485 dicendus
2623 3438 2740 3495 est;
2774 3445 2968 3484 omnes
2996 3432 3162 3485 etiam
3200 3432 3327 3487 libri
3366 3436 3458 3504 qui
3491 3437 3594 3493 ali-

2005 3522 2135 3591 quid
2166 3522 2425 3591 praeclare
2462 3531 2653 3576 contra
2697 3519 3086 3575 Marcionicam
3135 3524 3384 3578 haeresim
3413 3530 3593 3583 conti-

2003 3627 2135 3667 nere
2178 3612 2549 3681 reperiuntur,
2590 3610 2763 3681 spurii
2802 3619 2857 3665 et
2913 3614 3269 3667 eommentitii
3321 3620 3584 3674 censendi

2002 3715 2152 3760 sunt.
2189 3704 2561 3759 Tertullianus
2602 3720 2711 3758 non
2742 3711 2951 3758 tantum
2983 3703 3037 3757 in
3088 3704 3213 3771 hoc,
3250 3709 3343 3761 sed
3385 3709 3440 3763 in
3474 3719 3590 3767 toto

2000 3796 2145 3867 quod
2183 3805 2365 3851 exstat
2405 3810 2591 3867 opere,
2633 3796 2837 3850 nullam
2882 3811 3123 3866 unquam
3156 3802 3481 3855 sententiam
3520 3820 3589 3864 ex

2000 3887 2114 3943 ullo
2143 3888 2413 3957 scriptore
2454 3887 2831 3943 ecclesiastico
2864 3888 3091 3943 totidem
3135 3890 3319 3945 verbis
3368 3894 3589 3957 nomine

1999 3979 2165 4035 citato
2192 3978 2482 4048 excerpsit.
2514 3976 2824 4033 Barnabam
2862 3979 3134 4048 nominat,
3161 3981 3255 4036 sed
3304 3992 3363 4037 ut
3398 3995 3588 4041 aucto-

1998 4084 2113 4124 rem
2147 4069 2391 4139 epistolze
2420 4069 2486 4124 ad
2518 4067 2798 4136 Hebraeos,
2841 4087 2965 4143 quae
3003 4089 3151 4129 nunc
3181 4071 3237 4128 S.
3275 4074 3432 4130 Pauli
3464 4092 3588 4133 cre-

1997 4159 2167 4215 ditur.
2209 4158 2465 4215 Hermam
2517 4161 2668 4227 citat,
2729 4178 2892 4233 quem
2943 4179 3091 4220 nunc
3126 4174 3184 4220 ut
3208 4167 3585 4226 authenticum

1997 4252 2257 4320 admittit,
2286 4268 2433 4307 nunc
2468 4261 2527 4307 ut
2561 4254 2932 4325 apocryphum
2972 4255 3211 4326 despuit.
3251 4257 3585 4317 Clementem

1996 4342 2184 4399 laudat
2231 4353 2291 4398 ut
2343 4343 2529 4399 Romae
2572 4345 2916 4414 episcopum,
2947 4361 3054 4401 non
3089 4358 3147 4402 ut
3177 4349 3418 4419 epistolae
3441 4352 3573 4407 scri-

1996 4444 2229 4506 ptorem.
2255 4434 2602 4490 Christianos
2635 4436 2847 4505 aliquot
2872 4437 2942 4490 ad
2981 4448 3179 4508 gentes,
3220 4441 3359 4512 πρὸς
3396 4442 3586 4515 ’Έλλη-

296 4536 566 4599 nomina,
595 4543 786 4589 πωιεε
814 4544 868 4589 ει
897 4534 1218 4604 opinionum
1269 4544 1524 4605 ρονιεηιει
1558 4538 1892 4607 exploravit,
1929 4543 1972 4597 ο
1998 4544 2114 4591 νας,
2150 4525 2425 4596 Opuscula
2457 4526 2789 4594 condidisse,
2823 4527 2976 4595 dicit,
3003 4530 3279 4586 neminem
3307 4535 3579 4590 nominat.

293 4636 351 4680 et
384 4627 441 4680 in
466 4634 723 4695 apertum
750 4626 1046 4696 produxit?
1068 4641 1136 4680 an
1160 4642 1546 4696 perversorum
1576 4631 1891 4699 dogmatum

295 4717 582 4773 insaniam
615 4726 712 4771 aut
748 4718 1076 4782 rationibus,
1110 4726 1207 4775 aut
1239 4717 1539 4788 Scriptura:
1561 4721 1892 4779 testimoniis

292 4810 545 4865 retudit?
573 4825 645 4863 an
674 4824 739 4863 ea
763 4818 922 4864 aetate
944 4810 1100 4875 vixit,
1133 4825 1238 4880 qua
1268 4809 1540 4877 Justinus,
1573 4822 1667 4867 aut
1692 4812 1893 4869 Miltia-

290 4902 417 4965 des,
450 4908 553 4953 aut
585 4897 860 4965 Irenaeus,
892 4900 988 4970 qui
1025 4899 1116 4956 hic
1147 4900 1623 4955 hwresiarcharum
1658 4912 1891 4956 contem-

289 4994 520 5063 poranei
564 4992 966 5046 nominantur?
1000 5008 1070 5047 an
1094 5008 1158 5047 ea
1197 4993 1280 5047 vel
1314 4993 1471 5062 copia
1503 4994 1582 5049 vel
1622 4995 1889 5065 elegantia

291 5084 545 5154 scripsit,
578 5093 642 5138 ut
670 5097 796 5137 eum
838 5083 896 5137 in
925 5097 1091 5152 opere
1136 5083 1243 5138 isto
1274 5083 1647 5141 Tertullianus
1678 5094 1889 5155 optaret

280 5177 565 5247 assequi?
596 5173 748 5229 Nihil
793 5177 993 5230 horum
1036 5176 1093 5229 in
1138 5172 1348 5246 lgnatio
1388 5177 1715 5246 reperimus,
1767 5193 1889 5247 quae

290 5271 483 5326 omnia
531 5269 587 5322 in
620 5267 728 5322 illis
760 5266 1185 5337 spectabantur,
1230 5283 1370 5337 quos
1405 5268 1704 5323 nominavit
1749 5268 1887 5324 Ter-

290 5365 585 5428 tullianus,
619 5371 674 5415 et
709 5368 931 5431 propter
977 5377 1100 5430 quae
1146 5375 1243 5415 eos
1287 5362 1513 5415 omnino
1560 5363 1882 5418 nominavit.

286 5457 584 5512 Absonum
629 5464 713 5509 est
758 5454 927 5524 igitur
969 5452 1238 5525 lgnatium
1290 5454 1431 5508 inter
1464 5455 1586 5511 illos
1614 5471 1881 5524 qua'rere,

284 5551 549 5619 iniquum
577 5548 860 5619 ﬂuitare;
884 5546 1282 5603 Tertullianum
1314 5547 1584 5602 allirmare
1617 5548 1737 5604 ideo
1756 5564 1882 5603 eum

284 5565 549 5619 iniquum
580 5565 648 5602 ua
689 5565 860 5614 nare;
892 5565 1282 5603 sertumanum
1314 5565 1584 5602 amrmare
1617 5565 1737 5604 meo
1756 5565 1879 5603 eum

284 5565 851 5716 panﬂﬁs'igtfrasse,
885 5641 1033 5712 quod
1070 5656 1135 5697 eo
1184 5641 1288 5697 loci
1337 5657 1443 5697 non
1489 5643 1879 5709 nominaverit,

280 5735 356 5791 ab
384 5734 541 5788 omni
564 5733 782 5788 ratione
809 5732 1053 5788 alienum
1083 5741 1187 5788 est.

357 5823 571 5894 Tertio,
606 5823 974 5880 Tertullianus
998 5824 1165 5893 fuisse
1187 5839 1496 5895 prtrcoquos
1531 5834 1579 5877 et
1611 5822 1877 5880 abortiros

1996 4620 2295 4688 Cujusdam
2338 4620 2455 4674 h-.rc
2501 4620 2667 4674 verba
2708 4622 2938 4675 recitare
2990 4621 3205 4677 videtur
3252 4642 3265 4677 :
3320 4624 3585 4689 Quoniam

1994 4707 2203 4777 quidem
2236 4708 2554 4777 desponsata
2589 4718 2667 4763 est
2716 4708 2913 4775 Maria,
2944 4711 3146 4766 idcirco
3175 4723 3224 4765 et
3264 4713 3329 4766 ab
3374 4716 3582 4785 angelo,

1986 4806 2042 4850 et
2078 4796 2141 4850 ab
2171 4797 2410 4867 apostolo
2449 4798 2718 4852 mulierem
2766 4800 3162 4867 pronuntiatam
3205 4816 3223 4853 :
3264 4801 3584 4869 desponsata

1992 4890 2131 4944 enim
2171 4890 2561 4960 quodammodo
2606 4900 2807 4961 nupta;
2847 4893 2938 4947 sed
2984 4908 3051 4945 an
3102 4894 3304 4962 scripta
3352 4892 3577 4961 fuerint,

1992 4999 2101 5038 non
2131 4984 2310 5051 docet,
2335 4994 2387 5038 et
2429 4986 2545 5055 ipsa
2587 4986 2742 5039 affert
2782 4995 2993 5040 tantum
3039 4996 3098 5041 ut
3140 4986 3357 5041 refutet.
3407 4986 3581 5043 Justi-

1992 5096 2148 5146 num,
2180 5078 2467 5147 lrenaaum,
2506 5078 2826 5147 Miltiadem,
2858 5080 3153 5135 Proculum
3186 5083 3358 5137 semel
3400 5082 3580 5135 nomi-

1992 5178 2107 5237 nat,
2138 5186 2278 5240 quos
2306 5183 2359 5225 et
2392 5186 2451 5226 se
2474 5171 2628 5241 sequi
2662 5172 2946 5241 professus
2968 5181 3071 5226 est.
3101 5171 3304 5227 Praeter
3330 5171 3433 5226 hos
3464 5172 3575 5236 ille,

1991 5262 2086 5331 qui
2112 5261 2897 5332 quamplurimos‘heereticos,
2928 5263 3194 5317 ducentos
3225 5277 3365 5332 pene
3397 5261 3578 5316 ethni—

1989 5368 2083 5409 cos
2108 5352 2312 5416 laudat,
2355 5354 2627 5406 neminem
2663 5368 2730 5407 ex
2779 5354 3140 5423 scriptoribus
3189 5352 3575 5409 ecclesiasticis

1988 5447 2278 5500 nominare
2306 5444 2564 5515 dignatus
2608 5454 2717 5513 est;
2750 5453 2805 5499 et
2844 5460 2911 5499 ex
2940 5460 3131 5500 eorum
3164 5462 3302 5512 quos
3328 5446 3576 5501 nominat

1989 5538 2207 5607 scriptis
2232 5551 2297 5590 ne
2327 5552 2432 5589 una
2458 5535 2677 5605 quidem
2710 5537 2978 5591 sententia
3025 5538 3091 5591 ad
3122 5536 3438 5592 refutandos
3470 5536 3575 5591 haz-

1985 5630 2210 5692 reticos,
2264 5636 2361 5683 aut
2407 5627 2712 5683 doctrinam
2754 5627 2994 5700 aliquam
3030 5628 3403 5684 Christianam
3439 5644 3572 5709 cor.-

1986 5721 2335 5785 firmandam,
2388 5729 2648 5791 tanquam
2696 5723 3034 5787 testimonio,
3092 5730 3188 5777 aut
3240 5722 3343 5777 sub
3386 5718 3588 5792 specie"

1986 5814 2333 5872 auctoritatis
2357 5816 2552 5870 utitur.
2583 5813 2869 5871 Silentium
2900 5815 3065 5889 igitur
3096 5813 3415 5871 Tertulliani
3434 5813 3569 5868 nihil
