4078 6398
498 351 605 406 265

1545 363 1603 418 S.
1645 357 1993 418 lGNATlUS.
2020 386 2087 397 —
2125 352 2665 411 PROLEGOMENA.

3653 356 3756 414 961

492 481 1436 562 adlgnatiiepistoliciauctoritatem
1457 478 1886 533 imminuendam
1901 474 2062 528 valet.
2097 479 2143 534 Α
2169 470 2381 562 ducere,
2414 469 2659 562 idoneum
2687 467 3037 562 confirmandi
3068 468 3132 562 de
3174 470 3414 562 proximo
3440 486 3564 562 jure
3595 470 3760 562 uisci-

559 584 786 650 Quarto,
832 579 1098 651 lgnatium
1139 583 1390 629 nostrum
1433 587 1542 626 non
1590 580 1802 625 tantum
1855 568 2069 622 Tertul-

492 676 659 737 liano,
685 676 779 729 sed
812 682 865 727 et
890 669 1173 727 catholicis
1200 666 1447 736 ejusdem
1478 664 1577 718 atri
1618 664 1862 733 ignotum
1898 658 2072 713 fuisse

492 767 712 821 aliunde
765 762 1143 833 deprehendit.
1202 758 1463 821 Scilicet,
1528 754 1775 809 catholici
1856 753 2066 819 lapsos,

492 855 653 909 etiam
678 852 917 914 mmchos,
952 867 1041 921 per
1071 847 1430 918 paenitentiam
1458 846 1513 898 in
1552 843 1845 896 Ecclesium
1874 842 2072 894 admit-

494 946 689 1000 tebant.
722 944 1104 1003 Tertullianus,
1138 939 1378 992 Montani
1410 945 1658 1001 sectator,
1684 935 1778 988 lib.
1814 934 1887 989 De
1914 934 2073 1003 pudi-

492 1036 644 1102 citia,
679 1036 965 1088 catholicos
996 1039 1283 1101 oppugnat.
1313 1028 1556 1098 Ignatius
1590 1028 1737 1079 docet
1767 1028 2070 1095 pamitentes

492 1143 601 1182 esse
635 1126 1017 1196 suscipiendos.
1071 1122 1211 1193 Ergo
1255 1137 1348 1177 uec
1391 1119 1737 1183 Tertulliano,
1770 1134 1859 1171 nec
1891 1118 2075 1170 catho-

491 1219 611 1277 licis
639 1226 795 1272 notus
826 1217 950 1285 fuit.
977 1216 1080 1268 Ain
1107 1230 1258 1280 vero,
1290 1227 1420 1283 ergo
1452 1225 1553 1265 nec
1582 1208 1941 1274 Tertulliano,
1972 1224 2074 1263 nec

491 1310 780 1367 catholicis
804 1319 964 1362 notus
991 1308 1111 1371 init,
1145 1308 1227 1360 vel
1271 1304 1416 1375 quod
1450 1304 1593 1356 idem
1633 1311 1737 1365 est,
1771 1311 1826 1355 et
1859 1301 2075 1355 Tertul-

494 1404 640 1458 liano
666 1413 718 1457 et
753 1400 1037 1455 catholicis
1073 1399 1292 1468 ignotus
1334 1396 1470 1449 fuit?
1505 1397 1666 1466 idque
1710 1394 1839 1448 hinc
1882 1394 2075 1463 depre-

493 1490 655 1545 hendi
687 1489 879 1559 putas?
925 1486 1231 1555 Utrumque
1280 1499 1429 1539 certe
1481 1500 1589 1537 non
1642 1483 1911 1553 sequitur.
1970 1481 2074 1536 Pro

492 1578 761 1632 alterutro
793 1576 1012 1646 quidem
1050 1576 1259 1645 species
1287 1575 1469 1644 aliqua
1507 1574 1813 1644 argumenti
1842 1582 1948 1637 est,
1975 1587 2075 1642 pro

493 1677 727 1738 utroque
771 1668 940 1721 nulla.
986 1666 1147 1721 Liber
1176 1666 1398 1735 quidem
1430 1665 1507 1718 De
1530 1665 1789 1734 pudicitia
1823 1664 1897 1717 ita
1934 1664 2075 1719 scri-

494 1772 619 1833 ptus
646 1771 749 1828 est,
780 1774 839 1816 ut
887 1762 1209 1831 plerumque
1250 1760 1429 1830 primo
1455 1757 1874 1828 Psychicorum,
1903 1756 1957 1810 id
1992 1764 2077 1810 est

2169 560 2373 629 plinam
2394 560 2791 629 magistrorum.
2818 557 2895 611 Ita
2919 558 3301 613 auctoritatem
3328 561 3449 627 ejus
3475 561 3758 627 diminuit,

2171 667 2335 722 quem
2390 651 2506 720 ipse
2548 650 2803 719 producit
2847 667 2861 703 :
2893 658 2947 703 ct
2982 650 3086 704 hoc
3125 650 3290 705 etiam
3333 650 3462 706 fecit
3491 666 3617 705 cum
3648 665 3763 707 non

2172 741 2436 796 Barnaba:
2473 742 2646 811 ipsius
2708 741 2995 809 epistolam
3046 741 3263 806 citaret,
3321 741 3414 796 sed
3463 757 3585 795 eam
3636 758 3762 811 quae

2173 832 2378 903 scripta
2423 842 2509 888 est
2554 833 2622 887 ad
2674 830 2955 897 Hebraeos,
2987 848 3111 901 qua:
3142 848 3290 887 nunc
3332 832 3386 886 in
3418 848 3629 888 canone
3653 843 3759 899 est,

2174 936 2227 979 et
2259 922 2317 977 S.
2371 924 2527 978 Pauli
2574 923 2815 993 Epistula
2874 924 3135 978 creditur.
3167 924 3282 977 lmo
3315 939 3445 978 vero
3491 940 3761 994 quorsum

2174 1016 2432 1071 catholici
2465 1015 2829 1079 Tertulliano,
2854 1015 2937 1068 vel
2990 1015 3108 1083 ipse
3151 1015 3257 1068 sibi
3299 1016 3564 1086 objiceret
3602 1019 3763 1073 testi-

2174 1115 2421 1169 monium
2461 1114 2748 1181 scriptoris
2779 1112 2850 1166 ab
2882 1111 3125 1166 Ecclesia
3158 1120 3367 1166 tantum
3399 1114 3635 1182 probati,
3667 1114 3762 1184 qui

2173 1216 2345 1263 totam
2371 1208 2545 1276 ipsam
2577 1205 2877 1261 Ecclesiam
2913 1205 3119 1275 sprevit
3141 1220 3206 1260 ac
3244 1205 3501 1275 despuit?
3538 1205 3644 1261 Sed
3676 1222 3762 1261 re-

2176 1316 2305 1353 vera
2338 1298 2617 1369 lgnatiana
2647 1298 2776 1351 talia
2806 1312 2916 1351 non
2944 1308 3122 1363 erant,
3178 1306 3239 1351 ut
3283 1312 3313 1351 a
3365 1297 3657 1353 catholicis
3705 1298 3763 1353 in

2175 1394 2278 1448 hac
2301 1408 2467 1448 causa
2510 1400 2659 1447 recte
2702 1400 2757 1446 et
2808 1392 3053 1461 apposite
3109 1391 3536 1459 adhiberentur;
3586 1407 3767 1462 neque

2175 1487 2322 1539 enim
2353 1484 2712 1556 quaestionem
2739 1484 3080 1553 spectabant,
3108 1499 3233 1553 quae
3254 1492 3389 1539 tunc
3424 1484 3761 1555 agitabatur,

2176 1591 2357 1646 neque
2402 1577 2469 1629 ad
2522 1576 2921 1630 catholicorum
2956 1575 3283 1629 sententiam
3325 1576 3763 1630 conﬁrmandam

2178 1668 2285 1722 nisi
2318 1668 2542 1723 obtorto
2568 1668 2712 1723 collo
2752 1666 2949 1721 adduci
2981 1674 3298 1736 potuerunt,
3339 1676 3435 1721 aut
3462 1683 3588 1723 cum
3630 1669 3767 1723 scri-

2178 1766 2337 1826 ptura
2362 1757 2575 1813 Hei-ma:
2613 1760 2896 1831 conjungi,
2935 1776 3053 1829 qua:
3092 1760 3209 1815 sola
3249 1762 3474 1815 moechos
3508 1772 3674 1826 amat,
3706 1771 3768 1818 ut

491 1824 906 1909 catholicorum-
923 1824 1156 1922 objecta,
1194 1824 1320 1905 dein
1365 1824 1689 1904 Tertulliani
1722 1848 2076 1903 Montanistze
2105 1824 2149 1879 Β
2177 1824 2423 1920 loquitur
2446 1824 2849 1907 Tertullianus:
2876 1824 3118 1919 Quaestio
3151 1854 3298 1908 enim
3330 1863 3468 1915 erat,
3502 1870 3571 1908 an
3600 1824 3766 1910 Chri-

493 1946 881 2016 responsiones
912 1945 1213 2001 contineat.
1244 1942 1467 2013 Objecta
1498 1951 1681 1997 autem
1714 1942 1804 1995 illa
1841 1941 1923 1995 vel
1952 1955 2073 1994 om-

494 2039 581 2092 nia
619 2046 673 2093 et
702 2038 818 2093 sola
846 2036 1087 2101 luerunt,
1120 2051 1242 2106 qua:
1285 2034 1540 2089 catholici
1579 2034 1854 2089 haereticis
1904 2049 2076 2104 Oppo-

491 2132 714 2195 nebant,
754 2142 808 2186 et
835 2130 904 2185 ad
934 2146 1057 2201 qua:
1085 2144 1116 2183 a
1148 2127 1487 2183 Tertulliano
1535 2128 1949 2196 responsionem
1979 2143 2075 2181 ex-

491 2228 810 2294 spectabant
855 2233 1017 2295 atque
1046 2223 1432 2294 postulabant;
1472 2222 1619 2291 quod
1653 2220 1700 2276 si
1732 2219 1938 2276 factum
1972 2237 2077 2291 puo

492 2320 693 2381 tomus,
740 2323 856 2369 tttm
888 2313 1265 2369 Tertullianus
1295 2312 1507 2367 censeri
1547 2326 1656 2365 non
1701 2319 1882 2381 potest
1920 2312 2079 2381 lgna—

492 2406 629 2461 tium
675 2408 797 2462 ideo
831 2407 1136 2477 ignorasse,
1183 2406 1313 2476 quia
1370 2420 1499 2460 eum
1556 2418 1667 2458 non
1718 2405 2075 2467 nominabat;

492 2515 669 2569 neque
694 2500 841 2554 enim
873 2516 972 2569 pro
996 2516 1055 2554 se
1080 2500 1369 2554 nominare
1394 2499 1592 2568 potuit,
1619 2512 1795 2567 neque
1817 2498 2079 2551 adversus

490 2592 863 2648 senominare
888 2592 1097 2658 debuit,
1153 2592 1259 2646 nisi
1297 2606 1392 2646 eos
1433 2600 1669 2655 tantum,
1715 2604 1949 2661 quorum
1982 2605 2081 2642 au-

490 2683 719 2738 ctoritas
748 2682 799 2737 ei
833 2682 1219 2752 objiciebatur.
1258 2678 1355 2735 Vel
1384 2682 1599 2747 objecta
1639 2682 1753 2735 haec
1789 2678 2080 2733 Tertullia-

492 2791 600 2831 nus
624 2775 729 2830 sibi
760 2775 865 2845 ipsi
894 2774 1042 2840 fecit,
1076 2790 1201 2829 cum
1241 2775 1453 2829 delectu
1490 2782 1546 2828 et
1593 2789 1693 2842 pro
1733 2772 1983 2835 arbitrio,
2026 2778 2083 2824 et

492 2882 604 2921 non
652 2882 719 2921 ex
748 2867 1069 2936 preseripto
1098 2867 1522 2929 catholicorum,
1560 2865 1709 2935 quod
1748 2862 2083 2919 verisimilli—

491 2974 643 3013 mum
672 2970 793 3026 est;
826 2966 881 3013 et
926 2966 1040 3011 tum
1093 2956 1221 3011 inde
1265 2958 1447 3027 colligi
1487 2957 1639 3011 nullo
1680 2955 1844 3010 modo
1880 2962 2078 3024 potest,

490 3051 750 3108 omnibus
782 3051 928 3105 illius
956 3049 1056 3104 aevi
1101 3048 1389 3103 catholicis
1419 3050 1667 3119 ignotum
1710 3046 1883 3102 fuisse
1919 3046 2081 3117 lgna-

2176 1943 2360 2009 stiani,
2400 1944 2471 1997 ob
2509 1944 2719 1999 crimen
2769 1946 3021 1999 mtechite
3049 1946 3207 2015 ejecti
3252 1961 3349 2015 per
3387 1948 3765 2015 paenitentiam

2177 2038 2345 2108 recipi
2384 2037 2438 2091 in
2466 2036 2768 2094 Ecclesiam
2796 2040 3079 2095 deberent.
3125 2038 3370 2109 lgnatius
3413 2050 3596 2097 autem
3630 2044 3766 2097 nihil

2177 2126 2245 2181 de
2270 2126 2501 2181 mmehis
2530 2127 2713 2193 habet,
2742 2128 2879 2181 nihil
2902 2128 2970 2183 de
3006 2129 3095 2193 iis,
3125 2130 3219 2199 qui
3244 2131 3373 2184 dum
3410 2132 3553 2185 intra
3584 2134 3765 2187 eccle-

2178 2216 2316 2271 siam
2357 2226 2505 2281 sunt,
2553 2227 2648 2271 aut
2688 2218 2842 2283 illud,
2874 2227 2969 2273 aut
3000 2219 3149 2273 aliud
3191 2220 3426 2290 quodvis
3466 2237 3630 2291 grave
3669 2222 3770 2277 cri-

2179 2323 2303 2362 men
2364 2316 2704 2377 perpetrant.
2760 2307 2854 2362 llle
2901 2308 2970 2362 ad
3016 2309 3284 2363 unitatem
3336 2309 3769 2364 ecclesiasticam

2182 2401 2433 2456 hortatur
2488 2399 2993 2470 Philadelphenses,
3062 2409 3118 2455 et
3156 2401 3223 2455 ad
3269 2416 3601 2456 consensum
3642 2417 3767 2456 cum

2180 2496 2438 2564 episcopo
2487 2509 2589 2550 suo
2653 2512 2665 2547 :
2713 2496 2984 2564 Quotquot
3036 2496 3177 2548 enim
3232 2495 3331 2549 Dei
3381 2504 3504 2549 sunt
3544 2506 3593 2551 et
3635 2494 3771 2549 Jesu

2180 2582 2406 2651 Christi,
2440 2584 2639 2654 inquit,
2670 2586 2761 2639 isti
2792 2602 2913 2638 cum
2940 2601 3000 2639 eo
3036 2595 3159 2638 sunt
3187 2600 3206 2638 :
3238 2596 3289 2639 et
3309 2596 3560 2657 quotquot
3590 2589 3774 2657 utique

2180 2677 2485 2746 pmnitentes
2533 2678 2745 2730 veniunt
2796 2678 2851 2730 in
2900 2679 3159 2731 unitatem
3219 2677 3491 2746 Ecclesiae,
3540 2680 3631 2733 isti
3672 2679 3771 2734 Dei

2179 2778 2359 2823 erunt.
2396 2770 2475 2825 Ac
2502 2786 2698 2825 rursus
2725 2782 2849 2839 post
2874 2786 3049 2839 pauca
3087 2790 3099 2824 :
3140 2771 3239 2824 Ubi
3272 2771 3462 2825 divisio
3485 2782 3561 2827 est
3583 2782 3633 2828 et
3664 2774 3770 2838 ira,

2183 2861 2323 2915 Deus
2347 2877 2449 2913 non
2489 2861 2714 2914 habitat.
2753 2860 3010 2915 Omnibus
3048 2863 3217 2931 igitur
3260 2864 3631 2932 paenitentibus
3682 2863 3772 2915 di-

2183 2955 2343 3007 mittit
2374 2953 2537 3021 Deus,
2566 2955 2611 3007 si
2636 2955 2921 3023 pwniteaut
2947 2958 3004 3007 in
3036 2956 3293 3010 unitatem
3342 2956 3463 3019 Dei,
3506 2966 3557 3009 et
3596 2956 3773 3009 conci-

2183 3047 2317 3102 lium
2346 3050 2597 3118 episcopi.
2636 3048 2761 3103 llaec
2791 3048 3032 3118 lgnatius
3060 3058 3247 3103 noster
3287 3050 3356 3104 de
3409 3050 3678 3104 haereticis
3717 3057 3773 3103 et

491 3144 630 3200 tium
668 3151 939 3205 nostrum,
977 3141 1121 3211 quod
1162 3140 1536 3195 Tertullianus
1578 3155 1705 3193 eum
1742 3154 1852 3193 non
1904 3138 2083 3194 nomi-
2108 3181 2153 3241 ο
2186 3139 2555 3194 schismaticis
2587 3140 2830 3209 loquitur
2861 3138 2928 3193 ad
2970 3141 3235 3194 unitatem
3267 3139 3525 3197 Ecclesiae
3555 3150 3609 3196 et
3645 3157 3777 3196 con-

492 3234 727 3301 naverit,
765 3236 858 3305 qui
892 3234 1106 3303 objecta
1132 3248 1238 3286 non
1264 3232 1332 3286 ab
1370 3232 1478 3287 illis
1501 3232 1729 3301 accepit,
1754 3244 1932 3299 neque
1958 3244 2078 3285 om-

491 3328 583 3383 nia
628 3344 750 3397 qua:
791 3328 868 3381 illi
917 3327 1160 3395 objicere
1188 3333 1282 3378 aut
1307 3334 1533 3395 possent
1561 3333 1656 3378 aut
1691 3323 1928 3378 solerent
1968 3331 2083 3377 tra-

490 3422 678 3485 ctavit,
724 3421 818 3475 sed
853 3421 967 3489 ipse
997 3420 1101 3474 sibi
1124 3428 1284 3489 prout
1306 3419 1407 3487 ipsi
1430 3418 1710 3472 visumest
1732 3415 1951 3483 objecit,
1972 3428 2083 3483 quo

491 3512 710 3570 facilius
739 3516 995 3570 solveret.
1024 3512 1164 3567 Male
1187 3513 1355 3583 igitur
1385 3510 1468 3564 vir
1500 3508 1856 3564 doctissimus
1879 3517 1932 3561 et
1952 3506 2084 3560 Ter-

492 3608 725 3662 tulliano
760 3616 813 3661 et
841 3605 1128 3660 catholicis
1162 3604 1269 3659 hoc
1301 3611 1624 3673 argumento
1674 3598 1943 3669 lguatium
1985 3613 2084 3651 no-

492 3708 667 3755 strum
701 3700 943 3769 ignotum
980 3698 1150 3753 fuisse
1173 3698 1400 3767 colligit.
1436 3696 1505 3749 At
1538 3694 1787 3765 quaedam
1814 3693 1882 3747 de
1910 3690 2084 3745 eccle-

492 3793 731 3848 siasticis
763 3791 1131 3862 scriptoribus
1179 3790 1528 3844 adduxerunt
1559 3786 1639 3840 vel
1689 3784 1968 3849 catholici,
2001 3781 2084 3836 vel

493 3882 866 3939 Tertullianus
908 3898 1010 3953 pro
1053 3883 1325 3937 catholica
1377 3879 1681 3944 sententia;
1735 3878 1837 3931 hoc
1891 3876 2080 3929 saltem

492 3977 679 4047 negari
710 3975 927 4031 videtur
956 3990 1067 4029 non
1101 3989 1283 4045 posse.
1316 3973 1426 4027 Cur
1457 3988 1567 4026 non
1607 3972 1773 4041 igitur
1814 3968 2082 4038 lgnatium

492 4069 639 4125 inter
690 4068 1103 4123 ecclesiasticos
1158 4067 1457 4135 scriptores
1512 4063 1911 4123 nominarunt,
1977 4061 2084 4115 nisi

494 4161 640 4233 quod
673 4174 799 4214 eum
832 4174 942 4213 non
974 4157 1279 4213 noverunt?
1322 4154 1667 4225 Respondeo,
1707 4154 1753 4207 si
1790 4153 1935 4206 ullus
1962 4166 2085 4205 om-

496 4253 631 4306 nino
671 4258 732 4304 ut
771 4248 1181 4304 ecclesiasticus
1227 4248 1465 4315 scripto'r
1510 4247 1563 4298 in
1598 4245 1692 4298 illo
1722 4258 1887 4312 opere
1921 4240 2087 4295 fuerit

496 4340 652 4397 testis
683 4338 1007 4409 productus,
1044 4354 1188 4392 unus
1232 4347 1444 4391 tantum
1495 4335 1619 4401 fuit,
1674 4336 1905 4399 scilicet,
1948 4333 2085 4387 Her-

496 4447 657 4488 mas:
695 4432 790 4501 qui
825 4438 1007 4484 tamen
1038 4445 1142 4483 non
1196 4439 1255 4483 ut
1297 4428 1727 4493 ecclesiasticus,
1774 4428 1867 4481 sed
1899 4434 1960 4480 ut
1988 4442 2083 4480 ca-

2186 3232 2372 3287 cilium
2406 3232 2651 3301 episcopi
2682 3232 3062 3287 redeuntibus.
3106 3231 3306 3287 Omnia
3333 3250 3456 3303 qua:
3484 3243 3779 3304 utramque

2186 3325 2514 3381 sententiain
2547 3325 2879 3379 antecedunt
2915 3335 3009 3381 aut
3052 3336 3378 3397 sequuntur,
3417 3328 3519 3381 hoc
3543 3328 3777 3383 verissi-

2184 3432 2335 3470 mum
2370 3432 2496 3471 esse
2526 3418 2807 3472 evincunt.
2838 3416 2988 3472 Nihil
3024 3419 3114 3473 ille
3146 3420 3212 3473 de
3253 3422 3505 3485 mcechis,
3538 3421 3675 3474 nihil
3705 3422 3778 3476 de

2185 3510 2424 3575 sicariis,
2461 3510 2528 3564 de
2565 3509 2869 3565 idololatria
2916 3511 3071 3565 nihil.
3112 3511 3343 3581 Φεύγετε
3380 3512 3646 3584 μερισμὸν
3678 3514 3778 3567 καὶ

2186 3602 2695 3668 κακοδιδασκαλῑας,
2736 3604 2935 3673 inquit,
2987 3613 3042 3659 et
3096 3604 3201 3659 hoc
3245 3619 3626 3675 argumentum
3665 3607 3780 3661 late

2184 3693 2559 3763 persequitur.
2600 3693 2981 3773 Schismaticis
3021 3705 3076 3751 et
3113 3697 3385 3753 haereticis
3427 3700 3779 3767 persistenti-

2183 3784 2288 3838 bus
2314 3793 2579 3839 teternum
2626 3787 2959 3855 supplicium
3010 3788 3273 3853 minatur,
3322 3789 3779 3859 resipiscentihus

2184 3877 2549 3945 receptionem
2590 3880 2783 3933 suadet
2811 3886 2865 3933 et
2896 3880 3127 3934 salutem
3161 3882 3414 3951 spondet,
3448 3883 3649 3953 quibus
3678 3896 3779 3939 re-

2186 3969 2364 4037 ceptio
2388 3969 2443 4022 in
2472 3968 2772 4023 Ecclesiam
2796 3978 2989 4039 negata
3027 3986 3309 4041 nunquam
3338 3970 3463 4026 fuit.
3498 3972 3612 4028 lmo
3645 3990 3777 4043 gra-

2184 4064 2409 4119 vissima
2443 4073 2665 4134 peccata
2702 4076 2854 4119 extra
2882 4063 3180 4119 Ecclesiam
3208 4080 3235 4118 a
3267 4066 3641 4122 schismaticis
3677 4082 3780 4123 aut

2185 4154 2460 4211 haereticis
2490 4165 2823 4225 perpetrata,
2866 4157 3032 4211 etiam
3084 4156 3431 4213 Montanistis
3467 4159 3775 4228 judicibus,

2185 4249 2550 4318 receptionem
2579 4249 2630 4301 in
2657 4248 2953 4303 Ecclesiam
2984 4249 3375 4318 pmnitentibus
3406 4265 3513 4303 non
3544 4251 3779 4319 praeclu-

2185 4340 2401 4394 dcbant.
2425 4339 2675 4393 Cuicuim
2692 4341 2907 4393 dubium
2926 4352 3024 4405 est,
3047 4342 3122 4395 ait
3140 4341 3512 4397 Tertullianus
3534 4342 3635 4397 hoc
3653 4343 3779 4411 ipso

2187 4430 2263 4484 De
2292 4432 2547 4501 pudicitia
2577 4433 2736 4493 lihro,
2763 4432 3067 4487 liwrcticum
3109 4435 3441 4487 institutione
3478 4436 3775 4503 deceptum,

497 4523 731 4579 nonicus
764 4521 1000 4590 scriptor
1026 4522 1249 4592 produci
1279 4521 1514 4585 videtur,
1559 4520 1624 4573 ad
1658 4518 1816 4587 cujus
1847 4518 2079 4573 auctori-
2112 4532 2153 4588 ι)
2182 4525 2390 4593 cognito
2414 4526 2741 4593 postmodum
2767 4542 2913 4591 casu,
2944 4535 2993 4578 et
3024 4528 3326 4594 paenitentia
3355 4528 3586 4595 expiato,
3616 4538 3662 4579 et
3689 4544 3780 4581 ve-

495 4624 665 4673 tatem
714 4616 1147 4671 imminuendam
1190 4614 1560 4669 Tertullianus
1592 4614 1902 4682 respondet,
1933 4611 2082 4681 quod

498 4713 615 4782 eius
643 4713 909 4781 scriptura
941 4711 1120 4765 divino
1154 4711 1502 4763 instrumento
1540 4724 1639 4759 non
1687 4707 1957 4759 meruisset
1997 4708 2082 4760 in-

498 4806 641 4871 cidi;
680 4805 825 4876 quod
857 4820 1017 4858 nemo
1041 4818 1283 4872 unquam
1322 4799 1695 4869 respondisset
1724 4798 1791 4851 dc
1835 4806 2078 4860 auctore,

498 4899 593 4966 qui
622 4911 652 4949 a
683 4896 903 4951 nemine
945 4910 1044 4964 pro
1072 4894 1338 4948 canonico
1373 4891 1686 4954 haberetur,
1714 4897 1805 4942 aut
1832 4890 1923 4958 qui
1951 4889 2083 4943 sim—

499 4989 714 5058 pliciter
742 4996 803 5043 ut
822 4988 1232 5043 ecclesiasticus
1260 4983 1638 5039 tantummodo
1667 4992 2076 5052 proponeretur.

498 5078 770 5134 Praeterea
822 5078 1194 5133 Tertullianns
1240 5078 1440 5131 diserte
1496 5085 1651 5130 cavet
1703 5076 1756 5128 in
1805 5077 1908 5129 hoc
1963 5076 2081 5143 ipso

497 5187 685 5241 opere,
718 5188 785 5226 ne
813 5172 1132 5239 quisquam,
1174 5179 1369 5239 praeter
1415 5169 1715 5239 scriptorcs
1759 5168 2079 5233 canonicos,

498 5279 621 5317 eam
666 5262 815 5316 litem
855 5263 1139 5332 disceptet.
1178 5261 1311 5315 Nam
1349 5277 1457 5315 non
1486 5270 1695 5315 tantum
1753 5261 1817 5314 ad
1868 5258 2083 5314 Ilermzc

503 5352 805 5420 Pastorem,
851 5370 976 5409 cum
1023 5355 1168 5423 picto
1225 5364 1443 5423 pastore
1492 5354 1547 5409 in
1600 5354 1769 5409 calice
1817 5354 2081 5408 collatum

499 5447 795 5517 respondet
831 5465 843 5500 :
875 5447 940 5500 At
972 5463 1063 5517 ego
1093 5448 1204 5517 ejus
1234 5447 1478 5502 Pastoris
1528 5448 1819 5515 scripturas
1867 5446 2078 5509 haurio,

500 5540 591 5611 qui
626 5556 727 5592 non
749 5548 917 5609 potest
943 5540 1143 5610 frangi,
1169 5540 1262 5595 sed
1293 5550 1349 5594 et
1387 5556 1511 5595 cum
1543 5554 1642 5608 pro
1674 5554 1773 5592 sua
1813 5538 2080 5591 sententia

500 5628 807 5685 Barnabam
861 5632 1073 5698 laudat,
1111 5641 1165 5685 et
1192 5630 1405 5686 Hermas
1435 5630 1672 5701 praefert,
1718 5631 1769 5683 id
1822 5646 1929 5682 non
1964 5630 2083 5683 sine

500 5720 818 5790 praefatione
844 5722 1022 5776 facit:
1070 5721 1197 5776 Volo
1241 5733 1414 5776 tamen
1452 5739 1516 5777 ea:
1566 5722 1922 5774 redundantia
1980 5720 2084 5772 ali-

500 5809 653 5882 cujus
682 5812 839 5866 etiam
872 5814 1077 5869 comitis
1118 5814 1478 5881 apostolorum
1514 5813 1867 5866 testimonium
1900 5825 2083 5870 supcr-

2185 4618 2328 4669 niam
2364 4618 2628 4686 consequi,
2671 4627 2719 4670 et
2757 4618 2811 4670 in
2852 4617 3145 4671 Ecclesium
3181 4620 3388 4689 redigi?
3437 4617 3563 4674 Haec
3608 4620 3781 4690 igitur

2183 4708 2467 4779 lgnatiana
2489 4710 2555 4762 ad
2582 4724 2701 4763 eam
2727 4710 3083 4778 quzcstionem
3116 4727 3222 4765 non
3256 4712 3595 4781 spectabant,
3616 4726 3715 4767 nec
3744 4727 3779 4766 a

2184 4798 2480 4853 catholicis
2512 4800 2766 4868 usurpari
2796 4800 2848 4852 in
2878 4815 2943 4853 ea
2987 4815 3046 4853 re
3088 4808 3366 4869 poterant;
3416 4801 3561 4870 quod
3606 4801 3781 4867 igitur

2183 4889 2427 4959 lgnatius
2461 4901 2644 4944 noster
2674 4891 2726 4943 in
2761 4906 2825 4943 eo
2852 4892 2991 4945 libro
3015 4907 3121 4945 non
3151 4893 3481 4957 nominetur,
3516 4906 3615 4945 nec
3645 4906 3778 4947 cum

2184 4982 2486 5044 catholicis,
2507 4998 2608 5037 nec
2620 4982 2956 5037 Tertulliano
2977 4985 3219 5053 ignotum
3238 4984 3409 5040 fuisse
3423 4985 3677 5039 ostendit.
3694 4986 3781 5041 lta

2184 5076 2520 5144 conjecturis
2559 5092 2625 5131 ex
2664 5075 2985 5131 Tertulliani
3018 5077 3237 5131 silentio
3268 5079 3409 5131 male
3439 5079 3604 5141 natis,
3646 5078 3786 5132 toti-

2183 5183 2289 5238 que
2302 5167 2464 5237 capiti
2477 5178 2686 5231 octavo,
2711 5170 2854 5237 quod
2872 5168 2938 5222 ad
2962 5183 3061 5222 nos
3079 5177 3307 5237 spectat,
3322 5184 3646 5239 responsum
3666 5178 3779 5224 est.

2254 5259 2575 5326 Proximus,
2636 5262 2727 5316 cui
2775 5262 2997 5331 ignotus
3041 5260 3214 5316 fuisse
3275 5262 3480 5316 dicitur
3528 5262 3784 5332 lgnatins

2185 5362 2393 5418 noster,
2419 5361 2504 5407 est
2534 5352 2702 5407 Caius
2731 5353 2976 5422 quidam,
3002 5362 3063 5407 nt
3092 5354 3327 5421 videtur,
3361 5356 3521 5424 cujus
3572 5358 3784 5425 scripta

2185 5446 2371 5501 omnia
2403 5446 2703 5515 perierunt.
2738 5446 2796 5499 Si
2821 5446 2944 5500 libri
2970 5446 3091 5515 ejus
3113 5455 3411 5514 exstarent,
3442 5448 3579 5501 forte
3609 5462 3676 5501 ex
3708 5448 3787 5504 iis

2186 5538 2392 5607 aliquid
2417 5538 2549 5591 certi
2574 5538 2922 5602 haberemus,
2944 5554 3053 5607 quo
3076 5539 3193 5593 hate
3218 5540 3532 5609 conjectura
3567 5540 3785 5610 liquido

2184 5629 2361 5683 refelli
2407 5640 2616 5698 posset.
2675 5628 2832 5683 Nunc
2889 5646 3012 5683 cum
3075 5631 3445 5700 fragmentum
3493 5630 3781 5701 quoddam

2186 5720 2567 5774 tantummodo
2599 5723 2741 5788 apud
2771 5719 3064 5775 Eusebium
3098 5732 3294 5785 exstet,
3336 5723 3498 5791 idque
3527 5724 3645 5775 sine
3673 5737 3746 5776 no

2187 5810 2354 5876 mine,
2391 5810 2479 5865 cui
2516 5820 2897 5877 argumentum
2943 5812 3223 5869 innititur:
3263 5815 3432 5870 multo
3470 5813 3627 5868 nobis
3669 5811 3776 5866 dir-
