4078 6394
245 364 359 427 155

936 354 984 413 Ι.
1020 355 1389 414 PEARSONII
1428 354 1755 413 VINDICLE
1814 350 2239 412 lGNATlANE.
2282 384 2351 395 ———
2386 352 2569 411 PARS
2608 354 2650 410 Ι.

3435 362 3546 420 2σ⁵6

250 478 457 535 Ωοίιίοι·
486 476 607 534 haec
637 476 923 548 provincia
965 476 1235 543 redditur,
1286 475 1383 532 sed
1423 484 1479 530 et
1526 474 1845 544 conjectura

1950 470 2170 543 θρωπον
2203 471 2637 541 καταγγέλλοντα
2669 469 2759 526 τὸν
2792 472 3050 543 Χρττόη
3110 471 3187 527 Ac
3224 474 3454 543 fortasse
3487 479 3542 532 id

248 569 429 627 simul
470 569 645 645 multo
679 568 937 625 debilior.
988 567 1045 623 Si
1088 567 1417 638 saepiuscule
1469 564 1638 622 Caius
1675 566 1764 620 ille
1792 566 1851 620 in

246 662 415 717 libris
437 661 558 717 suis
595 660 868 731 lgnatium
898 672 1148 717 nostrum
1178 661 1544 728 nominasset,
1585 661 1731 731 quod
1782 660 1854 715 ab

244 753 350 809 illo
375 752 499 808 ﬁeri
528 752 780 823 potuisse
811 767 974 808 nemo
994 761 1164 817 certe,
1186 765 1386 822 prater
1428 750 1721 817 Dallseum,
1757 766 1856 806 ne-

248 857 387 913 gare
428 848 615 911 potest
651 841 814 909 (vixit
851 841 1001 896 enim
1050 839 1218 896 tertio
1268 840 1501 906 saeculo,
1558 836 1851 909 pastquam

248 934 396 990 ﬁcta:
425 933 695 989 dicuntur
730 932 927 1004 lgnatii
964 933 1212 1005 epistola:
1247 932 1538 997 Salmasio,
1567 942 1624 989 et
1659 932 1854 987 Alber-

249 1024 787 1091 tino);nihiltamen
812 1024 866 1080 id
902 1040 1005 1081 nos
1023 1025 1199 1096 juvat,
1227 1026 1294 1080 ad
1317 1040 1459 1095 quos
1483 1025 1561 1079 illi
1591 1038 1702 1079 non
1733 1040 1855 1094 per-

243 1126 552 1175 venerunt.
582 1116 666 1173 Ex
696 1117 950 1173 inutituto
981 1118 1248 1181 auctoris,
1275 1126 1331 1171 et
1374 1116 1540 1171 modo
1575 1114 1854 1174 scribendi

246 1208 387 1263 nihil
425 1223 703 1280 reponere
732 1207 940 1273 licebit,
961 1207 1109 1277 quod
1136 1206 1205 1262 de
1232 1207 1459 1272 Irenaeo,
1490 1203 1852 1271 Tertulliano,

247 1300 566 1371 Epiphanio
599 1298 859 1355 fecimus.
896 1299 979 1354 Ad
1037 1307 1424 1369 argumentum
1467 1297 1632 1368 igitur
1664 1312 1695 1352 e
1737 1293 1850 1352 fra-

245 1401 477 1463 gmento
526 1391 861 1462 productum
896 1406 967 1445 ex
998 1390 1119 1446 solo
1169 1389 1479 1460 fragmento
1517 1389 1856 1459 respondere

246 1500 574 1555 possumus.
608 1482 746 1538 lllud
781 1492 966 1537 autem
1011 1483 1099 1538 sic
1128 1497 1189 1539 se
1226 1482 1393 1537 habet
1427 1499 1441 1535 :
1474 1484 1727 1535 Artemon
1756 1481 1855 1535 do-

245 1581 395 1631 cebat
427 1575 710 1632 Christum
731 1591 842 1629 esse
864 1590 1058 1644 purum
1086 1582 1135 1627 et
1160 1574 1362 1627 nudum
1381 1574 1667 1639 hominem,
1692 1571 1849 1642 lgnar

246 1668 356 1720 tius
403 1667 749 1722 contrarium
790 1666 991 1719 docuit.
1040 1662 1225 1719 Recte.
1265 1663 1371 1729 Qui
1408 1664 1746 1719 Anemonem
1773 1679 1857 1717 se-

1951 563 2092 632 quod
2119 562 2319 616 dicitur
2344 561 2592 616 credibile
2624 562 2908 629 videretur,
2943 563 3049 616 nisi
3089 563 3165 617 eis
3207 565 3542 636 refragareu-

1955 661 2043 707 tur
2069 654 2303 722 primum
2338 654 2550 724 quidem
2587 654 2782 708 divina:
2840 652 3156 724 Scriptura,
3200 657 3389 711 deinde
3429 658 3544 727 fra-

1954 754 2098 798 trum
2119 746 2476 816 quarumdam
2497 748 2701 815 scripta
2740 744 2969 801 Victoris
3010 758 3167 803 aetate
3213 750 3539 820 antiquiora,

1953 852 2071 906 qua!
2094 837 2176 890 illi
2205 836 2454 891 adversus
2493 848 2669 907 gentes
2706 854 2801 906 pro
2831 839 3071 903 ueritate,
3122 849 3173 894 et
3219 850 3406 894 contra
3456 843 3539 895 sui

1956 929 2207 997 temporis
2234 928 2508 984 htcreticos
2536 930 2880 999 scripserunt.
2906 929 3179 985 Iustinum
3200 932 3457 1002 intelligo,
3490 941 3540 986 et

1956 1018 2282 1087 Miltiadem,
2330 1031 2382 1075 et
2432 1020 2745 1089 Tatianum,
2793 1038 2856 1075 ac
2906 1022 3245 1088 Clementem,
3304 1025 3542 1095 aliosque

1953 1113 2392 1182 quamplurimas,
2429 1114 2481 1168 in
2502 1130 2727 1183 quorum
2755 1113 2997 1167 omnibus
3021 1113 3172 1167 libris
3202 1115 3445 1169 Christus
3482 1123 3542 1169 ut

1954 1203 2097 1279 Deus
2128 1214 2551 1275 reprwsentatur.
2582 1204 2724 1259 Nam
2756 1204 2950 1259 Irenazi
2974 1207 3203 1275 quidem,
3234 1218 3283 1261 et
3326 1206 3542 1262 Melita-

1960 1297 2068 1361 nis,
2097 1305 2149 1351 et
2178 1296 2501 1366 reliquarum
2534 1298 2734 1367 scripta
2762 1298 2880 1367 quis
2919 1308 2995 1351 est
3036 1298 3127 1367 qui
3167 1299 3392 1368 ignoret,
3423 1315 3541 1370 qua:

1957 1385 2231 1440 Christum
2282 1386 2449 1439 Deum
2486 1388 2645 1440 simul
2701 1396 2856 1457 atque
2901 1387 3162 1441 hominem
3207 1389 3543 1458 praedicant?

1956 1477 2170 1543 Quibus
2201 1478 2382 1533 verbis
2415 1479 2613 1535 videtis
2649 1494 2774 1534 eum
2821 1478 3066 1549 proferre
3098 1480 3235 1533 velle
3276 1496 3543 1549 quorum-

1957 1568 2085 1623 dam
2117 1568 2350 1623 fratrum
2381 1570 2607 1640 scripta,
2645 1578 2858 1639 tempus
2887 1571 3170 1641 assignare
3202 1581 3327 1625 ante
3356 1570 3541 1626 Victo-

1958 1661 2035 1715 ris
2064 1671 2302 1726 atatem,
2341 1672 2599 1719 auctores
2640 1664 2774 1719 certi
2820 1664 3036 1734 generis
3071 1664 3378 1735 indigitare,
3420 1681 3538 1732 eos,

242 1756 575 1827 quebantur,
617 1756 927 1811 asserebant
975 1755 1278 1808 doctrinam
1343 1769 1497 1807 suam
1549 1769 1662 1808 esse
1712 1753 1856 1807 anti-
1958 1770 2175 1825 nempe,
2208 1756 2302 1826 qui
2332 1757 2597 1813 adversus
2627 1766 2817 1827 gentes
2854 1767 2908 1812 et
2954 1758 3240 1813 haereticos
3278 1759 3365 1814 sui
3400 1768 3540 1813 tem-

239 1866 429 1920 quam,
468 1865 639 1919 usque
674 1849 744 1902 ad
793 1847 1057 1902 Victorem
1084 1847 1329 1914 durasse,
1360 1864 1395 1900 a
1426 1844 1723 1916 Zepltyrino
1744 1863 1855 1902 esse
1887 1827 1929 1882 Β
1957 1845 2108 1915 poris
2136 1860 2202 1901 ex
2233 1845 2481 1916 professo
2511 1849 2797 1917 scripsere.
2822 1847 3124 1905 Observare
3156 1852 3384 1919 potestis
3412 1851 3542 1905 alio-

241 1954 535 1999 mutatam.
568 1941 734 1997 Caius
770 1941 1020 2011 producit
1059 1949 1277 1995 econtra
1323 1957 1412 1994 eos
1441 1941 1536 2010 qui
1580 1951 1705 1995 ante
1756 1938 1857 1994 Ze-
1959 1953 2080 1991 rum
2106 1937 2471 2007 complurium
2497 1940 2719 1994 nomina
2740 1941 2807 1995 de
2831 1941 3099 1996 industria
3126 1941 3194 1996 ab
3220 1942 3337 2012 ipso
3369 1940 3541 1997 fuisse

239 2035 535 2105 phgrinum
565 2033 847 2101 scripsere,
870 2032 965 2101 qui
998 2029 1271 2086 Christum
1316 2039 1366 2085 et
1413 2030 1581 2085 Deum
1611 2040 1661 2084 et
1692 2028 1858 2083 homi-
1957 2029 2186 2097 omissa,
2215 2046 2406 2085 eorum
2451 2033 2743 2102 pmcipue,
2795 2035 2889 2104 qui
2927 2036 3166 2092 maxime
3203 2045 3361 2092 erant
3402 2037 3538 2092 uoti.

240 2143 356 2180 item
382 2125 785 2196 pradicarunt.
818 2121 971 2177 Inter
992 2139 1080 2178 eos
1106 2122 1383 2193 lgnatium
1429 2140 1537 2177 non
1579 2125 1853 2189 nominat;
1956 2120 2193 2176 Causam
2220 2122 2386 2193 igitur
2406 2123 2573 2180 Caius
2605 2144 2713 2180 non
2742 2126 3066 2198 assignavit,
3095 2129 3165 2183 ob
3190 2144 3354 2198 quam
3385 2127 3539 2199 lgna-

237 2234 360 2287 ergo
387 2232 520 2271 eum
549 2213 857 2285 ignorabat.
890 2211 961 2268 Ut
983 2213 1178 2268 Caium
1220 2213 1346 2268 ideo
1378 2212 1664 2283 ignorasse
1692 2212 1853 2284 lgna-
1956 2211 2091 2266 tium
2122 2214 2462 2281 nominaret;
2489 2232 2585 2271 cur
2609 2227 2788 2271 autem
2810 2232 2936 2273 eum
2962 2218 3253 2285 omitteret,
3277 2222 3537 2289 optimam

240 2312 375 2362 tium
399 2314 648 2366 constet.
682 2305 813 2374 quia
840 2320 969 2359 eum
999 2319 1107 2358 non
1135 2303 1465 2365 nominavit,
1507 2318 1733 2359 necesse
1762 2312 1853 2359 est
1954 2312 2009 2357 et
2044 2308 2565 2375 opportunissimam
2612 2310 2866 2378 prodidit.
2900 2309 3120 2366 Nullum
3164 2312 3330 2381 igitur
3358 2329 3420 2367 ex
3463 2315 3539 2369 si-

241 2398 496 2454 utetiam
525 2405 749 2453 constet
797 2411 926 2452 eum
950 2410 1167 2460 omnes,
1207 2410 1348 2465 quos
1382 2395 1525 2449 idem
1562 2394 1856 2464 scripsisse
1955 2393 2122 2450 lentio
2155 2397 2318 2467 hujus
2346 2396 2635 2469 fragmenti
2658 2399 2865 2472 lgnatio
2893 2412 3082 2458 nostro
3117 2405 3441 2473 perieulum.

240 2492 408 2558 norit,
434 2492 785 2546 nominasse.
811 2487 870 2543 ld
895 2503 1024 2544 vero
1044 2497 1299 2544 constare
1320 2502 1431 2541 non
1450 2495 1667 2557 potest;
1694 2494 1855 2542 erant
2025 2485 2178 2541 Idem
2209 2487 2568 2559 judieaudum
2595 2493 2660 2547 de
2715 2492 2979 2549 Clemente
3013 2496 3400 2563 Alexandrino,
3454 2500 3538 2554 in-

236 2582 384 2636 enim
418 2578 822 2651 quamplurimi
859 2579 953 2649 qui
999 2589 1127 2632 ante
1158 2575 1530 2647 Zephyrinum
1558 2575 1850 2645 scripsere,
1951 2576 2090 2646 quit.
2149 2578 2261 2635 lmo
2308 2597 2440 2636 vero
2486 2589 2553 2638 de
2589 2582 2886 2641 Clementis
2922 2586 3276 2642 Alexandrini
3320 2590 3539 2645 silentio

236 2682 292 2728 et
320 2672 619 2729 Christum
650 2670 823 2726 Deum
863 2678 920 2725 et
952 2668 1231 2725 hominem
1257 2669 1468 2733 dixere,
1502 2683 1643 2739 quos
1672 2683 1852 2738 neque
1952 2666 2090 2721 nihil
2111 2667 2317 2739 liquido
2349 2670 2629 2740 aﬂirmari,
2661 2675 2797 2730 nihil
2824 2676 2948 2731 inde
2977 2686 3129 2732 certo
3157 2680 3408 2735 concludi
3437 2698 3537 2752 po-

235 2764 409 2821 Caius
456 2766 740 2829 nominat,
791 2777 974 2833 neque
1037 2762 1325 2833 ignorasse
1374 2760 1686 2817 censendus
1739 2769 1846 2817 est.
1952 2766 2079 2814 test.
2127 2758 2544 2831 Quamplurima
2575 2766 2721 2820 enim
2756 2767 2877 2835 ejus
2910 2770 3111 2839 scripta
3150 2773 3446 2842 perierunt,
3479 2786 3539 2833 ut

236 2858 355 2915 lno
380 2868 604 2915 certum
650 2866 738 2914 est
784 2856 983 2913 Caium
1020 2857 1333 2927 aliquorum
1364 2855 1678 2911 testimonia
1709 2855 1850 2910 omi-
1962 2848 2436 2908 ’Υποτυπώσεων
2462 2856 2587 2910 libri
2613 2873 2731 2921 vm,
2768 2857 2845 2913 De
2878 2862 3127 2928 paschale
3157 2864 3251 2920 lib.
3294 2883 3334 2934 ι,
3359 2866 3438 2922 De
3457 2870 3538 2936 ie-

236 2954 384 3009 sisse
411 2968 543 3023 quae
567 2951 850 3022 cognovit,
884 2958 960 3017 et,
988 2950 1138 3019 quod
1179 2964 1297 3004 rem
1329 2956 1575 3004 nostram
1616 2946 1847 3018 propius
1945 2945 2104 3016 junio
2133 2948 2455 3020 disputatio,
2498 2951 2577 3007 De
2605 2954 2985 3012 obtrectatione
3011 2959 3105 3013 lib.
3134 2975 3174 3028 ι,
3204 2960 3281 3015 De
3318 2967 3538 3018 canoni-

238 3054 484 3115 spectat,
532 3043 658 3098 ideo
692 3040 961 3097 nonnulla
999 3040 1354 3111 praeteriisse,
1387 3039 1536 3109 quod
1570 3054 1636 3095 ea
1665 3038 1817 3093 cunni
1949 3039 2045 3091 bus
2098 3040 2470 3096 ecclesiasticis
2523 3053 2578 3099 et
2640 3046 2897 3102 adversus
2951 3047 3307 3109 Judaizantes
3360 3056 3457 3111 lib.
3498 3074 3535 3113 ι.

236 3138 343 3192 bus
374 3146 510 3192 uota
541 3143 789 3205 putaret,
835 3133 892 3187 in
935 3147 1172 3202 quorum
1206 3146 1437 3186 numero
1473 3129 1669 3187 merito
1710 3142 1845 3186 sane
1873 3171 1916 3231 ο
1950 3123 2147 3183 Utrum
2189 3128 2382 3201 lgnatii
2415 3131 2468 3186 in
2502 3133 2609 3186 illis
2649 3136 2731 3189 vel
2768 3152 2957 3192 eorum
2989 3140 3174 3211 aliquo
3204 3144 3536 3213 meminerit,

233 3228 492 3299 lgnatius
519 3226 811 3298 ponendus
836 3235 923 3282 est
953 3225 1200 3281 omnium
1235 3224 1587 3289 notissimus;
1635 3222 1842 3277 fatente

232 3324 406 3378 etiam
441 3321 569 3375 viro
637 3319 986 3386 doctissimo,
1030 3318 1077 3375 si
1117 3317 1382 3388 epistolas
1426 3316 1551 3372 illas
1601 3315 1841 3385 scripsit,

235 3431 332 3470 eas
377 3430 495 3469 non
526 3414 775 3483 potuisse
802 3426 912 3466 non
939 3410 1199 3465 omnibus
1247 3424 1372 3465 esse
1411 3407 1841 3479 cognitissimas,

236 3508 361 3563 sine
409 3521 527 3575 qua
570 3504 880 3560 assertione
923 3509 1309 3573 argumentum
1374 3515 1584 3571 uagam
1635 3499 1843 3554 nullius

237 3606 388 3654 esset
418 3596 710 3668 ponderis.
752 3593 1048 3657 Praeterea,
1095 3592 1231 3649 certi
1281 3591 1500 3661 generis
1547 3591 1843 3661 scriptores

238 3690 492 3745 incertus
539 3688 635 3743 ille
674 3695 873 3742 auctor
906 3683 1099 3742 statuit
1141 3686 1469 3754 producere,
1511 3698 1622 3737 non
1657 3689 1841 3736 autem

238 3783 403 3846 alios,
441 3781 502 3834 in
525 3793 640 3849 quo
662 3793 866 3849 genere
899 3774 961 3833 S.
992 3776 1241 3847 lgnatius
1268 3774 1496 3829 minime
1519 3772 1846 3829 recenseba-

239 3882 330 3927 tur
349 3911 370 3937 ,
402 3886 527 3935 eos,
558 3869 796 3931 scilicet,
821 3868 919 3938 qui
963 3867 1228 3922 adversus
1256 3873 1447 3937 gentes
1482 3864 1843 3934 scripserunt,

239 3970 294 4015 et
324 3976 394 4017 ex
428 3958 690 4030 professo
726 3959 996 4014 adversus
1028 3957 1335 4012 htereticos.
1383 3955 1645 4011 Videmus
1677 3954 1846 4025 igitur

239 4053 395 4109 illius
457 4050 779 4106 institutum
827 4058 1002 4119 atque
1063 4048 1410 4118 propositum
1473 4046 1645 4102 fuisse
1708 4045 1845 4100 tales

240 4154 501 4201 auctores
525 4144 851 4215 producere,
883 4142 1062 4213 qualis
1091 4140 1332 4212 lgnatius
1360 4156 1471 4195 non
1521 4138 1624 4194 fuit
1649 4156 1665 4206 ;
1707 4138 1845 4195 tales

240 4236 527 4301 omittere,
557 4233 742 4305 qualis
765 4232 1013 4304 lgnatius
1038 4231 1266 4286 omnino
1305 4228 1430 4285 fuit.
1486 4227 1568 4283 Ex
1627 4228 1845 4284 silentio

241 4328 408 4399 igitur
438 4326 565 4382 Caii
594 4341 706 4380 non
730 4333 913 4396 potest
949 4323 1140 4378 inferri
1168 4323 1441 4395 ignoratio
1471 4319 1686 4393 lgnatii.
1719 4319 1846 4377 llaec

242 4422 430 4475 omnia
483 4420 543 4473 in
586 4419 769 4473 verbis
811 4416 882 4472 ab
913 4415 1152 4471 Eusebio
1191 4414 1430 4470 laudatis
1474 4414 1842 4483 reperiuntur.

1949 3232 2144 3287 necne,
2176 3235 2340 3275 nemo
2363 3232 2513 3277 certo
2544 3224 2815 3282 aliirmare
2842 3239 3041 3299 potest.
3074 3229 3130 3285 ln
3162 3233 3536 3293 Admonitione

1950 3308 2020 3362 ad
2049 3319 2247 3380 gentes.
2279 3311 2333 3365 in
2362 3312 2540 3369 tribus
2569 3314 2857 3388 Pwdagagi
2888 3320 3065 3387 libris,
3106 3321 3161 3376 in
3214 3328 3536 3384 tractatibus

1948 3399 2187 3469 duobus,
2227 3416 2465 3472 quorum
2498 3420 2646 3460 nunc
2682 3407 2849 3473 unus;
2884 3426 3031 3466 nunc
3058 3412 3198 3467 alter
3234 3414 3415 3470 locum
3438 3433 3536 3472 occ

1947 3494 2057 3547 tari
2088 3494 2215 3548 libri
2266 3493 2602 3551 Stromateon
2651 3502 2973 3570 occupabat,
3014 3506 3106 3573 qui
3151 3506 3265 3575 jam
3317 3510 3533 3565 tandem

1948 3584 2112 3640 ambo
2148 3595 2387 3650 exstant,
2415 3588 2624 3643 nullum
2655 3590 2883 3647 omnino
2912 3593 3237 3664 scriptorem
3267 3597 3534 3655 Christia-

1947 3692 2083 3731 num
2136 3678 2388 3733 nominat
2436 3678 2712 3737 Clemens.
2776 3682 2845 3736 At
2898 3685 2956 3738 in
3003 3686 3155 3739 libris
3193 3682 3544 3741 Stromateon

1944 3767 2203 3838 plurimos
2232 3768 2448 3839 gentiles
2483 3780 2533 3825 et
2583 3771 2915 3829 Christianos
2959 3777 3217 3843 nomiunt,
3263 3778 3534 3850 Ignatium

1946 3877 2237 3932 nunquam.
2279 3859 2555 3919 Plurimos
2592 3864 2809 3935 quidem
2869 3866 3101 3937 gentiles
3137 3870 3407 3935 nominat,
3437 3872 3534 3926 sed

1947 3955 2079 4025 quid
2113 3956 2218 4011 hoc
2251 3957 2317 4012 ad
2353 3958 2659 4027 lgnatium?
2691 3974 2799 4013 non
2836 3976 3042 4030 paucos
3086 3962 3251 4017 etiam
3303 3964 3533 4018 haereti-

1947 4062 2044 4102 cos
2089 4046 2245 4112 citat,
2293 4048 2387 4102 sed
2426 4065 2527 4104 nec
2571 4049 2711 4104 inter
2745 4065 2841 4104 eos
2874 4050 3118 4121 lgnatius
3168 4055 3535 4126 requirendus

1948 4146 2052 4191 est.
2089 4136 2446 4205 Christianos,
2484 4140 2589 4194 hoc
2628 4148 2713 4195 est
2757 4141 3055 4199 catholicos
3100 4162 3207 4200 non
3250 4145 3531 4216 plurimos,

1947 4234 2042 4287 sed
2097 4232 2464 4301 paucissimos
2526 4235 2809 4302 nominat,
2855 4243 2967 4291 tres
3011 4247 3157 4292 certe
3204 4248 3436 4305 tantum,
3485 4240 3534 4295 si

1949 4323 2114 4379 modo
2139 4332 2193 4379 et
2227 4324 2305 4378 illi
2354 4325 2613 4380 catholici
2648 4343 2840 4383 omnes
2876 4328 3007 4396 sint,
3042 4328 3371 4396 Barnabam,
3404 4329 3533 4386 Cle—

1949 4427 2211 4481 mentem,
2247 4414 2528 4483 Hermam,
2559 4434 2755 4474 omnes
2786 4429 2934 4475 certe
2968 4430 3229 4491 tanquam
3267 4422 3325 4478 S.
3360 4422 3534 4481 Paulo

239 4513 381 4568 Cum
410 4512 567 4568 enim
595 4510 844 4566 dicerent
874 4509 1214 4563 Artemonici
1246 4507 1588 4577 antiquiores
1623 4521 1838 4571 omnes,
1868 4521 1925 4584 ι)
1949 4523 2188 4574 coaevus,
2226 4518 2281 4563 et
2313 4518 2577 4579 tanquam
2620 4527 2814 4567 sacros
2863 4516 3046 4583 potius
3075 4531 3241 4585 quam
3273 4516 3534 4571 ecclesia-

239 4609 409 4662 ctiam
433 4603 759 4677 apostolos,
787 4619 981 4658 eorum
1015 4602 1324 4658 doctrinam
1354 4602 1665 4668 tradidisse,
1696 4618 1845 4657 eam-

238 4714 346 4769 que
375 4700 433 4754 in
469 4695 720 4752 Ecclesia
745 4695 1081 4751 custoditam
1106 4694 1278 4750 fuisse
1309 4709 1483 4764 usque
1510 4694 1578 4749 ad
1607 4692 1845 4751 Victoris

238 4793 653 4862 episcopatum,
702 4797 757 4843 et
796 4787 901 4841 sub
944 4784 1254 4857 Zephyrino
1312 4784 1567 4855 pontiﬁce
1623 4786 1846 4841 demum

235 4898 363 4939 esse
392 4881 800 4946 adulteratam;
830 4888 1028 4934 contra
1076 4879 1195 4935 haec
1252 4877 1333 4932 sic
1378 4875 1546 4932 Caius
1598 4876 1709 4943 ille,
1750 4877 1846 4946 qui

238 4977 345 5032 sub
376 4974 722 5045 Zephyrino,
747 4973 832 5027 vel
874 4988 983 5027 non
1015 4972 1189 5026 multo
1213 4978 1340 5041 post
1378 4970 1665 5039 scripsisse
1687 4978 1847 5039 puta-

238 5080 331 5124 tur
368 5086 386 5124 :
419 5063 539 5121 Ἦν
585 5066 630 5119 δ⁴
679 5065 747 5119 ἂν
796 5064 958 5136 τυχὸν
996 5063 1217 5117 πιθανὸν
1247 5063 1309 5116 τὸ
1340 5063 1655 5133 λεγόμενον,
1690 5063 1740 5115 εἱ
1771 5060 1846 5133 μὴ

239 5160 466 5234 πρῶτον
493 5159 599 5231 μὲν
631 5157 961 5212 ἀντέπιπτον
994 5157 1179 5220 αὐτοῖς
1213 5157 1269 5209 αἱ
1305 5156 1445 5210 θεῖαι
1478 5154 1712 5227 Γραφαί’
1750 5152 1846 5207 καὶ

239 5250 495 5321 ἀδελφῶν
547 5248 610 5302 δέ
657 5266 820 5302 τινων
854 5247 972 5301 ἐστὶ
1003 5248 1309 5319 γράμματα
1342 5245 1689 5319 πρεσϐύτερα
1737 5244 1846 5300 τῶν

240 5344 510 5415 Βίκτορος
544 5341 777 5413 χρόνων,
811 5339 848 5396 ἃ
879 5342 1079 5394 ἐκεῖνοι
1124 5339 1264 5412 πρὸς
1297 5340 1366 5393 τὰ
1410 5338 1537 5410 ἔθνη
1574 5337 1715 5410 ὑπὲρ
1747 5337 1846 5409 τῆς

243 5432 644 5508 ἁληοείας,καὶ
675 5432 814 5503 πρὸς
845 5432 945 5495 τὰς
978 5432 1099 5485 τότε
1133 5430 1373 5501 αἱρέσεις
1407 5428 1673 5501 ἔγραψαψ
1702 5427 1847 5497 λέγω

243 5532 297 5586 δὲ
340 5528 641 5586 Ἱωστίνου
672 5526 769 5582 καὶ
798 5526 1116 5591 Μιλτιάδου,
1140 5525 1232 5579 καὶ
1266 5522 1555 5587 Τατιανοῦ,
1586 5522 1681 5577 καὶ
1702 5522 1848 5594 Κλή-

243 5638 466 5695 μεντος,
524 5619 623 5674 καὶ
668 5619 874 5691 ἑτέρων
920 5616 1202 5681 πλειόνων,
1253 5616 1313 5669 ὲν
1357 5610 1438 5679 οἷς
1471 5616 1643 5668 amat
1676 5612 1848 5667 θεολο-

242 5719 424 5785 τεῖται
459 5714 492 5766 6
526 5710 783 5783 Χριστός.
820 5710 903 5765 Τὰ
934 5710 1043 5781 γὰρ
1068 5707 1359 5780 Εἱρηναίου
1392 5724 1452 5761 τε
1485 5706 1578 5760 καὶ
1609 5705 1848 5761 Μελιτω-

241 5827 330 5874 νος
364 5808 465 5863 καὶ
498 5804 611 5861 τῶν
652 5801 854 5857 λοιπῶν
886 5801 970 5866 τίς
1001 5803 1189 5870 ἀγνοεῖ
1221 5798 1422 5871 βιϐλία,
1457 5798 1589 5853 θεὸν
1622 5798 1716 5853 καὶ
1747 5798 1845 5855 ἄν·

584 5899 861 5958 ,νισι-ποι.
911 5896 1034 5958 Gn.
1088 5890 1161 5951 V.

1949 4600 2118 4656 sticus
2168 4602 2485 4671 scriptores.
2528 4602 2792 4674 Κλήμης,
2841 4604 3041 4674 inquit,
3085 4607 3113 4659 6
3146 4606 3465 4671 ἀπόστολος,
3503 4609 3534 4662 6

1946 4693 2241 4759 ἀπόστολος
2291 4695 2576 4767 Βαρνάϐας
2596 4738 2610 4761 ,
2648 4697 2809 4762 θείως
2842 4699 2876 4770 ἡ
2909 4698 3136 4770 δύναμις
3168 4702 3201 4771 ή
3236 4699 3314 4770 τῷ
3358 4700 3533 4772 Ἑρμᾷ

1949 4786 2070 4839 κατ’
2113 4786 2456 4857 ἀποκάλυψιν
2502 4788 2757 4842 λαλοῦσαι.
2809 4788 3142 4861 Scriptorcm
3196 4792 3532 4848 catholicum

1948 4880 2175 4935 secundi
2221 4880 2321 4933 aevi
2372 4896 2440 4933 ne
2475 4897 2643 4934 unum
2679 4881 2903 4951 quidem
2938 4882 3231 4936 nominat:
3274 4884 3321 4938 si
3369 4883 3533 4953 Igna~

1948 4973 2083 5027 tium
2110 4981 2417 5042 prastereat,
2442 4973 2685 5042 praaterit
2712 4982 2765 5027 et
2790 4971 3174 5047 Polycarpum,
3197 4984 3248 5028 et
3282 4972 3529 5044 Papiam,

1946 5074 2001 5119 et
2031 5063 2393 5131 Quadratum,
2432 5074 2485 5119 et
2520 5066 2837 5134 Aristidem,
2871 5076 2926 5122 et
2954 5065 3253 5132 Justinum,
3288 5076 3343 5122 et
3375 5065 3532 5122 Meli-

1948 5166 2155 5223 tonem,
2186 5166 2241 5211 et
2274 5159 2699 5229 Athenagoram,
2736 5168 2791 5213 et
2816 5158 3157 5231 Dionysium,
3176 5169 3231 5215 et
3262 5157 3528 5232 Hippoly-

1949 5260 2088 5318 tum,
2112 5260 2166 5306 et
2192 5249 2577 5322 Hegesippum,
2603 5260 2656 5306 ct
2685 5252 2949 5309 Irenaeum
2972 5271 2987 5321 ;
3011 5268 3152 5323 quos
3184 5268 3377 5308 omnes
3401 5268 3528 5308 eum

1948 5342 2289 5414 ignoravisse
2313 5358 2419 5397 non
2451 5353 2605 5413 puto,
2625 5345 2799 5416 magis
2823 5360 2988 5416 quam
3014 5344 3335 5415 magistrum
3365 5360 3530 5400 suum

1947 5432 2290 5490 Pantaenum.
2344 5432 2450 5490 Sed
2484 5435 2677 5490 mirum
2718 5447 2819 5503 est,
2846 5437 3043 5509 inquit,
3073 5438 3164 5509 qui
3207 5438 3286 5492 uel
3312 5453 3379 5493 ea:
3424 5454 3530 5493 una

1950 5525 2235 5581 Clementis
2252 5526 2321 5580 ad
2336 5524 2642 5581 Corinthios
2664 5528 2891 5597 epistola
2912 5529 3019 5584 tria
3032 5539 3318 5601 quatuorve
3336 5530 3453 5584 loca
3477 5533 3529 5586 in

1950 5615 2298 5673 Stromateon
2317 5633 2466 5687 opere
2484 5618 2787 5689 descripsit;
2800 5620 2932 5674 nihil
2951 5621 3003 5675 in
3030 5630 3139 5675 tam
3160 5622 3341 5675 multis
3366 5618 3529 5692 lgna-

1951 5709 2033 5774 tii,
2047 5725 2109 5763 ne
2124 5711 2436 5764 sententiam
2451 5710 2662 5781 quidem
2678 5728 2838 5766 unam
2853 5714 3105 5783 reperisse
3120 5729 3281 5784 quam
3300 5724 3529 5773 notaret.

1949 5800 2060 5855 Cur
2091 5816 2200 5855 nou
2237 5811 2291 5856 et
2334 5799 2641 5857 Barnabam
2689 5803 2855 5859 etiam
2900 5804 3175 5875 producit,
3202 5804 3297 5864 aui
3330 5803 3530 5875 saepius

3173 5898 3212 5952 9
