4078 6396
579 361 684 418 267

1570 360 1625 417 S.
1669 358 2020 419 IGNATIUS.
2057 393 2122 402 —
2153 359 2686 418 PROLECOHENA.

3750 367 3854 429 26$

580 488 636 541 in
679 499 746 539 eo
790 497 953 553 opere
1002 480 1304 537 laudatur?
1333 497 1433 536 cur
1482 497 1589 535 non
1640 493 1693 537 et
1744 482 2021 546 Hermam,
2066 482 2159 551 qui
2196 489 2231 541 Α
2268 483 2622 550 produceret,
2655 495 2767 550 quo
2816 480 3087 537 refelleret
3124 493 3179 539 et
3224 483 3517 551 refutaret,
3542 498 3654 555 quo
3682 489 3852 556 aperti

581 577 761 631 adhuc
791 574 1132 645 frequentius
1158 574 1485 629 adducitur?
1507 575 1833 645 Quicunque
1865 575 2164 629 Clementis

584 670 910 725 Stromateas
949 669 1122 739 probe
1153 669 1326 735 novit,
1362 685 1643 739 nunquam
1673 670 1965 724 mirabitur
2000 670 2069 723 ab
2097 684 2165 723 eo

579 763 848 833 lgnatium
893 780 1018 820 esse
1051 764 1419 834 praeteritum,
1456 773 1569 820 tres
1604 764 1847 835 reliquos
1881 764 2041 819 toties
2080 764 2164 819 ci-

579 867 745 914 tatos.
781 858 1023 913 Instituit
1058 858 1169 913 illic
1204 858 1510 927 gnosticum
1545 873 1742 921 suum,
1781 873 1889 912 non
1923 856 2164 927 vulgari-

578 949 684 1005 bus
727 951 1015 1020 theologia:
1059 950 1345 1019 principiis
1379 950 1673 1013 imbutum,
1707 950 1803 1004 sed
1838 949 1981 1004 ultra
2021 949 2161 1003 alio—

575 1059 699 1097 rum
721 1042 1163 1097 Christianorum
1192 1048 1395 1095 sortem
1419 1041 1714 1105 elevatum,
1747 1050 1800 1095 et
1820 1051 1881 1095 ut
1904 1041 2164 1111 magister

575 1136 827 1206 Origenis
863 1135 1091 1205 mystica
1136 1148 1369 1203 quaeque
1401 1140 1456 1188 et
1490 1133 1785 1203 anagogica
1820 1131 2023 1201 ubique
2070 1144 2161 1185 se-

576 1240 793 1297 ctatur;
829 1229 1012 1300 qualia
1047 1230 1101 1283 in
1136 1226 1400 1281 Barnabas
1432 1227 1684 1297 epistola,
1720 1236 1775 1280 et
1807 1224 2022 1279 Hermae
2048 1223 2162 1279 Pa—

573 1333 714 1377 store
740 1324 976 1394 plurima
1008 1331 1323 1384 occurrunt,
1358 1322 1412 1376 in
1446 1322 1873 1391 simplicissimis
1898 1330 1953 1375 et
1983 1322 2161 1375 moni-

576 1427 756 1471 torum
776 1415 1154 1470 tantummodo
1177 1414 1478 1469 salubrium
1502 1415 1677 1482 plenis
1699 1413 1890 1483 lgnatii
1913 1415 2161 1483 epistolis

576 1526 683 1564 non
716 1509 1083 1578 reperiuntur.
1124 1507 1227 1563 Sed
1262 1508 1431 1571 dices,
1473 1508 1637 1562 etiam
1688 1506 1988 1564 Clementis
2038 1508 2159 1578 epi-

574 1604 714 1656 stola
748 1601 1150 1671 simplicitatem
1185 1600 1541 1670 apostolicam
1575 1601 1748 1670 spirat
1771 1619 1783 1655 :
1805 1617 1871 1655 ex
1903 1600 1993 1655 illa
2030 1614 2161 1655 vero

581 1695 681 1748 tria
718 1703 1024 1765 quatuorve
1067 1694 1185 1748 loca
1222 1692 1398 1747 affert.
1439 1692 1512 1747 lta
1552 1709 1703 1747 sane.
1760 1694 1865 1747 Sed
1904 1692 2158 1749 Clemens

577 1788 979 1843 Alexandrinus
1020 1787 1184 1841 etiam
1235 1787 1287 1841 in
1327 1787 1417 1841 illa
1451 1786 1657 1856 aliquid
1694 1802 1802 1839 non
1837 1786 2066 1855 simplex
2103 1794 2159 1840 et

2270 574 2539 628 mendacii
2570 583 2625 628 et
2654 574 2776 629 falsi
2808 576 3108 630 testimonii
3141 591 3265 632 reos
3293 577 3540 633 teneret?
3574 576 3776 633 Verum
3806 580 3855 634 si

2270 666 2371 721 hoc
2412 682 2521 721 non
2552 666 2793 731 fecisset,
2821 684 2976 721 suam
3016 670 3126 738 ipse
3167 670 3511 724 traditionem
3549 671 3619 724 ad
3662 672 3853 725 harum

2268 774 2510 811 normam
2546 761 2877 813 correxisset.
2921 759 3060 815 Ante
3089 760 3303 817 dixerat
3336 772 3693 832 opportunum
3715 764 3853 819 hunc

2267 850 2439 903 locum
2477 868 2587 905 esse
2617 851 2906 922 lgnatiana
2948 862 3133 907 nostra
3179 856 3649 923 commemorandi,
3681 873 3853 924 nunc,

2267 946 2312 998 si
2362 956 2881 1013 commemorasset,
2924 949 3252 1003 sententiam
3297 965 3453 1004 suam
3503 952 3854 1018 correxisset;

2267 1045 2323 1091 at
2353 1052 2473 1091 eam
2506 1038 2665 1093 aliter
2687 1040 2960 1111 corrigere
2994 1057 3103 1095 non
3134 1042 3332 1112 potuit,
3360 1043 3464 1097 nisi
3490 1050 3659 1098 totam
3689 1045 3856 1100 oblit-

2267 1138 2499 1186 terasset
2546 1140 2710 1203 atque
2762 1134 3137 1203 expunxisset.
3199 1134 3436 1189 Hocclne
3486 1147 3668 1191 autem
3725 1139 3856 1195 huic

2266 1224 2389 1280 loco
2412 1234 2782 1295 opportunum
2823 1243 2945 1282 esse
2981 1229 3181 1298 potuit.
3207 1230 3354 1299 quod
3382 1239 3553 1284 totum
3588 1239 3857 1288 everteret

2264 1328 2317 1374 et
2347 1321 2719 1389 expungeret?
2749 1320 2873 1376 Haec
2904 1322 3091 1376 omnia
3136 1338 3301 1377 mera:
3330 1333 3460 1379 sunt
3497 1325 3853 1392 conjectura,

2264 1422 2317 1467 et
2358 1413 2578 1483 quidem
2621 1415 3030 1482 infelicissimae,
3063 1432 3161 1471 nec
3207 1418 3398 1487 lgnatii
3446 1418 3716 1488 epistolis,
3747 1435 3854 1476 nec

2265 1506 2545 1575 proposito
2591 1506 2889 1564 Clementis
2919 1509 3034 1563 ullo
3072 1508 3238 1563 modo
3271 1510 3681 1566 convenientes.
3721 1510 3853 1567 Cle-
3906 1512 3916 1521 '

2264 1612 2419 1651 mens
2444 1613 2552 1653 non
2585 1614 2777 1655 omnes
2804 1600 3039 1656 haereses
3069 1603 3330 1671 respexit,
3355 1605 3451 1658 sed
3484 1604 3697 1675 aliquas
3718 1612 3847 1662 tan-

2265 1697 2404 1754 tum,
2434 1704 2531 1744 sua
2564 1699 2721 1746 aetate
2752 1694 2990 1747 maxime
3015 1696 3341 1763 conspicuas
3364 1704 3417 1751 et
3441 1697 3660 1767 scriptis
3681 1700 3849 1755 etiam

2265 1779 2469 1848 ubique
2506 1788 2640 1835 tunc
2667 1781 2930 1850 temporis
2957 1782 3220 1847 celebres,
3247 1783 3449 1853 quibus
3485 1786 3726 1841 maxime
3751 1802 3851 1841 ca-

574 1884 795 1950 vulgare
849 1880 1264 1942 animadvertit,
1301 1879 1393 1935 sed
1430 1878 1629 1948 γνῶσιν
1660 1878 1998 1952 τελειοτέραν
2047 1895 2149 1949 pra

2260 1872 2447 1926 tholici
2487 1872 2847 1939 vexabantur,
2882 1887 3006 1927 cum
3035 1874 3377 1944 antiquiores
3421 1876 3543 1931 alia:
3568 1876 3680 1948 jam
3710 1893 3852 1947 pene

574 1992 632 2031 se
660 1976 860 2037 ferens,
889 1974 1033 2043 quod
1068 1988 1133 2027 ex
1172 1973 1259 2027 illa
1308 1989 1413 2026 non
1452 1973 1619 2027 semel
1653 1974 1914 2042 excerpit.
1948 1970 2154 2027 Obser-

571 2076 661 2120 vat
699 2064 1033 2119 Clementem
1087 2062 1395 2116 Romanum
1449 2062 1785 2117 dill’erentias
1819 2078 2019 2133 eorum
2059 2063 2154 2133 qui

569 2169 697 2212 sunt
749 2157 965 2228 probati
1016 2156 1069 2209 in
1106 2154 1383 2220 Ecclesia,
1415 2156 1752 2221 describere,
1793 2166 1846 2210 et
1880 2156 2022 2211 inter
2056 2172 2154 2212 eos

570 2264 767 2317 ponere
798 2248 891 2301 τὸν
923 2244 1145 2300 δυνατὸν
1178 2244 1379 2313 γνῶσιν
1413 2243 1669 2308 ἐξειπεῖν,
1706 2259 1832 2297 eum
1869 2244 2034 2314 igitur
2066 2244 2152 2299 lo-

565 2355 693 2394 cum
737 2339 823 2394 bis
869 2339 1019 2404 citat,
1058 2348 1173 2392 tum
1228 2337 1280 2391 in
1316 2336 1495 2406 primo
1531 2336 1694 2401 libro,
1732 2346 1846 2389 tum
1884 2335 1937 2388 in
1973 2345 2149 2390 sexto.

566 2429 837 2487 Oliservat
875 2447 1000 2486 eum
1052 2430 1225 2484 τύπον
1254 2431 1377 2483 τινὰ
1411 2428 1505 2483 τοῦ
1540 2428 1850 2482 Γνωστικοῦ
1902 2427 2151 2502 ὑπογρά-

568 2541 709 2593 φειν,
728 2523 957 2592 formam
982 2523 1266 2593 quamdam
1295 2522 1534 2577 Gnosttci
1556 2522 1867 2587 describere,
1891 2522 1957 2576 ad
1985 2536 2151 2592 quam

567 2630 762 2668 omnes
796 2628 933 2683 pene
968 2613 1212 2683 epistola:
1244 2623 1425 2681 partes
1455 2614 1595 2667 miro
1622 2613 1783 2669 modo
1820 2612 1985 2668 refert
2010 2614 2151 2669 libro

568 2714 788 2779 quarto.
824 2702 987 2759 Notat
1024 2716 1078 2760 et
1110 2706 1335 2759 mundos
1384 2704 1503 2774 ejus
1531 2716 1646 2774 post
1687 2722 1940 2759 oceanum
1964 2748 1979 2774 ,
2008 2721 2149 2777 quos

566 2814 692 2853 cum
733 2798 1033 2855 Platonicis
1084 2798 1315 2853 confert.
1353 2797 1505 2852 Talia
1554 2800 1696 2869 apud
1731 2798 2002 2870 lgnatium
2045 2815 2149 2854 no-

566 2899 742 2944 strum
783 2889 1034 2943 invenire
1068 2905 1175 2941 non
1211 2896 1349 2941 erat.
1387 2885 1677 2941 Silentium
1711 2888 1880 2958 igitur
1912 2888 2153 2941 Alexan-

565 2980 711 3035 drini
770 2997 879 3035 non
936 2980 1140 3035 indicat
1191 2980 1473 3051 lgnatiana
1530 2994 1639 3033 non
1692 2978 1897 3043 fuisse,
1936 2978 2029 3033 sed
2082 2977 2150 3032 ad

565 3072 981 3128 informandum
1019 3072 1368 3139 Gnosticum,
1406 3072 1474 3127 ad
1502 3072 1819 3143 mysticam,
1863 3079 1918 3125 et
1946 3085 2151 3138 anago-

567 3163 767 3234 gicam,
784 3162 1285 3233 tropologicamque
1307 3160 1613 3215 doctrinam
1639 3158 2043 3223 illustrandam,
2058 3164 2154 3211 aut

566 3254 967 3328 philosophiam
1002 3254 1354 3308 excolendam
1389 3251 1617 3307 minime
1650 3250 1865 3304 idonea.

639 3346 745 3400 Sed
799 3354 1012 3400 certum
1055 3353 1109 3398 et
1157 3344 1443 3397 deﬁnitum
1500 3340 1659 3396 nobis
1709 3340 1891 3394 locum
1947 3337 2153 3393 indicat

566 3436 906 3492 Stromateon
967 3451 1131 3505 opere
1187 3436 1222 3487 l.
1261 3452 1370 3497 vn,
1422 3448 1478 3503 p.
1522 3433 1645 3500 764,
1680 3448 1793 3501 quo
1825 3432 1947 3487 sine
1979 3431 2150 3487 dubio

564 3528 759 3598 lgnatii
795 3544 993 3584 nomen
1030 3527 1309 3597 posuisset
1343 3525 1624 3591 Clemens,
1652 3525 1697 3579 si
1732 3522 1994 3595 epistolas
2027 3523 2149 3593 ejus

563 3639 806 3693 unquam
860 3621 1104 3676 vidisset.
1163 3619 1300 3673 Mira
1352 3620 1575 3690 quidem
1622 3620 1739 3674 haec
1780 3618 2145 3689 perspicacia,

559 3727 614 3770 et
646 3716 922 3771 scribendi
958 3715 1126 3769 moris
1164 3714 1307 3784 apud
1342 3723 1557 3769 veteres
1591 3719 1849 3767 accurata
1881 3711 2146 3765 observa-

563 3811 661 3874 tio,
697 3825 820 3880 qua:
853 3824 964 3879 quo
997 3809 1229 3877 quisque
1264 3807 1385 3860 loco
1425 3805 1726 3876 quemlibet
1772 3818 1831 3859 se
1865 3801 2146 3872 antiquio-

559 3919 673 3957 rem
711 3904 997 3957 nominare
1028 3901 1300 3965 debuerit,
1329 3898 1571 3955 indicare
1605 3897 1802 3968 potuit.
1845 3894 1946 3950 Ubi
1980 3894 2146 3948 tradit

557 3995 925 4049 haereticorum
954 4003 1122 4047 sectas
1154 3992 1383 4045 Adriani
1405 3992 1616 4045 demum
1639 3989 1867 4059 Augusti
1897 3987 2148 4055 tempori-

558 4080 656 4134 bus
686 4080 974 4133 coalescere
1003 4080 1238 4148 erupisse,
1270 4090 1595 4149 opportunus
1634 4087 1749 4133 erat
1789 4078 1934 4130 locus
1982 4075 2147 4146 Igna-

559 4171 710 4224 tiana
737 4179 920 4224 nostra
948 4171 1409 4224 commemorandi.
1434 4169 1575 4237 Quid
1601 4185 1750 4233 vero,
1770 4184 1837 4222 an
1860 4168 2064 4238 aliquid
2090 4167 2143 4221 in

561 4277 721 4317 suam
749 4262 1076 4316 sententiam
1111 4277 1177 4315 ex
1208 4260 1506 4332 lgnatianis
1556 4262 1774 4316 trahere
1808 4260 2019 4330 potuit?
2060 4259 2143 4312 An

558 4352 803 4424 lgnatius
848 4352 924 4407 illi
958 4353 1188 4407 idoneus
1240 4353 1396 4407 testis
1455 4352 1579 4415 fuit,
1628 4368 1695 4406 ex
1728 4366 1842 4421 quo
1888 4350 2145 4420 probaret

556 4442 847 4497 haereticos
892 4458 998 4497 non
1045 4442 1150 4496 nisi
1184 4440 1288 4496 sub
1336 4441 1562 4495 Adriani
1616 4440 1847 4509 imperio
1887 4439 2140 4509 cmpisse,

2256 1963 2629 2019 evanuissent.
2680 1962 2884 2019 Harum
2942 1966 3096 2020 initia
3155 1967 3341 2037 aliquo
3386 1969 3552 2023 modo
3606 1970 3848 2037 indicat,

2256 2055 2499 2111 Ecclesia
2529 2058 2863 2127 posteriores
2892 2059 3155 2125 ostendit,
3175 2075 3277 2115 nec
3307 2069 3416 2116 tam
3452 2063 3671 2131 quidem
3703 2066 3850 2119 anti-

2255 2162 2395 2217 quas
2426 2163 2590 2217 quam
2646 2147 2751 2218 ipsi
2792 2149 3139 2219 jactitaban't.
3187 2150 3345 2218 Quod
3386 2153 3532 2207 enim
3579 2152 3850 2211 Basilides

2255 2235 2536 2292 Glauciam
2568 2239 2895 2309 magistrum
2940 2255 3102 2294 suum
3144 2252 3436 2309 assereret,
3467 2259 3629 2313 quem
3676 2246 3849 2303 disci-

2254 2330 2367 2399 puli
2394 2330 2515 2399 ejus
2541 2329 2685 2386 Petri
2714 2332 3062 2401 interpretem
3092 2331 3263 2389 fuisse
3291 2334 3667 2406 affirmabant;
3699 2341 3849 2410 quod

2255 2418 2622 2475 Valentiniani
2659 2421 2727 2476 ad
2759 2421 3060 2489 Theodadi,
3094 2432 3356 2494 tanquam
3386 2425 3453 2481 S.‘
3479 2427 3635 2483 Pauli
3674 2431 3849 2486 disci-

2253 2511 2443 2582 pulum
2475 2513 2750 2568 haereseos
2774 2528 2888 2568 suae
2908 2512 3178 2585 originem
3197 2514 3499 2584 referrent;
3528 2519 3850 2577 hazcomnia

2254 2605 2411 2673 quasi
2447 2619 2555 2658 non
2584 2606 2720 2661 satis
2746 2618 2893 2661 certa
2940 2608 3150 2677 rejecit,
3183 2618 3237 2663 et
3272 2626 3395 2679 qua:
3428 2612 3622 2666 harum
3666 2615 3851 2670 haere-

2254 2710 2386 2749 seon
2427 2696 2809 2766 antiquitatem
2858 2699 3087 2754 minime
3133 2701 3451 2770 probarent.
3494 2704 3665 2759 Aliter
3706 2707 3848 2763 satis

2254 2788 2407 2841 novit
2434 2788 2679 2842 omnium
2723 2789 3134 2847 eruditissimus
3177 2791 3456 2857 Clemens,
3489 2810 3599 2849 non
3630 2805 3849 2852 tantum

2254 2880 2357 2934 sub
2392 2880 2631 2951 Trajano
2659 2893 2786 2937 ante
2814 2882 3141 2951 Adrianum,
3176 2900 3289 2940 non
3318 2894 3534 2941 tantum
3572 2890 3675 2943 sub
3705 2899 3850 2945 tem-

2254 2987 2384 3041 pore
2414 2974 2659 3044 martyrii
2687 2972 2977 3043 lgnatiani,
3004 2983 3065 3030 ut
3088 2976 3204 3046 ipse
3232 2976 3472 3046 lgnatius
3496 2980 3724 3047 indicat,
3750 2982 3850 3037 sed

2252 3061 2415 3116 etiam
2469 3077 2584 3117 :rvo
2640 3064 3015 3132 apostolorum
3061 3066 3353 3122 haereticos
3406 3069 3621 3138 aliquos
3668 3072 3850 3126 exsti~

2254 3155 2409 3221 tisse,
2438 3164 2498 3209 ut
2542 3164 2599 3210 et
2640 3156 2872 3212 historia
2912 3158 3306 3226 ecclesiastica,
3338 3168 3391 3215 et
3423 3161 3557 3231 ipsae
3584 3164 3753 3219 etiam
3787 3163 3848 3219 S.

2178 3215 2221 3273 (δ
2257 3242 2553 3315 Scriptura:
2597 3256 2887 3304 testantur.
2942 3251 3357 3321 Iniquissimum
3403 3215 3568 3323 igitur
3606 3265 3691 3310 est
3743 3257 3851 3312 hoc

2251 3339 2375 3394 loco
2417 3340 2726 3408 postulare,
2757 3350 2819 3394 ut
2861 3342 3115 3397 Clemens
3158 3341 3427 3412 lgnatium
3475 3356 3755 3413 nostrum,
3803 3350 3852 3404 si

2251 3432 2524 3499 scivisset,
2577 3434 2802 3500 citaret;
2836 3436 2905 3489 ah
2949 3437 3098 3490 omni
3148 3438 3362 3491 ratione
3414 3440 3859 3509 alienissimum,

2249 3526 2588 3597 ignoravisse
2617 3542 2764 3593 eum,
2797 3530 2941 3598 quod
2979 3545 3087 3583 non
3116 3530 3383 3595 citaverit,
3419 3532 3782 3590 concludere.

2322 3617 2809 3674 Verumeninivcro
2871 3622 3055 3675 eadem
3097 3632 3175 3676 est
3216 3664 3231 3689 ,
3275 3623 3483 3694 inquit,
3525 3635 3574 3679 et
3618 3604 3851 3681 alterius

2248 3710 2527 3780 cujusdam
2553 3709 2840 3765 Clementis
2868 3714 3142 3768 sententiae
3164 3715 3325 3769 ratio.
3352 3713 3455 3769 Ille
3482 3718 3621 3769 enim
3646 3719 3851 3771 statuit

2248 3802 2517 3856 Christum
2548 3820 2711 3855 unum
2742 3813 2947 3855 tantum
2986 3821 3185 3857 (mnum
3214 3808 3269 3859 in
3307 3808 3460 3859 terris
3482 3808 3851 3877 prtedicasse;

2249 3905 2304 3949 at
2342 3895 2587 3965 lgnatius
2632 3905 2811 3949 noster
2848 3896 3044 3951 diserte
3084 3898 3269 3952 scribit
3322 3898 3611 3954 Dominum
3661 3904 3853 3959 tribus

2248 4001 2371 4059 post
2426 3990 2757 4058 baptismum
2817 3990 2979 4043 annis
3033 3990 3418 4059 praedicavisse
3467 3994 3852 4064 evangelium.

2246 4080 2362 4137 lmo
2404 4098 2535 4137 vero
2580 4092 2768 4137 noster
2810 4081 3050 4151 lgnatius
3095 4083 3210 4138 haec
3256 4100 3538 4155 nunquam
3592 4087 3852 4159 scripsit.

2246 4174 2379 4241 Quae
2425 4178 2567 4233 enim
2608 4176 2801 4231 rer-itat
2836 4175 3071 4232 Dallaeus
3119 4193 3186 4231 ex
3228 4178 3457 4247 epistola
3502 4179 3568 4234 ad
3606 4179 3851 4237 Trallia-

2248 4282 2351 4322 nos
2380 4270 2577 4337 pagina
2609 4268 2696 4332 76,
2731 4267 2924 4323 eodem
2968 4269 3189 4338 quidem
3220 4271 3341 4325 loco
3369 4271 3512 4340 apud
3551 4270 3852 4329 Usserium

2246 4357 2631 4426 inveniuntur;
2682 4359 2775 4415 sed
2824 4367 2933 4414 tota
2980 4361 3175 4431 pagina
3225 4362 3452 4417 miniata
3506 4372 3612 4429 est,
3671 4373 3733 4421 et
3780 4382 3852 4422 ea

2244 4450 2410 4505 verba
2442 4468 2547 4505 non
2577 4453 2644 4507 ad
2667 4462 2970 4515 auctorem,
2990 4454 3085 4509 sed
3110 4454 3558 4525 interpolatorem
3587 4459 3855 4529 epistolae

556 4551 681 4592 cum
718 4535 834 4605 ipse
865 4544 991 4590 ante
1018 4534 1322 4589 Adrianum
1357 4535 1460 4590 sub
1492 4534 1671 4588 medio
1710 4531 1935 4601 Trajani
1969 4532 2141 4601 impe-
2172 4561 2216 4616 ι)
2245 4540 2528 4597 referenda
2561 4552 2709 4607 sunt,
2736 4553 2790 4599 et
2816 4545 2883 4599 ad
2912 4560 3014 4600 nos
3043 4561 3152 4601 non
3198 4556 3469 4613 spectant,
3500 4548 3592 4617 qui
3626 4551 3853 4620 episto-

554 4630 641 4684 rio
672 4642 869 4698 passus
915 4628 1021 4683 sit?
1052 4626 1171 4682 Non
1221 4628 1327 4683 hoc
1359 4628 1477 4682 vult
1520 4628 1604 4681 vir
1643 4626 2035 4692 doctissimus;
2073 4624 2141 4681 ad

554 4727 887 4781 sententiam
943 4737 1101 4778 suam
1155 4720 1592 4777 conﬁrmandam
1640 4736 1749 4773 non
1796 4719 1972 4789 potuit
2012 4718 2140 4773 Cle-

554 4836 713 4876 mens
754 4820 1023 4896 lgnatium
1060 4818 1368 4879 nominare,
1403 4814 1593 4868 debuit
1646 4814 1713 4868 ad
1759 4812 2135 4869 refellendam.

554 4912 762 4967 Duram
807 4910 1053 4983 profecto
1111 4910 1282 4982 legem
1318 4906 1679 4975 scriptoribus
1713 4906 1953 4977 antiquis
1998 4907 2137 4978 tigit,

554 5006 649 5075 qui
694 5006 1082 5061 necessitatem
1128 5002 1196 5056 iis
1254 5001 1487 5070 imponit
1536 4999 1739 5054 citandi
1798 5000 2139 5055 clarissimos

553 5098 813 5154 Ecclesiae
839 5098 1111 5152 antistites
1148 5105 1339 5149 contra
1380 5110 1535 5149 suam
1572 5094 1919 5149 sententiam.
1949 5093 2139 5164 Neque

554 5192 659 5244 hoc
704 5191 820 5243 vult
853 5189 936 5242 vir
979 5187 1363 5252 doctissimus;
1397 5186 1529 5256 quid
1570 5186 1775 5256 igitur?
1818 5185 2135 5258 lgnatianas

550 5281 803 5352 epistolas
847 5279 1126 5333 traditioni
1172 5295 1287 5333 sua:
1329 5280 1657 5348 apertissime
1703 5288 2049 5350 repugnantes
2092 5281 2138 5333 si

551 5371 808 5436 sciuisset,
833 5370 1039 5439 aliquid
1064 5379 1211 5425 certe
1241 5369 1479 5437 fecisset,
1498 5372 1647 5441 quod
1678 5386 1787 5425 non
1814 5369 1975 5438 fecit;
2003 5372 2137 5441 quid

550 5474 735 5518 autem
782 5465 887 5518 hoc
927 5464 1046 5517 est?
1082 5462 1159 5516 vel
1202 5480 1291 5515 eas
1346 5463 1665 5531 refutasset;
1711 5463 1824 5517 imo
1857 5479 1987 5517 vero
2032 5464 2138 5518 hoc

551 5568 831 5621 nunquam
884 5551 1122 5608 fecisset.
1169 5552 1547 5623 Quisquamne
1578 5562 1823 5607 veterum
1866 5553 2138 5608 Christia-

550 5660 747 5698 norum
785 5660 905 5700 eam
945 5645 1013 5700 de
1050 5646 1457 5716 antiquioribus
1492 5644 1746 5701 Patribus
1779 5655 1831 5701 et
1859 5647 2135 5716 episcopis

549 5738 617 5793 de
645 5739 1017 5808 apostolorum
1041 5740 1325 5811 discipulis
1349 5749 1403 5794 et
1430 5740 1761 5811 martyribus
1795 5740 2133 5809 Opinionem,

551 5836 620 5887 de
651 5833 832 5897 seinso
860 5849 983 5890 eam
1014 5834 1498 5902 praesumptionem
1544 5834 1756 5897 habuit.
1793 5842 1851 5890 ut
1887 5849 1983 5891 eos
2010 5833 2134 5890 ideo

2244 4634 2351 4689 lam
2397 4635 2463 4689 ad
2511 4632 2822 4691 Trallianos
2870 4636 3117 4707 quidem,
3144 4638 3239 4692 sed
3280 4639 3350 4693 ab
3378 4640 3637 4696 omnibus
3669 4658 3853 4698 assu-

2243 4725 2443 4782 mentis
2474 4726 2724 4789 liberam,
2756 4726 3123 4785 defendimus.
3157 4727 3222 4783 Et
3247 4738 3428 4784 tamen
3468 4732 3571 4787 hoc
3605 4735 3852 4791 unicum

2242 4829 2625 4889 argumentum
2656 4819 2829 4885 all'ert,
2854 4837 2964 4891 quo
2988 4822 3181 4891 probet
3204 4821 3473 4894 lgnatium
3500 4835 3553 4880 et
3582 4825 3853 4897 Origeni,

2241 4920 2297 4965 et
2350 4909 2496 4965 Julio
2550 4910 2844 4978 Africano,
2886 4924 2941 4969 et
2997 4912 3282 4968 Lactantio
3332 4915 3578 4987 ignotum
3633 4916 3849 4974 fuisse.

2241 5002 2499 5073 Ejusdem
2529 5002 2719 5059 farinae
2745 5014 2874 5060 sunt
2899 5022 3020 5074 quae
3044 5007 3111 5061 de
3136 5004 3307 5060 Paulo
3330 5007 3647 5078 conjngoto,
3685 5020 3747 5064 et
3780 5013 3856 5065 de

2241 5096 2648 5149 resurrectione
2687 5096 2893 5152 Christi
2945 5098 3153 5153 habet:
3189 5114 3313 5167 qua:
3359 5100 3624 5155 adversus
3675 5100 3855 5172 lgna-

2242 5188 2375 5240 tium
2410 5186 2651 5253 Baronii,
2673 5203 2781 5242 non
2815 5199 2995 5244 autem
3029 5196 3277 5245 nostrum
3304 5191 3639 5246 suntallata.
3688 5192 3853 5250 Nihil

2240 5288 2421 5334 tamen
2452 5279 2595 5334 aliud
2615 5280 2858 5347 alTert,nt
2877 5281 3067 5351 probet
3089 5281 3355 5352 lgnatium
3377 5282 3539 5337 etiam
3565 5282 3851 5356 Dionysio

2238 5370 2614 5426 Alexandrino
2665 5372 2835 5427 fuisse
2878 5372 3141 5441 ignotum.
3196 5370 3354 5437 Quod
3402 5373 3468 5426 ad
3513 5388 3609 5427 eos
3664 5374 3854 5445 igitur

2239 5470 2469 5530 spectat,
2500 5463 2858 5533 expungenda
2901 5461 3061 5531 plane
3101 5477 3169 5515 ex
3198 5461 3355 5515 titulo
3400 5462 3593 5531 capitis
3625 5478 3851 5535 magna

2239 5554 2327 5607 illa
2358 5556 2581 5609 nomina
2614 5554 2885 5626 Origenis,
2915 5552 3045 5608 Julii
3076 5554 3340 5619 Africani,
3372 5553 3667 5622 Lactantii,
3708 5555 3852 5613 Dio—

2239 5648 2380 5718 nysii
2411 5648 2789 5713 Alexandrini,
2821 5658 2875 5703 et
2899 5650 3072 5718 ipsius
3109 5650 3273 5705 etiam
3303 5648 3643 5721 Hieronymi.
3683 5649 3850 5707 Nihil

2237 5751 2383 5794 certe
2422 5742 2685 5797 hactenus
2708 5742 3000 5796 adductum
3036 5751 3139 5809 est,
3169 5759 3279 5813 quo
3308 5743 3568 5812 probetur
3596 5751 3704 5796 aut
3742 5758 3849 5799 ve-

2239 5834 2467 5891 risimile
2542 5834 2802 5892 reddatur
2884 5833 3155 5897 lgnatium
3227 5843 3479 5891 nostrum
3546 5833 3848 5893 Clementi
