4078 6394
282 366 399 422 269

968 366 1021 424 ι.
1063 346 1436 426 pmaso'Nu
1473 366 1799 426 vmmcue
1830 366 2330 426 iGNATlANIE.—
2363 369 2551 427 rans
2582 370 2651 427 ιι.

3460 373 3567 430 2ῗο

281 486 888 544 Alexandrino’l‘uisse
936 487 1182 559 ignotum
1221 507 1233 544 :
1267 498 1323 545 et
1368 504 1470 544 nos
1502 489 1715 544 meliori
1760 503 1884 558 jure
1911 502 1957 560 Α
1986 487 2254 545 Bmoariis
2282 498 2376 544 aut
2396 487 2743 556 lonensmus,
2785 504 3021 560 quorum
3076 488 3349 562 ignoratio
3395 489 3566 546 etiam

277 580 329 634 ei
366 589 565 633 notum
618 579 794 635 fuisse
842 581 1251 637 contendimus.
1308 580 1471 636 Nullo
1514 582 1663 636 enim
1714 582 1882 635 modo

278 670 592 725 verisimile
616 683 701 726 est
728 687 856 725 eum
896 688 1058 742 quem
1090 673 1354 744 Origenes
1381 672 1684 742 discipulus
1713 674 1882 728 etiam

279 759 507 830 iuvenis
541 772 654 817 tam
684 764 826 817 bene
854 764 1007 819 novit
1036 764 1121 835 (ut
1147 765 1513 823 ostendimus)
1541 763 1880 820 Clementem

278 854 622 924 magistrum
652 855 960 926 ignorasse.

352 944 488 1000 “me
528 961 657 1000 cum
683 962 713 1001 e
739 945 1022 1001 Clemente
1062 945 1405 1013 adduxisset,
1457 947 1673 1001 tandem
1718 961 1885 1017 argu-

280 1045 540 1092 mentum
572 1053 604 1091 a
639 1038 956 1093 testimonio
983 1039 1320 1107 negativum,
1345 1052 1376 1092 a
1405 1038 1645 1105 silentio,
1673 1037 1884 1093 scilicet

280 1128 627 1198 scriptorum
659 1138 787 1183 ante
832 1128 1051 1183 Eusebii
1095 1141 1344 1198 tempora
1372 1128 1618 1195 ductum,
1660 1129 1876 1184 varium

276 1221 514 1290 quidem
566 1222 737 1287 illud,
771 1231 827 1276 et
862 1222 1297 1287 miscellaneum,
1351 1230 1406 1275 et
1437 1222 1709 1290 prolixum
1749 1237 1883 1277 con-

276 1312 491 1377 cludit;
524 1328 639 1382 quo
668 1311 982 1383 Ignatianas
1013 1313 1277 1382 epistolas
1316 1314 1574 1370 omnibus
1614 1321 1740 1368 ante
1767 1312 1880 1367 Eu-

277 1407 501 1461 sebiutn
552 1407 768 1478 ignotas
809 1421 869 1461 se
913 1406 1173 1475 probasse
1218 1417 1396 1476 putat,
1440 1408 1670 1477 ideoque
1704 1407 1883 1463 nullas

181 1510 191 1517 '
277 1497 481 1555 fuisse.
520 1498 580 1554 Id
614 1511 796 1554 autem
825 1514 952 1553 eum
984 1500 1053 1553 de
1084 1499 1301 1555 nemine
1332 1500 1599 1570 probasse
1627 1501 1878 1566 ostendi;

278 1609 393 1647 non
436 1597 507 1647 de
538 1592 770 1656 Irenaeo,
805 1608 917 1647 non
964 1594 1033 1648 de
1072 1593 1467 1648 Alexandrinis
1493 1633 1508 1659 ,
1540 1601 1636 1647 aut
1665 1592 1882 1647 jEthio-

276 1687 471 1756 pihus,
502 1701 614 1740 non
660 1685 728 1740 de
767 1684 1127 1752 Tertulliano,
1160 1694 1255 1739 aut
1289 1683 1444 1751 Caio,
1476 1694 1573 1740 aut
1602 1685 1881 1740 Clemente

274 1776 666 1832 Alexandrino
692 1796 706 1831 :
734 1779 906 1832 multo
950 1779 1134 1833 minus
1171 1778 1239 1833 de
1271 1776 1525 1848 Origene,
1553 1775 1701 1833 Julio
1727 1776 1880 1832 Afri-

1983 583 2209 651 probata
2257 583 2304 637 si
2356 592 2524 649 esset,
2564 582 2772 637 nullam
2809 584 3028 653 neganti
3076 592 3402 654 argumento
3452 583 3567 637 vim

1983 675 2225 730 adderet.
2264 675 2447 742 Quare
2487 690 2590 730 nos
2618 675 2792 729 multo
2819 675 3033 730 meliori
3057 676 3183 745 jure
3210 676 3289 730 sic
3320 676 3568 744 disputa-

1982 784 2130 824 mus.
2155 768 2293 823 Cum
2320 766 2655 839 Polycarpus
2680 766 2872 838 lgnatii
2896 768 3221 837 discipulus,
3250 783 3374 822 cum
3407 766 3568 821 Philo

1983 870 2039 915 et
2067 860 2390 930 Agathopus
2418 860 2663 929 ejusdem
2685 860 2940 926 comites,
2971 876 3097 915 cum
3132 859 3372 915 Irenazus
3406 859 3561 931 Poly«

1983 951 2132 1019 carpi
2184 950 2510 1021 discipulus,
2539 966 2667 1005 eum
2722 948 3062 1020 Theophilus
3098 949 3293 1021 lgnatii
3333 951 3387 1005 in
3439 948 3569 1005 sede

1983 1040 2325 1096 Antiochena
2374 1041 2672 1111 aliquando
2718 1057 3028 1109 successor,
3058 1051 3153 1097 aut
3194 1043 3439 1112 ejusdem
3467 1042 3569 1097 arvi

1984 1132 2204 1202 aliquis,
2237 1148 2362 1187 cum
2398 1134 2635 1204 denique
2665 1131 2953 1204 Origenes,
2986 1136 3292 1205 discipulus
3315 1136 3570 1193 Clemen-

1986 1226 2076 1290 tis,
2110 1225 2302 1296 lgnatii
2335 1227 2691 1296 epistolarum
2735 1228 2940 1282 diserte
2968 1230 3340 1293 meminerint,
3374 1238 3472 1284 aut
3499 1231 3568 1285 ad

1983 1332 2079 1373 eas
2104 1327 2291 1387 aperte
2310 1321 2684 1388 respexerint;
2708 1335 2833 1375 cum
2858 1319 2895 1373 ii
2923 1334 3138 1385 omnes,
3165 1324 3258 1391 qui
3286 1322 3569 1392 ignorasse

1982 1408 2376 1477 perhibentur,
2414 1410 2618 1464 nullam
2664 1411 2823 1467 nobis
2857 1426 2978 1465 eam
3030 1412 3167 1481 ipsis
3198 1413 3565 1484 ignorantiam

1984 1501 2258 1556 tribuendi
2302 1501 2437 1557 satis
2465 1501 2673 1571 justam
2718 1517 2940 1558 causam
2990 1506 3356 1573 praebuerint;
3401 1520 3567 1575 argu-

1984 1601 2227 1645 mentum
2264 1606 2294 1645 a
2325 1592 2546 1647 silentio
2589 1592 2839 1661 negative
2882 1591 3107 1646 ductum
3160 1591 3297 1645 nihil
3341 1592 3569 1647 omnino

1982 1682 2166 1737 valere
2212 1684 2652 1752 pronuntiamus,
2682 1693 2736 1738 et
2772 1683 2845 1739 ab
2878 1684 2945 1740 iis
2978 1684 3073 1755 qui
3117 1694 3410 1748 noverunt,
3441 1685 3569 1740 reli-

1984 1790 2123 1844 quos
2149 1789 2260 1829 non
2292 1774 2723 1845 ignorasse,aut
2749 1775 2796 1832 si
2833 1776 3003 1846 aliqui
3036 1792 3101 1831 ex
3139 1777 3208 1831 iis
3239 1775 3378 1831 forte
3415 1778 3568 1847 igno-

276 1884 449 1932 cano,
507 1868 777 1941 Dionysio
821 1870 1225 1937 Alexandrino,
1273 1878 1369 1924 aut
1412 1868 1723 1934 Lactantio,
1778 1884 1880 1939 pro
1910 1861 1953 1915 Β
1986 1870 2246 1936 raverint,
2283 1878 2667 1939 argumentum
2699 1868 2826 1925 inde
2859 1869 2977 1925 ﬁeri
3007 1884 3119 1924 non
3151 1883 3315 1939 posse
3337 1870 3566 1925 conclu-

273 1978 528 2032 quorum
562 1962 877 2033 ignorantia
909 1963 1045 2016 nihil
1074 1978 1143 2017 ex
1180 1964 1387 2018 nostris
1429 1962 1677 2031 epistolis
1706 1962 1882 2016 addu-

274 2058 389 2122 xit;
434 2073 551 2111 non
602 2057 672 2111 de
716 2054 1024 2127 Epiphanio
1101 2064 1198 2111 aut
1245 2054 1602 2126 Hieronymo,
1649 2068 1760 2108 non
1810 2054 1879 2109 de

1986 1964 2189 2020 dimus.

1470 2308 1765 2398 PARS
1834 2306 2375 2399 SECUNDA

357 2503 511 2579 Qua
546 2509 936 2584 argumenta
962 2519 1082 2584 pro
1110 2504 1348 2586 lgnatii
1394 2499 1691 2583 epistolis
1720 2498 2265 2639 exfiplsisteducta
2313 2497 2699 2573 afferuntur,
2732 2504 2795 2560 et
2821 2496 3045 2561 Dallaai
3086 2495 3487 2576 objectiones

1728 2596 1798 2639 re
1829 2597 1862 2639 e
1919 2596 2006 2639 un
2044 2596 2151 2639 ur:

1728 2596 2151 2642 [Blellunllll‘r

812 2892 1047 2950 CAPUT
1086 2891 1381 2949 PRIMUM.

271 3011 614 3079 Argumenta
662 3023 760 3079 pro
810 3005 1110 3079 Ignatianis
1152 3022 1222 3079 ea:
1270 3006 1673 3079 ipsis_epistolis
1714 3005 1876 3061 ducta

346 3076 679 3147 afferuntur.
715 3076 773 3131 S.
823 3076 1069 3147 Ignatius
1110 3078 1254 3130 circa
1290 3094 1324 3132 η
1386 3076 1455 3132 D.
1501 3077 1607 3130 107
1637 3080 1871 3147 scripsit.

342 3150 448 3203 Illi
483 3150 637 3203 aetati
668 3152 900 3203 materia
948 3149 1289 3215 epistolarun.
1334 3165 1381 3200 ἠ
1409 3163 1591 3216 genere
1636 3159 1874 3216 spectata

344 3223 597 3289 apprime
640 3220 901 3275 convenit.
936 3216 1302 3289 Impostorun;
1334 3219 1532 3289 scripta
1577 3218 1746 3289 solent
1788 3220 1876 3272 sui
1904 3221 1944 3276 C

344 3287 542 3346 δέεαιιὶ
572 3307 745 3344 mores
771 3289 1025 3344 redolere.
1061 3287 1215 3341 Nihil
1244 3290 1298 3341 in
1323 3288 1402 3341 Itis
1432 3287 1667 3357 epistolis
1695 3299 1875 3357 poste-

346 3364 509 3416 riora
551 3370 755 3430 spectat
808 3370 1064 3430 tempora.
1114 3358 1402 3430 Episcopos
1435 3359 1491 3411 in
1537 3359 1671 3412 Asia
1711 3360 1875 3430 fuisse

343 3444 559 3487 certum
582 3428 691 3494 est,
726 3447 847 3484 cum
874 3428 932 3484 S.
968 3430 1213 3500 Ignatius
1247 3428 1315 3483 ad
1355 3431 1670 3498 martyrium
1715 3429 1876 3484 duce-

344 3514 525 3559 retur.
557 3502 931 3571 Epistolarum
960 3499 1147 3571 auctor
1169 3502 1249 3554 ita
1282 3500 1551 3568 episcopos
1581 3510 1633 3553 et
1658 3499 1876 3570 presby-

353 3584 501 3634 teros
540 3569 814 3639 describit,
855 3580 914 3625 ut
948 3588 1065 3641 qua:
1093 3569 1157 3624 de
1186 3572 1253 3625 iis
1282 3571 1432 3634 dicit,
1463 3571 1545 3623 illi
1574 3572 1745 3641 (elati,
1771 3569 1877 3624 non

344 3654 537 3699 autent
569 3643 853 3713 posteriori
884 3640 1178 3713 conveniat.
1222 3642 1355 3695 Duae
1400 3642 1623 3713 latereses
1671 3640 1875 3711 lgnatii

353 3710 595 3784 arripere
624 3714 857 3767 maxime
888 3711 1154 3784 valebant,
1186 3728 1300 3784 una
1331 3728 1448 3781 qua:
1478 3710 1749 3784 Christum
1777 3726 1877 3779 pu-

344 3781 519 3841 tatit'e
562 3786 851 3847 hominem,
893 3783 1006 3837 alia
1043 3799 1160 3852 qua:
1193 3781 1394 3835 nudum
1433 3782 1696 3852 hominem
1727 3799 1875 3836 asse-

345 3858 527 3910 rebat.
582 3854 696 3908 Has
743 3854 879 3908 duas
915 3863 964 3908 et
993 3847 1135 3907 solas
1166 3853 1473 3922 perstringit
1514 3847 1777 3921 Ignatius,
1825 3862 1874 3905 et

344 3928 634 3983 Christum
655 3925 968 3995 simpliciter
985 3921 1245 3991 θεολογεϊ.
1272 3924 1597 3995 Apostolicte
1616 3921 1875 3976 doctrinm

348 3999 586 4052 traditio
618 3997 672 4049 in
700 3994 963 4065 epistolis,
1003 3995 1311 4049 traditiones
1358 4010 1463 4046 non
1493 3994 1740 4065 scriptae.
1778 4010 1874 4062 po-

339 4068 673 4127 sterioribus
710 4066 922 4121 steculis
946 4074 1252 4119 memorata:
1293 4064 1871 4118 minimeconlinentur.

352 4138 539 4193 Halm
598 4148 857 4206 praeterea
904 4138 960 4188 in
1018 4135 1207 4188 iisdem
1260 4136 1552 4206 traduntur
1591 4150 1717 4206 qua:
1773 4151 1875 4206 non

343 4210 527 4263 aliam
557 4202 715 4279 quam
746 4207 950 4279 Ignotii
984 4215 1194 4279 (etatem
1228 4206 1466 4274 sapiunt.
1502 4202 1654 4279 Nihil
1678 4205 1874 4258 certius

342 4275 617 4348 scriptum
671 4275 887 4347 aliquod
938 4277 1320 4348 suppositionis
1366 4275 1660 4348 convincit,
1715 4290 1876 4348 quam

342 4345 577 4406 violatio
631 4345 946 4417 temporum.
1005 4345 1178 4399 Varia
1236 4348 1396 4415 hujus
1460 4347 1536 4398 rei
1608 4345 1871 4413 exempla.

343 4422 517 4475 Ficta
548 4416 863 4489 plerumque
916 4434 1074 4489 opera
1115 4432 1181 4471 ex
1230 4416 1876 4489 temporumuratione‘se

341 4482 598 4563 prodere.
628 4482 897 4563 Epistula:
938 4482 1432 4563 Socraticorymial}
1470 4484 1673 4563 Allatio
1716 4485 1876 4539 edita:

1985 2902 2152 2965 atque
2195 2900 2439 2958 textura,
2490 2888 2808 2946 auctoritati
2860 2888 3081 2944 testium
3130 2888 3251 2958 pari
3304 2886 3565 2958 suffragio

1982 2986 2300 3057 conjuncta,
2315 2983 2696 3055 plenissimam
2718 2982 2877 3037 tidem
2903 2989 3248 3051 extorqueat,
3266 2988 3321 3035 et
3346 2994 3566 3035 omnem

1981 3076 2269 3133 dubitandi
2308 3091 2501 3133 ansam
2546 3073 2830 3146 praecidat.
2867 3068 2972 3128 Ubi
3014 3072 3160 3129 enim
3206 3087 3316 3128 non
3353 3080 3566 3127 tantum

1982 3179 2151 3227 testes
2194 3169 2347 3225 omni
2389 3168 2709 3239 exceptione
2749 3150 3010 3238 majores,
3054 3181 3194 3237 quos
3238 3180 3339 3220 nec
3376 3163 3567 3221 fallere

1977 3263 2241 3330 voluisse,
2291 3277 2394 3317 nec
2442 3260 2607 3317 facile
2654 3260 2769 3315 falli
2819 3259 3065 3330 potuisse
3114 3258 3419 3329 putandum
3456 3266 3565 3325 est,

1976 3355 2341 3421 adhibentur;
2380 3354 2476 3410 sed
2515 3362 2570 3408 et
2599 3368 2688 3409 res
2718 3353 2858 3423 ipsa,
2890 3352 2978 3407 cui
3027 3351 3402 3412 testimonium
3439 3366 3568 3420 per-

1976 3450 2188 3516 hibent,
2224 3449 2350 3503 talis
2375 3462 2501 3503 esse
2527 3454 2772 3517 apparet,
2806 3453 2868 3499 ut
2900 3460 2995 3500 eos
3026 3443 3195 3499 falsos
3226 3442 3398 3499 fuisse
3426 3444 3568 3500 nihil

1976 3541 2245 3608 suadeat;
2299 3555 2401 3595 nec
2441 3554 2568 3594 cum
2615 3536 2905 3608 prudentia
2949 3536 3243 3606 quisquam
3288 3535 3564 3605 dubitare,

1977 3648 2080 3689 nec
2108 3633 2231 3688 sine
2255 3630 2565 3703 pervicacia
2592 3628 2858 3700 refragari
2898 3636 3099 3698 potest.

2046 3724 2120 3781 Ut
2144 3734 2327 3782 autem
2360 3740 2501 3796 opus
2543 3723 2893 3794 epistolicum
2925 3721 3228 3793 apostolico
3255 3721 3377 3777 viro
3419 3731 3568 3778 recte

1975 3829 2288 3890 competere
2345 3817 2709 3883 ostendatur,
2775 3814 3198 3886 supponendum
3255 3815 3311 3870 in
3370 3816 3566 3886 primis

1976 3913 2243 3984 lgnatium
2272 3912 2587 3983 quemdam,
2623 3910 2692 3965 ab
2725 3908 2991 3980 apostolis
3025 3907 3344 3963 ordinatum
3371 3907 3567 3962 Antio-

1976 4008 2197 4064 chensis
2226 4004 2486 4062 Ecclesiae
2514 4005 2854 4075 episcopum,
2886 4018 2985 4073 per
3016 4000 3242 4072 triginta
3273 3999 3566 4055 minimum

1977 4117 2157 4165 annos
2184 4116 2304 4157 eam
2347 4100 2532 4156 sedem
2564 4098 2832 4159 tenuisse,
2872 4105 2932 4151 ut
2957 4095 3225 4167 Georgius
3250 4092 3565 4165 Syncellus,

1977 4204 2033 4252 et
2058 4193 2489 4266 Chronographia
2556 4190 2870 4261 Nicephoro
2901 4188 3167 4245 attributa
3199 4185 3255 4239 in
3287 4185 3566 4241 veteribus

1978 4302 2116 4342 mss.
2145 4286 2368 4359 ﬁnibus
2407 4298 2688 4341 consonus
2725 4289 2808 4337 est
2849 4278 3197 4345 Anastasius,
3250 4284 3563 4341 testantur;

1979 4381 2200 4436 tandem
2221 4382 2291 4435 ab
2319 4380 2653 4449 imperatore
2680 4375 2942 4446 Trajano,
2971 4372 3026 4427 in
3057 4371 3405 4443 expeditione
3432 4368 3568 4425 Para-

1977 4477 2149 4541 thica,
2197 4480 2268 4529 ad
2310 4473 2516 4529 bestias
2559 4470 3021 4533 condemnatum,
3064 4475 3119 4520 et
3156 4466 3226 4521 ab
3270 4462 3565 4518 Antiochia

342 4555 476 4617 inde
505 4555 771 4632 falsitatis
797 4561 1199 4632 convincuntur.
1230 4558 1426 4612 Daltazi
1452 4556 1676 4625 confusa
1698 4571 1878 4610 rerum

1981 4566 2213 4622 Romam
2248 4573 2512 4627 tractum,
2549 4562 2597 4617 si
2638 4560 2771 4631 quid
2802 4557 3087 4629 scripserit
3115 4557 3171 4611 in
3201 4556 3393 4611 itinere
3430 4555 3567 4609 satis

344 4630 609 4689 tractatio
635 4630 1058 4686 reprehenditur.

342 4769 637 4837 Quoniam
683 4772 1011 4836 argumenta
1074 4770 1266 4817 nostra
1324 4774 1424 4830 pro
1477 4757 1699 4828 scriptis
1751 4772 1881 4812 vere

275 4859 589 4933 lgnatianis
614 4858 669 4911 in
701 4865 930 4911 externa
957 4863 1012 4909 et
1048 4853 1264 4907 interna
1294 4851 1619 4917 divisimus;
1652 4859 1879 4904 externa

275 4966 467 5011 autem
493 4969 527 5007 a
560 4948 896 5007 testimoniis
926 4946 1095 5018 petita
1130 4944 1303 5015 priori
1343 4943 1731 4998 dissertatione
1771 4941 1881 4995 late

274 5045 569 5121 prosecuti
621 5057 840 5105 sumus,
888 5040 958 5095 ab
1002 5035 1409 5107 objectionibus
1454 5034 1878 5100 vindicarimus,

274 5152 567 5211 testesque
592 5137 648 5191 in
674 5132 1016 5192 contrarium
1045 5130 1246 5185 allatos
1272 5129 1434 5198 plane
1468 5127 1876 5197 expunximus;

274 5237 504 5290 interna
541 5244 692 5285 nunc
723 5225 1112 5298 proponimus,
1150 5238 1216 5277 ex
1251 5218 1501 5290 epistolis
1531 5218 1667 5288 ipsis
1691 5218 1878 5284 ducta,

274 5344 403 5398 quae
438 5322 669 5380 easdem
699 5321 847 5375 clare
877 5317 1175 5373 ostendant
1202 5312 1415 5367 auctori
1448 5325 1551 5365 suo
1578 5327 1609 5365 a
1641 5308 1742 5364 SS.
1777 5307 1881 5363 Pa-

276 5425 461 5479 tribus
528 5425 857 5473 constanter
912 5412 1196 5483 assignato
1253 5406 1499 5477 apprime
1552 5419 1878 5475 congruere,

274 5513 587 5589 pmscripti
608 5509 877 5580 temporis
907 5504 1294 5574 antiquitatem
1321 5500 1525 5570 optime
1555 5500 1715 5563 ferre,
1744 5498 1881 5552 tanti

274 5612 404 5677 viri,
428 5618 486 5664 et
514 5603 828 5678 apostolici,
860 5609 916 5655 et
944 5596 1210 5668 episcopi,
1246 5603 1301 5649 et
1328 5592 1584 5663 martyris
1620 5600 1732 5645 tum
1765 5591 1883 5660 pie-

278 5706 400 5771 tati,
417 5715 538 5758 tum
559 5701 699 5763 zelo,
716 5706 831 5750 tum
851 5688 1173 5763 prudentiae,
1194 5698 1307 5742 tum
1333 5686 1537 5752 itineri,
1556 5692 1669 5739 tum
1687 5682 1882 5737 vincu-

276 5801 368 5859 lis.
398 5808 519 5852 tum
549 5789 1170 5853 concussionibus,tum
1191 5778 1696 5852 refrigerationibus
1725 5777 1884 5847 plene

276 5890 657 5952 respondere;
692 5886 832 5941 adeo
868 5890 931 5937 ut
969 5879 1214 5938 ipsarum
1247 5872 1606 5939 epistolarum
1650 5869 1881 5927 materia

1982 4662 2218 4716 molesto
2245 4658 2445 4728 partim
2472 4655 2741 4727 Smyrnae,
2766 4652 2963 4723 partim
2993 4648 3230 4714 Troade,
3260 4656 3314 4702 et
3342 4646 3565 4715 quidem

1980 4755 2194 4812 decimo
2225 4751 2445 4823 imperii
2480 4748 2706 4819 Trajani
2742 4788 2757 4815 ,
2803 4744 3046 4816 vulgaris
3077 4758 3199 4797 tera:
3237 4740 3567 4795 Christiana:

1982 4847 2215 4918 septimo
2243 4852 2371 4915 post
2396 4842 2756 4899 centesimum
2797 4852 2963 4905 anno,
2994 4852 3141 4891 anno
3163 4833 3369 4890 Christi
3414 4849 3565 4899 vero,

1980 4950 2044 4996 ut
2076 4954 2179 5011 ego
2210 4938 2433 5009 quidem
2480 4935 2759 4999 existimo,
2793 4932 2899 4986 115
2940 4929 3205 5000 epistolas
3252 4926 3565 4996 scripsisse.

1982 5032 2227 5089 Dicimus
2250 5030 2436 5100 itaque
2463 5030 2561 5083 has
2583 5026 2864 5097 epistolas,
2892 5038 3031 5093 quas
3056 5021 3248 5076 habuit
3271 5018 3566 5085 Eusebius,

1981 5135 2038 5183 et
2072 5140 2175 5180 nos
2204 5138 2353 5179 nunc
2384 5122 2671 5183 habemus,
2720 5119 2765 5173 si
2797 5115 3141 5188 penitissime
3178 5112 3566 5182 inspiciantur,

1983 5221 2031 5277 si
2058 5218 2311 5274 acumine
2340 5216 2425 5270 vel
2450 5215 2690 5268 maxime
2720 5210 2914 5266 critico
2942 5208 3331 5269 discutiantur,
3365 5205 3412 5260 si
3444 5219 3567 5259 ma-

1981 5307 2119 5362 teria
2150 5314 2205 5361 et
2244 5304 2441 5360 modus
2471 5300 2794 5370 scriptionis
2821 5297 3177 5352 exactissime
3205 5296 3567 5360 trntinentur,

1982 5410 2037 5457 et
2064 5398 2300 5463 auctori,
2332 5406 2387 5452 et
2422 5394 2679 5464 tempori,
2722 5400 2777 5446 et
2806 5389 3084 5445 occasioni
3108 5387 3315 5457 optime
3338 5400 3567 5455 respon-

1984 5493 2145 5557 dere;
2182 5505 2283 5545 nec
2327 5487 2539 5542 homini
2578 5483 2834 5540 veritatis
2870 5481 3122 5537 studioso
3164 5480 3250 5534 vel
3282 5478 3568 5532 minimam

1983 5587 2052 5642 de
2087 5587 2278 5639 lictore
2311 5582 2497 5651 aliquo
2536 5577 2810 5648 cogitandi
2841 5589 3031 5629 ansam
3062 5572 3326 5643 praebere,
3361 5579 3416 5625 et
3443 5568 3571 5623 Dal-

1983 5680 2160 5734 lazano
2209 5673 2497 5746 impostori
2550 5680 2676 5743 post
2713 5672 2981 5724 ducentos
3026 5679 3213 5721 annos
3246 5666 3299 5717 in
3343 5677 3568 5719 scenam

1983 5769 2256 5843 producto
2280 5779 2511 5838 prorsus
2547 5776 2880 5833 repugnare.

2056 5853 2296 5921 Joannes
2316 5859 2613 5929 Launoyus
2634 5852 2965 5911 Parisiensis
2986 5851 3298 5920 theologus,
3315 5860 3565 5905 veterum
