4078 6408
531 347 631 406 2‘”

1525 349 1583 405 S.
1623 347 1977 407 lGNATlUS.
2030 380 2085 390 —
2116 344 2659 405 PROLEGOMENA.

3692 346 3800 404 27%

531 468 864 538 scriptorum
905 482 1104 523 censor
1143 467 1467 531 acerrimus,
1513 468 1567 523 in
1600 469 1812 538 judicio
1852 468 1919 523 de
1961 467 2114 521 libris
2144 472 2186 527 Α
2217 466 2379 521 diciis
2408 467 2723 536 proderent,
2753 477 2876 534 qua
2912 461 3079 517 ritum
3118 458 3330 515 nullum
3373 457 3636 516 Ecclesia
3675 472 3801 530 post

535 556 779 628 Dionysii
821 557 1193 629 AreOpagita,
1229 558 1296 613 de
1328 559 1843 629 antiquissimorum
1882 557 2113 613 Patrum

533 651 692 721 genio
719 652 966 721 apposite
995 651 1329 707 observavit.
1366 670 1384 702 ε
1416 650 1520 717 Qui
1557 652 1661 706 hoc
1702 660 1947 721 tempore
1974 652 2115 706 scri-

535 743 692 809 bunt,
732 744 787 798 in
833 744 1009 799 tribus
1039 744 1392 814 potissimum
1439 744 1769 815 scriptorum
1820 745 2114 816 generibus

530 836 880 891 elaborandis
902 837 1183 891 insudant.
1210 834 1313 889 Alii
1348 851 1447 905 pro
1480 836 1809 892 Christianis
1831 836 2114 907 apologias

529 939 890 999 componunt,
947 930 1151 1000 quibus
1202 927 1488 997 religionis
1531 944 1689 984 nova
1738 929 2109 985 sinceritatem

529 1022 977 1091 interpretentur,
1022 1022 1107 1075 vel
1155 1022 1524 1092 proﬁtentium
1570 1021 1942 1076 innocentiam
1980 1035 2112 1090 pro-

526 1113 677 1178 bent,
711 1114 795 1169 vel
838 1114 1147 1184 principum
1190 1114 1407 1169 animos
1441 1128 1472 1166 a
1505 1113 1890 1169 vexationibus
1932 1112 2109 1167 abdu-

524 1214 672 1260 cant.
706 1205 813 1260 Alii
847 1206 1098 1261 scribunt
1124 1206 1411 1277 epistolas,
1445 1206 1646 1276 quibus
1674 1204 2023 1260 Christianos
2054 1204 2109 1260 in

525 1304 748 1365 accepta
776 1294 883 1349 ﬁde
920 1296 1302 1362 corroborent,
1332 1296 1418 1351 vel
1447 1297 1809 1351 ecclesiarum
1839 1296 2109 1367 praposi-

525 1398 609 1441 tos
633 1386 968 1442 salutaribus
988 1388 1334 1442 documentis
1358 1388 1654 1453 instruant,
1672 1389 1754 1442 vel
1781 1386 2110 1443 Christiana

521 1477 785 1534 doctrina
822 1479 1115 1534 utilitatem
1149 1490 1204 1534 et
1243 1491 1585 1535 terrenarum
1626 1496 1808 1536 rerum
1852 1491 2106 1537 contem-

523 1577 677 1641 ptum
713 1571 967 1637 doceant,
1010 1570 1092 1625 vel
1136 1570 1203 1625 ad
1254 1571 1543 1627 subeunda
1589 1587 1690 1643 pro
1732 1571 1958 1629 Christo
1990 1581 2107 1628 tor-

522 1671 707 1716 menta
745 1662 1029 1728 inducant,
1062 1664 1145 1717 vel
1175 1678 1299 1733 qua
1321 1663 1436 1733 jam
1480 1663 1584 1734 ipsi
1613 1665 1942 1733 pertulerint
1985 1664 2106 1722 sine

523 1752 652 1809 fuco
682 1764 981 1825 exponant.
1019 1756 1124 1810 Alii
1170 1757 1409 1829 denique
1442 1756 1872 1813 commentarios
1909 1758 2101 1823 edunt,

2218 560 2478 629 martyris
2519 567 2753 611 mortem
2791 564 3044 610 exortum
3081 554 3440 623 respicerent,
3475 567 3599 622 qua
3630 551 3803 607 hare-

2216 652 2321 708 sim
2355 651 2567 705 nullam
2591 664 2782 703 earum
2814 663 2936 719 qua
2962 656 3149 719 postea
3174 646 3514 718 pullularunt
3536 645 3802 715 perstrin-

2214 755 2423 816 gerent,
2450 759 2572 813 qua
2602 741 2909 796 doctrinam
2952 739 3160 795 nullam
3190 754 3221 794 a
3256 747 3438 792 mente
3467 736 3802 806 apostolico—

2213 854 2336 893 rum
2369 839 2611 893 virorum
2654 836 2888 890 alienam
2927 834 3210 900 docerent,
3238 847 3362 903 qua
3397 831 3537 885 nihil
3568 847 3636 885 ex
3673 829 3801 885 Pla-

2214 934 2398 988 tonica
2436 930 2649 997 schola,
2686 943 2852 1000 quam
2887 926 2981 983 alii
3024 927 3209 982 statim
3256 924 3492 994 amplexi
3530 933 3660 981 sunt
3703 923 3802 977 ad-

2212 1027 2500 1090 ducerent,
2534 1038 2659 1095 qua
2703 1021 3113 1092 simplicitatem
3160 1018 3495 1089 primitivam
3537 1018 3593 1072 in
3628 1017 3800 1072 rebus

2212 1117 2474 1174 omnibus
2505 1121 2931 1178 conservarent,
2973 1128 3098 1183 qua
3128 1119 3285 1166 tanto
3326 1110 3448 1165 viro
3476 1120 3533 1164 et
3568 1110 3801 1189 martyri

2211 1209 2416 1278 ubique
2432 1205 2854 1276 responderent,
2873 1212 3265 1270 tantorumque
3279 1198 3352 1267 _S.
3373 1196 3612 1267 Spiritus
3623 1197 3802 1252 dono—

2208 1318 2330 1358 rum
2373 1300 2679 1373 sper-imina
2718 1298 2859 1353 vivis
2890 1296 3171 1352 coloribus
3202 1294 3581 1365 dcpingerent.
3630 1290 3802 1347 Recte

2210 1396 2445 1451 Dallaus
2476 1410 2596 1463 cap.
2625 1394 2693 1448 lt)
2719 1409 2735 1446 :
2771 1412 2789 1444 ι
2820 1390 3043 1446 Diﬁicile
3067 1395 3153 1445 est
3179 1388 3345 1443 etiam
3371 1385 3773 1457 peritissimum

2208 1504 2273 1544 ac
2312 1488 2734 1545 callidissimum
2772 1485 3127 1553 impostorem
3172 1480 3245 1534 ita
3278 1478 3382 1535 sibi
3430 1478 3801 1547 undequaque

2206 1591 2421 1641 cavere,
2447 1586 2508 1629 ut
2529 1589 2639 1628 non
2670 1572 2720 1628 ei
2766 1571 2972 1642 aliquid
3004 1568 3337 1640 imprudenti
3376 1568 3614 1633 excidat,
3645 1568 3798 1638 quod

2205 1664 2391 1721 dolum
2434 1664 2649 1735 prodat.
2692 1680 2711 1714 ι
2747 1659 2869 1715 Jam
2911 1675 3042 1715 vero
3072 1659 3219 1715 clare
3258 1668 3313 1713 et
3353 1668 3541 1729 aperte
3579 1672 3795 1722 assero,

2206 1742 2344 1812 nihil
2393 1758 2448 1812 in
2498 1756 2584 1811 his
2625 1753 2875 1825 epistolis
2926 1751 3164 1808 Eusebio
3215 1750 3455 1821 cognitis
3501 1765 3794 1821 apparere,

522 1846 721 1917 quibus
749 1818 1117 1904 Christianam
1142 1818 1699 1922 ﬁdempropugnent,
1723 1860 1777 1906 et
1804 1852 1854 1906 ei
1878 1818 2096 1907 contra;
2137 1818 2180 1876 Β
2205 1849 2353 1920 quod
2393 1863 2516 1905 eam
2545 1818 2762 1904 atatem
2811 1862 2979 1917 quam
3021 1845 3259 1901 Dallaus
3292 1818 3502 1911 innuit,
3537 1818 3634 1900 vel
3668 1860 3795 1902 eam

521 1939 656 2006 rias,
692 1955 816 2011 qua
843 1949 975 1996 tunc
1020 1942 1360 2010 oriebantur,
1388 1944 1627 1999 hareses
1659 1942 1932 1999 refellant.
1976 1942 2105 2001 Hac

513 2040 599 2088 est
632 2033 898 2101 conditio,
930 2034 1019 2091 hic
1049 2036 1243 2105 genius
1273 2038 1459 2093 saculi
1500 2037 1556 2092 in
1589 2052 1701 2109 quo
1731 2038 1868 2093 vixit
1900 2036 2106 2109 Diony-

514 2120 632 2175 sius
679 2121 1007 2194 Areopagita
1042 2137 1054 2176 :
1104 2126 1221 2180 hac
1261 2126 1553 2197 occupatio
1596 2129 1925 2198 scriptorum
1949 2170 1964 2197 ,
2005 2128 2099 2199 qui

511 2210 632 2266 suis
657 2211 918 2283 operibus
948 2216 1230 2271 nascentis
1260 2214 1522 2273 Ecclesia
1555 2217 1797 2288 pondera
1822 2227 2100 2274 sustenta-

510 2310 661 2357 runt.
702 2321 722 2355 ι
758 2301 886 2361 Hac
918 2320 948 2360 a
973 2304 1238 2379 Launoyo
1274 2318 1422 2364 recte
1454 2310 1743 2366 observata
1777 2321 1836 2367 ut
1858 2310 2101 2367 Pseudo-

512 2393 833 2466 Dionysium
872 2407 1059 2468 aperte
1106 2399 1384 2467 r‘efellunt,
1432 2401 1506 2457 ita
1539 2400 1598 2456 8.
1642 2401 1913 2474 lgnatium
1952 2404 2099 2459 haud

511 2502 709 2555 parum
734 2487 950 2558 juvant,
993 2491 1295 2545 ostendunt
1336 2493 1482 2546 enim
1517 2494 1783 2563 epistolas
1816 2497 1921 2551 sub
1952 2496 2100 2552 illius

508 2579 735 2634 nomine
781 2580 1016 2649 posteris
1070 2583 1303 2639 traditas
1344 2586 1650 2639 secundum
1701 2587 1852 2642 illius
1913 2589 2099 2644 saculi

506 2669 729 2741 genium
765 2670 936 2727 fuisse
975 2675 1346 2744 conscriptas.
1393 2674 1572 2732 Nemo
1601 2680 1750 2733 enim
1791 2696 1900 2735 non
1950 2683 2102 2739 videt

506 2762 566 2816 in
588 2761 699 2817 illis
724 2762 1073 2820 Christianos
1104 2765 1160 2819 in
1189 2775 1412 2836 accepta
1443 2768 1548 2823 ﬁde
1579 2770 1951 2839 corroborari,
1998 2772 2098 2827 ad-

504 2871 701 2912 versus
735 2857 1032 2914 schismata
1058 2868 1115 2915 et
1138 2860 1374 2918 hareses
1410 2870 1542 2918 tunc
1572 2875 1793 2921 exortas
1845 2866 2046 2921 muniri
2078 2885 2097 2935 ;

504 2949 867 3005 ecclesiarum
902 2953 1231 3022 praepositos
1263 2952 1604 3010 salutaribus
1628 2956 1981 3012 documentis
2012 2958 2099 3013 in-

505 3041 667 3108 strui,
693 3050 788 3096 aut
812 3040 885 3097 ob
906 3044 1273 3099 constantiam
1302 3044 1357 3099 in
1384 3046 1585 3101 tuenda
1612 3048 1845 3102 veritate
1859 3049 2094 3115 laudari,

2204 1937 2370 1993 etiam
2401 1951 2568 2008 quam
2605 1936 2945 2000 Blondellus,
2976 1944 3072 1991 aut
3112 1949 3279 2006 quam
3314 1933 3620 1991 Salmasius
3650 1935 3799 1991 indi-

2202 2040 2313 2097 cat,
2347 2030 2544 2101 sapiat,
2582 2042 2677 2085 aut
2722 2044 2946 2100 quoquo
2989 2028 3155 2084 modo
3200 2028 3463 2084 redoleat.
3512 2026 3660 2083 Nihil
3703 2028 3799 2083 hic.

2202 2121 2271 2178 de
2302 2122 2604 2177 haresibus
2634 2132 2767 2177 tunc
2800 2120 3061 2190 temporis
3100 2120 3365 2187 subortis,
3404 2120 3542 2175 nihil
3571 2120 3639 2177 de
3668 2136 3774 2177 mo-

2204 2215 2358 2271 ribus
2402 2223 2499 2268 aut
2535 2213 2804 2270 institutis
2834 2211 3277 2269 Christianorum
3311 2221 3426 2267 tum
3460 2213 3618 2269 valde
3666 2229 3793 2269 mu-

2203 2309 2355 2374 tatis,
2407 2307 2546 2362 nihil
2592 2307 2661 2362 de
2705 2307 2863 2362 novis
2907 2306 3108 2361 ritibus
3155 2314 3277 2375 post
3323 2304 3515 2377 lgnatii
3559 2316 3794 2363 mortem

2200 2401 2438 2473 primum
2473 2400 2775 2471 usurpatis,
2808 2400 2947 2454 nihil
2985 2400 3053 2455 de
3095 2416 3199 2455 usu
3233 2398 3493 2456 Ecclesia
3522 2401 3617 2471 qui
3665 2410 3795 2471 post

2201 2494 2393 2564 lgnatii
2429 2502 2658 2549 mortem
2690 2492 2989 2562 primulum
3023 2491 3323 2556 obtinebat,
3347 2493 3550 2563 quibus
3580 2510 3638 2549 se
3662 2510 3797 2563 pro-

2200 2586 2338 2642 didit
2386 2587 2544 2642 llctus
2582 2585 2876 2656 Dionysius
2911 2603 2924 2638 :
2957 2584 3143 2640 omnia
3176 2585 3364 2655 potius
3405 2585 3474 2640 ab
3507 2585 3595 2640 his
3628 2586 3796 2655 plane

2199 2678 2440 2743 diversa,
2479 2677 2747 2746 proximis
2780 2677 2924 2730 atati
2962 2675 3275 2746 apostolica
3307 2677 3647 2748 temporibus
3670 2692 3796 2732 ma-

2202 2770 2349 2825 xime
2375 2767 2704 2835 conlormia,
2743 2777 2797 2822 et
2834 2768 2904 2822 ab
2918 2755 3250 2837 impostoris
3279 2768 3481 2825 saculo
3511 2767 3657 2825 haud
3691 2784 3795 2840 pa-

2200 2876 2321 2917 rum
2358 2861 2711 2915 abhorrentia
2747 2868 3229 2930 reprasentantur.

2272 2953 2349 3011 De
2375 2954 2649 3023 episcopis
2688 2953 2909 3023 quidem
2948 2950 3093 3009 Asia
3121 2953 3294 3009 multa
3342 2953 3589 3024 loquitur
3620 2951 3791 3026 lgna-

2201 3046 2330 3111 tius,
2357 3060 2499 3117 quos
2524 3045 2596 3100 ibi
2634 3053 2763 3100 tunc
2791 3043 2966 3100 fuisse
2994 3054 3210 3101 constat
3239 3064 3252 3101 :
3280 3060 3406 3100 nam
3435 3044 3492 3100 S.
3520 3044 3791 3113 Joannes,

504 3140 561 3189 et
585 3144 847 3204 tanquam
874 3136 1091 3206 pietatis
1110 3138 1359 3206 exempla
1384 3139 1589 3209 populo
1612 3142 1882 3211 proponi;
1909 3158 2093 3197 rerum
2121 3174 2167 3237 ο
2203 3150 2227 3185 α
2258 3132 2595 3189 novissimus
2621 3132 2869 3188 omnium
2904 3132 3129 3204 scripsit
3157 3134 3534 3204 Evangelium,
3559 3143 3794 3205 rogatus

504 3226 743 3297 denique
766 3229 1116 3298 praesentium
1140 3240 1516 3303 contemptum
1542 3230 1751 3299 doceri,
1777 3231 2089 3289 futurarum

505 3328 855 3391 prospectum
895 3328 951 3376 et
994 3324 1467 3392 exspectationem
1516 3323 1697 3395 urgeri
1740 3334 1795 3381 et
1844 3326 2091 3397 martyrii

503 3427 765 3468 coronam
800 3413 977 3468 modis
1002 3414 1262 3470 omnibus
1285 3415 1635 3486 ampliﬁcari.
1670 3415 1797 3473 Hac
1821 3417 2090 3484 conditio,

502 3503 594 3560 hic
646 3505 843 3575 genius
892 3507 1102 3571 saculi,
1153 3522 1265 3577 quo
1315 3508 1452 3563 vixit
1491 3507 1550 3564 S.
1598 3510 1866 3581 Ignatius,
1897 3511 1953 3565 in
2003 3511 2090 3566 his

501 3597 751 3667 epistolis
786 3597 1025 3654 maxime
1058 3599 1302 3669 relucet;
1335 3616 1527 3656 earum
1560 3600 1728 3672 igitur
1761 3602 1991 3657 materia
2030 3602 2086 3657 in

502 3704 701 3759 genere
739 3699 982 3759 spectata
1009 3692 1226 3749 auctori
1276 3708 1307 3747 a
1347 3693 1628 3750 veteribus
1667 3696 1952 3765 assignato
1991 3709 2089 3765 ap-

500 3779 679 3848 prime
709 3779 1021 3849 respondet.

576 3870 645 3926 Ut
691 3881 876 3928 autem
921 3874 988 3928 ad
1028 3874 1203 3945 magis
1238 3874 1597 3945 particularia
1636 3874 1988 3943 descendam,
2034 3883 2089 3929 et

499 3964 787 4019 ostendam
821 3980 884 4021 ea
910 3982 1033 4036 qua
1063 3967 1117 4020 iu
1151 3968 1237 4023 bis
1262 3967 1515 4037 epistolis
1547 3967 1921 4032 continentur,
1956 3968 2087 4022 talia

498 4072 641 4120 esse,
667 4058 852 4128 qualia
882 4060 952 4114 ab
984 4060 1304 4130 impostore,
1329 4061 1631 4129 prasertim
1659 4058 1957 4127 Dallaano,
1982 4061 2088 4114 mi-

498 4150 649 4205 nime
678 4151 911 4207 conﬁcta
940 4168 1063 4207 esse
1095 4162 1356 4223 appareat
1395 4171 1408 4206 :
1445 4167 1554 4206 non
1594 4151 1703 4206 alio
1736 4160 1861 4206 utar
1894 4151 2087 4221 dispu-

497 4242 725 4299 tationis
770 4243 1150 4309 fundamento,
1185 4260 1351 4315 quam
1392 4259 1504 4315 quo
1546 4258 1656 4298 non
1700 4244 1868 4300 semel
1912 4246 2086 4299 utitur

498 4334 753 4394 Dallaus.
786 4355 805 4388 ε
829 4335 1026 4407 Hujus,
1054 4337 1254 4407 inquit,
1280 4335 1596 4406 impostoris
1619 4335 1673 4389 in
1698 4336 1785 4390 his
1807 4336 2083 4391 adornan-

497 4425 583 4481 dis
611 4425 925 4497 lgnatioque
960 4425 1261 4483 subdendis
1299 4424 1549 4495 epistolis
1580 4426 1872 4480 consilium
1914 4425 2082 4491 idem,

2197 3226 2266 3279 ab
2306 3224 2451 3280 Asia
2479 3225 2774 3297 episcopis,
2811 3244 2831 3279 ι
2867 3237 2928 3282 ut
2959 3242 3025 3282 ex
3056 3228 3226 3281 veteri
3272 3226 3567 3282 traditione
3600 3226 3790 3297 loqui-

2194 3328 2286 3374 tur
2310 3316 2695 3389 Hieronymus.
2731 3317 2807 3375 De
2839 3334 3032 3375 eorum
3068 3336 3181 3375 uno
3210 3319 3352 3375 idem
3390 3320 3445 3375 in
3471 3320 3736 3390 Catalogo
3768 3337 3787 3374 :

2198 3428 2220 3461 α
2263 3408 2599 3481 Polycarpus
2632 3410 2863 3467 Joannis
2895 3413 3131 3483 apostoli
3165 3413 3491 3483 discipulus,
3529 3421 3583 3467 et
3616 3411 3685 3467 ab
3716 3426 3793 3467 eo

2195 3500 2446 3574 Smyrna
2474 3503 2769 3574 episcopus
2803 3503 3112 3569 ordinatus,
3144 3504 3317 3560 totius
3351 3505 3496 3559 Asia
3527 3504 3791 3575 princeps

2193 3594 2315 3661 fuit,
2352 3615 2372 3647 ι
2410 3596 2558 3665 quod
2588 3594 2681 3650 diu
2719 3606 2845 3651 ante
2870 3611 2995 3651 eum
3040 3598 3222 3653 testati
3253 3607 3375 3653 sunt
3411 3596 3640 3653 secundi
3676 3582 3791 3653 sa.-

2188 3689 2298 3745 culi
2325 3689 2627 3759 scriptores
2658 3690 2768 3744 duo
2794 3690 3222 3759 praclarissimi,
3255 3689 3494 3746 lrenaus
3519 3699 3574 3746 et
3618 3689 3790 3762 Poly—

2190 3793 2392 3841 crates.
2450 3785 2525 3840 De
2559 3786 2669 3840 alio
2703 3786 2936 3857 legimus
2978 3788 3031 3841 in
3071 3785 3539 3844 Chalcedonensis
3580 3788 3787 3860 synodi

2190 3879 2406 3936 actione
2439 3878 2727 3934 undecima
2765 3897 2779 3934 :
2818 3878 2951 3933 Ἀπὸ
2982 3878 3077 3932 τοῦ
3120 3878 3275 3947 ἁγίου
3306 3879 3569 3951 Τιμοθέου
3614 3878 3790 3951 μέχρι

2188 3970 2283 4025 νῦν
2308 3970 2623 4025 εἰκοσιεπτὰ
2648 3971 2937 4025 ἐπίσκοποι
2960 3971 3229 4040 ἐγένοντο·
3254 3971 3457 4037 πάντες
3482 3972 3539 4026 ὲν
3568 3972 3792 4044 Ἐφέσῳ

2188 4060 2697 4133 ἐχειροτονήθησαν.
2734 4079 2753 4111 r
2792 4060 2835 4113 Α
2867 4071 3061 4116 sancto
3096 4059 3388 4117 Timotheo
3416 4077 3592 4132 usque
3625 4077 3789 4118 nunc

2186 4152 2380 4222 viginti
2433 4162 2639 4222 septem
2691 4151 2933 4221 episcopi
2984 4150 3155 4219 facti;
3208 4165 3403 4207 omnes
3450 4152 3506 4205 in
3556 4150 3791 4222 Epheso

2186 4250 2317 4295 sunt
2348 4241 2609 4296 ordinati.
2654 4260 2673 4293 ι
2710 4239 2769 4295 In
2794 4257 2906 4311 quo
2946 4256 3179 4297 numero
3213 4240 3390 4298 fuisse
3423 4239 3782 4311 Onesimum,

2187 4334 2347 4403 cujus
2395 4333 2646 4389 meminit
2696 4333 2964 4405 lgnatius,
3016 4349 3128 4389 non
3177 4343 3262 4389 est
3310 4349 3413 4391 cur
3467 4334 3782 4391 dubitetur.

2188 4424 2430 4497 lgnatius
2464 4427 2584 4498 ipse
2616 4441 2677 4483 se
2709 4426 3029 4498 episcopum
3065 4425 3239 4499 Syria
3282 4426 3519 4497 appellat
3547 4444 3562 4492 ;
3594 4427 3689 4482 sed
3718 4437 3787 4485 et

495 4520 644 4588 quod
676 4520 912 4575 aliorum
958 4520 1353 4591 plerorumque
1386 4519 1637 4588 ejusdem
1678 4518 1872 4574 farina
1911 4519 2083 4573 artiti—
2113 4515 2158 4571 D
2189 4521 2257 4577 ab
2284 4518 2621 4591 Hieronymo
2655 4538 2674 4572 ι
2713 4520 3071 4576 Antiochena
3109 4518 3367 4576 Ecclesia
3402 4520 3596 4575 tertius
3644 4531 3787 4589 post.

497 4628 625 4667 cum
672 4612 844 4668 fuisse
885 4614 1127 4668 videtur.
1178 4631 1197 4664 ι
1239 4611 1315 4668 ita
1353 4613 1443 4668 ille
1481 4612 1549 4668 de
1591 4628 1695 4667 suo
1725 4628 1845 4682 cap.
1872 4613 1974 4680 38;
2012 4612 2081 4669 de

494 4707 618 4763 aliis
641 4724 762 4778 cap.
789 4709 823 4761 4
849 4725 864 4762 :
895 4725 915 4758 ε
956 4706 1211 4776 Plerique
1240 4721 1307 4760 eo
1336 4705 1683 4776 potissimum
1711 4705 1947 4761 consilio
1978 4721 2076 4760 sua

492 4802 749 4870 ﬁgmenta
778 4800 880 4856 sub
912 4799 1146 4854 aliorum
1178 4799 1405 4853 nomine
1431 4797 1622 4865 edunt,
1654 4807 1714 4854 ut
1746 4813 1835 4854 res
1865 4799 1949 4853 sui
1978 4815 2080 4853 sa-

491 4893 603 4947 culi
636 4908 808 4947 novas
836 4890 976 4946 falso
1010 4890 1355 4960 antiquitatis
1392 4892 1615 4945 nomine
1642 4890 1983 4947 constituant
2014 4908 2079 4947 ac

491 4982 842 5038 conﬁrment.
890 5000 910 5033 ι
955 4983 1075 5036 lmo
1121 4980 1229 5034 hoc
1274 4980 1370 5035 toti
1405 4981 1603 5034 horum
1641 4981 2077 5036 bomuncionum

491 5074 677 5146 generi
704 5074 842 5129 adeo
864 5081 1175 5143 competere
1203 5074 1500 5128 arbitratus
1520 5082 1626 5138 est,
1651 5081 1711 5127 ut
1737 5088 1846 5127 non
1869 5074 2078 5129 veritus

491 5169 565 5223 sit
593 5168 822 5222 dicere:
870 5186 890 5218 ε
930 5165 1100 5222 Miros
1139 5167 1299 5222 nobis
1346 5181 1543 5221 narras
1584 5167 1936 5238 impostores,
1979 5169 2076 5239 qui

491 5261 858 5330 imposturam
881 5259 1101 5328 quidem
1134 5258 1365 5326 faciunt,
1384 5269 1641 5315 caterum
1670 5260 1742 5315 ob
1768 5275 1933 5331 quem
1952 5276 2074 5315 eam

491 5350 723 5417 faciunt,
750 5350 990 5405 fructum
1019 5350 1229 5405 nullum
1258 5367 1324 5407 ex
1347 5368 1410 5407 ea
1439 5352 1719 5422 percipere
1744 5363 2018 5424 satagunt.
2050 5371 2068 5405 ι

434 5456 445 5465 '
491 5442 593 5514 (De
620 5442 1155 5512 pseudo-apostolicis
1174 5442 1211 5498 l.
1231 5459 1293 5509 ιι,
1320 5443 1502 5514 c.15.)
1527 5441 1593 5498 Et
1625 5458 1813 5499 revera
1838 5442 2077 5498 incredi-

494 5538 597 5592 oile
628 5538 787 5606 plane
807 5545 911 5604 est,
937 5547 996 5592 ut
1025 5537 1314 5608 impostor,
1361 5539 1458 5608 qui
1490 5539 1595 5593 sub
1623 5539 1786 5592 tinem
1810 5536 1955 5591 tertii
1980 5544 2076 5590 aut

494 5629 707 5688 initium
749 5628 932 5698 quarti
978 5629 1168 5685 saculi
1213 5629 1431 5695 vixerit,
1470 5628 1731 5699 epistolas
1782 5627 2071 5690 scriberet,

493 5735 542 5778 et
573 5722 632 5779 8.
674 5722 884 5795 lgnatio
908 5721 1190 5788 subderet,
1228 5738 1352 5794 qua
1382 5737 1561 5776 avum
1592 5721 1725 5777 illud
1755 5720 2073 5790 impostoris

472 5816 639 5873 nullo
668 5816 834 5872 modo
864 5815 1198 5878 redolerent.
1226 5831 1351 5872 uua
1390 5815 1756 5874 imposturam
1787 5813 1954 5871 uullis
1988 5812 2075 5869 in-

2188 4610 2407 4667 Petrum
2431 4612 2743 4683 apostolum
2774 4612 3070 4683 episcopus
3098 4631 3119 4663 ι
3156 4612 3495 4682 agnoscitur,
3526 4621 3588 4668 ut
3615 4620 3671 4667 et
3698 4614 3784 4668 ab

2186 4706 2332 4761 aliis.
2368 4704 2444 4761 De
2469 4705 2745 4775 episcopis
2769 4704 2865 4759 diu
2899 4712 3027 4759 ante
3061 4703 3251 4775 lgnatii
3289 4707 3613 4777 martyrium
3640 4718 3672 4759 a
3705 4703 3777 4761 S.

2184 4796 2395 4854 Joanne
2428 4796 2697 4852 institutis
2719 4809 2787 4851 ex
2818 4795 2991 4850 veteri
3028 4794 3326 4849 traditione
3356 4794 3604 4864 loquitur
3637 4791 3779 4850 Cle-

2185 4906 2342 4945 mens
2378 4888 2784 4944 Alexandrinus
2832 4887 2977 4958 apud
3024 4886 3327 4942 Eusebium
3378 4886 3415 4940 l.
3454 4900 3534 4953 ιιι,
3564 4901 3615 4941 c.
3643 4885 3724 4941 23
3756 4902 3775 4940 ε

2196 4981 2412 5055 Ἐπειδὴ
2452 4980 2566 5053 γὰρ
2594 4980 2691 5034 τοῦ
2733 4980 3000 5052 τυράννου
3044 4978 3469 5053 τελευτήσαντος
3514 4978 3625 5032 ἀπὸ
3664 4979 3785 5050 τῆς

2181 5076 2407 5147 Πάτμου
2436 5074 2538 5144 τῆς
2570 5074 2735 5145 νήσου
2771 5071 3033 5144 μετῆλθεν
3064 5071 3157 5124 ἐπὶ
3187 5071 3287 5141 τὴν
3320 5070 3575 5139 Ἔφεσον,
3598 5070 3782 5144 ἀπῄει

2180 5168 2669 5243 παρακαλούμενος
2698 5167 2791 5222 καὶ
2816 5166 2909 5220 ἐπὶ
2940 5165 3012 5219 τὰ
3038 5165 3390 5237 πλησιόχωρα
3419 5164 3528 5218 τῶν
3557 5166 3757 5229 ἐθνῶν,

2179 5265 2312 5318 ὅπου
2342 5263 2440 5335 μὲν
2465 5262 2797 5325 ἐπισκόπους
2816 5260 3196 5331 καταστήσων,
3219 5260 3354 5313 ὅπου
3387 5258 3447 5313 δὲ
3476 5258 3603 5323 ὅλας
3639 5259 3779 5312 Ἐκ-

2179 5358 2407 5430 κλησίας
2440 5355 2718 5428 ἁρμόσων,
2753 5355 2888 5407 ὅπου
2931 5351 2990 5405 δὲ
3019 5352 3209 5424 κλήρῳ
3245 5351 3344 5406 ἕνα
3380 5353 3444 5421 γέ
3471 5367 3595 5406 τινα
3633 5351 3784 5425 κλη-

2184 5448 2374 5521 ρώσων
2409 5446 2519 5501 τῶν
2554 5446 2661 5499 ὑπὸ
2694 5445 2790 5498 τοῦ
2833 5441 3153 5514 ΙΙνεὺματος
3202 5443 3638 5514 σημαινομένων.
3684 5443 3778 5497 Ita

2180 5551 2327 5598 recte
2363 5542 2509 5596 hunc
2534 5542 2716 5596 locum
2744 5556 2811 5594 ex
2839 5537 3015 5593 tribus
3038 5551 3175 5591 mss.
3206 5537 3492 5592 codicibus
3517 5535 3778 5591 restituit

2179 5634 2534 5691 doctissimus
2548 5630 2862 5686 Valcsiusn
2886 5630 3025 5684 Cum
3055 5628 3201 5684 enim
3227 5643 3293 5683 ex
3324 5624 3781 5695 insula,Pathmo

2176 5720 2455 5791 Ephesum
2501 5719 2776 5785 rediisset,
2812 5716 3076 5782 Joannes,
3131 5718 3199 5774 ad
3246 5716 3509 5772 ﬁnitimas
3538 5730 3779 5787 quoque

2175 5810 2489 5883 provincias
2525 5819 2748 5881 rogatus
2782 5823 2842 5866 se
2872 5809 3129 5877 contulit,
3148 5810 3348 5876 partim
3374 5815 3436 5863 ut
3466 5808 3785 5879 episcopos
