  <div class='ocr_page' id='page_1' title='image "/cluster/home/n/w/nwhite01/storage/ocr_20150623/5/coo.31924054872845/144.png"; bbox 0 0 4078 6394; ppageno 0'>
   <div class='ocr_carea' id='block_1_1' title="bbox 287 411 398 465">
    <p class='ocr_par' dir='ltr' id='par_1_1' title="bbox 287 411 398 465">
     <span class='ocr_line' id='line_1_1' title="bbox 287 411 398 465; baseline 0 -2"><span class='ocrx_word' id='word_1_1' title='bbox 287 411 398 465; x_wconf 69' lang='grc' dir='ltr'><strong>2ῒό</strong></span> 
     </span>
    </p>
   </div>
   <div class='ocr_carea' id='block_1_2' title="bbox 1051 413 2705 476">
    <p class='ocr_par' dir='ltr' id='par_1_2' title="bbox 1051 413 2705 476">
     <span class='ocr_line' id='line_1_2' title="bbox 1051 413 2705 476; baseline 0.005 -8"><span class='ocrx_word' id='word_1_2' title='bbox 1051 413 1103 469; x_wconf 95' lang='lat' dir='ltr'><strong>J.</strong></span> <span class='ocrx_word' id='word_1_3' title='bbox 1143 413 1513 472; x_wconf 78' lang='lat' dir='ltr'><strong>PEARSONII</strong></span> <span class='ocrx_word' id='word_1_4' title='bbox 1548 414 1869 472; x_wconf 72' lang='lat' dir='ltr'><strong>VINDICIxE</strong></span> <span class='ocrx_word' id='word_1_5' title='bbox 1898 416 2395 473; x_wconf 68' lang='lat' dir='ltr'><strong>lCNATlANAﬂ.-—</strong></span> <span class='ocrx_word' id='word_1_6' title='bbox 2428 418 2608 476; x_wconf 81' lang='lat' dir='ltr'><strong>PARS</strong></span> <span class='ocrx_word' id='word_1_7' title='bbox 2640 418 2705 476; x_wconf 82' lang='grc' dir='ltr'><strong>Π.</strong></span> 
     </span>
    </p>
   </div>
   <div class='ocr_carea' id='block_1_3' title="bbox 3449 426 3561 482">
    <p class='ocr_par' dir='ltr' id='par_1_3' title="bbox 3449 426 3561 482">
     <span class='ocr_line' id='line_1_3' title="bbox 3449 426 3561 482; baseline 0.018 -2"><span class='ocrx_word' id='word_1_8' title='bbox 3449 426 3561 482; x_wconf 65' lang='grc' dir='ltr'>ρτι</span> 
     </span>
    </p>
   </div>
   <div class='ocr_carea' id='block_1_4' title="bbox 285 527 3555 613">
    <p class='ocr_par' dir='ltr' id='par_1_4' title="bbox 285 527 3555 613">
     <span class='ocr_line' id='line_1_4' title="bbox 285 527 3555 613; baseline 0.006 -33"><span class='ocrx_word' id='word_1_9' title='bbox 285 527 679 597; x_wconf 76' lang='lat' dir='ltr'><strong>constitueret,</strong></span> <span class='ocrx_word' id='word_1_10' title='bbox 725 532 924 600; x_wconf 83' lang='lat' dir='ltr'><strong>partim</strong></span> <span class='ocrx_word' id='word_1_11' title='bbox 971 543 1030 589; x_wconf 92' lang='lat' dir='ltr'><strong>ut</strong></span> <span class='ocrx_word' id='word_1_12' title='bbox 1061 534 1335 594; x_wconf 87' lang='lat' dir='ltr'><strong>Ecclesias</strong></span> <span class='ocrx_word' id='word_1_13' title='bbox 1384 538 1625 609; x_wconf 85' lang='lat' dir='ltr'><strong>integras</strong></span> <span class='ocrx_word' id='word_1_14' title='bbox 1669 537 1873 594; x_wconf 84' lang='lat' dir='ltr'><strong>l‘orma-</strong></span> <span class='ocrx_word' id='word_1_15' title='bbox 1907 544 1947 599; x_wconf 85' lang='lat' dir='ltr'><strong>A</strong></span> <span class='ocrx_word' id='word_1_16' title='bbox 1978 555 2093 605; x_wconf 87' lang='lat' dir='ltr'><strong>sus,</strong></span> <span class='ocrx_word' id='word_1_17' title='bbox 2145 540 2233 596; x_wconf 92' lang='lat' dir='ltr'><strong>cui</strong></span> <span class='ocrx_word' id='word_1_18' title='bbox 2287 541 2401 596; x_wconf 70' lang='lat' dir='ltr'><strong>haec</strong></span> <span class='ocrx_word' id='word_1_19' title='bbox 2445 540 2619 611; x_wconf 89' lang='lat' dir='ltr'><strong>elogia</strong></span> <span class='ocrx_word' id='word_1_20' title='bbox 2657 558 2687 596; x_wconf 89' lang='lat' dir='ltr'><strong>a</strong></span> <span class='ocrx_word' id='word_1_21' title='bbox 2730 542 2987 613; x_wconf 78' lang='lat' dir='ltr'><strong>quopiam</strong></span> <span class='ocrx_word' id='word_1_22' title='bbox 3042 543 3447 603; x_wconf 88' lang='lat' dir='ltr'><strong>tribuebantur.</strong></span> <span class='ocrx_word' id='word_1_23' title='bbox 3498 546 3555 601; x_wconf 91' lang='lat' dir='ltr'><strong>Si</strong></span> 
     </span>
    </p>
   </div>
   <div class='ocr_carea' id='block_1_5' title="bbox 288 623 1874 701">
    <p class='ocr_par' dir='ltr' id='par_1_5' title="bbox 288 623 1874 701">
     <span class='ocr_line' id='line_1_5' title="bbox 288 623 1874 701; baseline 0.009 -28"><span class='ocrx_word' id='word_1_24' title='bbox 288 626 396 687; x_wconf 84' lang='lat' dir='ltr'><strong>ret,</strong></span> <span class='ocrx_word' id='word_1_25' title='bbox 428 623 633 691; x_wconf 78' lang='lat' dir='ltr'><strong>partim</strong></span> <span class='ocrx_word' id='word_1_26' title='bbox 668 634 730 680; x_wconf 88' lang='lat' dir='ltr'><strong>ut</strong></span> <span class='ocrx_word' id='word_1_27' title='bbox 768 626 1022 683; x_wconf 82' lang='lat' dir='ltr'><strong>homines</strong></span> <span class='ocrx_word' id='word_1_28' title='bbox 1053 629 1159 683; x_wconf 83' lang='lat' dir='ltr'><strong>sibi</strong></span> <span class='ocrx_word' id='word_1_29' title='bbox 1210 646 1241 685; x_wconf 88' lang='lat' dir='ltr'><strong>a</strong></span> <span class='ocrx_word' id='word_1_30' title='bbox 1278 630 1483 701; x_wconf 89' lang='lat' dir='ltr'><strong>Spiritu</strong></span> <span class='ocrx_word' id='word_1_31' title='bbox 1519 633 1787 688; x_wconf 83' lang='lat' dir='ltr'><strong>indicatos</strong></span> <span class='ocrx_word' id='word_1_32' title='bbox 1821 635 1874 688; x_wconf 92' lang='lat' dir='ltr'><strong>in</strong></span> 
     </span>
    </p>
   </div>
   <div class='ocr_carea' id='block_1_6' title="bbox 284 713 1877 787">
    <p class='ocr_par' dir='ltr' id='par_1_6' title="bbox 284 713 1877 787">
     <span class='ocr_line' id='line_1_6' title="bbox 284 713 1877 787; baseline 0.011 -21"><span class='ocrx_word' id='word_1_33' title='bbox 284 713 501 769; x_wconf 88' lang='lat' dir='ltr'><strong>clerum</strong></span> <span class='ocrx_word' id='word_1_34' title='bbox 528 727 841 787; x_wconf 84' lang='lat' dir='ltr'><strong>seponeret.</strong></span> <span class='ocrx_word' id='word_1_35' title='bbox 877 738 897 772; x_wconf 74' lang='grc' dir='ltr'><strong>ι</strong></span> <span class='ocrx_word' id='word_1_36' title='bbox 932 719 1089 776; x_wconf 83' lang='lat' dir='ltr'><strong>Unde</strong></span> <span class='ocrx_word' id='word_1_37' title='bbox 1113 735 1304 779; x_wconf 90' lang='lat' dir='ltr'><strong>coacta</strong></span> <span class='ocrx_word' id='word_1_38' title='bbox 1331 725 1421 779; x_wconf 89' lang='lat' dir='ltr'><strong>illa</strong></span> <span class='ocrx_word' id='word_1_39' title='bbox 1449 724 1699 781; x_wconf 87' lang='lat' dir='ltr'><strong>Walonis</strong></span> <span class='ocrx_word' id='word_1_40' title='bbox 1731 725 1877 782; x_wconf 84' lang='lat' dir='ltr'><strong>Mes-</strong></span> 
     </span>
    </p>
   </div>
   <div class='ocr_carea' id='block_1_7' title="bbox 284 804 1876 888">
    <p class='ocr_par' dir='ltr' id='par_1_7' title="bbox 284 804 1876 888">
     <span class='ocr_line' id='line_1_7' title="bbox 284 804 1876 888; baseline 0.008 -27"><span class='ocrx_word' id='word_1_41' title='bbox 284 804 449 861; x_wconf 82' lang='lat' dir='ltr'><strong>salini</strong></span> <span class='ocrx_word' id='word_1_42' title='bbox 489 806 878 880; x_wconf 83' lang='lat' dir='ltr'><strong>interpretatio</strong></span> <span class='ocrx_word' id='word_1_43' title='bbox 916 814 1179 881; x_wconf 76' lang='lat' dir='ltr'><strong>concidit,</strong></span> <span class='ocrx_word' id='word_1_44' title='bbox 1214 811 1310 884; x_wconf 84' lang='lat' dir='ltr'><strong>qui</strong></span> <span class='ocrx_word' id='word_1_45' title='bbox 1340 816 1614 887; x_wconf 87' lang='lat' dir='ltr'><strong>episcopis</strong></span> <span class='ocrx_word' id='word_1_46' title='bbox 1644 818 1734 873; x_wconf 92' lang='lat' dir='ltr'><strong>hic</strong></span> <span class='ocrx_word' id='word_1_47' title='bbox 1756 819 1876 888; x_wconf 87' lang='lat' dir='ltr'><strong>plu-</strong></span> 
     </span>
    </p>
   </div>
   <div class='ocr_carea' id='block_1_8' title="bbox 284 900 1876 983">
    <p class='ocr_par' dir='ltr' id='par_1_8' title="bbox 284 900 1876 983">
     <span class='ocr_line' id='line_1_8' title="bbox 284 900 1876 983; baseline 0.006 -32"><span class='ocrx_word' id='word_1_48' title='bbox 284 912 399 964; x_wconf 87' lang='lat' dir='ltr'><strong>res,</strong></span> <span class='ocrx_word' id='word_1_49' title='bbox 416 900 773 972; x_wconf 85' lang='lat' dir='ltr'><strong>presbyteros</strong></span> <span class='ocrx_word' id='word_1_50' title='bbox 807 904 863 958; x_wconf 91' lang='lat' dir='ltr'><strong>in</strong></span> <span class='ocrx_word' id='word_1_51' title='bbox 892 904 1048 970; x_wconf 86' lang='lat' dir='ltr'><strong>urbe,</strong></span> <span class='ocrx_word' id='word_1_52' title='bbox 1078 906 1283 978; x_wconf 81' lang='grc' dir='ltr'>κλῆρον</span> <span class='ocrx_word' id='word_1_53' title='bbox 1305 908 1420 971; x_wconf 75' lang='grc' dir='ltr'>ἕνα,</span> <span class='ocrx_word' id='word_1_54' title='bbox 1453 926 1623 964; x_wconf 94' lang='lat' dir='ltr'><strong>unum</strong></span> <span class='ocrx_word' id='word_1_55' title='bbox 1648 912 1876 983; x_wconf 74' lang='lat' dir='ltr'><strong>preshy-</strong></span> 
     </span>
    </p>
   </div>
   <div class='ocr_carea' id='block_1_9' title="bbox 282 992 1875 1073">
    <p class='ocr_par' dir='ltr' id='par_1_9' title="bbox 282 992 1875 1073">
     <span class='ocr_line' id='line_1_9' title="bbox 282 992 1875 1073; baseline 0.009 -28"><span class='ocrx_word' id='word_1_56' title='bbox 282 998 502 1057; x_wconf 87' lang='lat' dir='ltr'><strong>terum,</strong></span> <span class='ocrx_word' id='word_1_57' title='bbox 554 992 673 1048; x_wconf 86' lang='lat' dir='ltr'><strong>sive</strong></span> <span class='ocrx_word' id='word_1_58' title='bbox 718 995 1175 1067; x_wconf 86' lang='lat' dir='ltr'><strong>chorepiscopum</strong></span> <span class='ocrx_word' id='word_1_59' title='bbox 1219 1001 1275 1055; x_wconf 86' lang='lat' dir='ltr'><strong>iu</strong></span> <span class='ocrx_word' id='word_1_60' title='bbox 1326 1017 1486 1073; x_wconf 89' lang='lat' dir='ltr'><strong>pago,</strong></span> <span class='ocrx_word' id='word_1_61' title='bbox 1525 1004 1675 1058; x_wconf 89' lang='lat' dir='ltr'><strong>mire</strong></span> <span class='ocrx_word' id='word_1_62' title='bbox 1702 1004 1875 1059; x_wconf 91' lang='lat' dir='ltr'><strong>inter-</strong></span> 
     </span>
    </p>
   </div>
   <div class='ocr_carea' id='block_1_10' title="bbox 280 1083 1875 1161">
    <p class='ocr_par' dir='ltr' id='par_1_10' title="bbox 280 1083 1875 1161">
     <span class='ocr_line' id='line_1_10' title="bbox 280 1083 1875 1161; baseline 0.011 -26"><span class='ocrx_word' id='word_1_63' title='bbox 280 1091 555 1151; x_wconf 87' lang='lat' dir='ltr'><strong>pretatur.</strong></span> <span class='ocrx_word' id='word_1_64' title='bbox 590 1083 672 1140; x_wconf 77' lang='lat' dir='ltr'><strong>Ex</strong></span> <span class='ocrx_word' id='word_1_65' title='bbox 703 1086 902 1142; x_wconf 91' lang='lat' dir='ltr'><strong>horum</strong></span> <span class='ocrx_word' id='word_1_66' title='bbox 945 1090 1333 1161; x_wconf 88' lang='lat' dir='ltr'><strong>episcoporum</strong></span> <span class='ocrx_word' id='word_1_67' title='bbox 1376 1096 1728 1151; x_wconf 87' lang='lat' dir='ltr'><strong>successione</strong></span> <span class='ocrx_word' id='word_1_68' title='bbox 1760 1096 1875 1153; x_wconf 88' lang='lat' dir='ltr'><strong>dis-</strong></span> 
     </span>
    </p>
   </div>
   <div class='ocr_carea' id='block_1_11' title="bbox 278 1176 1874 1256">
    <p class='ocr_par' dir='ltr' id='par_1_11' title="bbox 278 1176 1874 1256">
     <span class='ocr_line' id='line_1_11' title="bbox 278 1176 1874 1256; baseline 0.011 -28"><span class='ocrx_word' id='word_1_69' title='bbox 278 1183 439 1244; x_wconf 86' lang='lat' dir='ltr'><strong>putat</strong></span> <span class='ocrx_word' id='word_1_70' title='bbox 464 1176 735 1233; x_wconf 88' lang='lat' dir='ltr'><strong>adversus</strong></span> <span class='ocrx_word' id='word_1_71' title='bbox 757 1179 1043 1238; x_wconf 63' lang='lat' dir='ltr'><strong>haereticos</strong></span> <span class='ocrx_word' id='word_1_72' title='bbox 1070 1181 1462 1256; x_wconf 83' lang='lat' dir='ltr'><strong>Tertullianus,</strong></span> <span class='ocrx_word' id='word_1_73' title='bbox 1500 1199 1693 1244; x_wconf 83' lang='lat' dir='ltr'><strong>contra</strong></span> <span class='ocrx_word' id='word_1_74' title='bbox 1722 1189 1874 1245; x_wconf 85' lang='lat' dir='ltr'><strong>Mur-</strong></span> 
     </span>
    </p>
   </div>
   <div class='ocr_carea' id='block_1_12' title="bbox 274 1266 1874 1336">
    <p class='ocr_par' dir='ltr' id='par_1_12' title="bbox 274 1266 1874 1336">
     <span class='ocr_line' id='line_1_12' title="bbox 274 1266 1874 1336; baseline 0.01 -18"><span class='ocrx_word' id='word_1_75' title='bbox 274 1266 487 1319; x_wconf 78' lang='lat' dir='ltr'><strong>cionem</strong></span> <span class='ocrx_word' id='word_1_76' title='bbox 519 1266 558 1321; x_wconf 91' lang='lat' dir='ltr'><strong>l.</strong></span> <span class='ocrx_word' id='word_1_77' title='bbox 592 1283 668 1332; x_wconf 82' lang='lat' dir='ltr'><strong>tv,</strong></span> <span class='ocrx_word' id='word_1_78' title='bbox 703 1283 754 1323; x_wconf 92' lang='lat' dir='ltr'><strong>c.</strong></span> <span class='ocrx_word' id='word_1_79' title='bbox 790 1269 825 1325; x_wconf 82' lang='lat'><strong>5</strong></span> <span class='ocrx_word' id='word_1_80' title='bbox 857 1287 872 1325; x_wconf 91' lang='lat'><strong>:</strong></span> <span class='ocrx_word' id='word_1_81' title='bbox 921 1289 940 1324; x_wconf 77' lang='grc' dir='ltr'><strong>ι</strong></span> <span class='ocrx_word' id='word_1_82' title='bbox 975 1269 1253 1330; x_wconf 82' lang='lat' dir='ltr'><strong>Habemus</strong></span> <span class='ocrx_word' id='word_1_83' title='bbox 1277 1284 1333 1330; x_wconf 92' lang='lat' dir='ltr'><strong>et</strong></span> <span class='ocrx_word' id='word_1_84' title='bbox 1362 1274 1591 1332; x_wconf 84' lang='lat' dir='ltr'><strong>Joannis</strong></span> <span class='ocrx_word' id='word_1_85' title='bbox 1621 1278 1874 1336; x_wconf 89' lang='lat' dir='ltr'><strong>alumnas</strong></span> 
     </span>
    </p>
   </div>
   <div class='ocr_carea' id='block_1_13' title="bbox 276 1356 1869 1437">
    <p class='ocr_par' dir='ltr' id='par_1_13' title="bbox 276 1356 1869 1437">
     <span class='ocr_line' id='line_1_13' title="bbox 276 1356 1869 1437; baseline 0.008 -25"><span class='ocrx_word' id='word_1_86' title='bbox 276 1356 583 1414; x_wconf 83' lang='lat' dir='ltr'><strong>Ecclesias.</strong></span> <span class='ocrx_word' id='word_1_87' title='bbox 620 1357 757 1415; x_wconf 85' lang='lat' dir='ltr'><strong>Nam</strong></span> <span class='ocrx_word' id='word_1_88' title='bbox 792 1362 895 1417; x_wconf 88' lang='lat' dir='ltr'><strong>etsi</strong></span> <span class='ocrx_word' id='word_1_89' title='bbox 925 1362 1294 1437; x_wconf 80' lang='lat' dir='ltr'><strong>Apocalypsin</strong></span> <span class='ocrx_word' id='word_1_90' title='bbox 1329 1366 1450 1437; x_wconf 87' lang='lat' dir='ltr'><strong>ejus</strong></span> <span class='ocrx_word' id='word_1_91' title='bbox 1492 1368 1736 1425; x_wconf 81' lang='lat' dir='ltr'><strong>Marcion</strong></span> <span class='ocrx_word' id='word_1_92' title='bbox 1776 1387 1869 1424; x_wconf 86' lang='lat' dir='ltr'><strong>re-</strong></span> 
     </span>
    </p>
   </div>
   <div class='ocr_carea' id='block_1_14' title="bbox 275 1451 1872 1530">
    <p class='ocr_par' dir='ltr' id='par_1_14' title="bbox 275 1451 1872 1530">
     <span class='ocr_line' id='line_1_14' title="bbox 275 1451 1872 1530; baseline 0.01 -25"><span class='ocrx_word' id='word_1_93' title='bbox 275 1452 449 1522; x_wconf 72' lang='lat' dir='ltr'><strong>spuit,</strong></span> <span class='ocrx_word' id='word_1_94' title='bbox 475 1451 617 1508; x_wconf 88' lang='lat' dir='ltr'><strong>ordo</strong></span> <span class='ocrx_word' id='word_1_95' title='bbox 635 1462 815 1509; x_wconf 88' lang='lat' dir='ltr'><strong>tamen</strong></span> <span class='ocrx_word' id='word_1_96' title='bbox 840 1457 1227 1529; x_wconf 89' lang='lat' dir='ltr'><strong>episcoporum</strong></span> <span class='ocrx_word' id='word_1_97' title='bbox 1243 1461 1308 1515; x_wconf 88' lang='lat' dir='ltr'><strong>ad</strong></span> <span class='ocrx_word' id='word_1_98' title='bbox 1326 1462 1593 1530; x_wconf 82' lang='lat' dir='ltr'><strong>originem</strong></span> <span class='ocrx_word' id='word_1_99' title='bbox 1608 1480 1872 1521; x_wconf 89' lang='lat' dir='ltr'><strong>recensus</strong></span> 
     </span>
    </p>
   </div>
   <div class='ocr_carea' id='block_1_15' title="bbox 274 1542 1868 1625">
    <p class='ocr_par' dir='ltr' id='par_1_15' title="bbox 274 1542 1868 1625">
     <span class='ocr_line' id='line_1_15' title="bbox 274 1542 1868 1625; baseline 0.009 -28"><span class='ocrx_word' id='word_1_100' title='bbox 274 1542 330 1598; x_wconf 84' lang='lat' dir='ltr'><strong>in</strong></span> <span class='ocrx_word' id='word_1_101' title='bbox 363 1542 643 1600; x_wconf 79' lang='lat' dir='ltr'><strong>Joannem</strong></span> <span class='ocrx_word' id='word_1_102' title='bbox 675 1547 843 1602; x_wconf 86' lang='lat' dir='ltr'><strong>stabit</strong></span> <span class='ocrx_word' id='word_1_103' title='bbox 866 1558 1171 1607; x_wconf 83' lang='lat' dir='ltr'><strong>auctorem.</strong></span> <span class='ocrx_word' id='word_1_104' title='bbox 1205 1572 1224 1604; x_wconf 73' lang='grc' dir='ltr'><strong>ι</strong></span> <span class='ocrx_word' id='word_1_105' title='bbox 1260 1551 1330 1609; x_wconf 93' lang='lat' dir='ltr'><strong>Ut</strong></span> <span class='ocrx_word' id='word_1_106' title='bbox 1363 1555 1571 1625; x_wconf 88' lang='lat' dir='ltr'><strong>reliqua</strong></span> <span class='ocrx_word' id='word_1_107' title='bbox 1595 1556 1868 1624; x_wconf 88' lang='lat' dir='ltr'><strong>omittam,</strong></span> 
     </span>
    </p>
   </div>
   <div class='ocr_carea' id='block_1_16' title="bbox 273 1636 1869 1711">
    <p class='ocr_par' dir='ltr' id='par_1_16' title="bbox 273 1636 1869 1711">
     <span class='ocr_line' id='line_1_16' title="bbox 273 1636 1869 1711; baseline 0.011 -22"><span class='ocrx_word' id='word_1_108' title='bbox 273 1636 465 1693; x_wconf 89' lang='lat' dir='ltr'><strong>nullus</strong></span> <span class='ocrx_word' id='word_1_109' title='bbox 503 1653 751 1707; x_wconf 84' lang='lat' dir='ltr'><strong>unquam</strong></span> <span class='ocrx_word' id='word_1_110' title='bbox 787 1641 1027 1711; x_wconf 88' lang='lat' dir='ltr'><strong>scriptor</strong></span> <span class='ocrx_word' id='word_1_111' title='bbox 1075 1642 1429 1703; x_wconf 91' lang='lat' dir='ltr'><strong>Christianus</strong></span> <span class='ocrx_word' id='word_1_112' title='bbox 1469 1658 1522 1703; x_wconf 89' lang='lat' dir='ltr'><strong>et</strong></span> <span class='ocrx_word' id='word_1_113' title='bbox 1564 1651 1869 1707; x_wconf 83' lang='lat' dir='ltr'><strong>catholicus</strong></span> 
     </span>
    </p>
   </div>
   <div class='ocr_carea' id='block_1_17' title="bbox 269 1726 1868 1810">
    <p class='ocr_par' dir='ltr' id='par_1_17' title="bbox 269 1726 1868 1810">
     <span class='ocr_line' id='line_1_17' title="bbox 269 1726 1868 1810; baseline 0.011 -30"><span class='ocrx_word' id='word_1_114' title='bbox 269 1726 413 1781; x_wconf 77' lang='lat' dir='ltr'><strong>dixit</strong></span> <span class='ocrx_word' id='word_1_115' title='bbox 444 1728 745 1797; x_wconf 87' lang='lat' dir='ltr'><strong>pauciores</strong></span> <span class='ocrx_word' id='word_1_116' title='bbox 776 1730 1003 1809; x_wconf 84' lang='lat' dir='ltr'><strong>ordines</strong></span> <span class='ocrx_word' id='word_1_117' title='bbox 1058 1733 1174 1790; x_wconf 85' lang='lat' dir='ltr'><strong>sive</strong></span> <span class='ocrx_word' id='word_1_118' title='bbox 1209 1738 1433 1807; x_wconf 88' lang='lat' dir='ltr'><strong>gradus,</strong></span> <span class='ocrx_word' id='word_1_119' title='bbox 1465 1756 1632 1810; x_wconf 90' lang='lat' dir='ltr'><strong>quam</strong></span> <span class='ocrx_word' id='word_1_120' title='bbox 1658 1749 1770 1798; x_wconf 91' lang='lat' dir='ltr'><strong>tres</strong></span> <span class='ocrx_word' id='word_1_121' title='bbox 1812 1742 1868 1798; x_wconf 90' lang='lat' dir='ltr'><strong>in</strong></span> 
     </span>
    </p>
   </div>
   <div class='ocr_carea' id='block_1_18' title="bbox 270 1816 1868 1904">
    <p class='ocr_par' dir='ltr' id='par_1_18' title="bbox 270 1816 1868 1904">
     <span class='ocr_line' id='line_1_18' title="bbox 270 1816 1868 1904; baseline 0.011 -32"><span class='ocrx_word' id='word_1_122' title='bbox 270 1816 529 1874; x_wconf 84' lang='lat' dir='ltr'><strong>Ecclesia</strong></span> <span class='ocrx_word' id='word_1_123' title='bbox 596 1819 773 1877; x_wconf 81' lang='lat' dir='ltr'><strong>fuisse</strong></span> <span class='ocrx_word' id='word_1_124' title='bbox 825 1824 1072 1880; x_wconf 90' lang='lat' dir='ltr'><strong>secundo</strong></span> <span class='ocrx_word' id='word_1_125' title='bbox 1126 1829 1371 1899; x_wconf 85' lang='lat' dir='ltr'><strong>saeculo,</strong></span> <span class='ocrx_word' id='word_1_126' title='bbox 1435 1839 1534 1886; x_wconf 91' lang='lat' dir='ltr'><strong>aut</strong></span> <span class='ocrx_word' id='word_1_127' title='bbox 1586 1833 1696 1888; x_wconf 90' lang='lat' dir='ltr'><strong>ulla</strong></span> <span class='ocrx_word' id='word_1_128' title='bbox 1747 1834 1868 1904; x_wconf 85' lang='lat' dir='ltr'><strong>ejus</strong></span> 
     </span>
    </p>
   </div>
   <div class='ocr_carea' id='block_1_19' title="bbox 267 1914 1867 1995">
    <p class='ocr_par' dir='ltr' id='par_1_19' title="bbox 267 1914 1867 1995">
     <span class='ocr_line' id='line_1_19' title="bbox 267 1914 1867 1995; baseline 0.012 -30"><span class='ocrx_word' id='word_1_129' title='bbox 267 1921 465 1982; x_wconf 84' lang='lat' dir='ltr'><strong>parte;</strong></span> <span class='ocrx_word' id='word_1_130' title='bbox 508 1929 626 1983; x_wconf 90' lang='lat' dir='ltr'><strong>quo</strong></span> <span class='ocrx_word' id='word_1_131' title='bbox 658 1914 879 1986; x_wconf 87' lang='lat' dir='ltr'><strong>quidem</strong></span> <span class='ocrx_word' id='word_1_132' title='bbox 912 1917 1115 1975; x_wconf 63' lang='lat' dir='ltr'><strong>saeculo</strong></span> <span class='ocrx_word' id='word_1_133' title='bbox 1148 1917 1393 1991; x_wconf 86' lang='lat' dir='ltr'><strong>lgnatius</strong></span> <span class='ocrx_word' id='word_1_134' title='bbox 1423 1924 1664 1995; x_wconf 90' lang='lat' dir='ltr'><strong>scripsit.</strong></span> <span class='ocrx_word' id='word_1_135' title='bbox 1705 1924 1867 1984; x_wconf 88' lang='lat' dir='ltr'><strong>Nullo</strong></span> 
     </span>
    </p>
   </div>
   <div class='ocr_carea' id='block_1_20' title="bbox 270 2004 1865 2085">
    <p class='ocr_par' dir='ltr' id='par_1_20' title="bbox 270 2004 1865 2085">
     <span class='ocr_line' id='line_1_20' title="bbox 270 2004 1865 2085; baseline 0.012 -27"><span class='ocrx_word' id='word_1_136' title='bbox 270 2004 444 2060; x_wconf 87' lang='lat' dir='ltr'><strong>modo</strong></span> <span class='ocrx_word' id='word_1_137' title='bbox 484 2004 663 2076; x_wconf 87' lang='lat' dir='ltr'><strong>igitur</strong></span> <span class='ocrx_word' id='word_1_138' title='bbox 708 2009 1009 2066; x_wconf 81' lang='lat' dir='ltr'><strong>verisimile</strong></span> <span class='ocrx_word' id='word_1_139' title='bbox 1048 2022 1134 2069; x_wconf 89' lang='lat' dir='ltr'><strong>est</strong></span> <span class='ocrx_word' id='word_1_140' title='bbox 1180 2016 1470 2085; x_wconf 87' lang='lat' dir='ltr'><strong>pauciores</strong></span> <span class='ocrx_word' id='word_1_141' title='bbox 1519 2028 1649 2075; x_wconf 91' lang='lat' dir='ltr'><strong>tunc</strong></span> <span class='ocrx_word' id='word_1_142' title='bbox 1693 2022 1865 2077; x_wconf 83' lang='lat' dir='ltr'><strong>exsti-</strong></span> 
     </span>
    </p>
   </div>
   <div class='ocr_carea' id='block_1_21' title="bbox 268 2096 1867 2177">
    <p class='ocr_par' dir='ltr' id='par_1_21' title="bbox 268 2096 1867 2177">
     <span class='ocr_line' id='line_1_21' title="bbox 268 2096 1867 2177; baseline 0.011 -27"><span class='ocrx_word' id='word_1_143' title='bbox 268 2096 427 2151; x_wconf 88' lang='lat' dir='ltr'><strong>tisse.</strong></span> <span class='ocrx_word' id='word_1_144' title='bbox 466 2097 526 2151; x_wconf 89' lang='lat' dir='ltr'><strong>Si</strong></span> <span class='ocrx_word' id='word_1_145' title='bbox 560 2099 854 2169; x_wconf 88' lang='lat' dir='ltr'><strong>quisquam</strong></span> <span class='ocrx_word' id='word_1_146' title='bbox 890 2101 944 2156; x_wconf 93' lang='lat' dir='ltr'><strong>id</strong></span> <span class='ocrx_word' id='word_1_147' title='bbox 976 2103 1184 2160; x_wconf 80' lang='lat' dir='ltr'><strong>dixisse</strong></span> <span class='ocrx_word' id='word_1_148' title='bbox 1218 2109 1495 2177; x_wconf 90' lang='lat' dir='ltr'><strong>putandus</strong></span> <span class='ocrx_word' id='word_1_149' title='bbox 1522 2121 1688 2177; x_wconf 90' lang='lat' dir='ltr'><strong>esset,</strong></span> <span class='ocrx_word' id='word_1_150' title='bbox 1724 2112 1867 2168; x_wconf 83' lang='lat' dir='ltr'><strong>inter</strong></span> 
     </span>
    </p>
   </div>
   <div class='ocr_carea' id='block_1_22' title="bbox 268 2188 1866 2275">
    <p class='ocr_par' dir='ltr' id='par_1_22' title="bbox 268 2188 1866 2275">
     <span class='ocr_line' id='line_1_22' title="bbox 268 2188 1866 2275; baseline 0.011 -33"><span class='ocrx_word' id='word_1_151' title='bbox 268 2188 390 2244; x_wconf 89' lang='lat' dir='ltr'><strong>illos</strong></span> <span class='ocrx_word' id='word_1_152' title='bbox 441 2199 595 2247; x_wconf 89' lang='lat' dir='ltr'><strong>certe</strong></span> <span class='ocrx_word' id='word_1_153' title='bbox 641 2193 999 2262; x_wconf 88' lang='lat' dir='ltr'><strong>reperiretur,</strong></span> <span class='ocrx_word' id='word_1_154' title='bbox 1042 2198 1136 2267; x_wconf 90' lang='lat' dir='ltr'><strong>qui</strong></span> <span class='ocrx_word' id='word_1_155' title='bbox 1172 2201 1414 2272; x_wconf 84' lang='lat' dir='ltr'><strong>episcopi</strong></span> <span class='ocrx_word' id='word_1_156' title='bbox 1465 2210 1520 2258; x_wconf 91' lang='lat' dir='ltr'><strong>et</strong></span> <span class='ocrx_word' id='word_1_157' title='bbox 1565 2204 1866 2275; x_wconf 88' lang='lat' dir='ltr'><strong>presbyteri</strong></span> 
     </span>
    </p>
   </div>
   <div class='ocr_carea' id='block_1_23' title="bbox 267 2281 1863 2361">
    <p class='ocr_par' dir='ltr' id='par_1_23' title="bbox 267 2281 1863 2361">
     <span class='ocr_line' id='line_1_23' title="bbox 267 2281 1863 2361; baseline 0.011 -26"><span class='ocrx_word' id='word_1_158' title='bbox 267 2281 499 2337; x_wconf 89' lang='lat' dir='ltr'><strong>nomina</strong></span> <span class='ocrx_word' id='word_1_159' title='bbox 524 2282 581 2336; x_wconf 90' lang='lat' dir='ltr'><strong>in</strong></span> <span class='ocrx_word' id='word_1_160' title='bbox 607 2285 986 2353; x_wconf 86' lang='lat' dir='ltr'><strong>apostolorum</strong></span> <span class='ocrx_word' id='word_1_161' title='bbox 1009 2290 1230 2361; x_wconf 87' lang='lat' dir='ltr'><strong>scriptis</strong></span> <span class='ocrx_word' id='word_1_162' title='bbox 1259 2293 1493 2350; x_wconf 81' lang='lat' dir='ltr'><strong>confusa</strong></span> <span class='ocrx_word' id='word_1_163' title='bbox 1524 2311 1647 2351; x_wconf 88' lang='lat' dir='ltr'><strong>esse</strong></span> <span class='ocrx_word' id='word_1_164' title='bbox 1670 2298 1863 2353; x_wconf 77' lang='lat' dir='ltr'><strong>existi-</strong></span> 
     </span>
    </p>
   </div>
   <div class='ocr_carea' id='block_1_24' title="bbox 265 2373 1865 2448">
    <p class='ocr_par' dir='ltr' id='par_1_24' title="bbox 265 2373 1865 2448">
     <span class='ocr_line' id='line_1_24' title="bbox 265 2373 1865 2448; baseline 0.013 -23"><span class='ocrx_word' id='word_1_165' title='bbox 265 2373 521 2428; x_wconf 84' lang='lat' dir='ltr'><strong>mabant.</strong></span> <span class='ocrx_word' id='word_1_166' title='bbox 561 2375 633 2428; x_wconf 85' lang='lat' dir='ltr'><strong>At</strong></span> <span class='ocrx_word' id='word_1_167' title='bbox 676 2376 732 2430; x_wconf 90' lang='lat' dir='ltr'><strong>hi</strong></span> <span class='ocrx_word' id='word_1_168' title='bbox 770 2378 876 2448; x_wconf 86' lang='lat' dir='ltr'><strong>ipsi</strong></span> <span class='ocrx_word' id='word_1_169' title='bbox 906 2394 1098 2436; x_wconf 88' lang='lat' dir='ltr'><strong>omnes</strong></span> <span class='ocrx_word' id='word_1_170' title='bbox 1127 2392 1261 2440; x_wconf 89' lang='lat' dir='ltr'><strong>tunc</strong></span> <span class='ocrx_word' id='word_1_171' title='bbox 1302 2400 1429 2441; x_wconf 90' lang='lat' dir='ltr'><strong>cum</strong></span> <span class='ocrx_word' id='word_1_172' title='bbox 1469 2388 1693 2444; x_wconf 89' lang='lat' dir='ltr'><strong>nomina</strong></span> <span class='ocrx_word' id='word_1_173' title='bbox 1728 2404 1865 2445; x_wconf 86' lang='lat' dir='ltr'><strong>con-</strong></span> 
     </span>
    </p>
   </div>
   <div class='ocr_carea' id='block_1_25' title="bbox 266 2464 1861 2537">
    <p class='ocr_par' dir='ltr' id='par_1_25' title="bbox 266 2464 1861 2537">
     <span class='ocr_line' id='line_1_25' title="bbox 266 2464 1861 2537; baseline 0.011 -19"><span class='ocrx_word' id='word_1_174' title='bbox 266 2464 387 2520; x_wconf 79' lang='lat' dir='ltr'><strong>fusa</strong></span> <span class='ocrx_word' id='word_1_175' title='bbox 419 2481 551 2522; x_wconf 90' lang='lat' dir='ltr'><strong>esse</strong></span> <span class='ocrx_word' id='word_1_176' title='bbox 591 2468 969 2537; x_wconf 89' lang='lat' dir='ltr'><strong>crediderunt,</strong></span> <span class='ocrx_word' id='word_1_177' title='bbox 1017 2482 1114 2528; x_wconf 90' lang='lat' dir='ltr'><strong>aut</strong></span> <span class='ocrx_word' id='word_1_178' title='bbox 1145 2475 1341 2531; x_wconf 84' lang='lat' dir='ltr'><strong>saltem</strong></span> <span class='ocrx_word' id='word_1_179' title='bbox 1387 2485 1516 2533; x_wconf 90' lang='lat' dir='ltr'><strong>ante</strong></span> <span class='ocrx_word' id='word_1_180' title='bbox 1555 2480 1861 2536; x_wconf 87' lang='lat' dir='ltr'><strong>secundum</strong></span> 
     </span>
    </p>
   </div>
   <div class='ocr_carea' id='block_1_26' title="bbox 262 2556 1863 2634">
    <p class='ocr_par' dir='ltr' id='par_1_26' title="bbox 262 2556 1863 2634">
     <span class='ocr_line' id='line_1_26' title="bbox 262 2556 1863 2634; baseline 0.005 -21"><span class='ocrx_word' id='word_1_181' title='bbox 262 2556 566 2622; x_wconf 64' lang='lat' dir='ltr'><strong>saeculum,</strong></span> <span class='ocrx_word' id='word_1_182' title='bbox 610 2557 874 2613; x_wconf 80' lang='lat' dir='ltr'><strong>dixerunt</strong></span> <span class='ocrx_word' id='word_1_183' title='bbox 907 2560 1131 2617; x_wconf 88' lang='lat' dir='ltr'><strong>ordines</strong></span> <span class='ocrx_word' id='word_1_184' title='bbox 1168 2568 1284 2618; x_wconf 90' lang='lat' dir='ltr'><strong>sive</strong></span> <span class='ocrx_word' id='word_1_185' title='bbox 1324 2566 1528 2634; x_wconf 86' lang='lat' dir='ltr'><strong>gradus</strong></span> <span class='ocrx_word' id='word_1_186' title='bbox 1563 2564 1739 2622; x_wconf 83' lang='lat' dir='ltr'><strong>fuisse</strong></span> <span class='ocrx_word' id='word_1_187' title='bbox 1777 2567 1863 2621; x_wconf 92' lang='lat' dir='ltr'><strong>di-</strong></span> 
     </span>
    </p>
   </div>
   <div class='ocr_carea' id='block_1_27' title="bbox 260 2648 1863 2716">
    <p class='ocr_par' dir='ltr' id='par_1_27' title="bbox 260 2648 1863 2716">
     <span class='ocr_line' id='line_1_27' title="bbox 260 2648 1863 2716; baseline 0.008 -14"><span class='ocrx_word' id='word_1_188' title='bbox 260 2648 529 2715; x_wconf 86' lang='lat' dir='ltr'><strong>stinctos,</strong></span> <span class='ocrx_word' id='word_1_189' title='bbox 577 2659 639 2705; x_wconf 89' lang='lat' dir='ltr'><strong>ut</strong></span> <span class='ocrx_word' id='word_1_190' title='bbox 676 2666 781 2706; x_wconf 91' lang='lat' dir='ltr'><strong>suo</strong></span> <span class='ocrx_word' id='word_1_191' title='bbox 826 2652 950 2708; x_wconf 90' lang='lat' dir='ltr'><strong>loco</strong></span> <span class='ocrx_word' id='word_1_192' title='bbox 1004 2654 1419 2712; x_wconf 88' lang='lat' dir='ltr'><strong>demonstrabo.</strong></span> <span class='ocrx_word' id='word_1_193' title='bbox 1473 2657 1602 2714; x_wconf 83' lang='lat' dir='ltr'><strong>Sine</strong></span> <span class='ocrx_word' id='word_1_194' title='bbox 1641 2668 1863 2716; x_wconf 90' lang='lat' dir='ltr'><strong>contro-</strong></span> 
     </span>
    </p>
   </div>
   <div class='ocr_carea' id='block_1_28' title="bbox 256 2741 1857 2821">
    <p class='ocr_par' dir='ltr' id='par_1_28' title="bbox 256 2741 1857 2821">
     <span class='ocr_line' id='line_1_28' title="bbox 256 2741 1857 2821; baseline 0.011 -28"><span class='ocrx_word' id='word_1_195' title='bbox 256 2742 448 2795; x_wconf 78' lang='lat' dir='ltr'><strong>versia</strong></span> <span class='ocrx_word' id='word_1_196' title='bbox 501 2741 670 2812; x_wconf 81' lang='lat' dir='ltr'><strong>igitur</strong></span> <span class='ocrx_word' id='word_1_197' title='bbox 712 2760 859 2815; x_wconf 92' lang='lat' dir='ltr'><strong>pono</strong></span> <span class='ocrx_word' id='word_1_198' title='bbox 903 2746 1192 2818; x_wconf 88' lang='lat' dir='ltr'><strong>episcopos</strong></span> <span class='ocrx_word' id='word_1_199' title='bbox 1225 2749 1280 2804; x_wconf 91' lang='lat' dir='ltr'><strong>in</strong></span> <span class='ocrx_word' id='word_1_200' title='bbox 1319 2750 1451 2806; x_wconf 86' lang='lat' dir='ltr'><strong>Asia</strong></span> <span class='ocrx_word' id='word_1_201' title='bbox 1500 2760 1630 2807; x_wconf 93' lang='lat' dir='ltr'><strong>tunc</strong></span> <span class='ocrx_word' id='word_1_202' title='bbox 1662 2751 1857 2821; x_wconf 81' lang='lat' dir='ltr'><strong>fuisse,</strong></span> 
     </span>
    </p>
   </div>
   <div class='ocr_carea' id='block_1_29' title="bbox 257 2836 1859 2914">
    <p class='ocr_par' dir='ltr' id='par_1_29' title="bbox 257 2836 1859 2914">
     <span class='ocr_line' id='line_1_29' title="bbox 257 2836 1859 2914; baseline 0.009 -25"><span class='ocrx_word' id='word_1_203' title='bbox 257 2852 389 2890; x_wconf 89' lang='lat' dir='ltr'><strong>cum</strong></span> <span class='ocrx_word' id='word_1_204' title='bbox 426 2836 681 2906; x_wconf 84' lang='lat' dir='ltr'><strong>lgnatius</strong></span> <span class='ocrx_word' id='word_1_205' title='bbox 721 2840 789 2895; x_wconf 90' lang='lat' dir='ltr'><strong>ad</strong></span> <span class='ocrx_word' id='word_1_206' title='bbox 834 2842 1160 2914; x_wconf 85' lang='lat' dir='ltr'><strong>martyrium</strong></span> <span class='ocrx_word' id='word_1_207' title='bbox 1209 2841 1518 2900; x_wconf 78' lang='lat' dir='ltr'><strong>festinaret.</strong></span> <span class='ocrx_word' id='word_1_208' title='bbox 1557 2843 1680 2901; x_wconf 83' lang='lat' dir='ltr'><strong>Jam</strong></span> <span class='ocrx_word' id='word_1_209' title='bbox 1725 2862 1859 2903; x_wconf 90' lang='lat' dir='ltr'><strong>vero</strong></span> 
     </span>
    </p>
   </div>
   <div class='ocr_carea' id='block_1_30' title="bbox 257 2929 1856 3008">
    <p class='ocr_par' dir='ltr' id='par_1_30' title="bbox 257 2929 1856 3008">
     <span class='ocr_line' id='line_1_30' title="bbox 257 2929 1856 3008; baseline 0.009 -26"><span class='ocrx_word' id='word_1_210' title='bbox 257 2929 337 2983; x_wconf 88' lang='lat' dir='ltr'><strong>ita</strong></span> <span class='ocrx_word' id='word_1_211' title='bbox 385 2929 688 3001; x_wconf 88' lang='lat' dir='ltr'><strong>episcopos</strong></span> <span class='ocrx_word' id='word_1_212' title='bbox 744 2934 831 2988; x_wconf 93' lang='lat' dir='ltr'><strong>sui</strong></span> <span class='ocrx_word' id='word_1_213' title='bbox 880 2936 1145 3005; x_wconf 91' lang='lat' dir='ltr'><strong>temporis</strong></span> <span class='ocrx_word' id='word_1_214' title='bbox 1188 2935 1449 2993; x_wconf 87' lang='lat' dir='ltr'><strong>describit</strong></span> <span class='ocrx_word' id='word_1_215' title='bbox 1497 2938 1856 3008; x_wconf 87' lang='lat' dir='ltr'><strong>epistolarum</strong></span> 
     </span>
    </p>
   </div>
   <div class='ocr_carea' id='block_1_31' title="bbox 254 3014 1857 3099">
    <p class='ocr_par' dir='ltr' id='par_1_31' title="bbox 254 3014 1857 3099">
     <span class='ocr_line' id='line_1_31' title="bbox 254 3014 1857 3099; baseline 0.007 -24"><span class='ocrx_word' id='word_1_216' title='bbox 254 3031 488 3088; x_wconf 80' lang='lat' dir='ltr'><strong>auctor,</strong></span> <span class='ocrx_word' id='word_1_217' title='bbox 520 3023 596 3078; x_wconf 89' lang='lat' dir='ltr'><strong>ita</strong></span> <span class='ocrx_word' id='word_1_218' title='bbox 631 3040 850 3097; x_wconf 88' lang='lat' dir='ltr'><strong>semper</strong></span> <span class='ocrx_word' id='word_1_219' title='bbox 877 3026 944 3082; x_wconf 92' lang='lat' dir='ltr'><strong>de</strong></span> <span class='ocrx_word' id='word_1_220' title='bbox 975 3028 1042 3083; x_wconf 91' lang='lat' dir='ltr'><strong>iis</strong></span> <span class='ocrx_word' id='word_1_221' title='bbox 1077 3028 1344 3099; x_wconf 90' lang='lat' dir='ltr'><strong>loquitur,</strong></span> <span class='ocrx_word' id='word_1_222' title='bbox 1365 3014 1442 3086; x_wconf 21' lang='lat' dir='ltr'><strong>hut</strong></span> <span class='ocrx_word' id='word_1_223' title='bbox 1468 3030 1709 3087; x_wconf 87' lang='lat' dir='ltr'><strong>dubitari</strong></span> <span class='ocrx_word' id='word_1_224' title='bbox 1744 3048 1857 3089; x_wconf 89' lang='lat' dir='ltr'><strong>non</strong></span> 
     </span>
    </p>
   </div>
   <div class='ocr_carea' id='block_1_32' title="bbox 252 3116 1856 3197">
    <p class='ocr_par' dir='ltr' id='par_1_32' title="bbox 252 3116 1856 3197">
     <span class='ocr_line' id='line_1_32' title="bbox 252 3116 1856 3197; baseline 0.008 -29"><span class='ocrx_word' id='word_1_225' title='bbox 252 3116 464 3186; x_wconf 85' lang='lat' dir='ltr'><strong>possit,</strong></span> <span class='ocrx_word' id='word_1_226' title='bbox 500 3117 638 3187; x_wconf 89' lang='lat' dir='ltr'><strong>quin</strong></span> <span class='ocrx_word' id='word_1_227' title='bbox 680 3121 867 3175; x_wconf 89' lang='lat' dir='ltr'><strong>omnia</strong></span> <span class='ocrx_word' id='word_1_228' title='bbox 913 3120 985 3174; x_wconf 90' lang='lat' dir='ltr'><strong>ah</strong></span> <span class='ocrx_word' id='word_1_229' title='bbox 1022 3134 1091 3177; x_wconf 90' lang='lat' dir='ltr'><strong>eo</strong></span> <span class='ocrx_word' id='word_1_230' title='bbox 1132 3121 1278 3177; x_wconf 91' lang='lat' dir='ltr'><strong>dicta</strong></span> <span class='ocrx_word' id='word_1_231' title='bbox 1324 3122 1417 3178; x_wconf 92' lang='lat' dir='ltr'><strong>illa</strong></span> <span class='ocrx_word' id='word_1_232' title='bbox 1448 3123 1569 3194; x_wconf 89' lang='lat' dir='ltr'><strong>ipsa</strong></span> <span class='ocrx_word' id='word_1_233' title='bbox 1608 3133 1856 3197; x_wconf 88' lang='lat' dir='ltr'><strong>tempora</strong></span> 
     </span>
    </p>
   </div>
   <div class='ocr_carea' id='block_1_33' title="bbox 253 3207 1857 3278">
    <p class='ocr_par' dir='ltr' id='par_1_33' title="bbox 253 3207 1857 3278">
     <span class='ocr_line' id='line_1_33' title="bbox 253 3207 1857 3278; baseline 0.005 -14"><span class='ocrx_word' id='word_1_234' title='bbox 253 3208 594 3278; x_wconf 82' lang='lat' dir='ltr'><strong>respiciant.</strong></span> <span class='ocrx_word' id='word_1_235' title='bbox 624 3207 764 3264; x_wconf 88' lang='lat' dir='ltr'><strong>Nam</strong></span> <span class='ocrx_word' id='word_1_236' title='bbox 809 3211 1020 3267; x_wconf 90' lang='lat' dir='ltr'><strong>nudum</strong></span> <span class='ocrx_word' id='word_1_237' title='bbox 1057 3227 1258 3269; x_wconf 89' lang='lat' dir='ltr'><strong>nomen</strong></span> <span class='ocrx_word' id='word_1_238' title='bbox 1294 3213 1458 3270; x_wconf 79' lang='lat' dir='ltr'><strong>ollicii</strong></span> <span class='ocrx_word' id='word_1_239' title='bbox 1501 3231 1598 3271; x_wconf 88' lang='lat' dir='ltr'><strong>seu</strong></span> <span class='ocrx_word' id='word_1_240' title='bbox 1645 3216 1857 3273; x_wconf 87' lang='lat' dir='ltr'><strong>ordinis</strong></span> 
     </span>
    </p>
   </div>
   <div class='ocr_carea' id='block_1_34' title="bbox 253 3299 1853 3389">
    <p class='ocr_par' dir='ltr' id='par_1_34' title="bbox 253 3299 1853 3389">
     <span class='ocr_line' id='line_1_34' title="bbox 253 3299 1853 3389; baseline 0.006 -35"><span class='ocrx_word' id='word_1_241' title='bbox 253 3300 439 3371; x_wconf 87' lang='lat' dir='ltr'><strong>ponit,</strong></span> <span class='ocrx_word' id='word_1_242' title='bbox 476 3299 689 3355; x_wconf 89' lang='lat' dir='ltr'><strong>nullum</strong></span> <span class='ocrx_word' id='word_1_243' title='bbox 723 3302 831 3359; x_wconf 89' lang='lat' dir='ltr'><strong>illis</strong></span> <span class='ocrx_word' id='word_1_244' title='bbox 871 3303 1283 3389; x_wconf 75' lang='lat' dir='ltr'><strong>insolentiorem</strong></span> <span class='ocrx_word' id='word_1_245' title='bbox 1317 3306 1538 3363; x_wconf 90' lang='lat' dir='ltr'><strong>titulum</strong></span> <span class='ocrx_word' id='word_1_246' title='bbox 1568 3307 1853 3377; x_wconf 83' lang='lat' dir='ltr'><strong>attribuit;</strong></span> 
     </span>
    </p>
   </div>
   <div class='ocr_carea' id='block_1_35' title="bbox 252 3393 1853 3471">
    <p class='ocr_par' dir='ltr' id='par_1_35' title="bbox 252 3393 1853 3471">
     <span class='ocr_line' id='line_1_35' title="bbox 252 3393 1853 3471; baseline 0.005 -25"><span class='ocrx_word' id='word_1_247' title='bbox 252 3407 368 3447; x_wconf 91' lang='lat' dir='ltr'><strong>non</strong></span> <span class='ocrx_word' id='word_1_248' title='bbox 390 3393 717 3464; x_wconf 81' lang='grc' dir='ltr'><strong>ἀρχιερέας,</strong></span> <span class='ocrx_word' id='word_1_249' title='bbox 750 3403 846 3450; x_wconf 88' lang='lat' dir='ltr'><strong>aut</strong></span> <span class='ocrx_word' id='word_1_250' title='bbox 877 3396 1078 3467; x_wconf 76' lang='grc' dir='ltr'>ἱερέας,</span> <span class='ocrx_word' id='word_1_251' title='bbox 1112 3413 1221 3454; x_wconf 89' lang='lat' dir='ltr'><strong>non</strong></span> <span class='ocrx_word' id='word_1_252' title='bbox 1250 3400 1535 3470; x_wconf 85' lang='grc' dir='ltr'>ἄρχοντας,</span> <span class='ocrx_word' id='word_1_253' title='bbox 1568 3410 1628 3456; x_wconf 91' lang='lat' dir='ltr'><strong>ut</strong></span> <span class='ocrx_word' id='word_1_254' title='bbox 1648 3401 1853 3471; x_wconf 87' lang='lat' dir='ltr'><strong>posteri</strong></span> 
     </span>
    </p>
   </div>
   <div class='ocr_carea' id='block_1_36' title="bbox 251 3485 1855 3561">
    <p class='ocr_par' dir='ltr' id='par_1_36' title="bbox 251 3485 1855 3561">
     <span class='ocr_line' id='line_1_36' title="bbox 251 3485 1855 3561; baseline 0.006 -22"><span class='ocrx_word' id='word_1_255' title='bbox 251 3485 540 3552; x_wconf 79' lang='lat' dir='ltr'><strong>solebant,</strong></span> <span class='ocrx_word' id='word_1_256' title='bbox 581 3487 840 3557; x_wconf 85' lang='lat' dir='ltr'><strong>appellat.</strong></span> <span class='ocrx_word' id='word_1_257' title='bbox 897 3486 1056 3544; x_wconf 87' lang='lat' dir='ltr'><strong>Nulla</strong></span> <span class='ocrx_word' id='word_1_258' title='bbox 1100 3490 1246 3561; x_wconf 89' lang='lat' dir='ltr'><strong>apud</strong></span> <span class='ocrx_word' id='word_1_259' title='bbox 1286 3506 1413 3546; x_wconf 91' lang='lat' dir='ltr'><strong>eum</strong></span> <span class='ocrx_word' id='word_1_260' title='bbox 1457 3491 1527 3548; x_wconf 89' lang='lat' dir='ltr'><strong>de</strong></span> <span class='ocrx_word' id='word_1_261' title='bbox 1576 3492 1855 3549; x_wconf 83' lang='lat' dir='ltr'><strong>cathedris</strong></span> 
     </span>
    </p>
   </div>
   <div class='ocr_carea' id='block_1_37' title="bbox 252 3578 1854 3652">
    <p class='ocr_par' dir='ltr' id='par_1_37' title="bbox 252 3578 1854 3652">
     <span class='ocr_line' id='line_1_37' title="bbox 252 3578 1854 3652; baseline 0.008 -21"><span class='ocrx_word' id='word_1_262' title='bbox 252 3579 498 3644; x_wconf 89' lang='lat' dir='ltr'><strong>mentio,</strong></span> <span class='ocrx_word' id='word_1_263' title='bbox 548 3578 699 3633; x_wconf 87' lang='lat' dir='ltr'><strong>nulla</strong></span> <span class='ocrx_word' id='word_1_264' title='bbox 742 3579 811 3635; x_wconf 90' lang='lat' dir='ltr'><strong>de</strong></span> <span class='ocrx_word' id='word_1_265' title='bbox 857 3582 1232 3650; x_wconf 84' lang='lat' dir='ltr'><strong>ordinatione,</strong></span> <span class='ocrx_word' id='word_1_266' title='bbox 1275 3593 1372 3639; x_wconf 90' lang='lat' dir='ltr'><strong>aut</strong></span> <span class='ocrx_word' id='word_1_267' title='bbox 1418 3585 1709 3652; x_wconf 88' lang='lat' dir='ltr'><strong>electione,</strong></span> <span class='ocrx_word' id='word_1_268' title='bbox 1759 3597 1854 3644; x_wconf 86' lang='lat' dir='ltr'><strong>aut</strong></span> 
     </span>
    </p>
   </div>
   <div class='ocr_carea' id='block_1_38' title="bbox 250 3670 1854 3748">
    <p class='ocr_par' dir='ltr' id='par_1_38' title="bbox 250 3670 1854 3748">
     <span class='ocr_line' id='line_1_38' title="bbox 250 3670 1854 3748; baseline 0.006 -23"><span class='ocrx_word' id='word_1_269' title='bbox 250 3671 642 3728; x_wconf 83' lang='lat' dir='ltr'><strong>successione.</strong></span> <span class='ocrx_word' id='word_1_270' title='bbox 688 3670 851 3728; x_wconf 87' lang='lat' dir='ltr'><strong>Nulla</strong></span> <span class='ocrx_word' id='word_1_271' title='bbox 900 3673 990 3730; x_wconf 92' lang='lat' dir='ltr'><strong>hic</strong></span> <span class='ocrx_word' id='word_1_272' title='bbox 1045 3675 1376 3746; x_wconf 88' lang='lat' dir='ltr'><strong>episcopalis</strong></span> <span class='ocrx_word' id='word_1_273' title='bbox 1418 3677 1655 3748; x_wconf 84' lang='lat' dir='ltr'><strong>alicujus</strong></span> <span class='ocrx_word' id='word_1_274' title='bbox 1704 3679 1854 3735; x_wconf 87' lang='lat' dir='ltr'><strong>sedis</strong></span> 
     </span>
    </p>
   </div>
   <div class='ocr_carea' id='block_1_39' title="bbox 250 3765 1855 3836">
    <p class='ocr_par' dir='ltr' id='par_1_39' title="bbox 250 3765 1855 3836">
     <span class='ocr_line' id='line_1_39' title="bbox 250 3765 1855 3836; baseline 0.004 -17"><span class='ocrx_word' id='word_1_275' title='bbox 250 3765 635 3836; x_wconf 65' lang='lat' dir='ltr'><strong>praerogativa</strong></span> <span class='ocrx_word' id='word_1_276' title='bbox 684 3766 1041 3836; x_wconf 86' lang='lat' dir='ltr'><strong>depingitur;</strong></span> <span class='ocrx_word' id='word_1_277' title='bbox 1101 3768 1252 3824; x_wconf 85' lang='lat' dir='ltr'><strong>nulla</strong></span> <span class='ocrx_word' id='word_1_278' title='bbox 1304 3770 1373 3824; x_wconf 88' lang='lat' dir='ltr'><strong>ad</strong></span> <span class='ocrx_word' id='word_1_279' title='bbox 1423 3770 1712 3826; x_wconf 88' lang='lat' dir='ltr'><strong>ecclesiam</strong></span> <span class='ocrx_word' id='word_1_280' title='bbox 1751 3771 1855 3825; x_wconf 90' lang='lat' dir='ltr'><strong>ali-</strong></span> 
     </span>
    </p>
   </div>
   <div class='ocr_carea' id='block_1_40' title="bbox 244 3855 1854 3926">
    <p class='ocr_par' dir='ltr' id='par_1_40' title="bbox 244 3855 1854 3926">
     <span class='ocr_line' id='line_1_40' title="bbox 244 3855 1854 3926; baseline 0.001 -17"><span class='ocrx_word' id='word_1_281' title='bbox 244 3871 424 3926; x_wconf 79' lang='lat' dir='ltr'><strong>quam</strong></span> <span class='ocrx_word' id='word_1_282' title='bbox 461 3870 577 3925; x_wconf 71' lang='lat' dir='ltr'><strong>pra:</strong></span> <span class='ocrx_word' id='word_1_283' title='bbox 608 3855 733 3910; x_wconf 91' lang='lat' dir='ltr'><strong>aliis</strong></span> <span class='ocrx_word' id='word_1_284' title='bbox 765 3857 1061 3926; x_wconf 87' lang='lat' dir='ltr'><strong>appellatio</strong></span> <span class='ocrx_word' id='word_1_285' title='bbox 1110 3866 1486 3925; x_wconf 89' lang='lat' dir='ltr'><strong>memoratur;</strong></span> <span class='ocrx_word' id='word_1_286' title='bbox 1534 3857 1683 3912; x_wconf 89' lang='lat' dir='ltr'><strong>nulla</strong></span> <span class='ocrx_word' id='word_1_287' title='bbox 1724 3858 1854 3912; x_wconf 90' lang='lat' dir='ltr'><strong>obe-</strong></span> 
     </span>
    </p>
   </div>
   <div class='ocr_carea' id='block_1_41' title="bbox 243 3946 1848 4015">
    <p class='ocr_par' dir='ltr' id='par_1_41' title="bbox 243 3946 1848 4015">
     <span class='ocr_line' id='line_1_41' title="bbox 243 3946 1848 4015; baseline 0.001 -14"><span class='ocrx_word' id='word_1_288' title='bbox 243 3947 505 4013; x_wconf 88' lang='lat' dir='ltr'><strong>dientia,</strong></span> <span class='ocrx_word' id='word_1_289' title='bbox 562 3946 673 4000; x_wconf 90' lang='lat' dir='ltr'><strong>nisi</strong></span> <span class='ocrx_word' id='word_1_290' title='bbox 723 3961 787 4002; x_wconf 91' lang='lat' dir='ltr'><strong>ea</strong></span> <span class='ocrx_word' id='word_1_291' title='bbox 834 3962 960 4015; x_wconf 66' lang='lat' dir='ltr'><strong>qua:</strong></span> <span class='ocrx_word' id='word_1_292' title='bbox 1023 3949 1333 4004; x_wconf 88' lang='lat' dir='ltr'><strong>necessaria</strong></span> <span class='ocrx_word' id='word_1_293' title='bbox 1376 3955 1461 4004; x_wconf 91' lang='lat' dir='ltr'><strong>est</strong></span> <span class='ocrx_word' id='word_1_294' title='bbox 1511 3949 1578 4003; x_wconf 86' lang='lat' dir='ltr'><strong>ad</strong></span> <span class='ocrx_word' id='word_1_295' title='bbox 1628 3948 1848 4003; x_wconf 87' lang='lat' dir='ltr'><strong>vitanda</strong></span> 
     </span>
    </p>
   </div>
   <div class='ocr_carea' id='block_1_42' title="bbox 243 4037 1848 4111">
    <p class='ocr_par' dir='ltr' id='par_1_42' title="bbox 243 4037 1848 4111">
     <span class='ocr_line' id='line_1_42' title="bbox 243 4037 1848 4111; baseline -0.001 -16"><span class='ocrx_word' id='word_1_296' title='bbox 243 4040 561 4095; x_wconf 86' lang='lat' dir='ltr'><strong>schismata</strong></span> <span class='ocrx_word' id='word_1_297' title='bbox 583 4047 637 4093; x_wconf 89' lang='lat' dir='ltr'><strong>et</strong></span> <span class='ocrx_word' id='word_1_298' title='bbox 662 4037 921 4094; x_wconf 68' lang='lat' dir='ltr'><strong>Ecclesiae</strong></span> <span class='ocrx_word' id='word_1_299' title='bbox 939 4041 1205 4095; x_wconf 86' lang='lat' dir='ltr'><strong>unitatem</strong></span> <span class='ocrx_word' id='word_1_300' title='bbox 1230 4040 1685 4104; x_wconf 89' lang='lat' dir='ltr'><strong>conservandam,</strong></span> <span class='ocrx_word' id='word_1_301' title='bbox 1706 4055 1848 4111; x_wconf 71' lang='lat' dir='ltr'><strong>prae-</strong></span> 
     </span>
    </p>
   </div>
   <div class='ocr_carea' id='block_1_43' title="bbox 241 4130 1849 4203">
    <p class='ocr_par' dir='ltr' id='par_1_43' title="bbox 241 4130 1849 4203">
     <span class='ocr_line' id='line_1_43' title="bbox 241 4130 1849 4203; baseline 0.001 -16"><span class='ocrx_word' id='word_1_302' title='bbox 241 4132 479 4202; x_wconf 86' lang='lat' dir='ltr'><strong>cipitur.</strong></span> <span class='ocrx_word' id='word_1_303' title='bbox 531 4130 892 4203; x_wconf 83' lang='lat' dir='ltr'><strong>Presbyteros</strong></span> <span class='ocrx_word' id='word_1_304' title='bbox 937 4132 1158 4188; x_wconf 85' lang='lat' dir='ltr'><strong>interim</strong></span> <span class='ocrx_word' id='word_1_305' title='bbox 1211 4147 1324 4188; x_wconf 89' lang='lat' dir='ltr'><strong>non</strong></span> <span class='ocrx_word' id='word_1_306' title='bbox 1376 4132 1653 4202; x_wconf 86' lang='lat' dir='ltr'><strong>deprimit,</strong></span> <span class='ocrx_word' id='word_1_307' title='bbox 1709 4147 1849 4202; x_wconf 90' lang='lat' dir='ltr'><strong>quos</strong></span> 
     </span>
    </p>
   </div>
   <div class='ocr_carea' id='block_1_44' title="bbox 239 4223 1847 4295">
    <p class='ocr_par' dir='ltr' id='par_1_44' title="bbox 239 4223 1847 4295">
     <span class='ocr_line' id='line_1_44' title="bbox 239 4223 1847 4295; baseline 0 -16"><span class='ocrx_word' id='word_1_308' title='bbox 239 4239 472 4294; x_wconf 83' lang='lat' dir='ltr'><strong>semper</strong></span> <span class='ocrx_word' id='word_1_309' title='bbox 520 4223 799 4293; x_wconf 90' lang='lat' dir='ltr'><strong>episcopis</strong></span> <span class='ocrx_word' id='word_1_310' title='bbox 850 4224 1139 4295; x_wconf 85' lang='lat' dir='ltr'><strong>adjungit;</strong></span> <span class='ocrx_word' id='word_1_311' title='bbox 1193 4238 1385 4279; x_wconf 90' lang='lat' dir='ltr'><strong>eorum</strong></span> <span class='ocrx_word' id='word_1_312' title='bbox 1425 4224 1742 4294; x_wconf 83' lang='lat' dir='ltr'><strong>dignitatem</strong></span> <span class='ocrx_word' id='word_1_313' title='bbox 1792 4232 1847 4279; x_wconf 91' lang='lat' dir='ltr'><strong>et</strong></span> 
     </span>
    </p>
   </div>
   <div class='ocr_carea' id='block_1_45' title="bbox 238 4316 1842 4388">
    <p class='ocr_par' dir='ltr' id='par_1_45' title="bbox 238 4316 1842 4388">
     <span class='ocr_line' id='line_1_45' title="bbox 238 4316 1842 4388; baseline -0.001 -16"><span class='ocrx_word' id='word_1_314' title='bbox 238 4319 643 4374; x_wconf 84' lang='lat' dir='ltr'><strong>auctoritatem</strong></span> <span class='ocrx_word' id='word_1_315' title='bbox 704 4318 984 4388; x_wconf 62' lang='lat' dir='ltr'><strong>praedicat,</strong></span> <span class='ocrx_word' id='word_1_316' title='bbox 1033 4333 1100 4373; x_wconf 92' lang='lat' dir='ltr'><strong>ac</strong></span> <span class='ocrx_word' id='word_1_317' title='bbox 1151 4316 1555 4373; x_wconf 89' lang='lat' dir='ltr'><strong>studiosissime</strong></span> <span class='ocrx_word' id='word_1_318' title='bbox 1610 4326 1842 4371; x_wconf 86' lang='lat' dir='ltr'><strong>tuetur:</strong></span> 
     </span>
    </p>
   </div>
   <div class='ocr_carea' id='block_1_46' title="bbox 236 4408 1847 4484">
    <p class='ocr_par' dir='ltr' id='par_1_46' title="bbox 236 4408 1847 4484">
     <span class='ocr_line' id='line_1_46' title="bbox 236 4408 1847 4484; baseline -0.002 -18"><span class='ocrx_word' id='word_1_319' title='bbox 236 4412 741 4484; x_wconf 71' lang='grc' dir='ltr'>Θεοπρεπέστατον</span> <span class='ocrx_word' id='word_1_320' title='bbox 774 4420 828 4467; x_wconf 87' lang='lat' dir='ltr'><strong>et</strong></span> <span class='ocrx_word' id='word_1_321' title='bbox 871 4410 1279 4483; x_wconf 80' lang='grc' dir='ltr'>ἀξιονόμειστον,</span> <span class='ocrx_word' id='word_1_322' title='bbox 1314 4419 1370 4465; x_wconf 82' lang='grc' dir='ltr'><strong>ει</strong></span> <span class='ocrx_word' id='word_1_323' title='bbox 1396 4409 1490 4463; x_wconf 83' lang='grc' dir='ltr'>τοῦ</span> <span class='ocrx_word' id='word_1_324' title='bbox 1532 4409 1666 4462; x_wconf 79' lang='grc' dir='ltr'>Θεοῦ</span> <span class='ocrx_word' id='word_1_325' title='bbox 1697 4408 1847 4475; x_wconf 81' lang='grc' dir='ltr'>ἄξιον</span> 
     </span>
    </p>
   </div>
   <div class='ocr_carea' id='block_1_47' title="bbox 234 4503 1849 4580">
    <p class='ocr_par' dir='ltr' id='par_1_47' title="bbox 234 4503 1849 4580">
     <span class='ocr_line' id='line_1_47' title="bbox 234 4503 1849 4580; baseline -0.003 -19"><span class='ocrx_word' id='word_1_326' title='bbox 234 4508 651 4580; x_wconf 75' lang='grc' dir='ltr'>πρεσΰυτέριον</span> <span class='ocrx_word' id='word_1_327' title='bbox 670 4515 849 4569; x_wconf 86' lang='lat' dir='ltr'><strong>vocat,</strong></span> <span class='ocrx_word' id='word_1_328' title='bbox 878 4508 957 4570; x_wconf 85' lang='grc' dir='ltr'><strong>εἰς</strong></span> <span class='ocrx_word' id='word_1_329' title='bbox 976 4507 1141 4560; x_wconf 84' lang='grc' dir='ltr'>τόπον</span> <span class='ocrx_word' id='word_1_330' title='bbox 1174 4503 1452 4576; x_wconf 74' lang='grc' dir='ltr'><strong>συνεδρίω</strong></span> <span class='ocrx_word' id='word_1_331' title='bbox 1476 4503 1584 4557; x_wconf 84' lang='grc' dir='ltr'><strong>τῶν</strong></span> <span class='ocrx_word' id='word_1_332' title='bbox 1612 4503 1849 4557; x_wconf 83' lang='grc' dir='ltr'>ἀποστό-</span> 
     </span>
    </p>
   </div>
   <div class='ocr_carea' id='block_1_48' title="bbox 1979 632 3554 705">
    <p class='ocr_par' dir='ltr' id='par_1_48' title="bbox 1979 632 3554 705">
     <span class='ocr_line' id='line_1_48' title="bbox 1979 632 3554 705; baseline 0.005 -20"><span class='ocrx_word' id='word_1_333' title='bbox 1979 632 2162 687; x_wconf 89' lang='lat' dir='ltr'><strong>omnia</strong></span> <span class='ocrx_word' id='word_1_334' title='bbox 2199 632 2347 688; x_wconf 87' lang='lat' dir='ltr'><strong>illius</strong></span> <span class='ocrx_word' id='word_1_335' title='bbox 2376 633 2552 689; x_wconf 65' lang='lat' dir='ltr'><strong>aetatis</strong></span> <span class='ocrx_word' id='word_1_336' title='bbox 2584 634 2786 704; x_wconf 90' lang='lat' dir='ltr'><strong>scripta</strong></span> <span class='ocrx_word' id='word_1_337' title='bbox 2827 651 3237 705; x_wconf 85' lang='lat' dir='ltr'><strong>percurramus,</strong></span> <span class='ocrx_word' id='word_1_338' title='bbox 3268 639 3403 693; x_wconf 77' lang='lat' dir='ltr'><strong>nihil</strong></span> <span class='ocrx_word' id='word_1_339' title='bbox 3444 648 3554 693; x_wconf 82' lang='lat' dir='ltr'><strong>tant</strong></span> 
     </span>
    </p>
   </div>
   <div class='ocr_carea' id='block_1_49' title="bbox 1980 725 3555 801">
    <p class='ocr_par' dir='ltr' id='par_1_49' title="bbox 1980 725 3555 801">
     <span class='ocr_line' id='line_1_49' title="bbox 1980 725 3555 801; baseline 0.005 -22"><span class='ocrx_word' id='word_1_340' title='bbox 1980 725 2279 781; x_wconf 78' lang='lat' dir='ltr'><strong>honorifice</strong></span> <span class='ocrx_word' id='word_1_341' title='bbox 2312 726 2378 781; x_wconf 90' lang='lat' dir='ltr'><strong>de</strong></span> <span class='ocrx_word' id='word_1_342' title='bbox 2425 742 2492 781; x_wconf 94' lang='lat' dir='ltr'><strong>eo</strong></span> <span class='ocrx_word' id='word_1_343' title='bbox 2539 728 2733 784; x_wconf 87' lang='lat' dir='ltr'><strong>ordine</strong></span> <span class='ocrx_word' id='word_1_344' title='bbox 2772 728 2979 784; x_wconf 88' lang='lat' dir='ltr'><strong>dictum</strong></span> <span class='ocrx_word' id='word_1_345' title='bbox 3022 732 3383 801; x_wconf 83' lang='lat' dir='ltr'><strong>reperiemus.</strong></span> <span class='ocrx_word' id='word_1_346' title='bbox 3434 730 3555 787; x_wconf 85' lang='lat' dir='ltr'><strong>Non</strong></span> 
     </span>
    </p>
   </div>
   <div class='ocr_carea' id='block_1_50' title="bbox 1979 818 3555 895">
    <p class='ocr_par' dir='ltr' id='par_1_50' title="bbox 1979 818 3555 895">
     <span class='ocr_line' id='line_1_50' title="bbox 1979 818 3555 895; baseline 0.006 -24"><span class='ocrx_word' id='word_1_347' title='bbox 1979 818 2142 890; x_wconf 85' lang='lat' dir='ltr'><strong>igitur</strong></span> <span class='ocrx_word' id='word_1_348' title='bbox 2167 836 2289 876; x_wconf 90' lang='lat' dir='ltr'><strong>eam</strong></span> <span class='ocrx_word' id='word_1_349' title='bbox 2321 830 2535 876; x_wconf 70' lang='lat' dir='ltr'><strong>aatatem</strong></span> <span class='ocrx_word' id='word_1_350' title='bbox 2574 822 2689 878; x_wconf 66' lang='lat' dir='ltr'><strong>haec</strong></span> <span class='ocrx_word' id='word_1_351' title='bbox 2718 822 2969 892; x_wconf 90' lang='lat' dir='ltr'><strong>sapiunt;</strong></span> <span class='ocrx_word' id='word_1_352' title='bbox 2999 832 3053 879; x_wconf 90' lang='lat' dir='ltr'><strong>et</strong></span> <span class='ocrx_word' id='word_1_353' title='bbox 3086 825 3344 881; x_wconf 90' lang='lat' dir='ltr'><strong>deliraret</strong></span> <span class='ocrx_word' id='word_1_354' title='bbox 3373 840 3555 895; x_wconf 83' lang='lat' dir='ltr'><strong>p.aue,</strong></span> 
     </span>
    </p>
   </div>
   <div class='ocr_carea' id='block_1_51' title="bbox 1978 908 3555 987">
    <p class='ocr_par' dir='ltr' id='par_1_51' title="bbox 1978 908 3555 987">
     <span class='ocr_line' id='line_1_51' title="bbox 1978 908 3555 987; baseline 0.004 -25"><span class='ocrx_word' id='word_1_355' title='bbox 1978 908 2089 963; x_wconf 90' lang='lat' dir='ltr'><strong>imo</strong></span> <span class='ocrx_word' id='word_1_356' title='bbox 2116 909 2384 966; x_wconf 88' lang='lat' dir='ltr'><strong>insaniret</strong></span> <span class='ocrx_word' id='word_1_357' title='bbox 2416 912 2703 984; x_wconf 90' lang='lat' dir='ltr'><strong>impostor,</strong></span> <span class='ocrx_word' id='word_1_358' title='bbox 2737 913 2832 983; x_wconf 91' lang='lat' dir='ltr'><strong>qui</strong></span> <span class='ocrx_word' id='word_1_359' title='bbox 2864 913 2932 968; x_wconf 90' lang='lat' dir='ltr'><strong>ad</strong></span> <span class='ocrx_word' id='word_1_360' title='bbox 2968 916 3310 986; x_wconf 89' lang='lat' dir='ltr'><strong>tyrannidem</strong></span> <span class='ocrx_word' id='word_1_361' title='bbox 3342 917 3555 987; x_wconf 88' lang='lat' dir='ltr'><strong>episco-</strong></span> 
     </span>
    </p>
   </div>
   <div class='ocr_carea' id='block_1_52' title="bbox 1976 1005 3555 1077">
    <p class='ocr_par' dir='ltr' id='par_1_52' title="bbox 1976 1005 3555 1077">
     <span class='ocr_line' id='line_1_52' title="bbox 1976 1005 3555 1077; baseline 0.004 -22"><span class='ocrx_word' id='word_1_362' title='bbox 1976 1017 2168 1071; x_wconf 88' lang='lat' dir='ltr'><strong>porum</strong></span> <span class='ocrx_word' id='word_1_363' title='bbox 2195 1005 2624 1061; x_wconf 82' lang='lat' dir='ltr'><strong>conﬁrmandam</strong></span> <span class='ocrx_word' id='word_1_364' title='bbox 2668 1006 2750 1077; x_wconf 92' lang='lat' dir='ltr'><strong>(ut</strong></span> <span class='ocrx_word' id='word_1_365' title='bbox 2782 1006 2957 1061; x_wconf 86' lang='lat' dir='ltr'><strong>voluit</strong></span> <span class='ocrx_word' id='word_1_366' title='bbox 2984 1017 3106 1076; x_wconf 89' lang='lat' dir='ltr'><strong>post</strong></span> <span class='ocrx_word' id='word_1_367' title='bbox 3131 1005 3391 1063; x_wconf 90' lang='lat' dir='ltr'><strong>Socinum</strong></span> <span class='ocrx_word' id='word_1_368' title='bbox 3426 1007 3555 1062; x_wconf 86' lang='lat' dir='ltr'><strong>Dal-</strong></span> 
     </span>
    </p>
   </div>
   <div class='ocr_carea' id='block_1_53' title="bbox 1974 1093 3554 1173">
    <p class='ocr_par' dir='ltr' id='par_1_53' title="bbox 1974 1093 3554 1173">
     <span class='ocr_line' id='line_1_53' title="bbox 1974 1093 3554 1173; baseline 0.004 -25"><span class='ocrx_word' id='word_1_369' title='bbox 1974 1093 2154 1163; x_wconf 74' lang='lat' dir='ltr'><strong>lteus),</strong></span> <span class='ocrx_word' id='word_1_370' title='bbox 2186 1096 2302 1151; x_wconf 64' lang='lat' dir='ltr'><strong>hate</strong></span> <span class='ocrx_word' id='word_1_371' title='bbox 2355 1098 2710 1170; x_wconf 83' lang='lat' dir='ltr'><strong>excogitaret,</strong></span> <span class='ocrx_word' id='word_1_372' title='bbox 2768 1108 2824 1154; x_wconf 92' lang='lat' dir='ltr'><strong>et</strong></span> <span class='ocrx_word' id='word_1_373' title='bbox 2885 1100 3052 1155; x_wconf 91' lang='lat' dir='ltr'><strong>simul</strong></span> <span class='ocrx_word' id='word_1_374' title='bbox 3105 1101 3554 1173; x_wconf 85' lang='lat' dir='ltr'><strong>presbyterorqu</strong></span> 
     </span>
    </p>
   </div>
   <div class='ocr_carea' id='block_1_54' title="bbox 1972 1188 3551 1262">
    <p class='ocr_par' dir='ltr' id='par_1_54' title="bbox 1972 1188 3551 1262">
     <span class='ocr_line' id='line_1_54' title="bbox 1972 1188 3551 1262; baseline 0.003 -20"><span class='ocrx_word' id='word_1_375' title='bbox 1972 1188 2380 1257; x_wconf 89' lang='lat' dir='ltr'><strong>auctoritatem,</strong></span> <span class='ocrx_word' id='word_1_376' title='bbox 2408 1189 2521 1261; x_wconf 89' lang='lat' dir='ltr'><strong>jam</strong></span> <span class='ocrx_word' id='word_1_377' title='bbox 2547 1190 2640 1245; x_wconf 90' lang='lat' dir='ltr'><strong>diu</strong></span> <span class='ocrx_word' id='word_1_378' title='bbox 2670 1191 2996 1246; x_wconf 89' lang='lat' dir='ltr'><strong>diminutam</strong></span> <span class='ocrx_word' id='word_1_379' title='bbox 3033 1201 3197 1262; x_wconf 87' lang='lat' dir='ltr'><strong>atque</strong></span> <span class='ocrx_word' id='word_1_380' title='bbox 3229 1193 3551 1262; x_wconf 86' lang='lat' dir='ltr'><strong>collapsam,</strong></span> 
     </span>
    </p>
   </div>
   <div class='ocr_carea' id='block_1_55' title="bbox 1974 1280 3553 1354">
    <p class='ocr_par' dir='ltr' id='par_1_55' title="bbox 1974 1280 3553 1354">
     <span class='ocr_line' id='line_1_55' title="bbox 1974 1280 3553 1354; baseline 0.004 -21"><span class='ocrx_word' id='word_1_381' title='bbox 1974 1280 2261 1337; x_wconf 88' lang='lat' dir='ltr'><strong>restituere</strong></span> <span class='ocrx_word' id='word_1_382' title='bbox 2285 1288 2341 1336; x_wconf 90' lang='lat' dir='ltr'><strong>et</strong></span> <span class='ocrx_word' id='word_1_383' title='bbox 2373 1281 2749 1354; x_wconf 89' lang='lat' dir='ltr'><strong>redintegrare</strong></span> <span class='ocrx_word' id='word_1_384' title='bbox 2772 1292 3087 1338; x_wconf 87' lang='lat' dir='ltr'><strong>conaretur.</strong></span> <span class='ocrx_word' id='word_1_385' title='bbox 3110 1284 3352 1354; x_wconf 87' lang='lat' dir='ltr'><strong>lgnatius</strong></span> <span class='ocrx_word' id='word_1_386' title='bbox 3377 1283 3553 1339; x_wconf 83' lang='lat' dir='ltr'><strong>ollieia</strong></span> 
     </span>
    </p>
   </div>
   <div class='ocr_carea' id='block_1_56' title="bbox 1972 1372 3554 1451">
    <p class='ocr_par' dir='ltr' id='par_1_56' title="bbox 1972 1372 3554 1451">
     <span class='ocr_line' id='line_1_56' title="bbox 1972 1372 3554 1451; baseline 0.005 -26"><span class='ocrx_word' id='word_1_387' title='bbox 1972 1372 2347 1429; x_wconf 80' lang='lat' dir='ltr'><strong>ecclesiastica</strong></span> <span class='ocrx_word' id='word_1_388' title='bbox 2378 1373 2523 1429; x_wconf 92' lang='lat' dir='ltr'><strong>unde</strong></span> <span class='ocrx_word' id='word_1_389' title='bbox 2546 1383 2608 1451; x_wconf 38' lang='grc' dir='ltr'>,ει</span> <span class='ocrx_word' id='word_1_390' title='bbox 2655 1374 2977 1446; x_wconf 89' lang='lat' dir='ltr'><strong>simpliciter</strong></span> <span class='ocrx_word' id='word_1_391' title='bbox 3021 1376 3138 1431; x_wconf 90' lang='lat' dir='ltr'><strong>suis</strong></span> <span class='ocrx_word' id='word_1_392' title='bbox 3172 1375 3554 1433; x_wconf 70' lang='lat' dir='ltr'><strong>{unctionibus</strong></span> 
     </span>
    </p>
   </div>
   <div class='ocr_carea' id='block_1_57' title="bbox 1971 1466 3554 1538">
    <p class='ocr_par' dir='ltr' id='par_1_57' title="bbox 1971 1466 3554 1538">
     <span class='ocr_line' id='line_1_57' title="bbox 1971 1466 3554 1538; baseline 0.002 -17"><span class='ocrx_word' id='word_1_393' title='bbox 1971 1475 2027 1521; x_wconf 91' lang='lat' dir='ltr'><strong>et</strong></span> <span class='ocrx_word' id='word_1_394' title='bbox 2052 1466 2368 1523; x_wconf 91' lang='lat' dir='ltr'><strong>nominibus</strong></span> <span class='ocrx_word' id='word_1_395' title='bbox 2399 1466 2712 1538; x_wconf 77' lang='lat' dir='ltr'><strong>distinguit,</strong></span> <span class='ocrx_word' id='word_1_396' title='bbox 2744 1476 2856 1524; x_wconf 91' lang='lat' dir='ltr'><strong>tres</strong></span> <span class='ocrx_word' id='word_1_397' title='bbox 2883 1476 3093 1523; x_wconf 84' lang='lat' dir='ltr'><strong>tantum</strong></span> <span class='ocrx_word' id='word_1_398' title='bbox 3119 1484 3309 1525; x_wconf 89' lang='lat' dir='ltr'><strong>sacros</strong></span> <span class='ocrx_word' id='word_1_399' title='bbox 3333 1468 3554 1524; x_wconf 86' lang='lat' dir='ltr'><strong>ordines</strong></span> 
     </span>
    </p>
   </div>
   <div class='ocr_carea' id='block_1_58' title="bbox 1971 1559 3555 1631">
    <p class='ocr_par' dir='ltr' id='par_1_58' title="bbox 1971 1559 3555 1631">
     <span class='ocr_line' id='line_1_58' title="bbox 1971 1559 3555 1631; baseline 0.001 -19"><span class='ocrx_word' id='word_1_400' title='bbox 1971 1559 2238 1629; x_wconf 88' lang='lat' dir='ltr'><strong>agnoscit,</strong></span> <span class='ocrx_word' id='word_1_401' title='bbox 2270 1559 2567 1628; x_wconf 82' lang='lat' dir='ltr'><strong>unicuique</strong></span> <span class='ocrx_word' id='word_1_402' title='bbox 2602 1576 2762 1614; x_wconf 87' lang='lat' dir='ltr'><strong>suum</strong></span> <span class='ocrx_word' id='word_1_403' title='bbox 2804 1560 3070 1616; x_wconf 87' lang='lat' dir='ltr'><strong>honorem</strong></span> <span class='ocrx_word' id='word_1_404' title='bbox 3118 1569 3285 1631; x_wconf 89' lang='lat' dir='ltr'><strong>atque</strong></span> <span class='ocrx_word' id='word_1_405' title='bbox 3316 1559 3555 1630; x_wconf 87' lang='lat' dir='ltr'><strong>dignita-</strong></span> 
     </span>
    </p>
   </div>
   <div class='ocr_carea' id='block_1_59' title="bbox 1971 1648 3554 1721">
    <p class='ocr_par' dir='ltr' id='par_1_59' title="bbox 1971 1648 3554 1721">
     <span class='ocr_line' id='line_1_59' title="bbox 1971 1648 3554 1721; baseline 0.001 -18"><span class='ocrx_word' id='word_1_406' title='bbox 1971 1655 2080 1703; x_wconf 91' lang='lat' dir='ltr'><strong>tem</strong></span> <span class='ocrx_word' id='word_1_407' title='bbox 2110 1648 2321 1716; x_wconf 90' lang='lat' dir='ltr'><strong>tribuit,</strong></span> <span class='ocrx_word' id='word_1_408' title='bbox 2358 1650 2490 1703; x_wconf 89' lang='lat' dir='ltr'><strong>nulli</strong></span> <span class='ocrx_word' id='word_1_409' title='bbox 2530 1650 2756 1721; x_wconf 87' lang='lat' dir='ltr'><strong>derogat</strong></span> <span class='ocrx_word' id='word_1_410' title='bbox 2780 1659 2839 1705; x_wconf 94' lang='lat' dir='ltr'><strong>ut</strong></span> <span class='ocrx_word' id='word_1_411' title='bbox 2871 1650 3028 1706; x_wconf 78' lang='lat' dir='ltr'><strong>alteri</strong></span> <span class='ocrx_word' id='word_1_412' title='bbox 3054 1651 3339 1717; x_wconf 90' lang='lat' dir='ltr'><strong>inserviat,</strong></span> <span class='ocrx_word' id='word_1_413' title='bbox 3372 1651 3554 1706; x_wconf 90' lang='lat' dir='ltr'><strong>omni-</strong></span> 
     </span>
    </p>
   </div>
   <div class='ocr_carea' id='block_1_60' title="bbox 1969 1738 3550 1813">
    <p class='ocr_par' dir='ltr' id='par_1_60' title="bbox 1969 1738 3550 1813">
     <span class='ocr_line' id='line_1_60' title="bbox 1969 1738 3550 1813; baseline 0.002 -19"><span class='ocrx_word' id='word_1_414' title='bbox 1969 1738 2073 1796; x_wconf 89' lang='lat' dir='ltr'><strong>bus</strong></span> <span class='ocrx_word' id='word_1_415' title='bbox 2096 1740 2462 1796; x_wconf 88' lang='lat' dir='ltr'><strong>obedientiam</strong></span> <span class='ocrx_word' id='word_1_416' title='bbox 2499 1743 2867 1808; x_wconf 69' lang='lat' dir='ltr'><strong>przcstandam</strong></span> <span class='ocrx_word' id='word_1_417' title='bbox 2896 1758 3019 1799; x_wconf 90' lang='lat' dir='ltr'><strong>esse</strong></span> <span class='ocrx_word' id='word_1_418' title='bbox 3048 1760 3079 1798; x_wconf 90' lang='lat' dir='ltr'><strong>a</strong></span> <span class='ocrx_word' id='word_1_419' title='bbox 3104 1744 3304 1813; x_wconf 91' lang='lat' dir='ltr'><strong>populo</strong></span> <span class='ocrx_word' id='word_1_420' title='bbox 3342 1753 3550 1809; x_wconf 89' lang='lat' dir='ltr'><strong>monet,</strong></span> 
     </span>
    </p>
   </div>
   <div class='ocr_carea' id='block_1_61' title="bbox 1971 1824 3554 1901">
    <p class='ocr_par' dir='ltr' id='par_1_61' title="bbox 1971 1824 3554 1901">
     <span class='ocr_line' id='line_1_61' title="bbox 1971 1824 3554 1901; baseline 0.006 -23"><span class='ocrx_word' id='word_1_421' title='bbox 1971 1824 2137 1895; x_wconf 87' lang='lat' dir='ltr'><strong>idque</strong></span> <span class='ocrx_word' id='word_1_422' title='bbox 2165 1826 2217 1880; x_wconf 90' lang='lat' dir='ltr'><strong>in</strong></span> <span class='ocrx_word' id='word_1_423' title='bbox 2249 1842 2373 1882; x_wconf 91' lang='lat' dir='ltr'><strong>eum</strong></span> <span class='ocrx_word' id='word_1_424' title='bbox 2405 1838 2616 1884; x_wconf 89' lang='lat' dir='ltr'><strong>tantum</strong></span> <span class='ocrx_word' id='word_1_425' title='bbox 2645 1830 2831 1901; x_wconf 86' lang='lat' dir='ltr'><strong>ﬁnem,</strong></span> <span class='ocrx_word' id='word_1_426' title='bbox 2862 1839 2923 1887; x_wconf 90' lang='lat' dir='ltr'><strong>ut</strong></span> <span class='ocrx_word' id='word_1_427' title='bbox 2956 1832 3199 1889; x_wconf 88' lang='lat' dir='ltr'><strong>schisma</strong></span> <span class='ocrx_word' id='word_1_428' title='bbox 3221 1832 3455 1889; x_wconf 86' lang='lat' dir='ltr'><strong>evitetur</strong></span> <span class='ocrx_word' id='word_1_429' title='bbox 3499 1844 3554 1888; x_wconf 91' lang='lat' dir='ltr'><strong>et</strong></span> 
     </span>
    </p>
   </div>
   <div class='ocr_carea' id='block_1_62' title="bbox 1970 1919 2558 1977">
    <p class='ocr_par' dir='ltr' id='par_1_62' title="bbox 1970 1919 2558 1977">
     <span class='ocr_line' id='line_1_62' title="bbox 1970 1919 2558 1977; baseline 0.005 -4"><span class='ocrx_word' id='word_1_430' title='bbox 1970 1919 2152 1973; x_wconf 90' lang='lat' dir='ltr'><strong>unitas</strong></span> <span class='ocrx_word' id='word_1_431' title='bbox 2178 1931 2558 1977; x_wconf 84' lang='lat' dir='ltr'><strong>conservetur.</strong></span> 
     </span>
    </p>
   </div>
   <div class='ocr_carea' id='block_1_63' title="bbox 2061 2008 3554 2085">
    <p class='ocr_par' dir='ltr' id='par_1_63' title="bbox 2061 2008 3554 2085">
     <span class='ocr_line' id='line_1_63' title="bbox 2061 2008 3554 2085; baseline 0.005 -21"><span class='ocrx_word' id='word_1_432' title='bbox 2061 2008 2317 2066; x_wconf 86' lang='lat' dir='ltr'><strong>Secundo</strong></span> <span class='ocrx_word' id='word_1_433' title='bbox 2372 2012 2628 2068; x_wconf 85' lang='lat' dir='ltr'><strong>observat</strong></span> <span class='ocrx_word' id='word_1_434' title='bbox 2681 2012 2952 2072; x_wconf 89' lang='lat' dir='ltr'><strong>Eusebius</strong></span> <span class='ocrx_word' id='word_1_435' title='bbox 3010 2014 3281 2085; x_wconf 86' lang='lat' dir='ltr'><strong>lgnatium</strong></span> <span class='ocrx_word' id='word_1_436' title='bbox 3332 2018 3554 2072; x_wconf 90' lang='lat' dir='ltr'><strong>munire</strong></span> 
     </span>
    </p>
   </div>
   <div class='ocr_carea' id='block_1_64' title="bbox 1973 2102 3553 2179">
    <p class='ocr_par' dir='ltr' id='par_1_64' title="bbox 1973 2102 3553 2179">
     <span class='ocr_line' id='line_1_64' title="bbox 1973 2102 3553 2179; baseline 0.006 -24"><span class='ocrx_word' id='word_1_437' title='bbox 1973 2102 2316 2174; x_wconf 88' lang='lat' dir='ltr'><strong>potissimum</strong></span> <span class='ocrx_word' id='word_1_438' title='bbox 2343 2105 2600 2161; x_wconf 85' lang='lat' dir='ltr'><strong>ecclesias</strong></span> <span class='ocrx_word' id='word_1_439' title='bbox 2623 2107 2886 2162; x_wconf 89' lang='lat' dir='ltr'><strong>adversus</strong></span> <span class='ocrx_word' id='word_1_440' title='bbox 2912 2123 3010 2162; x_wconf 92' lang='lat' dir='ltr'><strong>sua</strong></span> <span class='ocrx_word' id='word_1_441' title='bbox 3035 2116 3196 2163; x_wconf 76' lang='lat' dir='ltr'><strong>:etate</strong></span> <span class='ocrx_word' id='word_1_442' title='bbox 3219 2109 3553 2179; x_wconf 86' lang='lat' dir='ltr'><strong>pullulantes</strong></span> 
     </span>
    </p>
   </div>
   <div class='ocr_carea' id='block_1_65' title="bbox 1968 2196 3552 2269">
    <p class='ocr_par' dir='ltr' id='par_1_65' title="bbox 1968 2196 3552 2269">
     <span class='ocr_line' id='line_1_65' title="bbox 1968 2196 3552 2269; baseline 0.004 -19"><span class='ocrx_word' id='word_1_443' title='bbox 1968 2204 2020 2250; x_wconf 72' lang='lat' dir='ltr'><strong>et</strong></span> <span class='ocrx_word' id='word_1_444' title='bbox 2064 2196 2171 2251; x_wconf 88' lang='lat' dir='ltr'><strong>late</strong></span> <span class='ocrx_word' id='word_1_445' title='bbox 2206 2206 2523 2267; x_wconf 84' lang='lat' dir='ltr'><strong>grassantes</strong></span> <span class='ocrx_word' id='word_1_446' title='bbox 2572 2198 2844 2267; x_wconf 82' lang='lat' dir='ltr'><strong>haereses;</strong></span> <span class='ocrx_word' id='word_1_447' title='bbox 2885 2198 3029 2268; x_wconf 88' lang='lat' dir='ltr'><strong>quod</strong></span> <span class='ocrx_word' id='word_1_448' title='bbox 3077 2215 3204 2254; x_wconf 90' lang='lat' dir='ltr'><strong>cum</strong></span> <span class='ocrx_word' id='word_1_449' title='bbox 3254 2200 3326 2254; x_wconf 87' lang='lat' dir='ltr'><strong>sit</strong></span> <span class='ocrx_word' id='word_1_450' title='bbox 3367 2216 3464 2269; x_wconf 88' lang='lat' dir='ltr'><strong>per</strong></span> <span class='ocrx_word' id='word_1_451' title='bbox 3493 2215 3552 2256; x_wconf 87' lang='lat' dir='ltr'><strong>se</strong></span> 
     </span>
    </p>
   </div>
   <div class='ocr_carea' id='block_1_66' title="bbox 1969 2288 3549 2364">
    <p class='ocr_par' dir='ltr' id='par_1_66' title="bbox 1969 2288 3549 2364">
     <span class='ocr_line' id='line_1_66' title="bbox 1969 2288 3549 2364; baseline 0.005 -22"><span class='ocrx_word' id='word_1_452' title='bbox 1969 2288 2266 2345; x_wconf 89' lang='lat' dir='ltr'><strong>verisimile</strong></span> <span class='ocrx_word' id='word_1_453' title='bbox 2320 2290 2472 2360; x_wconf 91' lang='lat' dir='ltr'><strong>(quid</strong></span> <span class='ocrx_word' id='word_1_454' title='bbox 2500 2289 2644 2345; x_wconf 85' lang='lat' dir='ltr'><strong>enim</strong></span> <span class='ocrx_word' id='word_1_455' title='bbox 2669 2307 2732 2345; x_wconf 87' lang='lat' dir='ltr'><strong>ea</strong></span> <span class='ocrx_word' id='word_1_456' title='bbox 2758 2288 3130 2347; x_wconf 85' lang='lat' dir='ltr'><strong>admonitione</strong></span> <span class='ocrx_word' id='word_1_457' title='bbox 3160 2295 3549 2364; x_wconf 90' lang='lat' dir='ltr'><strong>opportunius,</strong></span> 
     </span>
    </p>
   </div>
   <div class='ocr_carea' id='block_1_67' title="bbox 1964 2382 3551 2456">
    <p class='ocr_par' dir='ltr' id='par_1_67' title="bbox 1964 2382 3551 2456">
     <span class='ocr_line' id='line_1_67' title="bbox 1964 2382 3551 2456; baseline 0.006 -21"><span class='ocrx_word' id='word_1_458' title='bbox 1964 2391 2059 2436; x_wconf 88' lang='lat' dir='ltr'><strong>aut</strong></span> <span class='ocrx_word' id='word_1_459' title='bbox 2098 2382 2218 2438; x_wconf 92' lang='lat' dir='ltr'><strong>viro</strong></span> <span class='ocrx_word' id='word_1_460' title='bbox 2258 2383 2561 2453; x_wconf 90' lang='lat' dir='ltr'><strong>apostolico</strong></span> <span class='ocrx_word' id='word_1_461' title='bbox 2586 2384 2806 2455; x_wconf 87' lang='lat' dir='ltr'><strong>dignius</strong></span> <span class='ocrx_word' id='word_1_462' title='bbox 2851 2383 3053 2455; x_wconf 80' lang='lat' dir='ltr'><strong>fuit?),</strong></span> <span class='ocrx_word' id='word_1_463' title='bbox 3089 2401 3155 2441; x_wconf 83' lang='lat' dir='ltr'><strong>ex</strong></span> <span class='ocrx_word' id='word_1_464' title='bbox 3186 2386 3272 2442; x_wconf 89' lang='lat' dir='ltr'><strong>his</strong></span> <span class='ocrx_word' id='word_1_465' title='bbox 3302 2387 3551 2456; x_wconf 90' lang='lat' dir='ltr'><strong>epistolis</strong></span> 
     </span>
    </p>
   </div>
   <div class='ocr_carea' id='block_1_68' title="bbox 1962 2474 3548 2550">
    <p class='ocr_par' dir='ltr' id='par_1_68' title="bbox 1962 2474 3548 2550">
     <span class='ocr_line' id='line_1_68' title="bbox 1962 2474 3548 2550; baseline 0.004 -22"><span class='ocrx_word' id='word_1_466' title='bbox 1962 2474 2311 2531; x_wconf 89' lang='lat' dir='ltr'><strong>verissimum</strong></span> <span class='ocrx_word' id='word_1_467' title='bbox 2366 2492 2491 2532; x_wconf 81' lang='lat' dir='ltr'><strong>esse</strong></span> <span class='ocrx_word' id='word_1_468' title='bbox 2547 2479 2939 2548; x_wconf 90' lang='lat' dir='ltr'><strong>comperimus.</strong></span> <span class='ocrx_word' id='word_1_469' title='bbox 3013 2477 3145 2534; x_wconf 71' lang='lat' dir='ltr'><strong>Duae</strong></span> <span class='ocrx_word' id='word_1_470' title='bbox 3198 2480 3548 2550; x_wconf 87' lang='lat' dir='ltr'><strong>potissimum</strong></span> 
     </span>
    </p>
   </div>
   <div class='ocr_carea' id='block_1_69' title="bbox 1964 2568 3547 2640">
    <p class='ocr_par' dir='ltr' id='par_1_69' title="bbox 1964 2568 3547 2640">
     <span class='ocr_line' id='line_1_69' title="bbox 1964 2568 3547 2640; baseline 0.003 -17"><span class='ocrx_word' id='word_1_471' title='bbox 1964 2568 2201 2624; x_wconf 80' lang='lat' dir='ltr'><strong>haereses</strong></span> <span class='ocrx_word' id='word_1_472' title='bbox 2227 2570 2294 2625; x_wconf 92' lang='lat' dir='ltr'><strong>de</strong></span> <span class='ocrx_word' id='word_1_473' title='bbox 2315 2579 2509 2624; x_wconf 90' lang='lat' dir='ltr'><strong>natura</strong></span> <span class='ocrx_word' id='word_1_474' title='bbox 2530 2568 2737 2625; x_wconf 88' lang='lat' dir='ltr'><strong>Christi</strong></span> <span class='ocrx_word' id='word_1_475' title='bbox 2760 2586 2823 2626; x_wconf 86' lang='lat' dir='ltr'><strong>ea</strong></span> <span class='ocrx_word' id='word_1_476' title='bbox 2855 2579 3178 2640; x_wconf 88' lang='lat' dir='ltr'><strong>tempestate</strong></span> <span class='ocrx_word' id='word_1_477' title='bbox 3206 2570 3547 2637; x_wconf 79' lang='lat' dir='ltr'><strong>obtinebant,</strong></span> 
     </span>
    </p>
   </div>
   <div class='ocr_carea' id='block_1_70' title="bbox 1962 2663 3548 2735">
    <p class='ocr_par' dir='ltr' id='par_1_70' title="bbox 1962 2663 3548 2735">
     <span class='ocr_line' id='line_1_70' title="bbox 1962 2663 3548 2735; baseline 0.002 -18"><span class='ocrx_word' id='word_1_478' title='bbox 1962 2663 2254 2720; x_wconf 88' lang='lat' dir='ltr'><strong>utveritati</strong></span> <span class='ocrx_word' id='word_1_479' title='bbox 2278 2663 2559 2719; x_wconf 63' lang='lat' dir='ltr'><strong>catholicae</strong></span> <span class='ocrx_word' id='word_1_480' title='bbox 2582 2663 2654 2718; x_wconf 90' lang='lat' dir='ltr'><strong>ita</strong></span> <span class='ocrx_word' id='word_1_481' title='bbox 2683 2672 2739 2718; x_wconf 90' lang='lat' dir='ltr'><strong>et</strong></span> <span class='ocrx_word' id='word_1_482' title='bbox 2767 2664 2871 2721; x_wconf 87' lang='lat' dir='ltr'><strong>sibi</strong></span> <span class='ocrx_word' id='word_1_483' title='bbox 2902 2665 3036 2735; x_wconf 87' lang='lat' dir='ltr'><strong>ipsis</strong></span> <span class='ocrx_word' id='word_1_484' title='bbox 3064 2680 3292 2734; x_wconf 92' lang='lat' dir='ltr'><strong>prorsus</strong></span> <span class='ocrx_word' id='word_1_485' title='bbox 3324 2674 3548 2720; x_wconf 89' lang='lat' dir='ltr'><strong>contra-</strong></span> 
     </span>
    </p>
   </div>
   <div class='ocr_carea' id='block_1_71' title="bbox 1960 2754 3550 2828">
    <p class='ocr_par' dir='ltr' id='par_1_71' title="bbox 1960 2754 3550 2828">
     <span class='ocr_line' id='line_1_71' title="bbox 1960 2754 3550 2828; baseline 0.004 -19"><span class='ocrx_word' id='word_1_486' title='bbox 1960 2754 2058 2810; x_wconf 74' lang='lat' dir='ltr'><strong>riae</strong></span> <span class='ocrx_word' id='word_1_487' title='bbox 2088 2773 2103 2811; x_wconf 92' lang='lat'><strong>:</strong></span> <span class='ocrx_word' id='word_1_488' title='bbox 2141 2772 2375 2828; x_wconf 91' lang='lat' dir='ltr'><strong>quarum</strong></span> <span class='ocrx_word' id='word_1_489' title='bbox 2427 2756 2597 2812; x_wconf 89' lang='lat' dir='ltr'><strong>altera</strong></span> <span class='ocrx_word' id='word_1_490' title='bbox 2627 2756 2950 2813; x_wconf 87' lang='lat' dir='ltr'><strong>Doeetarum</strong></span> <span class='ocrx_word' id='word_1_491' title='bbox 2986 2757 3111 2826; x_wconf 83' lang='lat' dir='ltr'><strong>fuit,</strong></span> <span class='ocrx_word' id='word_1_492' title='bbox 3140 2774 3172 2813; x_wconf 92' lang='lat' dir='ltr'><strong>a</strong></span> <span class='ocrx_word' id='word_1_493' title='bbox 3210 2757 3550 2816; x_wconf 89' lang='lat' dir='ltr'><strong>Simoniauis</strong></span> 
     </span>
    </p>
   </div>
   <div class='ocr_carea' id='block_1_72' title="bbox 1959 2847 3547 2916">
    <p class='ocr_par' dir='ltr' id='par_1_72' title="bbox 1959 2847 3547 2916">
     <span class='ocr_line' id='line_1_72' title="bbox 1959 2847 3547 2916; baseline 0.003 -15"><span class='ocrx_word' id='word_1_494' title='bbox 1959 2856 2249 2916; x_wconf 86' lang='lat' dir='ltr'><strong>ortorum,</strong></span> <span class='ocrx_word' id='word_1_495' title='bbox 2324 2847 2579 2903; x_wconf 60' lang='lat' dir='ltr'><strong>humana:</strong></span> <span class='ocrx_word' id='word_1_496' title='bbox 2628 2860 2837 2903; x_wconf 58' lang='lat' dir='ltr'><strong>natura;</strong></span> <span class='ocrx_word' id='word_1_497' title='bbox 2889 2849 3172 2905; x_wconf 83' lang='lat' dir='ltr'><strong>veritatem</strong></span> <span class='ocrx_word' id='word_1_498' title='bbox 3225 2851 3280 2906; x_wconf 91' lang='lat' dir='ltr'><strong>in</strong></span> <span class='ocrx_word' id='word_1_499' title='bbox 3325 2849 3547 2906; x_wconf 84' lang='lat' dir='ltr'><strong>Christo</strong></span> 
     </span>
    </p>
   </div>
   <div class='ocr_carea' id='block_1_73' title="bbox 1959 2940 3545 3014">
    <p class='ocr_par' dir='ltr' id='par_1_73' title="bbox 1959 2940 3545 3014">
     <span class='ocr_line' id='line_1_73' title="bbox 1959 2940 3545 3014; baseline 0.001 -18"><span class='ocrx_word' id='word_1_500' title='bbox 1959 2940 2394 3010; x_wconf 85' lang='lat' dir='ltr'><strong>destruentium;</strong></span> <span class='ocrx_word' id='word_1_501' title='bbox 2433 2942 2601 2998; x_wconf 89' lang='lat' dir='ltr'><strong>altera</strong></span> <span class='ocrx_word' id='word_1_502' title='bbox 2624 2940 3027 3008; x_wconf 86' lang='lat' dir='ltr'><strong>Ehionitarum,</strong></span> <span class='ocrx_word' id='word_1_503' title='bbox 3052 2942 3293 3000; x_wconf 85' lang='lat' dir='ltr'><strong>divinam</strong></span> <span class='ocrx_word' id='word_1_504' title='bbox 3316 2958 3545 3014; x_wconf 86' lang='lat' dir='ltr'><strong>prorsus</strong></span> 
     </span>
    </p>
   </div>
   <div class='ocr_carea' id='block_1_74' title="bbox 1959 3032 3543 3104">
    <p class='ocr_par' dir='ltr' id='par_1_74' title="bbox 1959 3032 3543 3104">
     <span class='ocr_line' id='line_1_74' title="bbox 1959 3032 3543 3104; baseline 0 -17"><span class='ocrx_word' id='word_1_505' title='bbox 1959 3041 2213 3087; x_wconf 84' lang='lat' dir='ltr'><strong>naturam</strong></span> <span class='ocrx_word' id='word_1_506' title='bbox 2264 3040 2319 3086; x_wconf 90' lang='lat' dir='ltr'><strong>et</strong></span> <span class='ocrx_word' id='word_1_507' title='bbox 2363 3041 2624 3088; x_wconf 77' lang='lat' dir='ltr'><strong>:eternam</strong></span> <span class='ocrx_word' id='word_1_508' title='bbox 2675 3034 3082 3104; x_wconf 70' lang='lat' dir='ltr'><strong>generationem</strong></span> <span class='ocrx_word' id='word_1_509' title='bbox 3133 3032 3543 3104; x_wconf 87' lang='lat' dir='ltr'><strong>denegautium,</strong></span> 
     </span>
    </p>
   </div>
   <div class='ocr_carea' id='block_1_75' title="bbox 1957 3120 3541 3196">
    <p class='ocr_par' dir='ltr' id='par_1_75' title="bbox 1957 3120 3541 3196">
     <span class='ocr_line' id='line_1_75' title="bbox 1957 3120 3541 3196; baseline 0.001 -20"><span class='ocrx_word' id='word_1_510' title='bbox 1957 3120 2203 3192; x_wconf 79' lang='lat' dir='ltr'><strong>legisque</strong></span> <span class='ocrx_word' id='word_1_511' title='bbox 2252 3123 2610 3179; x_wconf 65' lang='lat' dir='ltr'><strong>caeremonias</strong></span> <span class='ocrx_word' id='word_1_512' title='bbox 2642 3124 2977 3196; x_wconf 86' lang='lat' dir='ltr'><strong>urgentium.</strong></span> <span class='ocrx_word' id='word_1_513' title='bbox 3033 3122 3142 3180; x_wconf 84' lang='lat' dir='ltr'><strong>llas</strong></span> <span class='ocrx_word' id='word_1_514' title='bbox 3172 3124 3330 3195; x_wconf 92' lang='lat' dir='ltr'><strong>primi</strong></span> <span class='ocrx_word' id='word_1_515' title='bbox 3358 3125 3541 3179; x_wconf 64' lang='lat' dir='ltr'><strong>saeculi</strong></span> 
     </span>
    </p>
   </div>
   <div class='ocr_carea' id='block_1_76' title="bbox 1885 3213 3542 3306">
    <p class='ocr_par' dir='ltr' id='par_1_76' title="bbox 1885 3213 3542 3306">
     <span class='ocr_line' id='line_1_76' title="bbox 1885 3213 3542 3306; baseline 0.003 -41"><span class='ocrx_word' id='word_1_516' title='bbox 1885 3246 1929 3306; x_wconf 64' lang='grc' dir='ltr'>Ο</span> <span class='ocrx_word' id='word_1_517' title='bbox 1962 3213 2199 3269; x_wconf 69' lang='lat' dir='ltr'><strong>haereses</strong></span> <span class='ocrx_word' id='word_1_518' title='bbox 2247 3214 2459 3284; x_wconf 90' lang='lat' dir='ltr'><strong>antiqui</strong></span> <span class='ocrx_word' id='word_1_519' title='bbox 2511 3214 2809 3284; x_wconf 83' lang='lat' dir='ltr'><strong>scriptores</strong></span> <span class='ocrx_word' id='word_1_520' title='bbox 2865 3225 3201 3286; x_wconf 87' lang='lat' dir='ltr'><strong>agnoscunt;</strong></span> <span class='ocrx_word' id='word_1_521' title='bbox 3256 3213 3542 3287; x_wconf 85' lang='lat' dir='ltr'><strong>lgnalianu</strong></span> 
     </span>
    </p>
   </div>
   <div class='ocr_carea' id='block_1_77' title="bbox 1961 3303 3535 3377">
    <p class='ocr_par' dir='ltr' id='par_1_77' title="bbox 1961 3303 3535 3377">
     <span class='ocr_line' id='line_1_77' title="bbox 1961 3303 3535 3377; baseline 0.003 -19"><span class='ocrx_word' id='word_1_522' title='bbox 1961 3319 2076 3360; x_wconf 61' lang='lat' dir='ltr'><strong>aevo</strong></span> <span class='ocrx_word' id='word_1_523' title='bbox 2108 3304 2341 3360; x_wconf 90' lang='lat' dir='ltr'><strong>nimium</strong></span> <span class='ocrx_word' id='word_1_524' title='bbox 2378 3305 2624 3377; x_wconf 85' lang='lat' dir='ltr'><strong>viguisse</strong></span> <span class='ocrx_word' id='word_1_525' title='bbox 2653 3321 2845 3361; x_wconf 90' lang='lat' dir='ltr'><strong>omnes</strong></span> <span class='ocrx_word' id='word_1_526' title='bbox 2877 3304 3141 3362; x_wconf 83' lang='lat' dir='ltr'><strong>fatentur.</strong></span> <span class='ocrx_word' id='word_1_527' title='bbox 3176 3303 3334 3362; x_wconf 91' lang='lat' dir='ltr'><strong>Unde</strong></span> <span class='ocrx_word' id='word_1_528' title='bbox 3363 3306 3535 3363; x_wconf 56' lang='lat' dir='ltr'><strong>Theo.</strong></span> 
     </span>
    </p>
   </div>
   <div class='ocr_carea' id='block_1_78' title="bbox 1956 3393 3541 3471">
    <p class='ocr_par' dir='ltr' id='par_1_78' title="bbox 1956 3393 3541 3471">
     <span class='ocr_line' id='line_1_78' title="bbox 1956 3393 3541 3471; baseline 0.004 -21"><span class='ocrx_word' id='word_1_529' title='bbox 1956 3396 2186 3452; x_wconf 88' lang='lat' dir='ltr'><strong>doretus</strong></span> <span class='ocrx_word' id='word_1_530' title='bbox 2218 3398 2292 3453; x_wconf 89' lang='lat' dir='ltr'><strong>ita</strong></span> <span class='ocrx_word' id='word_1_531' title='bbox 2342 3393 2725 3450; x_wconf 81' lang='lat' dir='ltr'><strong>Ha&#39;reticarum</strong></span> <span class='ocrx_word' id='word_1_532' title='bbox 2753 3397 3059 3467; x_wconf 74' lang='lat' dir='ltr'><strong>fabularum</strong></span> <span class='ocrx_word' id='word_1_533' title='bbox 3099 3398 3273 3456; x_wconf 92' lang='lat' dir='ltr'><strong>libros</strong></span> <span class='ocrx_word' id='word_1_534' title='bbox 3304 3402 3541 3471; x_wconf 90' lang='lat' dir='ltr'><strong>partitus</strong></span> 
     </span>
    </p>
   </div>
   <div class='ocr_carea' id='block_1_79' title="bbox 1952 3489 3540 3561">
    <p class='ocr_par' dir='ltr' id='par_1_79' title="bbox 1952 3489 3540 3561">
     <span class='ocr_line' id='line_1_79' title="bbox 1952 3489 3540 3561; baseline 0.003 -19"><span class='ocrx_word' id='word_1_535' title='bbox 1952 3496 2055 3555; x_wconf 86' lang='lat' dir='ltr'><strong>est,</strong></span> <span class='ocrx_word' id='word_1_536' title='bbox 2090 3498 2147 3544; x_wconf 88' lang='lat' dir='ltr'><strong>ut</strong></span> <span class='ocrx_word' id='word_1_537' title='bbox 2177 3489 2390 3559; x_wconf 90' lang='lat' dir='ltr'><strong>primus</strong></span> <span class='ocrx_word' id='word_1_538' title='bbox 2412 3505 2508 3546; x_wconf 91' lang='lat' dir='ltr'><strong>eos</strong></span> <span class='ocrx_word' id='word_1_539' title='bbox 2535 3490 2628 3561; x_wconf 91' lang='lat' dir='ltr'><strong>qui</strong></span> <span class='ocrx_word' id='word_1_540' title='bbox 2651 3490 2882 3545; x_wconf 85' lang='lat' dir='ltr'><strong>alterum</strong></span> <span class='ocrx_word' id='word_1_541' title='bbox 2912 3499 3218 3546; x_wconf 88' lang='lat' dir='ltr'><strong>creatorem</strong></span> <span class='ocrx_word' id='word_1_542' title='bbox 3252 3492 3540 3547; x_wconf 77' lang='lat' dir='ltr'><strong>confinxe-</strong></span> 
     </span>
    </p>
   </div>
   <div class='ocr_carea' id='block_1_80' title="bbox 1954 3574 3539 3656">
    <p class='ocr_par' dir='ltr' id='par_1_80' title="bbox 1954 3574 3539 3656">
     <span class='ocr_line' id='line_1_80' title="bbox 1954 3574 3539 3656; baseline 0.001 -23"><span class='ocrx_word' id='word_1_543' title='bbox 1954 3588 2102 3649; x_wconf 89' lang='lat' dir='ltr'><strong>runt,</strong></span> <span class='ocrx_word' id='word_1_544' title='bbox 2136 3580 2355 3653; x_wconf 82' lang='grc' dir='ltr'><strong>δοκήσει</strong></span> <span class='ocrx_word' id='word_1_545' title='bbox 2387 3582 2444 3635; x_wconf 82' lang='grc' dir='ltr'><strong>δὲ</strong></span> <span class='ocrx_word' id='word_1_546' title='bbox 2476 3582 2711 3654; x_wconf 82' lang='grc' dir='ltr'>φανῆναι</span> <span class='ocrx_word' id='word_1_547' title='bbox 2741 3581 2833 3635; x_wconf 75' lang='grc' dir='ltr'>τὸν</span> <span class='ocrx_word' id='word_1_548' title='bbox 2866 3582 3073 3655; x_wconf 82' lang='grc' dir='ltr'>Κύριον</span> <span class='ocrx_word' id='word_1_549' title='bbox 3106 3584 3185 3646; x_wconf 81' lang='grc' dir='ltr'><strong>εἰς</strong></span> <span class='ocrx_word' id='word_1_550' title='bbox 3216 3574 3539 3656; x_wconf 81' lang='grc' dir='ltr'>ἀνθρώπους</span> 
     </span>
    </p>
   </div>
   <div class='ocr_carea' id='block_1_81' title="bbox 1952 3669 3538 3744">
    <p class='ocr_par' dir='ltr' id='par_1_81' title="bbox 1952 3669 3538 3744">
     <span class='ocr_line' id='line_1_81' title="bbox 1952 3669 3538 3744; baseline 0.003 -22"><span class='ocrx_word' id='word_1_551' title='bbox 1952 3669 2181 3739; x_wconf 74' lang='grc' dir='ltr'>ἔφασαν,</span> <span class='ocrx_word' id='word_1_552' title='bbox 2220 3671 2494 3727; x_wconf 86' lang='lat' dir='ltr'><strong>secundus</strong></span> <span class='ocrx_word' id='word_1_553' title='bbox 2525 3682 2705 3726; x_wconf 88' lang='lat' dir='ltr'><strong>autem</strong></span> <span class='ocrx_word' id='word_1_554' title='bbox 2753 3671 2875 3728; x_wconf 89' lang='lat' dir='ltr'><strong>illos</strong></span> <span class='ocrx_word' id='word_1_555' title='bbox 2920 3673 3015 3743; x_wconf 89' lang='lat' dir='ltr'><strong>qui</strong></span> <span class='ocrx_word' id='word_1_556' title='bbox 3051 3671 3204 3743; x_wconf 73' lang='grc' dir='ltr'>ψιλὸν</span> <span class='ocrx_word' id='word_1_557' title='bbox 3248 3671 3538 3744; x_wconf 79' lang='grc' dir='ltr'>ἄνθρωπον</span> 
     </span>
    </p>
   </div>
   <div class='ocr_carea' id='block_1_82' title="bbox 1949 3760 3539 3835">
    <p class='ocr_par' dir='ltr' id='par_1_82' title="bbox 1949 3760 3539 3835">
     <span class='ocr_line' id='line_1_82' title="bbox 1949 3760 3539 3835; baseline 0.002 -21"><span class='ocrx_word' id='word_1_558' title='bbox 1949 3760 2041 3814; x_wconf 85' lang='grc' dir='ltr'><strong>τὸν</strong></span> <span class='ocrx_word' id='word_1_559' title='bbox 2061 3760 2266 3833; x_wconf 84' lang='grc' dir='ltr'>Κύριον</span> <span class='ocrx_word' id='word_1_560' title='bbox 2296 3762 2766 3835; x_wconf 83' lang='grc' dir='ltr'>προσηγόρευσαν,</span> <span class='ocrx_word' id='word_1_561' title='bbox 2794 3763 3268 3833; x_wconf 82' lang='lat' dir='ltr'><strong>complecteretur.</strong></span> <span class='ocrx_word' id='word_1_562' title='bbox 3294 3761 3369 3817; x_wconf 89' lang='lat' dir='ltr'><strong>De</strong></span> <span class='ocrx_word' id='word_1_563' title='bbox 3396 3762 3539 3833; x_wconf 83' lang='lat' dir='ltr'><strong>prio-</strong></span> 
     </span>
    </p>
   </div>
   <div class='ocr_carea' id='block_1_83' title="bbox 1950 3851 3537 3929">
    <p class='ocr_par' dir='ltr' id='par_1_83' title="bbox 1950 3851 3537 3929">
     <span class='ocr_line' id='line_1_83' title="bbox 1950 3851 3537 3929; baseline 0.001 -22"><span class='ocrx_word' id='word_1_564' title='bbox 1950 3854 2108 3909; x_wconf 91' lang='lat' dir='ltr'><strong>ribus</strong></span> <span class='ocrx_word' id='word_1_565' title='bbox 2139 3851 2507 3925; x_wconf 82' lang='lat' dir='ltr'><strong>Hieronymus</strong></span> <span class='ocrx_word' id='word_1_566' title='bbox 2589 3858 2838 3918; x_wconf 75' lang='lat' dir='ltr'><strong>adversus</strong></span> <span class='ocrx_word' id='word_1_567' title='bbox 2864 3858 3230 3929; x_wconf 78' lang='lat' dir='ltr'><strong>Luciferianos</strong></span> <span class='ocrx_word' id='word_1_568' title='bbox 3269 3871 3295 3905; x_wconf 79' lang='grc'><strong>.’</strong></span> <span class='ocrx_word' id='word_1_569' title='bbox 3327 3871 3347 3904; x_wconf 84' lang='lat' dir='ltr'><strong>t</strong></span> <span class='ocrx_word' id='word_1_570' title='bbox 3390 3854 3537 3923; x_wconf 87' lang='lat' dir='ltr'><strong>Apo—</strong></span> 
     </span>
    </p>
   </div>
   <div class='ocr_carea' id='block_1_84' title="bbox 1951 3943 3536 4014">
    <p class='ocr_par' dir='ltr' id='par_1_84' title="bbox 1951 3943 3536 4014">
     <span class='ocr_line' id='line_1_84' title="bbox 1951 3943 3536 4014; baseline 0 -16"><span class='ocrx_word' id='word_1_571' title='bbox 1951 3944 2110 3999; x_wconf 90' lang='lat' dir='ltr'><strong>stolis</strong></span> <span class='ocrx_word' id='word_1_572' title='bbox 2137 3943 2319 3999; x_wconf 92' lang='lat' dir='ltr'><strong>adhuc</strong></span> <span class='ocrx_word' id='word_1_573' title='bbox 2353 3943 2407 3998; x_wconf 94' lang='lat' dir='ltr'><strong>in</strong></span> <span class='ocrx_word' id='word_1_574' title='bbox 2436 3945 2638 4000; x_wconf 65' lang='lat' dir='ltr'><strong>saeculo</strong></span> <span class='ocrx_word' id='word_1_575' title='bbox 2668 3944 3084 4013; x_wconf 85' lang='lat' dir='ltr'><strong>superstitibus,</strong></span> <span class='ocrx_word' id='word_1_576' title='bbox 3115 3944 3257 4014; x_wconf 87' lang='lat' dir='ltr'><strong>apud</strong></span> <span class='ocrx_word' id='word_1_577' title='bbox 3289 3943 3536 4000; x_wconf 82' lang='lat' dir='ltr'><strong>Judaeam</strong></span> 
     </span>
    </p>
   </div>
   <div class='ocr_carea' id='block_1_85' title="bbox 1948 4034 3535 4107">
    <p class='ocr_par' dir='ltr' id='par_1_85' title="bbox 1948 4034 3535 4107">
     <span class='ocr_line' id='line_1_85' title="bbox 1948 4034 3535 4107; baseline 0 -18"><span class='ocrx_word' id='word_1_578' title='bbox 1948 4035 2161 4091; x_wconf 76' lang='lat' dir='ltr'><strong>Christi</strong></span> <span class='ocrx_word' id='word_1_579' title='bbox 2206 4035 2478 4107; x_wconf 88' lang='lat' dir='ltr'><strong>sanguine</strong></span> <span class='ocrx_word' id='word_1_580' title='bbox 2529 4035 2756 4097; x_wconf 90' lang='lat' dir='ltr'><strong>recenti,</strong></span> <span class='ocrx_word' id='word_1_581' title='bbox 2796 4036 3123 4105; x_wconf 86' lang='lat' dir='ltr'><strong>phantasma</strong></span> <span class='ocrx_word' id='word_1_582' title='bbox 3156 4034 3371 4089; x_wconf 90' lang='lat' dir='ltr'><strong>Domini</strong></span> <span class='ocrx_word' id='word_1_583' title='bbox 3408 4050 3535 4090; x_wconf 83' lang='lat' dir='ltr'><strong>cor-</strong></span> 
     </span>
    </p>
   </div>
   <div class='ocr_carea' id='block_1_86' title="bbox 1949 4127 3531 4201">
    <p class='ocr_par' dir='ltr' id='par_1_86' title="bbox 1949 4127 3531 4201">
     <span class='ocr_line' id='line_1_86' title="bbox 1949 4127 3531 4201; baseline -0.003 -15"><span class='ocrx_word' id='word_1_584' title='bbox 1949 4145 2052 4201; x_wconf 90' lang='lat' dir='ltr'><strong>pus</strong></span> <span class='ocrx_word' id='word_1_585' title='bbox 2082 4129 2452 4186; x_wconf 84' lang='lat' dir='ltr'><strong>asserebatnr.</strong></span> <span class='ocrx_word' id='word_1_586' title='bbox 2489 4148 2508 4181; x_wconf 81' lang='grc'>›</span> <span class='ocrx_word' id='word_1_587' title='bbox 2550 4127 2622 4185; x_wconf 91' lang='lat' dir='ltr'><strong>De</strong></span> <span class='ocrx_word' id='word_1_588' title='bbox 2655 4129 2913 4185; x_wconf 85' lang='lat' dir='ltr'><strong>secundis</strong></span> <span class='ocrx_word' id='word_1_589' title='bbox 2960 4129 3101 4183; x_wconf 91' lang='lat' dir='ltr'><strong>idem</strong></span> <span class='ocrx_word' id='word_1_590' title='bbox 3152 4130 3205 4182; x_wconf 92' lang='lat' dir='ltr'><strong>in</strong></span> <span class='ocrx_word' id='word_1_591' title='bbox 3236 4128 3531 4201; x_wconf 85' lang='lat' dir='ltr'><strong>Catalogo:</strong></span> 
     </span>
    </p>
   </div>
   <div class='ocr_carea' id='block_1_87' title="bbox 1954 4220 3537 4293">
    <p class='ocr_par' dir='ltr' id='par_1_87' title="bbox 1954 4220 3537 4293">
     <span class='ocr_line' id='line_1_87' title="bbox 1954 4220 3537 4293; baseline 0.002 -18"><span class='ocrx_word' id='word_1_592' title='bbox 1954 4239 1974 4275; x_wconf 78' lang='grc' dir='ltr'><strong>ι</strong></span> <span class='ocrx_word' id='word_1_593' title='bbox 2014 4220 2258 4278; x_wconf 80' lang='lat' dir='ltr'><strong>Joannes</strong></span> <span class='ocrx_word' id='word_1_594' title='bbox 2298 4222 2581 4293; x_wconf 86' lang='lat' dir='ltr'><strong>apostolus</strong></span> <span class='ocrx_word' id='word_1_595' title='bbox 2630 4224 2967 4278; x_wconf 90' lang='lat' dir='ltr'><strong>novissimus</strong></span> <span class='ocrx_word' id='word_1_596' title='bbox 3020 4222 3266 4277; x_wconf 89' lang='lat' dir='ltr'><strong>omnium</strong></span> <span class='ocrx_word' id='word_1_597' title='bbox 3314 4224 3537 4292; x_wconf 90' lang='lat' dir='ltr'><strong>scripsit</strong></span> 
     </span>
    </p>
   </div>
   <div class='ocr_carea' id='block_1_88' title="bbox 1948 4312 3537 4391">
    <p class='ocr_par' dir='ltr' id='par_1_88' title="bbox 1948 4312 3537 4391">
     <span class='ocr_line' id='line_1_88' title="bbox 1948 4312 3537 4391; baseline 0.003 -24"><span class='ocrx_word' id='word_1_598' title='bbox 1948 4312 2330 4386; x_wconf 87' lang='lat' dir='ltr'><strong>Evangelium,</strong></span> <span class='ocrx_word' id='word_1_599' title='bbox 2378 4324 2605 4386; x_wconf 90' lang='lat' dir='ltr'><strong>rogatus</strong></span> <span class='ocrx_word' id='word_1_600' title='bbox 2636 4315 2704 4370; x_wconf 91' lang='lat' dir='ltr'><strong>ab</strong></span> <span class='ocrx_word' id='word_1_601' title='bbox 2750 4315 2894 4371; x_wconf 68' lang='lat' dir='ltr'><strong>Asia:</strong></span> <span class='ocrx_word' id='word_1_602' title='bbox 2941 4315 3216 4386; x_wconf 89' lang='lat' dir='ltr'><strong>episcopis</strong></span> <span class='ocrx_word' id='word_1_603' title='bbox 3269 4315 3537 4391; x_wconf 82' lang='lat' dir='ltr'><strong>adversus</strong></span> 
     </span>
    </p>
   </div>
   <div class='ocr_carea' id='block_1_89' title="bbox 1946 4406 3536 4479">
    <p class='ocr_par' dir='ltr' id='par_1_89' title="bbox 1946 4406 3536 4479">
     <span class='ocr_line' id='line_1_89' title="bbox 1946 4406 3536 4479; baseline 0.001 -18"><span class='ocrx_word' id='word_1_604' title='bbox 1946 4406 2270 4463; x_wconf 85' lang='lat' dir='ltr'><strong>Cerinthum</strong></span> <span class='ocrx_word' id='word_1_605' title='bbox 2327 4408 2574 4479; x_wconf 84' lang='lat' dir='ltr'><strong>aliusque</strong></span> <span class='ocrx_word' id='word_1_606' title='bbox 2638 4408 2958 4477; x_wconf 68' lang='lat' dir='ltr'><strong>haereticos,</strong></span> <span class='ocrx_word' id='word_1_607' title='bbox 3012 4416 3066 4464; x_wconf 82' lang='lat' dir='ltr'><strong>et</strong></span> <span class='ocrx_word' id='word_1_608' title='bbox 3115 4409 3354 4465; x_wconf 79' lang='lat' dir='ltr'><strong>maxime</strong></span> <span class='ocrx_word' id='word_1_609' title='bbox 3403 4418 3536 4463; x_wconf 90' lang='lat' dir='ltr'><strong>tunc</strong></span> 
     </span>
    </p>
   </div>
   <div class='ocr_carea' id='block_1_90' title="bbox 1947 4499 3536 4574">
    <p class='ocr_par' dir='ltr' id='par_1_90' title="bbox 1947 4499 3536 4574">
     <span class='ocr_line' id='line_1_90' title="bbox 1947 4499 3536 4574; baseline 0.002 -20"><span class='ocrx_word' id='word_1_610' title='bbox 1947 4499 2331 4557; x_wconf 89' lang='lat' dir='ltr'><strong>Ehionitarum</strong></span> <span class='ocrx_word' id='word_1_611' title='bbox 2357 4500 2554 4571; x_wconf 85' lang='lat' dir='ltr'><strong>dogma</strong></span> <span class='ocrx_word' id='word_1_612' title='bbox 2589 4516 2953 4573; x_wconf 84' lang='lat' dir='ltr'><strong>consurgens,</strong></span> <span class='ocrx_word' id='word_1_613' title='bbox 2980 4501 3074 4572; x_wconf 92' lang='lat' dir='ltr'><strong>qui</strong></span> <span class='ocrx_word' id='word_1_614' title='bbox 3099 4502 3536 4574; x_wconf 83' lang='lat' dir='ltr'><strong>asseruntChri-</strong></span> 
     </span>
    </p>
   </div>
   <div class='ocr_carea' id='block_1_91' title="bbox 232 4590 1870 4669">
    <p class='ocr_par' dir='ltr' id='par_1_91' title="bbox 232 4593 1850 4669">
     <span class='ocr_line' id='line_1_91' title="bbox 232 4593 1850 4669; baseline -0.004 -17"><span class='ocrx_word' id='word_1_615' title='bbox 232 4598 347 4652; x_wconf 77' lang='grc' dir='ltr'><strong>λων</strong></span> <span class='ocrx_word' id='word_1_616' title='bbox 383 4599 648 4665; x_wconf 89' lang='lat' dir='ltr'><strong>collocat,</strong></span> <span class='ocrx_word' id='word_1_617' title='bbox 691 4597 856 4669; x_wconf 81' lang='grc' dir='ltr'>νόμον</span> <span class='ocrx_word' id='word_1_618' title='bbox 897 4595 1071 4668; x_wconf 82' lang='grc' dir='ltr'><strong>Ἰησοῦ</strong></span> <span class='ocrx_word' id='word_1_619' title='bbox 1100 4595 1340 4668; x_wconf 78' lang='grc' dir='ltr'><strong>Χριστοῦ</strong></span> <span class='ocrx_word' id='word_1_620' title='bbox 1385 4594 1662 4665; x_wconf 89' lang='lat' dir='ltr'><strong>indigitat,</strong></span> <span class='ocrx_word' id='word_1_621' title='bbox 1699 4593 1850 4659; x_wconf 81' lang='grc' dir='ltr'>ἀξιό-</span> 
     </span>
    </p>
   </div>
   <div class='ocr_carea' id='block_1_92' title="bbox 1955 4590 3534 4669">
    <p class='ocr_par' dir='ltr' id='par_1_92' title="bbox 1956 4590 3534 4659">
     <span class='ocr_line' id='line_1_92' title="bbox 1956 4590 3534 4659; baseline 0.004 -14"><span class='ocrx_word' id='word_1_622' title='bbox 1956 4601 2100 4646; x_wconf 92' lang='lat' dir='ltr'><strong>stum</strong></span> <span class='ocrx_word' id='word_1_623' title='bbox 2126 4603 2251 4647; x_wconf 90' lang='lat' dir='ltr'><strong>ante</strong></span> <span class='ocrx_word' id='word_1_624' title='bbox 2275 4591 2503 4647; x_wconf 80' lang='lat' dir='ltr'><strong>Mariam</strong></span> <span class='ocrx_word' id='word_1_625' title='bbox 2532 4608 2640 4647; x_wconf 92' lang='lat' dir='ltr'><strong>non</strong></span> <span class='ocrx_word' id='word_1_626' title='bbox 2661 4590 2853 4648; x_wconf 79' lang='lat' dir='ltr'><strong>fuisse.</strong></span> <span class='ocrx_word' id='word_1_627' title='bbox 2891 4612 2909 4644; x_wconf 78' lang='grc' dir='ltr'><strong>ι</strong></span> <span class='ocrx_word' id='word_1_628' title='bbox 2952 4591 3103 4659; x_wconf 88' lang='lat' dir='ltr'><strong>Quas</strong></span> <span class='ocrx_word' id='word_1_629' title='bbox 3127 4594 3290 4648; x_wconf 79' lang='lat' dir='ltr'><strong>etiam</strong></span> <span class='ocrx_word' id='word_1_630' title='bbox 3315 4594 3368 4648; x_wconf 90' lang='lat' dir='ltr'><strong>in</strong></span> <span class='ocrx_word' id='word_1_631' title='bbox 3401 4594 3534 4651; x_wconf 83' lang='lat' dir='ltr'><strong>Asia</strong></span> 
     </span>
    </p>
   </div>
   <div class='ocr_carea' id='block_1_93' title="bbox 232 4685 1841 4760">
    <p class='ocr_par' dir='ltr' id='par_1_93' title="bbox 232 4685 1841 4760">
     <span class='ocr_line' id='line_1_93' title="bbox 232 4685 1841 4760; baseline -0.003 -18"><span class='ocrx_word' id='word_1_632' title='bbox 232 4692 447 4745; x_wconf 77' lang='grc' dir='ltr'>πλοκον</span> <span class='ocrx_word' id='word_1_633' title='bbox 472 4689 847 4760; x_wconf 84' lang='grc' dir='ltr'>πνευματικὸν</span> <span class='ocrx_word' id='word_1_634' title='bbox 873 4689 1135 4757; x_wconf 80' lang='grc' dir='ltr'>στέφανον</span> <span class='ocrx_word' id='word_1_635' title='bbox 1160 4685 1551 4758; x_wconf 78' lang='grc' dir='ltr'>πρεσϐυτερίου</span> <span class='ocrx_word' id='word_1_636' title='bbox 1583 4685 1841 4751; x_wconf 82' lang='lat' dir='ltr'><strong>celebrat,</strong></span> 
     </span>
    </p>
   </div>
   <div class='ocr_carea' id='block_1_94' title="bbox 230 4777 1847 4850">
    <p class='ocr_par' dir='ltr' id='par_1_94' title="bbox 230 4777 1847 4850">
     <span class='ocr_line' id='line_1_94' title="bbox 230 4777 1847 4850; baseline -0.003 -13"><span class='ocrx_word' id='word_1_637' title='bbox 230 4793 294 4838; x_wconf 88' lang='lat' dir='ltr'><strong>ut</strong></span> <span class='ocrx_word' id='word_1_638' title='bbox 320 4784 411 4839; x_wconf 89' lang='lat' dir='ltr'><strong>eis</strong></span> <span class='ocrx_word' id='word_1_639' title='bbox 442 4779 1026 4837; x_wconf 86' lang='lat' dir='ltr'><strong>obediantChristiaui</strong></span> <span class='ocrx_word' id='word_1_640' title='bbox 1056 4778 1453 4850; x_wconf 80' lang='grc' dir='ltr'>ἀπερισπάστῳ</span> <span class='ocrx_word' id='word_1_641' title='bbox 1479 4777 1688 4850; x_wconf 77' lang='grc' dir='ltr'>διανοίᾳ</span> <span class='ocrx_word' id='word_1_642' title='bbox 1713 4793 1847 4833; x_wconf 90' lang='lat' dir='ltr'><strong>sua-</strong></span> 
     </span>
    </p>
   </div>
   <div class='ocr_carea' id='block_1_95' title="bbox 227 4869 1841 4940">
    <p class='ocr_par' dir='ltr' id='par_1_95' title="bbox 227 4869 1841 4940">
     <span class='ocr_line' id='line_1_95' title="bbox 227 4869 1841 4940; baseline -0.002 -13"><span class='ocrx_word' id='word_1_643' title='bbox 227 4874 354 4930; x_wconf 86' lang='lat' dir='ltr'><strong>det.</strong></span> <span class='ocrx_word' id='word_1_644' title='bbox 393 4871 561 4928; x_wconf 88' lang='lat' dir='ltr'><strong>Unde</strong></span> <span class='ocrx_word' id='word_1_645' title='bbox 595 4871 759 4927; x_wconf 88' lang='lat' dir='ltr'><strong>Walo</strong></span> <span class='ocrx_word' id='word_1_646' title='bbox 798 4871 1172 4927; x_wconf 82' lang='lat' dir='ltr'><strong>Messalinus:</strong></span> <span class='ocrx_word' id='word_1_647' title='bbox 1217 4888 1238 4922; x_wconf 84' lang='lat' dir='ltr'><strong>t</strong></span> <span class='ocrx_word' id='word_1_648' title='bbox 1279 4869 1400 4937; x_wconf 87' lang='lat' dir='ltr'><strong>Quo</strong></span> <span class='ocrx_word' id='word_1_649' title='bbox 1438 4870 1676 4940; x_wconf 86' lang='lat' dir='ltr'><strong>primunt</strong></span> <span class='ocrx_word' id='word_1_650' title='bbox 1704 4879 1841 4925; x_wconf 90' lang='lat' dir='ltr'><strong>tem-</strong></span> 
     </span>
    </p>
   </div>
   <div class='ocr_carea' id='block_1_96' title="bbox 229 4962 1839 5036">
    <p class='ocr_par' dir='ltr' id='par_1_96' title="bbox 229 4962 1839 5036">
     <span class='ocr_line' id='line_1_96' title="bbox 229 4962 1839 5036; baseline 0 -17"><span class='ocrx_word' id='word_1_651' title='bbox 229 4980 377 5036; x_wconf 78' lang='lat' dir='ltr'><strong>pore</strong></span> <span class='ocrx_word' id='word_1_652' title='bbox 409 4972 637 5033; x_wconf 67' lang='lat' dir='ltr'><strong>emptus</strong></span> <span class='ocrx_word' id='word_1_653' title='bbox 664 4972 750 5018; x_wconf 87' lang='lat' dir='ltr'><strong>est</strong></span> <span class='ocrx_word' id='word_1_654' title='bbox 788 4963 1142 5033; x_wconf 88' lang='lat' dir='ltr'><strong>episcopatus</strong></span> <span class='ocrx_word' id='word_1_655' title='bbox 1185 4962 1497 5032; x_wconf 88' lang='lat' dir='ltr'><strong>superstrui</strong></span> <span class='ocrx_word' id='word_1_656' title='bbox 1533 4976 1599 5016; x_wconf 92' lang='lat' dir='ltr'><strong>ac</strong></span> <span class='ocrx_word' id='word_1_657' title='bbox 1643 4978 1839 5033; x_wconf 86' lang='lat' dir='ltr'><strong>super-</strong></span> 
     </span>
    </p>
   </div>
   <div class='ocr_carea' id='block_1_97' title="bbox 230 5054 1840 5128">
    <p class='ocr_par' dir='ltr' id='par_1_97' title="bbox 230 5054 1840 5128">
     <span class='ocr_line' id='line_1_97' title="bbox 230 5054 1840 5128; baseline -0.001 -17"><span class='ocrx_word' id='word_1_658' title='bbox 230 5058 369 5128; x_wconf 88' lang='lat' dir='ltr'><strong>poni</strong></span> <span class='ocrx_word' id='word_1_659' title='bbox 415 5056 825 5128; x_wconf 81' lang='lat' dir='ltr'><strong>presbyteratui</strong></span> <span class='ocrx_word' id='word_1_660' title='bbox 855 5056 1124 5126; x_wconf 90' lang='lat' dir='ltr'><strong>scriptum</strong></span> <span class='ocrx_word' id='word_1_661' title='bbox 1166 5055 1299 5111; x_wconf 89' lang='lat' dir='ltr'><strong>illud</strong></span> <span class='ocrx_word' id='word_1_662' title='bbox 1335 5054 1629 5126; x_wconf 85' lang='lat' dir='ltr'><strong>prodiissc,</strong></span> <span class='ocrx_word' id='word_1_663' title='bbox 1660 5055 1712 5110; x_wconf 93' lang='lat' dir='ltr'><strong>id</strong></span> <span class='ocrx_word' id='word_1_664' title='bbox 1746 5071 1840 5111; x_wconf 87' lang='lat' dir='ltr'><strong>ar-</strong></span> 
     </span>
    </p>
   </div>
   <div class='ocr_carea' id='block_1_98' title="bbox 227 5147 1840 5220">
    <p class='ocr_par' dir='ltr' id='par_1_98' title="bbox 227 5147 1840 5220">
     <span class='ocr_line' id='line_1_98' title="bbox 227 5147 1840 5220; baseline -0.001 -15"><span class='ocrx_word' id='word_1_665' title='bbox 227 5159 512 5219; x_wconf 79' lang='lat' dir='ltr'><strong>gumento</strong></span> <span class='ocrx_word' id='word_1_666' title='bbox 558 5157 673 5217; x_wconf 85' lang='lat' dir='ltr'><strong>est,</strong></span> <span class='ocrx_word' id='word_1_667' title='bbox 716 5148 863 5219; x_wconf 90' lang='lat' dir='ltr'><strong>quod</strong></span> <span class='ocrx_word' id='word_1_668' title='bbox 921 5149 997 5204; x_wconf 91' lang='lat' dir='ltr'><strong>ita</strong></span> <span class='ocrx_word' id='word_1_669' title='bbox 1048 5148 1423 5220; x_wconf 82' lang='lat' dir='ltr'><strong>episcopatum</strong></span> <span class='ocrx_word' id='word_1_670' title='bbox 1484 5147 1721 5213; x_wconf 80' lang='lat' dir='ltr'><strong>extollit,</strong></span> <span class='ocrx_word' id='word_1_671' title='bbox 1781 5156 1840 5204; x_wconf 89' lang='lat' dir='ltr'><strong>ut</strong></span> 
     </span>
    </p>
   </div>
   <div class='ocr_carea' id='block_1_99' title="bbox 229 5239 1839 5316">
    <p class='ocr_par' dir='ltr' id='par_1_99' title="bbox 229 5239 1839 5316">
     <span class='ocr_line' id='line_1_99' title="bbox 229 5239 1839 5316; baseline -0.004 -15"><span class='ocrx_word' id='word_1_672' title='bbox 229 5244 604 5316; x_wconf 82' lang='lat' dir='ltr'><strong>presbyteros</strong></span> <span class='ocrx_word' id='word_1_673' title='bbox 633 5259 741 5298; x_wconf 90' lang='lat' dir='ltr'><strong>non</strong></span> <span class='ocrx_word' id='word_1_674' title='bbox 784 5242 1076 5314; x_wconf 88' lang='lat' dir='ltr'><strong>deprimat.</strong></span> <span class='ocrx_word' id='word_1_675' title='bbox 1117 5242 1287 5297; x_wconf 89' lang='lat' dir='ltr'><strong>Suam</strong></span> <span class='ocrx_word' id='word_1_676' title='bbox 1326 5242 1469 5297; x_wconf 86' lang='lat' dir='ltr'><strong>enim</strong></span> <span class='ocrx_word' id='word_1_677' title='bbox 1509 5240 1617 5296; x_wconf 90' lang='lat' dir='ltr'><strong>illis</strong></span> <span class='ocrx_word' id='word_1_678' title='bbox 1661 5239 1839 5312; x_wconf 80' lang='lat' dir='ltr'><strong>digni-</strong></span> 
     </span>
    </p>
   </div>
   <div class='ocr_carea' id='block_1_100' title="bbox 229 5334 1839 5410">
    <p class='ocr_par' dir='ltr' id='par_1_100' title="bbox 229 5334 1839 5410">
     <span class='ocr_line' id='line_1_100' title="bbox 229 5334 1839 5410; baseline -0.003 -15"><span class='ocrx_word' id='word_1_679' title='bbox 229 5348 409 5395; x_wconf 82' lang='lat' dir='ltr'><strong>tatem</strong></span> <span class='ocrx_word' id='word_1_680' title='bbox 450 5346 771 5407; x_wconf 88' lang='lat' dir='ltr'><strong>conservat,</strong></span> <span class='ocrx_word' id='word_1_681' title='bbox 802 5354 967 5408; x_wconf 89' lang='lat' dir='ltr'><strong>quam</strong></span> <span class='ocrx_word' id='word_1_682' title='bbox 1005 5338 1060 5393; x_wconf 90' lang='lat' dir='ltr'><strong>iu</strong></span> <span class='ocrx_word' id='word_1_683' title='bbox 1097 5337 1275 5410; x_wconf 89' lang='lat' dir='ltr'><strong>prima</strong></span> <span class='ocrx_word' id='word_1_684' title='bbox 1310 5334 1552 5391; x_wconf 86' lang='lat' dir='ltr'><strong>Ecclesia</strong></span> <span class='ocrx_word' id='word_1_685' title='bbox 1585 5335 1839 5391; x_wconf 89' lang='lat' dir='ltr'><strong>obtinue-</strong></span> 
     </span>
    </p>
   </div>
   <div class='ocr_carea' id='block_1_101' title="bbox 228 5427 1831 5503">
    <p class='ocr_par' dir='ltr' id='par_1_101' title="bbox 228 5427 1831 5503">
     <span class='ocr_line' id='line_1_101' title="bbox 228 5427 1831 5503; baseline -0.004 -14"><span class='ocrx_word' id='word_1_686' title='bbox 228 5444 391 5497; x_wconf 71' lang='lat' dir='ltr'><strong>runt,</strong></span> <span class='ocrx_word' id='word_1_687' title='bbox 437 5432 579 5486; x_wconf 90' lang='lat' dir='ltr'><strong>dum</strong></span> <span class='ocrx_word' id='word_1_688' title='bbox 625 5431 733 5487; x_wconf 91' lang='lat' dir='ltr'><strong>illis</strong></span> <span class='ocrx_word' id='word_1_689' title='bbox 777 5440 1042 5501; x_wconf 88' lang='lat' dir='ltr'><strong>tanquam</strong></span> <span class='ocrx_word' id='word_1_690' title='bbox 1074 5430 1339 5503; x_wconf 84' lang='lat' dir='ltr'><strong>apostolis</strong></span> <span class='ocrx_word' id='word_1_691' title='bbox 1386 5427 1518 5499; x_wconf 91' lang='lat' dir='ltr'><strong>ipsis</strong></span> <span class='ocrx_word' id='word_1_692' title='bbox 1568 5428 1831 5483; x_wconf 85' lang='lat' dir='ltr'><strong>honorem</strong></span> 
     </span>
    </p>
   </div>
   <div class='ocr_carea' id='block_1_102' title="bbox 223 5520 1834 5593">
    <p class='ocr_par' dir='ltr' id='par_1_102' title="bbox 223 5520 1834 5593">
     <span class='ocr_line' id='line_1_102' title="bbox 223 5520 1834 5593; baseline -0.001 -15"><span class='ocrx_word' id='word_1_693' title='bbox 223 5536 357 5578; x_wconf 73' lang='lat' dir='ltr'><strong>esse</strong></span> <span class='ocrx_word' id='word_1_694' title='bbox 404 5520 729 5577; x_wconf 83' lang='lat' dir='ltr'><strong>habendum</strong></span> <span class='ocrx_word' id='word_1_695' title='bbox 767 5522 1111 5590; x_wconf 88' lang='lat' dir='ltr'><strong>pronuntiat,</strong></span> <span class='ocrx_word' id='word_1_696' title='bbox 1145 5529 1202 5576; x_wconf 89' lang='lat' dir='ltr'><strong>et</strong></span> <span class='ocrx_word' id='word_1_697' title='bbox 1240 5521 1418 5576; x_wconf 87' lang='lat' dir='ltr'><strong>locum</strong></span> <span class='ocrx_word' id='word_1_698' title='bbox 1457 5523 1834 5593; x_wconf 89' lang='lat' dir='ltr'><strong>apostolorum</strong></span> 
     </span>
    </p>
   </div>
   <div class='ocr_carea' id='block_1_103' title="bbox 226 5616 1833 5684">
    <p class='ocr_par' dir='ltr' id='par_1_103' title="bbox 226 5616 1833 5684">
     <span class='ocr_line' id='line_1_103' title="bbox 226 5616 1833 5684; baseline -0.002 -10"><span class='ocrx_word' id='word_1_699' title='bbox 226 5626 427 5674; x_wconf 64' lang='lat' dir='ltr'><strong>testere</strong></span> <span class='ocrx_word' id='word_1_700' title='bbox 458 5617 722 5672; x_wconf 74' lang='lat' dir='ltr'><strong>afﬁrmat.</strong></span> <span class='ocrx_word' id='word_1_701' title='bbox 763 5635 784 5669; x_wconf 74' lang='grc' dir='ltr'><strong>ο</strong></span> <span class='ocrx_word' id='word_1_702' title='bbox 819 5616 892 5671; x_wconf 90' lang='lat' dir='ltr'><strong>At</strong></span> <span class='ocrx_word' id='word_1_703' title='bbox 916 5616 1134 5671; x_wconf 79' lang='lat' dir='ltr'><strong>labente</strong></span> <span class='ocrx_word' id='word_1_704' title='bbox 1174 5617 1336 5672; x_wconf 89' lang='lat' dir='ltr'><strong>tertio</strong></span> <span class='ocrx_word' id='word_1_705' title='bbox 1367 5618 1587 5684; x_wconf 67' lang='lat' dir='ltr'><strong>saeculo,</strong></span> <span class='ocrx_word' id='word_1_706' title='bbox 1620 5625 1716 5672; x_wconf 89' lang='lat' dir='ltr'><strong>aut</strong></span> <span class='ocrx_word' id='word_1_707' title='bbox 1750 5617 1833 5670; x_wconf 91' lang='lat' dir='ltr'><strong>in-</strong></span> 
     </span>
    </p>
   </div>
   <div class='ocr_carea' id='block_1_104' title="bbox 225 5709 1831 5781">
    <p class='ocr_par' dir='ltr' id='par_1_104' title="bbox 225 5709 1831 5781">
     <span class='ocr_line' id='line_1_104' title="bbox 225 5709 1831 5781; baseline -0.003 -14"><span class='ocrx_word' id='word_1_708' title='bbox 225 5722 404 5767; x_wconf 73' lang='lat' dir='ltr'><strong>eunte</strong></span> <span class='ocrx_word' id='word_1_709' title='bbox 443 5718 673 5779; x_wconf 88' lang='lat' dir='ltr'><strong>quarto,</strong></span> <span class='ocrx_word' id='word_1_710' title='bbox 718 5710 1131 5781; x_wconf 79' lang='lat' dir='ltr'><strong>presbyteratus</strong></span> <span class='ocrx_word' id='word_1_711' title='bbox 1175 5710 1499 5772; x_wconf 84' lang='lat' dir='ltr'><strong>auctoritas,</strong></span> <span class='ocrx_word' id='word_1_712' title='bbox 1548 5709 1714 5763; x_wconf 90' lang='lat' dir='ltr'><strong>etiam</strong></span> <span class='ocrx_word' id='word_1_713' title='bbox 1755 5710 1831 5763; x_wconf 84' lang='lat' dir='ltr'><strong>l‘a-</strong></span> 
     </span>
    </p>
   </div>
   <div class='ocr_carea' id='block_1_105' title="bbox 226 5800 1831 5867">
    <p class='ocr_par' dir='ltr' id='par_1_105' title="bbox 226 5800 1831 5867">
     <span class='ocr_line' id='line_1_105' title="bbox 226 5800 1831 5867; baseline 0.002 -12"><span class='ocrx_word' id='word_1_714' title='bbox 226 5801 483 5857; x_wconf 72' lang='lat' dir='ltr'><strong>tantibus</strong></span> <span class='ocrx_word' id='word_1_715' title='bbox 519 5800 878 5867; x_wconf 85' lang='lat' dir='ltr'><strong>adversariis,</strong></span> <span class='ocrx_word' id='word_1_716' title='bbox 922 5800 1082 5855; x_wconf 82' lang='lat' dir='ltr'><strong>valde</strong></span> <span class='ocrx_word' id='word_1_717' title='bbox 1118 5809 1239 5856; x_wconf 89' lang='lat' dir='ltr'><strong>erat</strong></span> <span class='ocrx_word' id='word_1_718' title='bbox 1281 5801 1595 5857; x_wconf 89' lang='lat' dir='ltr'><strong>imminuta.</strong></span> <span class='ocrx_word' id='word_1_719' title='bbox 1636 5800 1831 5858; x_wconf 87' lang='lat' dir='ltr'><strong>Nullus</strong></span> 
     </span>
    </p>
   </div>
   <div class='ocr_carea' id='block_1_106' title="bbox 227 5891 1829 5964">
    <p class='ocr_par' dir='ltr' id='par_1_106' title="bbox 227 5891 1829 5964">
     <span class='ocr_line' id='line_1_106' title="bbox 227 5891 1829 5964; baseline 0.004 -15"><span class='ocrx_word' id='word_1_720' title='bbox 227 5901 351 5949; x_wconf 70' lang='lat' dir='ltr'><strong>erat</strong></span> <span class='ocrx_word' id='word_1_721' title='bbox 384 5901 524 5951; x_wconf 89' lang='lat' dir='ltr'><strong>tunc</strong></span> <span class='ocrx_word' id='word_1_722' title='bbox 548 5891 606 5949; x_wconf 89' lang='lat' dir='ltr'><strong>iu</strong></span> <span class='ocrx_word' id='word_1_723' title='bbox 628 5892 760 5950; x_wconf 88' lang='lat' dir='ltr'><strong>orbe</strong></span> <span class='ocrx_word' id='word_1_724' title='bbox 789 5891 1108 5950; x_wconf 88' lang='lat' dir='ltr'><strong>Christiano</strong></span> <span class='ocrx_word' id='word_1_725' title='bbox 1136 5894 1584 5964; x_wconf 80' lang='lat' dir='ltr'><strong>presbyterorum</strong></span> <span class='ocrx_word' id='word_1_726' title='bbox 1606 5911 1829 5955; x_wconf 83' lang='lat' dir='ltr'><strong>conses-</strong></span> 
     </span>
    </p>
   </div>
   <div class='ocr_carea' id='block_1_107' title="bbox 1950 4683 3529 4756">
    <p class='ocr_par' dir='ltr' id='par_1_107' title="bbox 1950 4683 3529 4756">
     <span class='ocr_line' id='line_1_107' title="bbox 1950 4683 3529 4756; baseline 0.003 -19"><span class='ocrx_word' id='word_1_727' title='bbox 1950 4684 2187 4739; x_wconf 76' lang='lat' dir='ltr'><strong>maxime</strong></span> <span class='ocrx_word' id='word_1_728' title='bbox 2222 4683 2463 4755; x_wconf 85' lang='lat' dir='ltr'><strong>viguisse</strong></span> <span class='ocrx_word' id='word_1_729' title='bbox 2511 4684 2770 4740; x_wconf 83' lang='lat' dir='ltr'><strong>observat</strong></span> <span class='ocrx_word' id='word_1_730' title='bbox 2808 4684 3151 4756; x_wconf 85' lang='lat' dir='ltr'><strong>Epiphanius</strong></span> <span class='ocrx_word' id='word_1_731' title='bbox 3205 4685 3395 4742; x_wconf 67' lang='lat' dir='ltr'><strong>haeresi</strong></span> <span class='ocrx_word' id='word_1_732' title='bbox 3439 4686 3529 4741; x_wconf 84' lang='lat' dir='ltr'><strong>5i:</strong></span> 
     </span>
    </p>
   </div>
   <div class='ocr_carea' id='block_1_108' title="bbox 1948 4773 3533 4849">
    <p class='ocr_par' dir='ltr' id='par_1_108' title="bbox 1948 4773 3533 4849">
     <span class='ocr_line' id='line_1_108' title="bbox 1948 4773 3533 4849; baseline 0.002 -20"><span class='ocrx_word' id='word_1_733' title='bbox 1948 4773 2114 4829; x_wconf 84' lang='grc' dir='ltr'>Ἔνθα</span> <span class='ocrx_word' id='word_1_734' title='bbox 2140 4775 2252 4848; x_wconf 79' lang='grc' dir='ltr'>γὰρ</span> <span class='ocrx_word' id='word_1_735' title='bbox 2283 4775 2374 4829; x_wconf 74' lang='grc' dir='ltr'>τὸν</span> <span class='ocrx_word' id='word_1_736' title='bbox 2398 4776 2634 4849; x_wconf 82' lang='grc' dir='ltr'>Χριστὸν</span> <span class='ocrx_word' id='word_1_737' title='bbox 2666 4776 2731 4829; x_wconf 79' lang='grc' dir='ltr'>ὲκ</span> <span class='ocrx_word' id='word_1_738' title='bbox 2759 4775 3105 4848; x_wconf 81' lang='grc' dir='ltr'>παρατριϐῆς</span> <span class='ocrx_word' id='word_1_739' title='bbox 3138 4774 3290 4847; x_wconf 75' lang='grc' dir='ltr'>ψιλὸν</span> <span class='ocrx_word' id='word_1_740' title='bbox 3320 4776 3533 4849; x_wconf 82' lang='grc' dir='ltr'>ἄνθρω-</span> 
     </span>
    </p>
   </div>
   <div class='ocr_carea' id='block_1_109' title="bbox 1954 4867 3531 4941">
    <p class='ocr_par' dir='ltr' id='par_1_109' title="bbox 1954 4867 3531 4941">
     <span class='ocr_line' id='line_1_109' title="bbox 1954 4867 3531 4941; baseline 0.002 -21"><span class='ocrx_word' id='word_1_741' title='bbox 1954 4883 2047 4921; x_wconf 71' lang='grc' dir='ltr'>πον</span> <span class='ocrx_word' id='word_1_742' title='bbox 2082 4868 2380 4941; x_wconf 76' lang='grc' dir='ltr'>ἐκήρυττεν</span> <span class='ocrx_word' id='word_1_743' title='bbox 2413 4870 2440 4923; x_wconf 89' lang='grc' dir='ltr'>ὁ</span> <span class='ocrx_word' id='word_1_744' title='bbox 2472 4868 2664 4922; x_wconf 77' lang='grc' dir='ltr'><strong>Ἐϐἱων</strong></span> <span class='ocrx_word' id='word_1_745' title='bbox 2696 4868 2789 4922; x_wconf 76' lang='grc' dir='ltr'><strong>καὶ</strong></span> <span class='ocrx_word' id='word_1_746' title='bbox 2817 4867 3151 4940; x_wconf 82' lang='grc' dir='ltr'>όΚήρινθος,</span> <span class='ocrx_word' id='word_1_747' title='bbox 3187 4868 3281 4922; x_wconf 77' lang='grc' dir='ltr'><strong>καὶ</strong></span> <span class='ocrx_word' id='word_1_748' title='bbox 3306 4870 3355 4922; x_wconf 81' lang='grc' dir='ltr'><strong>οἱ</strong></span> <span class='ocrx_word' id='word_1_749' title='bbox 3390 4870 3531 4941; x_wconf 78' lang='grc' dir='ltr'><strong>ἀμφ’</strong></span> 
     </span>
    </p>
   </div>
   <div class='ocr_carea' id='block_1_110' title="bbox 1946 4959 3533 5034">
    <p class='ocr_par' dir='ltr' id='par_1_110' title="bbox 1946 4959 3533 5034">
     <span class='ocr_line' id='line_1_110' title="bbox 1946 4959 3533 5034; baseline 0.005 -21"><span class='ocrx_word' id='word_1_750' title='bbox 1946 4959 2174 5026; x_wconf 80' lang='grc' dir='ltr'>αὐτοὺς,</span> <span class='ocrx_word' id='word_1_751' title='bbox 2210 4960 2353 5033; x_wconf 78' lang='grc' dir='ltr'>φημὶ</span> <span class='ocrx_word' id='word_1_752' title='bbox 2385 4962 2442 5015; x_wconf 83' lang='grc' dir='ltr'>δὲ</span> <span class='ocrx_word' id='word_1_753' title='bbox 2474 4963 2532 5016; x_wconf 83' lang='grc' dir='ltr'>ὲν</span> <span class='ocrx_word' id='word_1_754' title='bbox 2563 4965 2630 5034; x_wconf 83' lang='grc' dir='ltr'>τῇ</span> <span class='ocrx_word' id='word_1_755' title='bbox 2674 4961 2849 5033; x_wconf 76' lang='grc' dir='ltr'>Ἀσίᾳ.</span> <span class='ocrx_word' id='word_1_756' title='bbox 2897 4960 3138 5033; x_wconf 84' lang='lat' dir='ltr'><strong>lgnalius</strong></span> <span class='ocrx_word' id='word_1_757' title='bbox 3172 4978 3297 5017; x_wconf 91' lang='lat' dir='ltr'><strong>cum</strong></span> <span class='ocrx_word' id='word_1_758' title='bbox 3329 4979 3359 5019; x_wconf 88' lang='lat' dir='ltr'><strong>a</strong></span> <span class='ocrx_word' id='word_1_759' title='bbox 3384 4965 3533 5021; x_wconf 90' lang='lat' dir='ltr'><strong>schi-</strong></span> 
     </span>
    </p>
   </div>
   <div class='ocr_carea' id='block_1_111' title="bbox 1944 5052 3526 5127">
    <p class='ocr_par' dir='ltr' id='par_1_111' title="bbox 1944 5052 3526 5127">
     <span class='ocr_line' id='line_1_111' title="bbox 1944 5052 3526 5127; baseline 0.002 -17"><span class='ocrx_word' id='word_1_760' title='bbox 1944 5052 2256 5110; x_wconf 87' lang='lat' dir='ltr'><strong>smaticiset</strong></span> <span class='ocrx_word' id='word_1_761' title='bbox 2272 5053 2542 5110; x_wconf 78' lang='lat' dir='ltr'><strong>haereticis</strong></span> <span class='ocrx_word' id='word_1_762' title='bbox 2574 5070 2792 5125; x_wconf 88' lang='lat' dir='ltr'><strong>semper</strong></span> <span class='ocrx_word' id='word_1_763' title='bbox 2823 5054 3129 5110; x_wconf 90' lang='lat' dir='ltr'><strong>cavendum</strong></span> <span class='ocrx_word' id='word_1_764' title='bbox 3160 5070 3283 5111; x_wconf 87' lang='lat' dir='ltr'><strong>esse</strong></span> <span class='ocrx_word' id='word_1_765' title='bbox 3312 5055 3526 5127; x_wconf 87' lang='lat' dir='ltr'><strong>doceat,</strong></span> 
     </span>
    </p>
   </div>
   <div class='ocr_carea' id='block_1_112' title="bbox 1941 5146 3528 5221">
    <p class='ocr_par' dir='ltr' id='par_1_112' title="bbox 1941 5146 3528 5221">
     <span class='ocr_line' id='line_1_112' title="bbox 1941 5146 3528 5221; baseline 0.003 -20"><span class='ocrx_word' id='word_1_766' title='bbox 1941 5146 2042 5203; x_wconf 90' lang='lat' dir='ltr'><strong>has</strong></span> <span class='ocrx_word' id='word_1_767' title='bbox 2072 5148 2346 5218; x_wconf 62' lang='lat' dir='ltr'><strong>praecipue</strong></span> <span class='ocrx_word' id='word_1_768' title='bbox 2397 5149 2633 5204; x_wconf 63' lang='lat' dir='ltr'><strong>haereses</strong></span> <span class='ocrx_word' id='word_1_769' title='bbox 2684 5149 2839 5221; x_wconf 89' lang='lat' dir='ltr'><strong>petit,</strong></span> <span class='ocrx_word' id='word_1_770' title='bbox 2886 5148 3008 5204; x_wconf 87' lang='lat' dir='ltr'><strong>illas</strong></span> <span class='ocrx_word' id='word_1_771' title='bbox 3057 5147 3396 5219; x_wconf 83' lang='lat' dir='ltr'><strong>frequenter,</strong></span> <span class='ocrx_word' id='word_1_772' title='bbox 3436 5164 3528 5205; x_wconf 85' lang='lat' dir='ltr'><strong>sc-</strong></span> 
     </span>
    </p>
   </div>
   <div class='ocr_carea' id='block_1_113' title="bbox 1939 5239 3531 5313">
    <p class='ocr_par' dir='ltr' id='par_1_113' title="bbox 1939 5239 3531 5313">
     <span class='ocr_line' id='line_1_113' title="bbox 1939 5239 3531 5313; baseline 0.001 -18"><span class='ocrx_word' id='word_1_773' title='bbox 1939 5240 2069 5295; x_wconf 93' lang='lat' dir='ltr'><strong>dulo</strong></span> <span class='ocrx_word' id='word_1_774' title='bbox 2102 5250 2157 5296; x_wconf 89' lang='lat' dir='ltr'><strong>et</strong></span> <span class='ocrx_word' id='word_1_775' title='bbox 2186 5253 2372 5312; x_wconf 87' lang='lat' dir='ltr'><strong>aperte</strong></span> <span class='ocrx_word' id='word_1_776' title='bbox 2398 5239 2527 5297; x_wconf 87' lang='lat' dir='ltr'><strong>ferit</strong></span> <span class='ocrx_word' id='word_1_777' title='bbox 2554 5260 2568 5299; x_wconf 88' lang='lat'><strong>:</strong></span> <span class='ocrx_word' id='word_1_778' title='bbox 2610 5241 2852 5313; x_wconf 88' lang='lat' dir='ltr'><strong>priorem</strong></span> <span class='ocrx_word' id='word_1_779' title='bbox 2891 5240 3221 5297; x_wconf 84' lang='lat' dir='ltr'><strong>Docetarum</strong></span> <span class='ocrx_word' id='word_1_780' title='bbox 3251 5280 3268 5307; x_wconf 92' lang='lat'><strong>,</strong></span> <span class='ocrx_word' id='word_1_781' title='bbox 3298 5256 3330 5297; x_wconf 89' lang='lat' dir='ltr'><strong>a</strong></span> <span class='ocrx_word' id='word_1_782' title='bbox 3360 5242 3531 5298; x_wconf 83' lang='lat' dir='ltr'><strong>disci-</strong></span> 
     </span>
    </p>
   </div>
   <div class='ocr_carea' id='block_1_114' title="bbox 1939 5334 3526 5407">
    <p class='ocr_par' dir='ltr' id='par_1_114' title="bbox 1939 5334 3526 5407">
     <span class='ocr_line' id='line_1_114' title="bbox 1939 5334 3526 5407; baseline 0.002 -19"><span class='ocrx_word' id='word_1_783' title='bbox 1939 5335 2085 5405; x_wconf 89' lang='lat' dir='ltr'><strong>pulis</strong></span> <span class='ocrx_word' id='word_1_784' title='bbox 2109 5335 2390 5391; x_wconf 83' lang='lat' dir='ltr'><strong>Menandri</strong></span> <span class='ocrx_word' id='word_1_785' title='bbox 2422 5346 2550 5391; x_wconf 89' lang='lat' dir='ltr'><strong>tunc</strong></span> <span class='ocrx_word' id='word_1_786' title='bbox 2575 5336 2841 5406; x_wconf 91' lang='lat' dir='ltr'><strong>temporis</strong></span> <span class='ocrx_word' id='word_1_787' title='bbox 2871 5334 3308 5403; x_wconf 86' lang='lat' dir='ltr'><strong>disseminatam,</strong></span> <span class='ocrx_word' id='word_1_788' title='bbox 3339 5348 3526 5407; x_wconf 86' lang='lat' dir='ltr'><strong>atque.</strong></span> 
     </span>
    </p>
   </div>
   <div class='ocr_carea' id='block_1_115' title="bbox 1938 5426 3526 5499">
    <p class='ocr_par' dir='ltr' id='par_1_115' title="bbox 1938 5426 3526 5499">
     <span class='ocr_line' id='line_1_115' title="bbox 1938 5426 3526 5499; baseline 0.001 -18"><span class='ocrx_word' id='word_1_789' title='bbox 1938 5436 1999 5481; x_wconf 92' lang='lat' dir='ltr'><strong>ut</strong></span> <span class='ocrx_word' id='word_1_790' title='bbox 2029 5428 2293 5484; x_wconf 87' lang='lat' dir='ltr'><strong>credibile</strong></span> <span class='ocrx_word' id='word_1_791' title='bbox 2328 5437 2432 5495; x_wconf 89' lang='lat' dir='ltr'><strong>est,</strong></span> <span class='ocrx_word' id='word_1_792' title='bbox 2482 5445 2514 5483; x_wconf 89' lang='lat' dir='ltr'><strong>a</strong></span> <span class='ocrx_word' id='word_1_793' title='bbox 2541 5427 2822 5483; x_wconf 84' lang='lat' dir='ltr'><strong>Saturnilo</strong></span> <span class='ocrx_word' id='word_1_794' title='bbox 2851 5427 2992 5497; x_wconf 88' lang='lat' dir='ltr'><strong>apud</strong></span> <span class='ocrx_word' id='word_1_795' title='bbox 3021 5426 3367 5482; x_wconf 84' lang='lat' dir='ltr'><strong>Antiochiam</strong></span> <span class='ocrx_word' id='word_1_796' title='bbox 3411 5428 3526 5499; x_wconf 83' lang='lat' dir='ltr'><strong>jam</strong></span> 
     </span>
    </p>
   </div>
   <div class='ocr_carea' id='block_1_116' title="bbox 1937 5517 3530 5591">
    <p class='ocr_par' dir='ltr' id='par_1_116' title="bbox 1937 5517 3530 5591">
     <span class='ocr_line' id='line_1_116' title="bbox 1937 5517 3530 5591; baseline 0 -15"><span class='ocrx_word' id='word_1_797' title='bbox 1937 5530 2054 5576; x_wconf 93' lang='lat' dir='ltr'><strong>tum</strong></span> <span class='ocrx_word' id='word_1_798' title='bbox 2086 5520 2405 5588; x_wconf 83' lang='lat' dir='ltr'><strong>defensam,</strong></span> <span class='ocrx_word' id='word_1_799' title='bbox 2431 5519 2663 5591; x_wconf 85' lang='lat' dir='ltr'><strong>epistola</strong></span> <span class='ocrx_word' id='word_1_800' title='bbox 2695 5521 2760 5575; x_wconf 91' lang='lat' dir='ltr'><strong>ad</strong></span> <span class='ocrx_word' id='word_1_801' title='bbox 2791 5518 3104 5591; x_wconf 75' lang='lat' dir='ltr'><strong>Smyrnzces</strong></span> <span class='ocrx_word' id='word_1_802' title='bbox 3130 5529 3293 5589; x_wconf 88' lang='lat' dir='ltr'><strong>atque</strong></span> <span class='ocrx_word' id='word_1_803' title='bbox 3325 5517 3530 5577; x_wconf 75' lang='lat' dir='ltr'><strong>Tralle-</strong></span> 
     </span>
    </p>
   </div>
   <div class='ocr_carea' id='block_1_117' title="bbox 1936 5610 3525 5684">
    <p class='ocr_par' dir='ltr' id='par_1_117' title="bbox 1936 5610 3525 5684">
     <span class='ocr_line' id='line_1_117' title="bbox 1936 5610 3525 5684; baseline -0.001 -16"><span class='ocrx_word' id='word_1_804' title='bbox 1936 5614 2051 5669; x_wconf 91' lang='lat' dir='ltr'><strong>sios</strong></span> <span class='ocrx_word' id='word_1_805' title='bbox 2082 5612 2337 5684; x_wconf 85' lang='lat' dir='ltr'><strong>jugulat:</strong></span> <span class='ocrx_word' id='word_1_806' title='bbox 2374 5612 2602 5668; x_wconf 87' lang='lat' dir='ltr'><strong>alteram</strong></span> <span class='ocrx_word' id='word_1_807' title='bbox 2632 5612 2701 5667; x_wconf 88' lang='lat' dir='ltr'><strong>ab</strong></span> <span class='ocrx_word' id='word_1_808' title='bbox 2728 5610 2938 5668; x_wconf 83' lang='lat' dir='ltr'><strong>Ebioue</strong></span> <span class='ocrx_word' id='word_1_809' title='bbox 2970 5611 3271 5681; x_wconf 82' lang='lat' dir='ltr'><strong>profectam</strong></span> <span class='ocrx_word' id='word_1_810' title='bbox 3308 5612 3525 5682; x_wconf 87' lang='lat' dir='ltr'><strong>lateque</strong></span> 
     </span>
    </p>
   </div>
   <div class='ocr_carea' id='block_1_118' title="bbox 1938 5703 3526 5777">
    <p class='ocr_par' dir='ltr' id='par_1_118' title="bbox 1938 5703 3526 5777">
     <span class='ocr_line' id='line_1_118' title="bbox 1938 5703 3526 5777; baseline 0 -14"><span class='ocrx_word' id='word_1_811' title='bbox 1938 5722 2032 5777; x_wconf 88' lang='lat' dir='ltr'><strong>per</strong></span> <span class='ocrx_word' id='word_1_812' title='bbox 2063 5706 2341 5762; x_wconf 88' lang='lat' dir='ltr'><strong>Orientem</strong></span> <span class='ocrx_word' id='word_1_813' title='bbox 2378 5721 2626 5776; x_wconf 84' lang='lat' dir='ltr'><strong>sparsam</strong></span> <span class='ocrx_word' id='word_1_814' title='bbox 2666 5706 2899 5777; x_wconf 82' lang='lat' dir='ltr'><strong>epistola</strong></span> <span class='ocrx_word' id='word_1_815' title='bbox 2931 5705 2999 5759; x_wconf 82' lang='lat' dir='ltr'><strong>ad</strong></span> <span class='ocrx_word' id='word_1_816' title='bbox 3031 5703 3418 5776; x_wconf 86' lang='lat' dir='ltr'><strong>Polycarpum,</strong></span> <span class='ocrx_word' id='word_1_817' title='bbox 3455 5708 3526 5763; x_wconf 84' lang='lat' dir='ltr'><strong>ad</strong></span> 
     </span>
    </p>
   </div>
   <div class='ocr_carea' id='block_1_119' title="bbox 1937 5796 3519 5871">
    <p class='ocr_par' dir='ltr' id='par_1_119' title="bbox 1937 5796 3519 5871">
     <span class='ocr_line' id='line_1_119' title="bbox 1937 5796 3519 5871; baseline 0.001 -20"><span class='ocrx_word' id='word_1_818' title='bbox 1937 5798 2230 5871; x_wconf 86' lang='lat' dir='ltr'><strong>Ephesios,</strong></span> <span class='ocrx_word' id='word_1_819' title='bbox 2271 5797 2654 5871; x_wconf 79' lang='lat' dir='ltr'><strong>Magnesiauos</strong></span> <span class='ocrx_word' id='word_1_820' title='bbox 2716 5807 2771 5853; x_wconf 91' lang='lat' dir='ltr'><strong>et</strong></span> <span class='ocrx_word' id='word_1_821' title='bbox 2795 5796 3256 5869; x_wconf 71' lang='lat' dir='ltr'><strong>Philadelphenos</strong></span> <span class='ocrx_word' id='word_1_822' title='bbox 3298 5798 3519 5853; x_wconf 82' lang='lat' dir='ltr'><strong>refellit.</strong></span> 
     </span>
    </p>
   </div>
   <div class='ocr_carea' id='block_1_120' title="bbox 1935 5891 3517 5964">
    <p class='ocr_par' dir='ltr' id='par_1_120' title="bbox 1935 5891 3517 5964">
     <span class='ocr_line' id='line_1_120' title="bbox 1935 5891 3517 5964; baseline -0.001 -14"><span class='ocrx_word' id='word_1_823' title='bbox 1935 5892 2139 5950; x_wconf 68' lang='lat' dir='ltr'><strong>Pra&#39;ter</strong></span> <span class='ocrx_word' id='word_1_824' title='bbox 2187 5894 2288 5951; x_wconf 87' lang='lat' dir='ltr'><strong>has</strong></span> <span class='ocrx_word' id='word_1_825' title='bbox 2322 5892 2459 5949; x_wconf 84' lang='lat' dir='ltr'><strong>duas</strong></span> <span class='ocrx_word' id='word_1_826' title='bbox 2486 5891 2723 5950; x_wconf 63' lang='lat' dir='ltr'><strong>haereses</strong></span> <span class='ocrx_word' id='word_1_827' title='bbox 2768 5891 2975 5948; x_wconf 87' lang='lat' dir='ltr'><strong>nullam</strong></span> <span class='ocrx_word' id='word_1_828' title='bbox 3017 5892 3243 5953; x_wconf 87' lang='lat' dir='ltr'><strong>omnino</strong></span> <span class='ocrx_word' id='word_1_829' title='bbox 3271 5893 3517 5964; x_wconf 83' lang='lat' dir='ltr'><strong>attingit:</strong></span> 
     </span>
    </p>
   </div>
  </div>
