4078 6388
569 411 679 467 275

1596 413 1653 469 S.
1694 412 2039 470 lGNATlUS.
2078 444 2148 454 —
2184 411 2719 469 PROLECOMENA.

3736 413 3840 471 276

570 527 840 599 quidquid
887 527 941 581 in
970 527 1057 586 his
1089 528 1339 598 epistolis
1368 528 1435 583 de
1466 530 1787 600 particulari
1834 532 2017 601 aliqua
2048 530 2157 584 hrc-
2188 534 2233 590 Α
2261 529 2438 583 virum
2463 530 2823 600 apostolicum
2849 528 3150 584 doctrinam
3173 528 3561 599 evangelicam,
3585 544 3748 599 quam
3771 532 3840 587 ab

563 634 737 675 retica
781 622 1031 676 doctrina
1079 622 1344 691 scriptum
1394 632 1497 688 est,
1536 623 1601 678 ad
1632 639 1821 678 earum
1855 638 2017 678 unam
2058 639 2147 677 re-

563 713 696 768 ferri
738 723 792 769 et
826 723 1007 784 potest
1040 724 1095 769 et
1118 714 1298 769 debet.
1343 713 1468 769 Haec
1504 716 1672 787 igitur
1710 717 1893 770 omnia
1926 726 1979 771 et
2000 715 2146 782 ﬁdei,

564 818 620 863 et
644 808 941 874 doctrinm,
980 818 1031 863 et
1082 810 1314 878 tempori
1370 808 1650 880 S.lgnatii
1696 812 1904 882 Optime
1944 826 2147 866 conve—

564 902 744 956 niunt.
791 901 925 956 Erat
952 912 1099 957 certe
1148 902 1388 972 lgnatius
1431 904 1573 959 inter
1601 920 1717 969 eos,
1749 906 1841 975 qui
1866 904 2147 960 Christum

565 993 913 1063 ὲθεολόγουν,
964 1006 1024 1050 ιιι
1084 998 1341 1053 catholici
1407 999 1555 1054 illius
1624 1000 1800 1056 aetatis
1853 999 2145 1067 faciebant.

562 1085 699 1141 Nam
724 1090 817 1159 qui
851 1089 1167 1160 religionem
1196 1102 1443 1147 nostram
1470 1095 1849 1163 deseruerant,
1881 1094 2149 1151 referente

562 1178 765 1249 Plinio,
788 1201 807 1233 ι
834 1183 1178 1240 afﬁrmabant
1204 1187 1345 1243 hanc
1368 1188 1540 1243 fuisse
1570 1206 1845 1245 summam
1869 1192 1952 1248 vel
1976 1192 2150 1262 culpa:

566 1291 703 1344 sure,
745 1277 832 1332 vel
874 1279 1102 1345 erroris,
1140 1278 1287 1349 quod
1318 1290 1506 1335 essent
1548 1284 1692 1337 soliti
1735 1292 1878 1340 stato
1905 1284 1993 1339 die
2020 1294 2149 1340 ante

566 1370 743 1425 iucem
793 1373 1110 1438 convenire,
1160 1389 1494 1445 carmenque
1528 1376 1769 1445 Christo,
1808 1378 1967 1447 quasi
2010 1378 2144 1446 Deo,

563 1462 746 1517 dicere
776 1477 962 1518 secum
995 1464 1250 1520 invicem.
1285 1485 1303 1519 ι
1361 1465 1432 1523 Ut
1460 1479 1606 1524 recte
1636 1471 1948 1527 observavit
1987 1482 2146 1529 vetus

561 1554 652 1609 ille
693 1566 887 1613 auctor
932 1558 1075 1628 apud
1120 1559 1417 1617 Eusebium
1466 1564 1502 1618 l.
1531 1581 1583 1631 v,
1625 1580 1675 1621 c.
1700 1566 1807 1621 28:
1842 1568 2063 1639 Ψαλμοὶ
2088 1570 2146 1623 δὲ

558 1648 673 1701 ὅσοι
707 1650 801 1703 καὶ
845 1651 983 1721 ᾠδαὶ
1033 1652 1278 1723 ἀδελφῶν
1312 1656 1571 1728 ἀπαρχῆς
1618 1659 1723 1712 ὑπὸ
1756 1661 1962 1714 πιστῶν
2010 1680 2149 1733 γρα-

560 1744 745 1809 φεῖσαι
798 1743 889 1797 τὺν
934 1745 1109 1814 Λόγον
1158 1747 1253 1801 τοῦ
1299 1748 1436 1802 Θεοῦ
1486 1749 1579 1803 τὸν
1625 1753 1860 1823 Χριστὸν
1915 1755 2145 1825 ὑμνοῦσι

558 1836 960 1906 Θεολογοῦντες.
1023 1860 1041 1891 ι
1082 1839 1285 1895 Psalmi
1326 1852 1382 1897 et
1411 1846 1623 1899 cantica
1679 1846 1935 1915 fratrum,
1988 1866 2141 1919 quae.

558 1947 778 2002 cunque
820 1934 889 1988 ab
918 1934 1078 1989 initio
1110 1950 1140 1989 a
1173 1936 1426 1994 fidelibus
1455 1941 1765 2010 conscripta
1800 1953 1950 2012 sunt,
1979 1944 2144 2001 Chri-

558 2033 701 2081 stum
738 2023 971 2081 Verbum
1002 2027 1096 2082 Dei
1128 2028 1532 2098 concelebrant,
1564 2032 1905 2091 divinitatem
1936 2038 1986 2093 ei
2020 2038 2126 2093 tri-

555 2116 791 2173 buendo.
830 2136 851 2172 ι
886 2119 963 2175 ita
990 2121 1208 2190 quidem
1238 2123 1478 2194 lgnatius
1507 2126 1830 2196 simpliciter
1856 2128 2140 2187 Christum

554 2212 726 2265 Deum
756 2212 1011 2281 appellat,
1045 2221 1103 2266 ut
1129 2212 1296 2284 Epist.
1326 2214 1397 2269 ad
1430 2212 1741 2288 Smyrnzeos
1762 2236 1775 2272 :
1795 2219 2014 2287 Δοξάζω
2049 2223 2145 2296 Ἰη-

554 2302 683 2357 σοῦν
717 2305 954 2376 Χριστὸν
986 2306 1078 2359 τὸν
1111 2306 1267 2372 Θεόν,
1300 2317 1354 2363 et
1390 2328 1405 2363 :
1458 2309 1880 2384 ’Υποδεξάμενοι
1915 2316 1991 2380 ὡς
2023 2317 2141 2371 δια-

553 2395 742 2459 κόνους
758 2396 995 2467 Χριστοῦ
1012 2397 1172 2475 Θεοῦ,
1198 2400 1267 2453 ad
1291 2398 1655 2472 Polycarpum
1688 2424 1700 2459 :
1740 2408 1829 2459 ‘Ev
1844 2408 1963 2479 Θεῷ
1986 2411 2018 2482 ἡ
2027 2411 2143 2480 μῶν

566 2486 741 2557 Ἰησοῦ
758 2488 1000 2558 Χριστῷ,
1020 2488 1087 2542 ad
1102 2487 1369 2558 Ephesios
1388 2510 1401 2543 :
1420 2492 1476 2546 ὐ
1494 2492 1602 2564 γὰρ
1613 2494 1745 2558 Θεὸς
1764 2496 1921 2567 ἡμῶν
1939 2499 2143 2571 Ἰησοῦς

549 2582 580 2633 ὀ
608 2579 844 2651 Χριστὸς
893 2581 1237 2653 ὲκυοφορήθη
1296 2584 1402 2637 ὑπὸ
1433 2587 1648 2657 Μαρίας
1669 2627 1682 2649 ,
1719 2590 1786 2643 ad
1820 2589 2137 2649 Romanos:

552 2664 714 2719 Κατὰ
766 2666 950 2720 πίστιν
999 2668 1096 2722 καὶ
1153 2669 1377 2741 ἀγάπην
1424 2672 1520 2726 τοῦ
1575 2676 1815 2747 Χριστοῦ
1867 2680 1961 2733 τοῦ
2006 2682 2141 2737 Θεοῦ

552 2756 733 2827 ἡμῶν.
768 2756 902 2814 Post
942 2769 1126 2816 autem
1158 2772 1433 2833 receptam
1469 2766 1523 2820 in
1555 2766 1801 2825 Ecclesia
1831 2772 2140 2829 doctrinam

552 2848 912 2915 Platonicam,
944 2860 1058 2907 tum
1093 2856 1323 2910 secundi
1364 2866 1479 2912 tum
1513 2860 1657 2914 tertii
1690 2864 1873 2917 saeculi
1904 2867 2140 2935 scripto-

552 2959 645 2998 res
690 2959 798 2999 non
832 2944 978 3001 soliti
1022 2956 1153 3001 sunt
1188 2946 1324 3003 adeo
1366 2950 1693 3020 simpliciter
1728 2953 2013 3010 Christum
2049 2958 2141 3009 τὸν

551 3035 692 3090 Θεὸν
723 3035 928 3106 ubique
962 3039 1283 3107 praedicare,
1327 3048 1389 3095 ut
1424 3042 1539 3097 haec
1588 3043 2137 3115 plane.lgnatianam

551 3135 769 3181 aetatem
804 3127 1041 3197 sapiant.
1079 3128 1388 3200 Objiciebat
1426 3133 1724 3203 aliquando
1747 3134 1980 3193 Photius
2011 3137 2137 3194 Cle-

2253 622 2521 692 apostolis
2548 636 2774 692 quoquo
2804 621 2969 675 modo
2992 630 3298 691 acceperat,
3337 620 3587 689 epistolis
3605 621 3721 675 suis
3747 638 3837 677 re-

2250 725 2635 784 praesentasse,
2654 726 2707 769 et
2730 716 3001 770 Ecclesias
3031 723 3091 769 ut
3117 715 3192 767 illi
3214 713 3574 779 adhaerercnt,
3595 713 3841 783 impense

2249 822 2477 879 rOgusse
2498 827 2512 862 :
2532 808 2770 877 seipsum
2790 807 2935 862 enim
2962 808 3094 861 satis
3123 806 3361 876 explicat
3385 805 3674 870 Eusebius,
3702 806 3837 861 dum

2251 902 2536 970 protitetur
2574 916 2633 956 se
2678 915 2773 955 eos
2822 898 3201 953 tantummodo
3254 910 3837 967 commemoraturum,

2251 996 2305 1050 in
2346 1011 2581 1065 quorum
2618 995 2995 1049 monumentis
3049 993 3441 1063 Ἀποστολικῆς
3488 993 3840 1058 διδασκαλίας

2250 1088 2554 1160 παράδοσις
2618 1088 2881 1160 φέρεται,
2942 1105 2961 1139 ι
2998 1096 3076 1151 ιιι,
3108 1086 3258 1140 verbi
3309 1088 3504 1157 gratia,
3554 1086 3747 1157 lgnatii
3783 1099 3841 1141 et

2250 1180 2574 1246 Clementis;
2608 1200 2626 1231 ι
2685 1196 2913 1250 prorsus
2947 1179 3023 1233 uti
3062 1179 3305 1248 loquitur
3349 1176 3589 1231 Irenzeus
3617 1178 3684 1232 de
3712 1178 3841 1232 (Ile-

2250 1272 2455 1326 mentis
2485 1270 2739 1340 epistola,
2771 1286 2934 1339 quam
2985 1269 3135 1323 misit
3172 1266 3415 1321 Ecclesia
3461 1265 3709 1321 Romana
3764 1268 3836 1321 ad

2249 1360 2604 1425 Corinthios,
2655 1360 2955 1414 ἀνανεοῦσα
3004 1359 3102 1431 τὴν
3156 1360 3337 1411 πίστιν
3391 1356 3593 1421 αὐτῶν,
3629 1356 3721 1409 καὶ
3767 1358 3840 1428 ἣν

2249 1451 2442 1503 νεωστὶ
2475 1451 2584 1504 ἀπὸ
2614 1451 2720 1504 τῶν
2753 1450 3063 1504 ἀποστόλων
3097 1449 3394 1521 παράδοσιν
3428 1448 3662 1519 εἰλήφει,
3697 1467 3715 1499 ι
3748 1464 3840 1503 re-

2250 1556 2451 1610 parans
2477 1542 2637 1595 fidem
2670 1557 2883 1601 eorum.
2916 1550 2970 1595 et
2994 1556 3157 1610 quam
3194 1541 3245 1593 in
3278 1541 3480 1593 recenti
3513 1540 3583 1593 ab
3613 1550 3840 1609 aposto-

2249 1634 2318 1690 lis
2364 1643 2685 1704 receperant
2735 1633 3109 1689 traditionem.
3142 1652 3161 1685 ι
3224 1630 3293 1687 Ut
3340 1633 3506 1703 igitur
3533 1630 3840 1687 Clementis

2248 1725 2480 1795 epistola
2535 1726 2981 1796 promptuarium
3028 1740 3137 1779 non
3178 1733 3263 1779 est
3312 1723 3670 1778 traditionum
3724 1740 3837 1778 non

2249 1814 2605 1884 scriptarum,
2646 1816 2719 1869 ita
2762 1830 2861 1870 nec
2902 1813 3117 1884 lgnatii.
3166 1812 3355 1868 Nullas
3377 1811 3468 1867 ille
3506 1813 3837 1869 traditiones

2174 1890 2218 1945 Β
2248 1922 2356 1962 non
2390 1908 2646 1977 scriptas,
2688 1924 2827 1978 quas
2859 1908 2975 1963 sive
3007 1922 3151 1968 vere.
3187 1907 3302 1962 sive
3333 1906 3472 1961 falso
3500 1906 3838 1975 apostolicas

2246 2011 2469 2065 vocant,
2517 2001 2677 2055 nobis
2722 2001 2777 2055 in
2811 2001 3064 2073 genuinis
3106 2000 3351 2070 epistolis
3401 2000 3833 2057 commendavit.

2243 2091 2387 2147 Nihil
2435 2094 2501 2148 de
2542 2092 2717 2159 festis,
2758 2093 2896 2148 nihil
2931 2093 2998 2147 de
3029 2093 3187 2148 statis
3218 2092 3561 2163 jejuniorum
3614 2101 3836 2163 tenipo-

2244 2185 2423 2251 ribus,
2455 2185 2593 2239 nihil
2622 2185 2689 2239 de
2722 2200 2872 2239 more
2897 2183 3183 2239 Paschalis
3225 2184 3559 2248 celebrandi,
3597 2184 3733 2238 nihil
3761 2184 3837 2239 de

2242 2276 2597 2332 Pentecostes
2621 2285 2715 2331 aut
2740 2276 2966 2332 Sabbati
2991 2275 3396 2343 observatione,
3428 2276 3565 2330 nihil
3595 2276 3837 2346 denique

2243 2369 2309 2425 de
2340 2384 2673 2439 quocunque
2704 2369 2837 2435 ritu,
2887 2369 3049 2439 cujus
3081 2368 3383 2438 antiquitas
3420 2368 3475 2421 in
3507 2377 3835 2423 controver-

2244 2462 2384 2516 siam
2415 2460 2604 2514 venire
2635 2468 2833 2529 potest,
2866 2460 3053 2514 tradit.
3086 2456 3239 2512 Talia
3276 2458 3499 2528 quidem
3545 2459 3837 2529 quamplu-

2245 2554 2386 2607 rima
2432 2561 2546 2607 tum
2602 2552 2657 2606 in
2698 2551 3243 2622 interpolationibus,
3278 2562 3395 2605 tum
3444 2551 3498 2605 in
3529 2552 3669 2606 fictis
3713 2553 3837 2621 epi-

2247 2645 2406 2702 stolis
2435 2646 2789 2714 repcriuntur
2820 2659 2834 2696 :
2865 2660 3043 2713 neque
3073 2644 3366 2713 quisquam
3395 2644 3521 2712 jure
3556 2644 3838 2699 allirmare

2241 2745 2423 2808 potest
2458 2744 2552 2790 aut
2599 2736 2863 2800 credere,
2912 2734 3272 2805 impostorem
3320 2734 3467 2788 tertii
3515 2734 3701 2789 saeculi
3756 2734 3837 2788 ab

2241 2830 2501 2885 omnibus
2553 2826 2872 2898 hujusmodi
2928 2827 3131 2882 ritibus
3186 2841 3285 2882 sua
3332 2834 3492 2880 aetate
3548 2825 3837 2894 usurpatis

2243 2922 2522 2976 abstinere
2553 2919 2816 2974 voluisse.
2867 2916 3015 2973 Nulli
3062 2918 3237 2989 igitur
3261 2933 3377 2973 aevo
3406 2918 3511 2973 nisi
3540 2916 3837 2987 lgnatiauo

2242 3014 2358 3068 haec
2388 3012 2685 3068 convenire
2711 3012 3017 3066 videantur.

2311 3124 2520 3192 Quarto
2560 3125 2959 3180 charismatum
3007 3124 3261 3179 meminit
3314 3135 3445 3179 tunc
3488 3124 3541 3177 in
3578 3122 3833 3179 Ecclesia

553 3217 725 3271 menti
752 3216 1004 3274 Romano
1044 3237 1059 3274 :
1098 3221 1219 3275 Ὀτι
1275 3222 1536 3293 ἀρχιερέα
1569 3224 1662 3277 καὶ
1697 3226 2005 3297 προστάτην
2048 3228 2138 3281 τὸν

2244 3220 2487 3283 maxime
2525 3218 2863 3285 ﬂorentium,
2903 3229 2957 3274 et
2984 3217 3226 3287 Spiritus
3273 3216 3448 3272 sancti
3487 3217 3554 3271 ad
3586 3232 3645 3271 se
3686 3232 3835 3269 non-

552 3307 755 3381 Κύριον
790 3310 945 3382 ὴμῶν
983 3311 1190 3381 Ἰησοῦν
1223 3314 1457 3385 Χριστὸν
1490 3314 1849 3386 ἐξονομάζων,
1886 3318 2007 3371 οὐδὲ
2035 3318 2137 3383 τὰς

551 3402 877 3477 θεοπρεπείς
900 3405 994 3457 καὶ
1016 3404 1352 3477 ὑψηλοτέρας
1381 3409 1561 3478 ἀφῆκε
1586 3410 1712 3480 περὶ
1738 3411 1904 3464 αὐτοῦ
1931 3414 2144 3487 φωνάς,

556 3515 576 3549 ι
611 3494 771 3562 Quod
806 3513 1083 3553 summum
1120 3501 1464 3557 sacerdotem
1514 3503 1914 3575 praesidemque
1954 3507 2138 3560 Domi-

549 3606 683 3645 num
736 3599 989 3646 nostrum
1022 3591 1209 3648 Jesum
1240 3592 1523 3649 Christum
1575 3597 1877 3666 appellans,
1913 3613 1983 3653 ne
2014 3598 2138 3655 illas

548 3683 771 3755 quidem
833 3682 947 3738 Deo
996 3686 1386 3743 convenientes
1440 3696 1495 3741 et
1549 3689 1899 3749 sublimiores
1951 3690 2018 3745 de
2070 3706 2137 3746 eo

548 3791 716 3832 voces
754 3778 1216 3846 pronuntiaverit.
1247 3799 1266 3832 ι
1326 3779 1393 3834 Ει
1432 3782 1687 3836 secundae
1724 3781 1847 3851 ejus
1889 3782 2137 3853 epistolae

550 3869 735 3923 minus
774 3878 1008 3938 recepta:
1042 3869 1147 3924 hoc
1187 3871 1585 3926 adminiculum
1623 3873 1865 3937 adhibet,
1899 3874 2046 3943 quod
2077 3875 2135 3927 ὲν

545 3962 688 4035 ἀρχῇ
720 3961 955 4033 Χριστὸν
987 3958 1077 4013 τὸν
1111 3961 1243 4015 Θεὸν
1296 3962 1548 4037 κηρύσσῃ
1574 4004 1589 4026 ,
1646 3983 1663 4013 ι
1702 3964 1756 4016 in
1810 3964 1929 4033 ipso
1977 3964 2135 4019 initio

546 4048 829 4102 Christum
858 4048 1029 4102 Deum
1058 4050 1334 4118 praedicet.
1368 4072 1386 4103 ι
1428 4051 1614 4106 Prima
1648 4053 1795 4107 enim
1830 4054 1976 4109 illius
2005 4052 2135 4123 Epi-

546 4139 702 4195 stola:
722 4139 886 4193 verba
918 4149 1084 4193 sunt:
1124 4140 1389 4209 Ἀδελφοὶ,
1423 4141 1596 4205 οὕτως
1622 4143 1704 4195 δεῖ
1735 4145 1882 4214 ἡμᾶς
1918 4147 2135 4214 φρονεῖν

544 4230 679 4300 περὶ
727 4230 899 4301 Ἰησοῦ
931 4232 1189 4301 Χριστοῦ,
1227 4233 1303 4296 ὼς
1337 4234 1465 4305 περὶ
1499 4233 1656 4297 Θεοῦ,
1710 4254 1728 4285 ι
1767 4233 2023 4302 Fratres,
2058 4237 2134 4290 ita

545 4325 764 4385 oportet
794 4333 894 4372 nos
923 4317 989 4372 de
1015 4318 1234 4374 Christo
1267 4321 1493 4388 sentire,
1526 4332 1586 4376 ut
1611 4323 1678 4377 de
1712 4321 1841 4377 Deo.
1870 4343 1888 4375 ι
1932 4323 2133 4381 Primis

546 4411 733 4478 itaque
785 4408 1044 4466 Ecclesia:
1099 4413 1442 4482 temporibus
1499 4414 1643 4467 hanc
1708 4416 2131 4484 appellationem

547 4503 787 4557 maxime
817 4505 1232 4559 convenientem
1262 4505 1475 4574 putavit
1503 4506 1746 4574 optimus
1770 4522 1965 4561 censor
1985 4507 2131 4562 Pho-

2241 3328 2523 3382 nunquam
2572 3312 2869 3383 loquentis,
2924 3311 3070 3380 quod
3102 3310 3437 3380 posteriores
3487 3309 3668 3363 facere
3713 3324 3833 3364 non

2239 3404 2436 3459 solent.
2472 3401 2807 3458 Parcissime
2836 3400 3008 3454 utitur
3052 3401 3382 3455 testimoniis
3412 3400 3469 3454 S.
3500 3397 3830 3469 Scriptura).

2235 3492 2498 3548 Paulinas
2548 3493 2771 3563 quidem
2822 3491 3086 3561 epistolas
3132 3491 3335 3562 ubique
3386 3492 3654 3556 imitatur,
3701 3505 3836 3559 qua

2236 3601 2267 3641 ε
2308 3585 2581 3654 principio
2635 3583 2691 3637 in
2746 3582 2996 3638 ecclesiis
3050 3583 3308 3637 omnibus
3361 3581 3515 3637 fuere
3562 3582 3835 3651 receptis-

2236 3678 2433 3743 simaa;
2487 3675 2783 3747 Evangelia
2834 3676 3055 3745 parcius
3106 3675 3270 3739 citat,
3301 3690 3424 3744 quae
3465 3672 3641 3728 serius
3678 3672 3833 3727 reci-

2235 3770 2528 3841 piebantur
2575 3778 2631 3823 et
2679 3784 2711 3821 a
2760 3768 2965 3838 spuriis
3022 3767 3535 3836 distinguebantur;
3591 3780 3835 3835 quaeque

2238 3862 2466 3917 secundi
2527 3860 2714 3915 sarculi
2769 3860 2883 3929 jam
2952 3858 3122 3913 adulti
3188 3865 3243 3912 et
3312 3857 3461 3911 tertii
3529 3856 3836 3924 scriptores

2238 3952 2689 4024 frequentissime
2739 3953 3096 4023 usurpabant.
3130 3950 3311 4022 ipsum
3374 3950 3690 4019 scriptionis
3732 3964 3837 4017 ge.-

2235 4062 2343 4101 nus
2369 4062 2483 4100 non
2511 4047 2801 4100 minimum
2831 4054 2916 4101 est
2944 4046 3190 4115 ejusdem
3220 4046 3318 4098 aevi
3361 4043 3644 4098 indicium.
3675 4040 3837 4097 Nihil

2236 4139 2292 4194 in
2350 4139 2437 4194 his
2485 4140 2734 4209 epistolis
2784 4148 3143 4203 extraneum,
3196 4137 3332 4191 nihil
3400 4152 3468 4191 ex
3514 4134 3838 4190 eruditione

2238 4232 2521 4301 gentilium
2549 4230 2885 4300 profectum;
2938 4228 3121 4283 omnia
3154 4227 3457 4283 doctrinam
3487 4240 3620 4295 pure
3656 4239 3836 4279 evan-

2235 4324 2499 4393 gelicam,
2530 4334 2582 4377 et
2616 4324 3022 4392 simplicitatem
3067 4321 3171 4375 viri
3212 4320 3497 4391 apostolici
3551 4318 3830 4373 redolent.

2235 4413 2338 4480 Qui
2371 4425 2557 4486 postea
2584 4417 2874 4485 scripsere,
2900 4414 3187 4468 doctorum
3215 4413 3357 4483 apud
3390 4420 3577 4482 gentes
3609 4419 3837 4465 senten-

2235 4509 2341 4563 tias
2382 4525 2683 4579 usurpare,
2742 4519 2795 4563 et
2832 4523 3026 4563 eorum
3075 4520 3470 4575 nonnunquam
3513 4504 3677 4558 etiam
3720 4502 3834 4556 do-

544 4596 691 4662 tius;
756 4613 819 4651 ea
872 4606 1055 4651 autem
1120 4598 1283 4653 toties
1338 4597 1408 4651 ab
1455 4596 1665 4668 lgnatio
1724 4601 1974 4669 repetita,
2032 4618 2131 4657 nec
2164 4613 2209 4669 ι)
2239 4613 2421 4672 gmata
2448 4600 2777 4656 Christiana:
2814 4600 3067 4670 religioni
3106 4598 3414 4652 immiscere
3445 4597 3691 4651 solebant
3723 4612 3735 4646 :
3769 4597 3832 4651 id

543 4706 669 4746 cum
708 4690 835 4747 ullis
861 4691 1229 4762 posteriorum
1272 4691 1699 4749 limitationibus
1745 4695 1980 4765 prolata,
2032 4697 2130 4752 sed

542 4783 691 4838 nude
740 4793 797 4838 et
842 4782 1165 4852 simpliciter
1213 4782 1418 4852 ubique
1482 4786 1771 4855 praedicata
1829 4789 2128 4844 maximam

543 4876 872 4930 venerandae
922 4875 1070 4929 illius
1107 4875 1452 4945 antiquitatis
1492 4886 1547 4932 et
1579 4878 1953 4950 simplicitatis
2002 4897 2130 4952 spe-

543 4967 685 5021 ciem
713 4968 957 5022 exhibet.

619 5057 809 5114 Tertio
836 5059 1111 5117 Eusebius
1142 5059 1337 5129 lgnatii
1374 5062 1636 5132 epistolas
1665 5072 1818 5119 tanta
1846 5081 1970 5121 cum
2002 5068 2130 5122 dili-

552 5151 736 5219 gentia
779 5150 1090 5219 descripsit,
1121 5153 1269 5221 quod
1296 5153 1399 5222 ipsi
1437 5154 1569 5209 visae
1617 5156 1728 5211 sint
1778 5158 2128 5214 traditionem

544 5241 904 5309 apostolicam
935 5257 1291 5311 conservare,
1324 5245 1687 5318 προύτρεπεν,
1723 5248 1922 5318 inquit,
1960 5249 2130 5323 ἀπρὶξ

542 5333 763 5404 ἔχεσθαι
796 5334 898 5404 τῆς
928 5334 1038 5388 τῶν
1060 5336 1374 5391 ἀποστόλων
1407 5341 1776 5411 παραδόσεως.
1802 5342 1919 5397 Hoc
1946 5352 2129 5399 autem

543 5426 957 5499 intelligendum
995 5445 1305 5496 monemus,
1337 5441 1397 5487 ut
1424 5434 1527 5503 ipsi
1568 5448 1785 5491 veteres
1817 5438 2130 5503 voluerunt,

544 5530 655 5571 non
685 5526 743 5572 ut
774 5520 964 5589 nuperi
994 5524 1289 5591 scriptores
1316 5526 1663 5597 intelligunt;
1696 5530 1856 5597 quasi
1885 5530 2130 5599 Ignatius

544 5609 761 5678 scriptis
795 5614 1057 5670 mandare
1107 5617 1160 5669 in
1189 5617 1374 5673 animo
1408 5618 1661 5675 habuerit
1709 5621 2031 5677 traditiones
2061 5624 2130 5678 ab

544 5704 805 5769 apostolis
828 5716 1104 5776 acceptas,
1136 5724 1275 5778 quas
1305 5710 1381 5763 illi
1413 5712 1618 5781 scripto
1668 5713 1895 5768 minime
1941 5715 2130 5770 consi-

544 5799 1007 5865 guasscnt;quod
1043 5802 1378 5855 eardinalem
1402 5801 1724 5871 Baronium,
1757 5814 1812 5859 et
1833 5806 1971 5862 alios
1996 5807 2131 5862 adeo

542 5883 750 5943 fefellit.
791 5886 935 5947 Nihil
963 5890 1111 5946 aliud
1142 5894 1309 5949 voluit
1342 5892 1634 5962 Eusebius,
1662 5912 1826 5964 quam
1859 5899 2129 5965 lgnatium

2236 4706 2417 4749 autem
2451 4709 2517 4748 ex
2546 4710 2610 4748 ea
2646 4709 2828 4747 rerum
2882 4692 3133 4758 scientia,
3170 4707 3298 4761 qua,
3330 4700 3623 4759 antequam
3656 4686 3833 4742 Chri-

2234 4786 2403 4840 stiani
2452 4785 2685 4851 tierent,
2739 4785 2953 4855 praediti
3010 4784 3267 4847 fuerant,
3318 4783 3709 4853 praestiterunt,
3763 4796 3837 4838 ut.

2236 4878 2609 4933 Tertullianus
2641 4879 2916 4933 observat.
2968 4875 3209 4947 lgnatius
3240 4876 3332 4929 diu
3375 4876 3489 4945 jam
3526 4875 3836 4944 episcopus

2237 4968 2454 5033 fuerat,
2503 4979 2559 5023 ct
2594 4968 2969 5025 Christianam
3028 4969 3347 5038 religionem
3407 4977 3521 5021 tum
3577 4967 3833 5035 primum

2234 5072 2553 5131 susceperat
2586 5103 2600 5127 ,
2635 5078 2760 5117 cum
2794 5062 3052 5132 perpauci
3086 5078 3151 5115 ex
3176 5062 3431 5130 gentibus
3465 5059 3616 5114 docti
3658 5056 3834 5113 Chri-

2208 5155 2402 5227 .stiani
2438 5154 2565 5209 facti
2598 5165 2757 5221 sunt;
2795 5156 2847 5209 in
2884 5171 2950 5209 co
2991 5155 3156 5225 igitur
3187 5154 3546 5223 perspicimus
3577 5154 3832 5208 animam

2232 5262 2370 5315 pure
2419 5247 2825 5314 Christianam,
2905 5267 2923 5299 ι
2956 5264 3063 5302 non
3096 5247 3302 5303 scholis
3342 5246 3655 5311 formatam,
3706 5260 3833 5302 non

2231 5341 2577 5396 bibliothecis
2598 5343 2977 5407 exercitatam,
2993 5357 3099 5395 non
3124 5341 3420 5395 academiis
3443 5351 3496 5394 et
3516 5340 3831 5409 porticibus

2232 5434 2432 5490 Atticis
2463 5445 2699 5504 pastam.
2734 5454 2753 5487 ι
2807 5434 2864 5488 Si
2906 5443 3121 5504 gentem
3171 5443 3226 5487 et
3263 5434 3552 5489 ecclesiam
3603 5441 3830 5501 spectes

2234 5528 2323 5582 cui
2352 5527 2591 5596 praefuit,
2634 5527 2759 5581 viro
2808 5527 2954 5596 apud
3007 5526 3176 5597 Syros
3214 5535 3295 5580 tot
3348 5541 3524 5581 annos
3576 5535 3825 5594 morato,

2233 5622 2280 5676 si
2312 5636 2421 5674 non
2465 5630 2519 5675 et
2548 5621 2691 5689 apud
2741 5619 2965 5676 eosdem
3014 5630 3145 5675 nato
3186 5619 3548 5688 educatoque,
3578 5619 3829 5674 maxime

2233 5715 2490 5770 convenit
2522 5714 2757 5783 plurium
2789 5713 3155 5781 epithetorum
3188 5712 3489 5782 congestio,
3519 5720 3580 5764 ut
3610 5718 3665 5763 ct
3695 5710 3827 5765 lon-

2235 5808 2586 5878 gissimarum
2635 5808 2689 5861 S.
2714 5806 2867 5861 Pauli
2902 5806 3287 5876 prmfationum
3321 5807 3578 5861 imitatio.
3615 5806 3855 5877 Martyr

2236 5914 2351 5953 rem
2402 5900 2471 5954 ab
2516 5899 2636 5969 ipso
2680 5900 3010 5969 imperatore
3058 5898 3308 5956 Romano
3361 5902 3822 5965 condemnatum,
