4078 6388
260 362 371 418 277

948 359 998 416 J.
1043 360 1409 417 PEARSONII
1455 362 1775 418 VlNDlCle
1812 363 2230 423 ICNATIANAS.
2259 369 2523 425 —PARS
2561 365 2626 425 ll.

3442 374 3545 431 278

260 500 293 537 λ
330 481 633 554 metropoli
668 480 846 553 Syria!
870 483 1161 538 Antiochla
1197 485 1262 538 ad
1301 485 1454 539 orbis
1482 486 1762 539 dominam
1806 487 1859 539 in
1890 493 1938 548 Α
1967 488 2066 544 xit.
2101 487 2364 561 Origenes
2410 492 2574 562 igitur
2597 490 2795 546 Plotini
2830 492 3239 563 condiscipulus
3272 493 3546 549 Adaman-

258 575 513 629 viuculis
543 574 1010 641 circumductum,
1056 575 1261 630 factum
1299 577 1509 646 angelis
1549 585 1602 631 et
1625 578 1864 631 homini-

259 668 370 723 bus
426 669 1114 738 spectaculum,maxime
1165 672 1471 725 decuerunt
1530 671 1695 725 ardor
1752 672 1861 739 ille,

258 771 434 831 atque
461 760 806 815 desiderium
838 776 938 831 pro
959 760 1273 816 Christiana
1306 762 1568 833 religione
1597 763 1859 831 patiendi,

262 866 573 921 morasque
602 868 798 907 omnes
828 862 992 922 atque
1035 853 1319 908 obstacula
1351 854 1669 908 removendi
1703 853 1863 909 fortis

262 952 319 1000 et
349 952 626 999 constans
656 944 896 1014 cupido;
936 961 1059 1015 qua:
1086 962 1211 1000 cum
1248 946 1303 1001 in
1333 946 1477 1011 aliis,
1518 952 1633 1000 tum
1680 945 1733 1000 in
1769 947 1861 1001 illa

259 1037 576 1107 praesertim
609 1036 678 1091 ad
706 1036 989 1093 Romanos
1020 1038 1253 1108 epistola
1281 1038 1466 1094 verbis
1496 1038 1587 1109 pio
1650 1038 1861 1094 fervore

254 1129 609 1200 plenissimis
643 1130 941 1199 expressit.

323 1219 764 1276 Coneedendum
795 1221 1018 1291 quidem
1057 1230 1137 1276 est
1170 1222 1310 1276 nihil
1345 1223 1552 1279 certius
1590 1230 1686 1277 aut
1725 1223 1859 1279 solio

252 1310 380 1365 dius
427 1312 705 1381 scriptum
755 1311 1004 1381 aliquod,
1055 1322 1149 1367 aut
1184 1316 1560 1369 narrationem
1609 1317 1855 1386 spuriam

253 1404 517 1474 probare,
566 1420 735 1474 quam
780 1406 942 1459 ﬁdem
995 1416 1301 1476 temporum
1345 1408 1621 1463 violatam.
1668 1407 1859 1463 Tradit

253 1496 517 1552 Laertius
562 1498 954 1569 Anaxagoram
1026 1500 1412 1570 philosophum
1457 1501 1577 1556 viso
1624 1501 1855 1556 Mausoli

250 1592 519 1662 sepulcro
554 1591 700 1647 hanc
732 1593 1063 1647 sententiam
1099 1595 1394 1663 protulisse
1422 1611 1436 1646 :
1469 1594 1652 1664 Τάφος
1686 1593 1853 1647 πολυ-

246 1685 413 1756 τελὴς
447 1677 821 1755 λελιθωμένης
845 1686 996 1739 ἐστὶν
1019 1687 1208 1751 οὐσίας
1243 1688 1482 1741 εἴδωλον.
1518 1687 1637 1743 Νοη
1669 1690 1850 1744 credo.

246 1778 619 1849 Anaxagoras
647 1778 793 1834 enim
822 1778 914 1833 ille
953 1780 1154 1851 olymp.
1184 1797 1429 1835 Lxxxvm
1458 1794 1708 1836 mortuus
1736 1789 1849 1848 est;

1968 582 2079 636 tius
2111 592 2299 637 noster
2328 600 2451 639 esse
2484 601 2591 638 non
2627 585 2819 654 potuit.
2855 584 3209 641 Susarionem
3242 597 3294 641 et
3334 586 3546 660 Sanny-

1967 674 2177 728 rionem
2227 678 2479 730 eumdem
2512 687 2725 745 poetam
2766 676 2935 731 fuisse
2963 678 3153 732 volunt
3191 674 3461 733 nonnulli.
3494 688 3549 733 et

1965 766 2239 837 praecipue
2272 768 2540 823 Seldenus
2585 770 2651 822 ad
2684 767 2956 823 Marmora
2980 768 3389 826 Arundelliana.
3433 771 3548 841 Ego

1965 869 2146 914 autem
2188 871 2247 915 ut
2275 863 2492 915 credam
2544 863 2790 916 animum
2842 862 3099 917 inducere
3148 879 3259 917 non
3294 880 3543 933 possum,

1964 966 2089 1005 cum
2132 954 2274 1007 ratio
2308 962 2614 1025 temporum
2650 963 2933 1025 repugnet.
2986 953 3122 1009 Nam
3159 956 3387 1013 Susario
3426 956 3543 1013 lca-

1964 1044 2165 1100 riensis
2204 1046 2416 1116 primus
2453 1047 2739 1102 comoediae
2785 1047 3038 1102 inventor
3066 1049 3208 1118 apud
3239 1050 3541 1104 Atheuien—

1963 1152 2052 1193 ses
2088 1135 2225 1203 fuit,
2256 1139 2491 1194 testibus
2519 1138 2799 1195 Clemente
2843 1140 3236 1207 Alexandrino,
3283 1141 3543 1197 Diomede

1962 1228 2315 1293 scholastico,
2358 1238 2414 1284 et
2434 1230 2604 1284 veteri
2646 1238 2873 1287 auctore
2935 1231 2989 1285 in
3026 1232 3308 1301 prooemiis
3332 1233 3544 1289 Aristo-

1960 1318 2126 1387 phani
2173 1318 2433 1388 praellxis.
2476 1319 2618 1376 Ante
2663 1330 2843 1376 autem
2876 1321 3149 1378 Pisistrati
3197 1327 3541 1395 tyrannidem

1962 1408 2317 1466 Susarionem
2377 1412 2525 1468 hunc
2585 1416 2911 1469 eomrediam
2982 1416 3259 1473 invenisse
3305 1433 3373 1473 ex
3422 1419 3542 1489 ipso

1958 1518 2235 1558 marmore
2261 1504 2657 1560 Arundelliano
2685 1515 2924 1562 constat.
2988 1508 3057 1562 AI.
3084 1507 3376 1580 Sannyrio,
3407 1519 3544 1566 teste

1961 1592 2132 1650 Suida
2177 1593 2242 1651 V.
2268 1596 2538 1667 Διοκλῆς,
2587 1608 2701 1652 tum
2742 1598 2913 1655 Diocli
2965 1609 3077 1654 tum
3110 1600 3361 1672 Philyllio
3412 1617 3542 1674 syn-

1957 1688 2202 1744 cbronus
2252 1689 2356 1745 fuit
2392 1707 2403 1742 :
2446 1699 2502 1745 et
2542 1707 2731 1747 revera
2779 1693 2915 1747 vixit
2949 1702 3107 1748 aztate
3130 1694 3536 1763 Aristophanis.

1955 1780 2117 1834 Certe
2174 1794 2297 1851 post
2345 1782 2545 1837 editam
2587 1782 2866 1854 Euripidis
2918 1784 3240 1855 tragoediam
3301 1784 3541 1841 Orestem

246 1870 488 1927 Mausoli
542 1880 732 1926 autem
780 1873 1097 1943 sepulcrum
1144 1882 1271 1929 ante
1318 1876 1520 1946 olymp.
1570 1892 1677 1931 cvn
1725 1891 1855 1930 con-
1885 1870 1929 1924 Β
1957 1873 2178 1941 scripsit
2208 1888 2222 1924 :
2264 1882 2483 1929 exstant
2518 1876 2663 1929 enim
2689 1876 2810 1945 ejus
2838 1892 3031 1932 versus
3057 1892 3124 1932 ex
3154 1878 3325 1947 ipsius
3352 1878 3538 1931 Danae

246 1964 425 2018 ditum
472 1980 589 2021 non
625 1974 727 2022 est.
774 1966 884 2020 Aut
934 1965 1101 2035 igitur
1132 1967 1249 2021 hare
1273 1969 1435 2021 verba
1482 1968 1848 2037 philosophus

247 2056 336 2111 ille
369 2071 668 2125 nunquam
696 2057 856 2123 dixit,
884 2066 981 2111 aut
1015 2058 1122 2113 alia
1162 2070 1308 2113 certe
1348 2061 1645 2116 occasione
1673 2061 1846 2127 dixit;

246 2147 600 2203 Mausoleum
651 2149 796 2205 enim
848 2166 1131 2221 nunquam
1183 2152 1322 2207 vidit
1364 2168 1378 2203 :
1424 2154 1571 2223 quod
1608 2153 1677 2209 ab
1718 2153 1847 2208 illu-

247 2241 593 2295 stratoribus
648 2240 853 2296 Laertii
908 2244 1174 2309 nondum,
1228 2246 1445 2315 opinor,
1494 2246 1848 2302 observatum

244 2343 345 2390 est.
403 2333 489 2388 Ita
531 2334 761 2404 quidem
792 2334 1217 2391 Stesimbrotum
1267 2338 1490 2409 sugillat
1520 2336 1850 2394 Plutarchus

246 2428 300 2482 in
327 2427 460 2482 Vita
490 2426 909 2495 Themistoclis,
958 2429 1105 2499 quod
1135 2446 1260 2485 eum
1308 2429 1599 2485 tradiderit
1624 2435 1847 2485 Anaxa-

245 2535 393 2591 gora:
426 2520 772 2590 discipulum
821 2519 1015 2586 fuisse,
1059 2522 1159 2574 οὐκ
1191 2517 1251 2575 εὖ
1291 2522 1401 2575 τῶν
1441 2522 1651 2594 χρόνων
1683 2522 1852 2575 ἁπτό-

246 2629 433 2683 μενος.
484 2610 562 2666 lta
606 2612 675 2667 de
721 2620 901 2668 morte
942 2612 1229 2683 Eupolidis
1274 2615 1667 2671 historicorum
1719 2630 1848 2669 cou-

242 2719 479 2760 sensum
513 2704 800 2774 diligentia
833 2704 1217 2761 Eratosthenis
1254 2707 1558 2761 refutatum
1595 2721 1721 2761 esse
1752 2705 1851 2759 ob-

240 2806 430 2852 servat
464 2796 666 2852 Cicero
700 2798 766 2852 ad
796 2797 1061 2863 Atticum,
1091 2797 1186 2851 lib.
1217 2813 1269 2851 Vl
1293 2840 1309 2864 ,
1356 2798 1518 2868 epist.
1555 2800 1579 2851 l
1616 2817 1629 2851 :
1662 2816 1681 2849 ι
1713 2796 1849 2863 Quis

234 2890 392 2943 enim
440 2905 558 2943 non
601 2889 744 2944 dixit
785 2889 1024 2944 Εὔπολιν
1055 2890 1148 2943 τὸν
1179 2891 1281 2961 τῆς
1313 2891 1549 2961 ἀρχαίας
1593 2889 1662 2945 ab
1698 2888 1850 2943 Alci-

240 2983 404 3039 biade
432 2983 737 3053 navigante
762 2984 814 3036 in
843 2983 1088 3037 Siciliam
1119 2983 1389 3053 dejectum
1426 2998 1547 3037 esse
1580 2983 1631 3035 in
1664 2980 1851 3035 mare?

238 3072 547 3142 Redarguit
589 3074 1017 3142 Eratosthenes,
1055 3074 1213 3130 affert
1252 3075 1400 3128 enim
1431 3088 1571 3144 quas
1606 3074 1695 3128 ille
1727 3080 1851 3143 post

238 3165 293 3222 id
343 3176 575 3237 tempus
624 3166 841 3222 fabulas
889 3167 1161 3222 docuerit.
1201 3187 1219 3219 ι
1278 3165 1478 3221 Narrat
1529 3164 1847 3220 llolsteuius

238 3258 655 3331 Porphyrium,
698 3275 824 3314 cum
870 3259 1049 3329 prima
1098 3260 1404 3313 litterarum
1453 3274 1519 3312 ac
1567 3257 1847 3327 sapientiae

238 3349 616 3406 fundamenta
643 3352 1004 3422 percepisset,
1034 3366 1266 3421 puerum
1316 3349 1493 3405 ferme
1524 3350 1703 3405 adhuc
1723 3348 1848 3403 Ori-

236 3446 391 3514 genis
435 3444 590 3499 fama
616 3444 857 3499 excitum
884 3445 1272 3499 Alexandriam
1299 3444 1365 3498 ad
1390 3444 1697 3499 doctrinam
1728 3445 1848 3512 ejus

240 3534 659 3604 percipiendam
714 3535 1025 3605 profectum
1064 3535 1255 3591 fuisse.
1302 3533 1423 3590 Non
1476 3538 1677 3601 credo;
1718 3534 1849 3589 licet

242 3627 352 3682 hoc
399 3641 471 3681 ex
511 3625 759 3682 Eusebio
796 3636 853 3682 et
882 3625 1176 3682 Vincentio
1227 3626 1515 3681 Lirinense
1556 3625 1847 3697 Porphyrii

238 3720 582 3776 auctoritate
613 3735 674 3775 se
707 3720 1018 3776 ostendisse
1061 3727 1236 3790 putet.
1267 3717 1591 3774 Vincentius
1626 3720 1846 3789 quidem

239 3812 384 3868 idem
418 3811 623 3878 tradit,
658 3812 752 3867 sed
783 3828 854 3867 ex
899 3814 1044 3869 male
1094 3813 1336 3883 acceptis
1365 3810 1657 3885 Porphyrii
1704 3810 1846 3882 apud

240 3906 549 3962 Eusebium
590 3907 800 3974 verbis,
824 3922 949 3977 qua:
979 3922 1105 3962 eum
1129 3906 1524 3961 Alexandriam
1571 3907 1639 3961 ad
1669 3905 1850 3959 viden-

236 4002 372 4051 dum
416 3993 723 4066 Origenem
785 3996 1096 4067 profectum
1148 4013 1271 4053 esse
1333 3997 1563 4052 minime
1614 3996 1844 4062 docent;

236 4100 455 4146 tantum
488 4088 640 4143 enim
673 4088 752 4143 ait
778 4110 790 4145 :
818 4085 887 4163 ᾯ
920 4090 1077 4160 κάγὼ
1107 4088 1305 4162 κομιδῆ
1332 4089 1449 4154 νέος
1480 4087 1556 4144 ὣν
1588 4088 1669 4143 ἔτι
1701 4090 1849 4143 ἐντε-

238 4185 477 4257 τύχηκα,
521 4203 542 4236 σ
573 4200 738 4255 quem
765 4199 868 4254 ego
889 4184 1112 4254 juvenis
1143 4183 1324 4238 adhuc
1350 4183 1603 4238 conveni.
1640 4202 1658 4234 ι
1688 4181 1848 4238 Certe

238 4278 598 4334 Alexandria:
659 4276 917 4348 Origenis
975 4275 1151 4331 nostri
1202 4275 1508 4345 discipulus
1558 4289 1682 4352 esse
1735 4289 1846 4328 non

1952 1973 2067 2019 tum
2105 1967 2247 2036 apud
2269 1965 2564 2036 Euripidis,
2592 1976 2707 2021 tum
2746 1967 3132 2037 Aristophanis
3162 1966 3534 2031 Scholiastcn,

1949 2059 2157 2129 quibus
2201 2060 2443 2127 exagitat
2485 2058 2880 2132 Hegelochum,
2913 2060 3190 2132 Euripidis
3211 2063 3534 2134 ὑποκριτὴν,

1952 2152 2045 2222 qui
2074 2150 2321 2207 Orestem
2358 2167 2528 2223 agens
2556 2153 2886 2207 versiculum
2921 2154 3072 2207 illum
3094 2192 3111 2219 ,

2107 2289 2207 2342 Ἐκ
2245 2288 2521 2358 κυμάτων
2693 2290 2867 2358 αὖθις
2896 2291 2974 2345 αὗ
3008 2290 3219 2361 γαλήν’
3252 2292 3395 2361 όρῶ,

1954 2425 2096 2479 male
2126 2426 2595 2494 pronuntiaverat.
2647 2426 2844 2483 Plures
2888 2428 3057 2499 igitur
3080 2444 3245 2498 quam
3275 2429 3379 2484 140
3405 2431 3536 2484 anui

1953 2522 2099 2576 inter
2129 2520 2489 2576 Susarionem
2515 2560 2531 2585 ,
2580 2522 2820 2591 primum
2874 2522 3159 2577 comoedia;
3188 2523 3332 2591 apud
3362 2523 3535 2577 Athe-

1953 2613 2175 2668 uienses
2231 2612 2575 2667 inventorem
2598 2653 2614 2680 ,
2658 2621 2714 2667 et
2750 2611 3177 2683 Sannyrionem,
3210 2613 3409 2668 veteris
3437 2628 3535 2668 co-

1957 2704 2169 2760 Inmdiae
2198 2704 2545 2775 scriptorem,
2595 2704 3045 2760 intercesserunt.
3101 2703 3328 2759 Susario
3371 2704 3537 2774 igitur

1950 2805 2005 2850 et
2030 2797 2305 2870 Sannyrio
2345 2799 2490 2854 idem
2521 2807 2679 2869 poeta
2710 2814 2834 2854 esse
2871 2814 2983 2853 non
3012 2799 3213 2870 potuit.
3262 2798 3329 2855 Et
3360 2799 3537 2854 miror

1952 2888 2200 2945 lsaacum
2245 2890 2636 2946 Casaubonum
2676 2891 2752 2946 ita
2798 2892 2975 2961 decipi
3018 2891 3298 2962 potuisse,
3337 2900 3396 2947 ut
3428 2893 3535 2948 ista

1951 2983 2215 3038 scriberet
2239 2982 2308 3037 ad
2331 2983 2577 3038 Athenaei
2606 2984 2699 3038 lib.
2726 3000 2822 3050 vn,
2855 3000 2977 3055 cap.
3004 2985 3038 3040 9
3065 3002 3078 3038 :
3107 3004 3126 3035 ε
3160 2983 3277 3039 Non
3301 2986 3525 3040 memini

1952 3075 2165 3129 laudari
2214 3076 2344 3131 alibi
2391 3075 2447 3130 in
2497 3076 2583 3131 his
2626 3076 2786 3130 libris
2836 3077 3273 3132 vetustissimum
3318 3087 3535 3147 poetam

1954 3167 2355 3239 Sannyrionem
2410 3167 2517 3222 msi
2582 3167 2667 3222 hic
2715 3166 2803 3221 ubi
2859 3166 3120 3221 scribitur
3166 3184 3180 3221 :
3228 3168 3538 3240 Σαννυρίων

1875 3222 1916 3280 C
1948 3259 1991 3311 δ’
2018 3262 2076 3312 ὲν
2104 3222 2332 3309 Ῠέλωτι
2377 3254 2445 3311 Ὦ
2471 3257 2704 3329 βατίδες,
2739 3252 2784 3311 ὦ
2802 3258 3057 3326 γλαύκων
3080 3259 3246 3330 κάρα.
3275 3222 3531 3330 Antiqua:

1950 3351 2236 3407 comoediae
2282 3359 2440 3420 poeta
2495 3350 2584 3406 hic
2628 3350 2734 3404 fuit
2781 3352 3235 3421 antiquissinms,
3293 3352 3361 3406 de
3400 3368 3532 3422 quo,

1949 3452 2003 3497 et
2030 3444 2134 3498 ista
2164 3443 2284 3513 ejus
2309 3442 2602 3507 comoedia,
2630 3442 2826 3513 legitur
2856 3442 2909 3495 in
2938 3443 3323 3513 Aristophanis
3355 3443 3534 3499 Scho-

1949 3535 2065 3589 liis:
2087 3535 2197 3588 Καὶ
2229 3536 2364 3605 αὐτὴ
2390 3534 2446 3587 δὲ
2476 3536 2509 3605 ἡ
2534 3534 2737 3587 παλαιὰ
2771 3536 2973 3605 ἑαυτῆς
3004 3536 3271 3608 διαφέρει,
3306 3536 3397 3591 καὶ
3426 3537 3537 3612 γὰρ

1948 3631 1997 3683 οἱ
2030 3631 2087 3682 ὲν
2114 3629 2332 3699 Ἀττικῇ
2365 3628 2582 3699 πρῶτον
2634 3629 3034 3700 συστησάμενοι
3084 3630 3147 3683 τὸ
3198 3618 3536 3701 ἐπιτήδευμα

1948 3727 2047 3797 τῆς
2079 3724 2367 3796 κωμῳδίας
2400 3719 2561 3795 (ἦσαν
2593 3722 2651 3776 δὲ
2684 3724 2733 3776 οἱ
2769 3723 2898 3795 περὶ
2931 3724 3299 3795 Σαννυρίωνα)
3335 3724 3431 3777 καὶ⁹
3464 3724 3535 3777 τὰ

1949 3818 2217 3891 πρόσωπα
2249 3816 2470 3886 εἰσῆγον
2500 3816 2786 3880 ἀτάκτως,
2841 3815 2935 3869 καὶ
2972 3815 3135 3886 μόνος
3164 3811 3235 3888 ἦν
3267 3816 3442 3883 γέλως
3474 3818 3536 3870 τὸ

1949 3907 2723 3980 κατασκευαζόμενον.ιΝοιη
2789 3908 2971 3977 primo
3042 3909 3171 3962 alibi
3236 3908 3534 3965 Athenmus

1950 4002 2313 4075 Sannyrionis
2357 4002 2626 4067 meminit,
2662 4009 2718 4056 et
2752 4002 2997 4071 ejusdem
3027 4004 3191 4057 etiam
3238 4002 3460 4071 fabulzr,
3496 4003 3531 4057 l.

1949 4112 2047 4162 xu,
2093 4112 2143 4150 c.
2172 4096 2272 4149 15:
2312 4094 2447 4166 Περὶ
2480 4094 2536 4147 δὲ
2571 4094 2820 4165 Μελήτου
2856 4094 3021 4158 αὐτὸς
3072 4096 3100 4148 ὁ
3133 4095 3443 4166 Σαννυρίων
3476 4097 3536 4148 ὲν

1943 4187 2167 4241 Γέλωτι
2181 4182 2329 4250 λέγει
2361 4180 2536 4253 οὕτως
2566 4223 2581 4246 ,
2616 4182 2866 4251 Μέλητον
2898 4182 2989 4238 τὸν
3021 4183 3129 4237 ἀπὸ
3163 4186 3403 4256 Ληναίου
3448 4202 3537 4239 νε-

1945 4277 2099 4347 κρόν.
2136 4275 2270 4331 Dein
2302 4276 2358 4331 in
2389 4276 2573 4331 verbis
2601 4274 2924 4331 Scholiasta:
2955 4286 3110 4347 putat
3140 4294 3329 4333 vocem
3358 4278 3534 4347 γέλως

238 4371 418 4441 potuit
460 4368 836 4440 Porphyrius,
886 4367 983 4439 qui
1035 4368 1090 4421 in
1133 4367 1337 4423 finibus
1364 4366 1494 4438 Tyri
1541 4381 1688 4421 anno
1713 4366 1842 4420 Ale-
1947 4367 2311 4439 Sannyrionis
2364 4366 2603 4422 fabulam
2654 4368 2947 4435 denotare,
2999 4385 3125 4423 cum
3178 4371 3316 4424 nihil
3384 4370 3534 4425 aliud

237 4462 433 4517 xandri
496 4458 691 4516 Severi
739 4458 958 4514 decimo
1018 4467 1183 4513 natus
1234 4466 1349 4524 est;
1409 4457 1601 4513 eodem
1658 4465 1841 4511 autem
1946 4459 2038 4515 hic
2080 4459 2354 4529 signiticet
2382 4468 2551 4529 quam
2600 4460 2775 4515 risum
2824 4460 3167 4531 simpliciter,
3201 4476 3366 4531 quem
3411 4471 3536 4515 tan-

232 4570 378 4611 anno
434 4552 713 4624 Origenes
757 4550 1091 4606 Alexandria
1153 4551 1347 4621 pulsus
1398 4558 1502 4605 est.
1582 4548 1844 4605 Scribunt
1877 4567 1919 4621 ι)
1951 4548 2236 4604 tummodo
2278 4548 2601 4617 spectabant
2628 4549 2791 4618 primi
2835 4551 3231 4605 commdiarum
3274 4552 3533 4618 editores,

231 4656 509 4718 praeterea
555 4654 768 4701 veteres
804 4642 1092 4715 Origenem
1123 4643 1416 4716 quemdam
1440 4641 1613 4697 fuisse
1642 4641 1841 4696 Plotini

227 4737 710 4808 auidiscipulum,
745 4747 800 4792 et
833 4737 1001 4792 simul
1032 4751 1159 4791 cum
1192 4736 1439 4791 maximo
1468 4734 1562 4789 illo
1589 4734 1841 4805 philoso-

225 4832 339 4902 pho
388 4830 681 4886 audivisse
711 4829 1067 4883 Ammonium
1098 4844 1195 4899 per
1224 4827 1480 4883 undecim
1530 4826 1701 4881 ferme
1741 4841 1843 4880 an-

225 4939 331 4979 nos
368 4920 752 4978 Alexandriae.
820 4919 981 4975 Hunc
1025 4918 1321 4991 Origenem
1369 4928 1618 4976 nostrum
1668 4917 1842 4973 fuisse

222 5014 427 5069 volunt
454 5010 688 5077 eruditi,
725 5020 780 5065 et
807 5012 1084 5082 praecipue
1120 5010 1460 5067 Holstenius.
1494 5008 1615 5065 Non
1641 5009 1836 5076 credo;

225 5116 488 5177 tempora
540 5104 691 5159 enim
746 5119 857 5158 non
906 5104 1093 5159 minus
1132 5120 1299 5175 quam
1350 5103 1459 5159 alia
1507 5112 1834 5174 repugnant.

224 5196 492 5254 Plotinus
526 5213 639 5252 non
666 5198 807 5252 vidit
830 5197 1222 5253 Alexandriam
1264 5206 1392 5252 ante
1427 5212 1634 5251 annum
1667 5196 1858 5250 unde~

225 5291 435 5347 cimum
466 5289 771 5345 Alexandri
795 5288 1115 5355 Mammaea,
1143 5298 1205 5347 ut
1236 5297 1469 5346 testatur
1491 5289 1546 5343 in
1571 5288 1694 5359 ejus
1715 5287 1836 5342 Vita

225 5381 604 5455 Porphyrius,
643 5395 700 5438 et
737 5384 904 5453 paulo
934 5392 1060 5453 post
1090 5384 1388 5437 Ammonio
1416 5381 1739 5452 prmoeptori
1776 5395 1838 5436 se

227 5480 499 5547 tradidit,
555 5494 682 5534 cum
729 5478 843 5548 jam
891 5475 1155 5548 Origenes
1211 5487 1398 5533 noster
1443 5475 1833 5531 Alexandriam

226 5571 549 5642 relinquere
576 5578 808 5626 coactus
837 5579 1005 5634 esset,
1045 5586 1157 5640 quo
1198 5585 1482 5640 nunquam
1514 5577 1701 5639 postea
1748 5584 1836 5622 re-

1944 4656 2085 4711 quos
2126 4648 2287 4695 vocat
2330 4642 2457 4704 τοὺς
2509 4640 2728 4713 πρῶτον
2767 4643 3212 4714 συστησαμένους
3244 4644 3306 4697 τὸ
3337 4644 3533 4715 ἐπιτή-

1941 4731 2117 4802 δευμα
2164 4731 2263 4801 τῆξ
2293 4731 2606 4803 κωμῳδίας.
2659 4732 2906 4803 Denique
2948 4748 3057 4787 non
3105 4735 3236 4789 vidit
3274 4736 3533 4790 mendum

1941 4824 2111 4878 latere
2144 4825 2197 4879 in
2241 4824 2496 4891 nomine;
2552 4841 2677 4879 nam
2713 4841 2815 4895 pro
2858 4826 3207 4899 Σαννυρίωνα
3245 4828 3532 4898 legendum

1940 4931 2063 4971 esse
2098 4918 2447 4988 Σουσαρίωνα
2491 4927 2703 4972 certum
2734 4928 2819 4973 est
2844 4937 2857 4973 :
2885 4927 2945 4972 ut
2977 4920 3139 4988 paulo
3166 4929 3291 4989 post
3341 4921 3395 4973 in
3423 4920 3533 4974 alio

1939 5017 2267 5075 argumento
2309 5008 2566 5079 legimus,
2594 5008 2692 5081 τὴν
2722 5010 3016 5081 κωμῳδίαν
3056 5010 3331 5082 ηὑρῆσθαί
3367 5018 3541 5079 φασιν

1942 5099 2049 5153 ὑπὸ
2080 5100 2495 5171 Σουσαρίωνος.”
2516 5099 2807 5157 Diomedes
2829 5101 3272 5157 Grammaticus:
3304 5120 3324 5152 ι
3352 5100 3534 5156 Poetae

1939 5194 2103 5266 primi
2127 5194 2324 5251 comici
2346 5194 2571 5250 fuerunt
2599 5194 2890 5259 Susarion,
2923 5193 3125 5249 Mullus
3159 5203 3214 5249 et
3235 5192 3479 5263 Magnes.
3504 5213 3523 5245 ι

1937 5287 2193 5344 Clemens
2225 5286 2632 5342 Alexandrinus
2685 5285 2945 5341 Stromat.
2995 5288 3090 5342 lib.
3130 5304 3145 5341 ι
3182 5286 3529 5359 τΚωμῳδίαν

1937 5381 2237 5454 ἐπενόησεν
2292 5380 2564 5454 Σισαρίων
2630 5377 2698 5451 [Ι.
2744 5379 3090 5455 Σουσαρίων]
3150 5380 3180 5432 ὁ
3237 5378 3525 5450 Ἰκαριεύς.

1938 5472 2235 5529 Diomedes
2260 5472 2634 5527 Scholasticus
2665 5474 2720 5526 in
2744 5472 3089 5527 bibliothecae
3128 5470 3310 5542 Regiae
3333 5488 3438 5527 ms.
3472 5472 3527 5527 in

1938 5566 2287 5638 Expositione
2314 5565 2694 5622 Grammaticas
2724 5563 2971 5636 Dionysii
3000 5563 3231 5619 Thracis
3260 5583 3274 5619 :
3302 5563 3530 5636 Πρῶτον

225 5679 425 5721 versus
471 5670 583 5721 est.
642 5661 763 5719 Non
815 5663 984 5734 igitur
1024 5663 1117 5718 ille
1147 5663 1493 5719 Alexandriae
1532 5661 1665 5729 fuit,
1706 5676 1831 5716 cum

1949 5657 2030 5715 >ὗν
2054 5659 2369 5730 Σουσαρίων
2407 5677 2491 5723 τις
2519 5659 2621 5729 τῆς
2648 5658 2928 5731 ἐμμέτρου
2965 5656 3255 5729 κωμῳδίας
3284 5656 3527 5728 ἀρχηγὸς

200 5756 489 5825 _l’lotinus
543 5756 903 5812 Ammonium
957 5756 1203 5823 audivit,
1253 5757 1428 5811 multo
1478 5758 1663 5812 minus
1703 5770 1830 5810 cum

1949 5753 2190 5823 ἐγένετο,
2232 5747 2292 5807 οὗ
2325 5752 2392 5806 τὰ
2431 5753 2530 5825 μὲν
2571 5753 2826 5825 δράματα
2869 5751 3008 5824 λήθῃ
3052 5750 3520 5823 κατενεμήθησαν.

222 5850 481 5910 Plotinus
517 5850 687 5908 simul
732 5859 785 5908 et
807 5851 1105 5907 Ammonio
1147 5857 1200 5906 et
1231 5847 1455 5923 Origeni
1494 5865 1597 5907 suo
1626 5848 1830 5905 valedi-
1936 5846 1997 5903 ln
2044 5845 2424 5905 vetustissimo
2486 5860 2763 5902 marnmre
2813 5843 3207 5901 Arundelliano
3248 5859 3260 5895 :
3309 5843 3426 5913 Ἀφ’
3460 5833 3524 5895 οὗ
