4078 6388
568 372 677 426 ‘279

1571 369 1633 424 S.
1677 368 2031 426 lGNATIUS.
2078 401 2145 410 ——
2184 364 2723 423 PROLEGOMENA.

3745 359 3851 415 εκο

569 491 628 541 ἐν
661 490 913 560 Ἀθήναις
951 487 1210 559 κωμῳδία
1251 485 1472 559 πρῶτον
1517 485 1676 559 ὲτὲθη
1715 487 1808 540 ἐπὶ
1851 487 2030 540 σανίσι
2062 484 2136 540 τῶ

2237 528 2243 554 ,
2277 493 2408 538 tunc
2438 496 2546 536 non
2577 480 2764 545 fuerit,
2794 478 2887 548 qui
2931 476 3159 532 Athenis
3201 484 3349 531 recta
3391 475 3449 529 in
3492 473 3681 528 Asiam
3728 482 3852 529 ante

581 581 860 652 Ἰκαρίεων
912 580 1166 651 εὑρόντος
1220 578 1612 651 Σουσαρίωνος.
1673 578 1729 634 In
1777 578 1951 634 Icario
2005 579 2136 633 enitr

2263 582 2498 629 mortem
2571 570 2817 626 Socratis
2891 567 3171 640 profectos
3231 577 3354 634 est,
3411 582 3515 623 nec
3561 566 3669 621 nisi
3728 575 3852 637 post

565 673 758 727 Attica
779 673 983 742 populo
1014 673 1292 727 inventam
1328 670 1499 726 fuisse
1530 671 1752 726 tradunt
1781 681 1895 726 tum
1940 687 2151 727 comae-

564 766 710 819 diam
763 774 878 819 tum
930 765 1253 835 tragoediam
1296 774 1529 819 veteres.
1590 765 1885 820 Athenaeus
1928 764 2027 818 lib.
2072 779 2150 828 ll,

564 874 685 927 cap.
715 858 788 911 δε
822 855 955 910 ’Λπὺ
994 856 1166 927 μέθης
1204 855 1300 909 καὶ
1342 856 1375 927 ἡ
1412 856 1512 927 τῆς
1541 855 1831 927 κωμῳδίας
1860 855 1953 909 καὶ
1986 857 2020 926 ἠ
2056 854 2154 925 τῆς

564 951 870 1023 τραγῳδίας
906 949 1123 1022 εὕρεσις
1161 950 1219 1001 ὲν
1266 948 1483 1021 Ἰκαρίῳ
1506 948 1603 1019 τῆς
1645 948 1895 1018 Ἀττικῆς
1928 946 2149 1019 εὑρέθη.

565 1039 722 1098 Unde
771 1042 917 1114 apud
975 1040 1254 1097 Suidam:
1318 1039 1542 1104 Θέσπις,
1612 1040 1878 1112 Ἰκαρίου,
1944 1039 2153 1102 πόλεως

574 1134 849 1204 Ἀττικῆς,
896 1132 1177 1202 τραγικός.
1226 1131 1383 1202 Apud
1428 1130 1731 1186 lcarienses
1773 1132 1939 1201 igitur
1983 1131 2153 1185 Susa-

564 1227 686 1281 rion
736 1226 1064 1281 comoediam
1119 1224 1345 1289 invenit,
1401 1224 1546 1277 unde
1584 1240 1708 1278 eum
1733 1224 1986 1279 Clemens
2031 1223 2153 1279 lca-

563 1317 803 1371 riensem
834 1323 1026 1381 vocat;
1072 1329 1181 1367 non
1214 1314 1361 1382 quod
1410 1314 1462 1366 in
1503 1328 1569 1367 eo
1600 1328 1739 1383 pago
1786 1325 1949 1369 natus
1980 1324 2148 1381 esset,

563 1416 660 1462 aut
700 1424 767 1463 ex
808 1405 989 1461 Attica
1038 1406 1344 1470 oriundus;
1398 1413 1561 1462 natus
1605 1407 1750 1460 enim
1798 1415 1883 1461 est
1924 1408 1977 1460 in
2017 1421 2151 1477 agro

559 1501 817 1571 proximo
877 1499 1223 1571 Megarensi,
1280 1511 1339 1556 ut
1389 1501 1507 1570 ipse
1560 1500 1629 1555 de
1686 1516 1746 1556 se
1801 1508 2035 1555 testatur
2092 1502 2148 1556 in

562 1592 763 1648 iambis
811 1593 905 1663 qui
951 1594 1253 1648 etiamnum
1314 1592 1457 1663 apud
1492 1592 1809 1647 Diomedem
1843 1592 2150 1647 Scholasti-

561 1700 686 1738 cum
718 1694 1037 1755 supersunt,
1062 1694 1118 1740 et
1149 1686 1204 1740 in
1233 1685 1379 1741 hunc
1412 1686 1636 1740 modum
1664 1693 1921 1756 corrupte
1951 1685 2007 1740 iu
2039 1700 2145 1741 tus.

562 1773 853 1846 leguntur:

679 1910 943 1964 Ἀκούετε
970 1908 1211 1974 λέξεως·
1246 1907 1596 1975 Σουσαρίων
1631 1905 1771 1959 τάδε
1800 1906 1987 1976 λέγει,

674 1979 806 2047 mg
840 1980 1086 2034 Φιλίνου
1130 1979 1453 2049 γεγαρόθου
1495 1977 1902 2045 Τριποδίσκος.

630 2118 739 2174 Sed
776 2133 877 2188 pro
921 2117 1222 2189 γεγαρόθου
1253 2115 1613 2188 Τριποδίσκος
1637 2115 1924 2187 legendum
1957 2113 2146 2185 procul

555 2208 723 2264 dubio
770 2207 1090 2279 Μεγαρόθεν
1119 2207 1523 2278 Τριποδίσκιος,
1568 2214 1629 2260 ιιι
1658 2207 1819 2261 metri
1869 2206 2011 2261 ratio
2042 2222 2141 2276 po-

557 2299 744 2355 stulat.
771 2297 866 2354 Est
892 2308 1071 2355 autem
1097 2298 1479 2370 Τριποδίσκιος
1506 2314 1611 2352 vox
1642 2299 1884 2369 gentilis.
1906 2299 2141 2369 Stepha-

556 2407 684 2459 nus,
712 2391 775 2445 τὸ
807 2391 1021 2446 ὲθνικὶον
1054 2391 1393 2462 βορμισκιος,
1430 2391 1506 2453 ὡς
1547 2390 1936 2463 τριποδίσκιος,
1984 2391 2147 2461 δωρί-

555 2499 729 2547 σκιος,
761 2483 877 2553 lege
910 2483 1201 2555 δορίσκιος.
1234 2481 1303 2538 Ut
1331 2484 1447 2553 ipse
1477 2483 1631 2547 alibi,
1657 2483 1719 2535 τὸ
1743 2482 1956 2537 ὲθνικὸν
1978 2484 2142 2555 δωρι-

555 2574 817 2641 σκιος,ὼς
837 2574 1172 2646 δορμίσκιος,
1203 2574 1321 2643 lege
1346 2574 1963 2645 vicissimﬁopptoxtoq.
1991 2573 2145 2631 Unde

552 2675 738 2721 autem
778 2665 1160 2735 Τριποδίσκιος
1201 2666 1348 2720 clare
1377 2664 1539 2721 docet
1584 2664 1729 2720 idem
1780 2663 2139 2735 Stephanus:

553 2754 933 2827 Τριποδίσκος,
965 2756 1060 2809 καὶ
1092 2755 1443 2826 Τριποδίσκοι
1474 2754 1636 2826 κώμη
1668 2755 1771 2825 τῆς
1799 2757 2141 2826 Μεγαρίδος,

551 2849 585 2900 ὁ
624 2847 850 2919 πολίτης
880 2847 1283 2919 Τριποδίσκιος.
1322 2847 1678 2917 Tripodiscus
1710 2847 1876 2917 igitur
1918 2848 1973 2901 in
2009 2864 2141 2918 agro

552 2938 856 3009 Hegareusi
902 2954 1076 3010 pagus
1106 2949 1221 3006 est;
1259 2939 1313 2993 in
1342 2953 1455 3007 quo
1494 2939 1588 3008 qui
1629 2947 1792 2993 natus
1822 2946 1907 2993 est
1938 2939 2141 3009 Τριπο-

551 3031 759 3094 δίσκιος
808 3031 1110 3086 dicebatur.
1177 3029 1271 3087 Sic
1330 3031 1496 3102 igitur
1553 3030 1876 3087 Susarionis
1926 3030 2141 3087 iambos

551 3124 883 3194 interpretor
911 3140 926 3176 :

692 3258 886 3313 Audite
913 3258 1111 3312 dictum
1138 3274 1157 3313 :
1190 3258 1452 3315 Susarion
1495 3262 1606 3315 [nec
1645 3260 1754 3325 ait,

693 3328 873 3384 Filius
904 3327 1129 3395 Philini,
1159 3347 1186 3385 ε
1217 3330 1489 3401 Megaride
1523 3330 1884 3401 Tripodiscius

621 3486 693 3545 Ut
728 3497 914 3544 autem
941 3486 1234 3561 Origenem
1278 3490 1480 3546 Plotini
1513 3489 1951 3559 condiscipulum
1984 3489 2133 3544 Ada-

549 3580 817 3635 mantium
864 3591 1114 3636 nostrum
1138 3621 1155 3646 ,
1187 3589 1243 3635 et
1290 3580 1688 3652 Sannyrionem
1724 3580 1996 3636 comicum
2031 3578 2136 3635 Su-

549 3673 828 3729 sarionem
880 3674 1169 3731 commdiaa
1217 3675 1560 3730 inventorem
1610 3674 1783 3729 fuisse
1824 3682 2133 3744 temporum

547 3765 690 3819 ratio
719 3780 831 3820 non
884 3766 1153 3833 admittit;
1204 3767 1278 3822 ita
1331 3766 1378 3822 si
1423 3766 1555 3837 quid
1591 3767 1645 3821 in
1682 3767 1931 3838 epistolis
1972 3767 2133 3822 ﬁdem

546 3869 855 3929 temporum
906 3877 1099 3916 revera
1154 3861 1434 3930 pulsaret,
1470 3860 1738 3934 lgnatium
1786 3864 2134 3933 epistolicutu

546 3968 658 4008 non
712 3952 886 4009 fuisse
943 3957 1309 4025 apostolicum
1367 3958 1524 4012 illum
1572 3956 1806 4013 libenter
1859 3958 2131 4014 concede-

545 4058 687 4098 rem.

618 4132 822 4190 Verum
868 4144 932 4192 ut
984 4138 1122 4192 nihil
1170 4139 1375 4196 certius
1423 4142 1689 4211 scriptum
1725 4140 1949 4211 aliquod
1999 4156 2134 4212 spu--

545 4226 690 4280 rium
723 4242 848 4283 esse
891 4229 1108 4298 probat,
1145 4247 1312 4300 quam
1359 4231 1494 4287 ﬁdes
1530 4240 1838 4304 temporum
1885 4232 2129 4299 violata;

544 4318 620 4372 ita
651 4334 819 4388 opera
843 4322 1056 4376 auctori
1086 4321 1252 4377 alicui
1286 4323 1552 4392 ascripta,
1574 4324 1667 4380 sed
1703 4324 1995 4394 posteriori
2025 4324 2132 4379 ali-

544 4428 656 4483 quo
699 4414 903 4469 saeculo
934 4430 967 4469 a
1015 4414 1205 4470 lictore
1239 4416 1573 4487 conscripta,
1624 4416 1740 4471 fere
1781 4432 1996 4487 semper
2028 4418 2132 4474 hac

539 4504 661 4574 ipsa
692 4508 904 4562 ratione
930 4523 989 4563 se
1018 4508 1278 4578 produnt,
1315 4518 1371 4565 et
1398 4524 1465 4565 ex
1496 4510 1791 4567 violatione
1821 4519 2128 4580 temporum

2257 665 2585 719 sexennium
2612 664 2667 717 in
2711 677 2833 716 eam
2883 663 3075 714 urbem
3120 659 3289 715 venit.
3328 657 3398 712 Et
3421 658 3554 713 dum
3580 657 3710 713 huic
3737 656 3852 727 epi-

2260 756 2417 812 stolae
2452 754 2757 825 Xenophon
2790 754 3108 824 respondet,
3140 750 3388 808 Platonis
3413 752 3619 823 scripta
3649 752 3850 823 saepius

2256 849 2516 920 suggillat
2542 889 2556 911 ,
2582 850 2728 919 quod
2756 858 2946 918 poetas
2978 863 3087 901 non
3129 846 3415 902 admiserit
3441 862 3566 901 eum
3589 846 3854 916 perstrin-

2256 943 2354 1013 git,
2405 958 2531 998 cum
2576 943 2692 1013 ipse
2725 958 2784 997 se
2830 942 2995 997 talem
3046 941 3103 995 in
3158 940 3317 996 libris
3358 940 3705 1011 praestiterit;
3737 939 3851 996 imo

2256 1038 2582 1089 sententiam
2631 1050 2697 1088 ex
2748 1034 2983 1104 epistola
3016 1032 3268 1088 Platonis
3307 1033 3374 1087 ad
3408 1030 3728 1104 Dionysium
3760 1030 3851 1088 Si-

2256 1127 2396 1181 ciliae
2442 1136 2734 1198 tyrannum
2780 1127 2990 1196 carpit;
3047 1141 3171 1196 quae
3222 1124 3409 1180 omnia
3445 1125 3539 1180 diu
3584 1134 3712 1195 post
3746 1124 3852 1182 So-

2254 1218 2425 1273 cratis
2471 1228 2707 1273 mortem
2756 1218 3008 1288 evulgata
3050 1227 3199 1272 sunt.
3243 1217 3321 1273 Ita
3362 1217 3743 1288 Xenophontis
3772 1218 3848 1273 si-

2254 1310 2419 1374 mius,
2448 1323 2575 1363 cum
2612 1307 2843 1363 vidisset
2872 1309 2926 1362 in
2959 1308 3195 1378 genuina
3229 1308 3377 1364 illius
3402 1308 3655 1378 epistola.
3687 1309 3851 1379 cujus

2253 1402 2621 1474 fragmentum
2655 1401 2799 1472 apud
2832 1400 3133 1455 Eusebium
3167 1409 3369 1467 exstat,
3402 1400 3699 1472 perstringi
3721 1400 3850 1456 Pia-

2253 1502 2437 1548 tonem
2472 1494 2544 1548 ob
2572 1493 2883 1547 Σικελιιῖγτιν
2904 1492 3216 1565 τράπεζαν,
3249 1493 3366 1563 ipse
3393 1492 3560 1547 etiam
3592 1508 3657 1549 ea
3705 1508 3846 1564 sug-

2251 1586 2459 1656 gillavit
2499 1601 2623 1656 qua:
2661 1587 2728 1641 ad
2762 1585 3011 1641 Siciliam
3056 1585 3412 1655 spectabant;
3446 1585 3543 1641 sed
3569 1586 3700 1641 dum
3727 1586 3848 1656 epi-

2251 1675 2445 1730 stolam
2478 1676 2664 1730 statim
2694 1685 2822 1746 post
2843 1685 3077 1731 mortem
3109 1675 3354 1733 Socratis
3382 1677 3640 1747 scriptam
3666 1678 3845 1749 ﬁngit,

2249 1776 2305 1821 et
2356 1776 2663 1838 temporum
2716 1770 2986 1823 rationem
3042 1769 3234 1835 violat,
3266 1780 3323 1824 et
3361 1771 3603 1840 seipsum
3638 1770 3844 1840 prodit.

2174 1892 2218 1948 Β
2247 1857 2537 1926 Praeterea,
2572 1859 2886 1929 Aristippus
2930 1858 2998 1913 ad
3030 1858 3197 1914 ﬁliam
3248 1875 3408 1916 suam
3457 1861 3747 1931 epistolam
3771 1862 3846 1915 27

2250 1950 2441 2017 mittit,
2474 1966 2600 2005 cum
2642 1950 2757 2021 jam
2797 1950 3001 2007 Siciliae
3034 1964 3328 2023 tyrannum
3361 1952 3478 2023 ipse
3506 1954 3843 2024 reliquisset,

2246 2051 2302 2097 et
2324 2041 2439 2111 jam
2473 2042 2528 2097 in
2557 2040 2757 2113 Lipara
2792 2043 2972 2097 insula
3002 2044 3171 2099 morti
3195 2044 3414 2100 vicinus
3439 2055 3607 2111 esset,
3641 2046 3846 2101 ﬁliam-

2246 2148 2355 2203 que
2381 2142 2569 2188 monet
2598 2144 2659 2188 ut
2700 2134 2945 2191 Athenas
2988 2136 3397 2205 proﬁciscatur,
3428 2145 3481 2193 et
3509 2154 3636 2194 cum
3662 2137 3846 2211 Myrto

2244 2234 2299 2281 et
2346 2225 2616 2296 Xantippe
2656 2237 2904 2283 sanctam
2936 2229 3103 2283 vitam
3146 2230 3327 2297 colat;
3360 2230 3520 2301 quasi
3562 2240 3647 2286 tot
3677 2231 3845 2286 annis

2244 2324 2371 2386 post
2420 2331 2609 2372 necem
2658 2316 2904 2374 Socratis
2950 2319 3054 2374 illa:
3104 2321 3229 2376 duae
3278 2337 3479 2378 uxores
3530 2322 3584 2378 in
3643 2325 3844 2380 eadem

2244 2412 2411 2467 domo
2459 2412 2726 2478 viverent,
2776 2423 2833 2468 et
2882 2413 3116 2469 feminas
3169 2415 3555 2487 philosophice
3580 2418 3846 2475 institue.

2242 2514 2365 2559 rent
2392 2522 2407 2571 ;
2441 2520 2566 2559 cum
2603 2504 2802 2576 Myrto,
2832 2506 2879 2561 si
2910 2522 3152 2576 unquam
3185 2506 3431 2564 Socratis
3480 2525 3621 2564 uxor
3647 2511 3844 2581 fuerit,

2243 2605 2369 2651 ante
2399 2597 2579 2666 ipsum
2604 2608 2823 2651 mortua
2847 2598 2941 2653 sit.
2960 2599 3191 2655 Allatius
3218 2600 3439 2669 quidem
3462 2600 3530 2655 16
3556 2602 3623 2657 ad
3650 2604 3847 2662 minus

2242 2705 2420 2746 annos
2455 2700 2581 2760 post
2617 2690 2874 2747 Lachetis
2906 2692 3286 2760 magistratum
3320 2694 3525 2750 vixisse
3552 2695 3848 2753 Socratem

2246 2782 2380 2845 vult,
2415 2782 2507 2835 sed
2537 2792 2729 2836 contra
2774 2783 3020 2837 omnium
3059 2793 3304 2839 veterum
3347 2786 3697 2842 sententiam.
3732 2787 3848 2845 De-

2243 2875 2471 2928 metrius
2497 2873 2800 2929 Phalereus
2826 2875 2962 2930 satis
2994 2876 3230 2931 idoneus
3273 2887 3467 2933 auctor
3495 2879 3639 2948 apud
3668 2878 3852 2936 Laer-

2244 2967 2403 3033 tium,
2435 2964 2707 3021 Diodorus
2733 2966 2975 3032 Siculus,
2999 2968 3303 3032 Aristides,
3332 2969 3536 3039 quibus
3562 2973 3847 3029 cmiseutit

2240 3057 2501 3125 antiquus
2540 3057 2629 3111 ille
2666 3058 2724 3111 in
2757 3057 3028 3113 Marmore
3068 3059 3462 3116 Arundelliano
3493 3062 3852 3134 chronogra-

2240 3148 2383 3216 phus
2404 3189 2420 3213 ,
2461 3149 2580 3218 Ἀφ’
2607 3140 2669 3202 οὗ
2703 3147 3063 3221 [μετανῆλοον
3094 3153 3146 3205 οἱ
3183 3151 3348 3224 μετ]ὰ
3380 3154 3566 3225 Κύρου
3595 3155 3851 3211 ἀναϐάν-

2165 3256 2209 3315 C
2241 3255 2353 3303 τες,
2376 3240 2473 3293 καὶ
2502 3241 2801 3313 Σωκράτης
2834 3242 3146 3315 φιλόσοφ[ος
3173 3243 3257 3316 ὲτ]
3287 3244 3570 3317 ελεύτ[ησε
3603 3246 3850 3324 βι]⁰[ί³ς]

2239 3330 2338 3401 ἐτη
2370 3331 2777 3403 ἐϐδομήκοντα,
2798 3332 2907 3388 ἔτει
2924 3333 3057 3406 ρλξ,
3085 3335 3394 3409 ἄρχον[τος]
3440 3338 3699 3411 Ἀθήνῃσι
3730 3343 3854 3397 Λά-

2240 3440 2427 3493 χητος.
2458 3422 2674 3494 Optime
2702 3435 2851 3481 certe
2883 3426 2975 3482 ille
3010 3428 3116 3483 sub
3147 3430 3340 3485 eodem
3385 3433 3649 3489 archonte
3679 3436 3857 3505 ponit

2239 3516 2473 3577 reditum
2497 3532 2689 3572 eorum
2722 3518 2967 3588 quicum
3004 3520 3149 3593 Cyro
3180 3524 3571 3590 ascenderunt,
3602 3533 3657 3581 et
3681 3542 3855 3583 mor-

2239 3614 2345 3661 tem
2392 3606 2659 3663 Socratis.
2699 3607 3006 3680 Xenophon
3041 3613 3212 3679 enim,
3246 3629 3357 3683 quo
3381 3614 3522 3669 duce
3548 3615 3626 3670 illi
3653 3616 3857 3673 redie-

2236 3709 2386 3766 runt,
2416 3699 2725 3772 ἀναϐέϐηκε
2750 3702 2849 3756 σὺν
2881 3702 3049 3775 Κύρῳ
3071 3704 3165 3758 ἐπὶ
3196 3705 3461 3777 ἄρχοντος
3490 3706 3855 3773 Ξεναινέτου,

2237 3792 2320 3845 ἑνὶ
2348 3792 2600 3863 προτέρῳ
2626 3792 2738 3846 ἔτει
2766 3793 2869 3865 τῆς
2897 3795 3219 3865 Σωκράτους
3240 3797 3518 3869 τελευτῆς,
3543 3801 3859 3857 (ascendit.

2234 3902 2363 3942 cum
2393 3886 2538 3958 Cyro
2569 3888 2674 3943 sub
2712 3889 2977 3944 archonte
3016 3890 3335 3957 Xenaaneto,
3371 3908 3518 3949 anno
3551 3908 3663 3949 uno
3710 3907 3861 3953 ante

2237 3975 2484 4033 Socratis
2529 3987 2799 4045 mortem,
2842 3998 2863 4032 ι
2897 3984 2957 4035 tit
3005 3998 3074 4037 ex
3124 3992 3374 4039 veterum
3422 3984 3608 4056 aliquo
3656 3988 3862 4044 refert

2234 4064 2505 4124 Laertius.
2545 4068 2695 4125 Nihil
2745 4070 2913 4143 igitur
2955 4072 3008 4126 in
3043 4073 3271 4130 historia
3296 4075 3513 4132 videtur
3537 4092 3662 4133 esse
3708 4095 3858 4135 cer-

2233 4160 2364 4226 tius,
2394 4176 2561 4230 quam
2591 4162 2683 4217 illa
2729 4163 2978 4218 omnium
3012 4165 3065 4219 in
3104 4180 3163 4221 re
3204 4167 3493 4223 notissima
3528 4173 3856 4239 sententia,

2236 4249 2518 4307 Socratem
2553 4254 2658 4309 sub
2689 4254 2955 4311 archonte
2986 4254 3225 4312 Lachete
3270 4267 3553 4314 mortuum
3582 4275 3740 4318 esse.
3779 4262 3860 4319 Et

2234 4341 2653 4399 fundamentum
2692 4360 2804 4415 quo
2829 4347 3024 4403 nititur
3060 4348 3312 4416 Allatius,
3340 4352 3486 4421 quod
3518 4354 3663 4421 apud
3699 4353 3855 4411 Pla-

2232 4443 2416 4491 tonem
2462 4434 2717 4493 Socrates
2758 4438 2813 4492 in
2863 4437 3104 4510 Dialogis
3132 4440 3429 4512 aliquoties
3458 4444 3527 4500 de
3558 4446 3627 4501 iis
3656 4449 3859 4506 rebus

2231 4527 2510 4597 loquatur,
2536 4544 2659 4600 quae
2690 4530 2785 4585 diu
2828 4540 2952 4599 post
2979 4531 3235 4589 Lachetis
3279 4536 3663 4606 magistratum
3695 4556 3862 4597 con-

542 4600 943 4670 suppositionis
1004 4602 1429 4657 convincuntur.
1484 4600 1667 4657 Edidit
1736 4601 1846 4658 Leo
1893 4601 2126 4659 Allatius

2237 4618 2495 4688 tigerunt,
2526 4619 2967 4677 inﬁrmissimum
3012 4631 3117 4678 est.
3152 4600 3545 4681 Veritas'enim
3573 4630 3862 4687 chrono-

544 4689 959 4746 Socratieorum
1010 4692 1314 4761 epistolas,
1359 4707 1500 4761 quas
1540 4693 1610 4747 ab
1657 4693 1765 4749 illis
1809 4694 1946 4764 ipsis
1974 4694 2128 4760 viris,

2233 4708 2413 4780 logica
2437 4724 2506 4765 ex
2543 4709 2789 4768 Platonis
2834 4713 3077 4785 Dialogis
3107 4719 3373 4773 sumenda
3418 4733 3528 4774 non
3559 4728 3665 4775 est.
3715 4722 3866 4780 Sci-

543 4797 782 4850 quorum
812 4783 1041 4837 nomina
1090 4781 1407 4852 praeferunt,
1435 4785 1784 4854 conscriptas
1810 4785 1979 4843 fuisse
2006 4788 2128 4841 dia-

539 4873 666 4945 logo
712 4874 849 4929 satis
892 4874 1109 4944 prolixo
1156 4875 1507 4932 vehementer
1551 4877 1853 4945 contendit,
1880 4880 1977 4934 sed
2006 4878 2128 4934 fru-

539 4975 691 5031 stra;
741 4974 1057 5034 temporum
1101 4967 1247 5023 enim
1300 4968 1442 5023 ratio
1488 4969 1715 5025 minime
1769 4971 1995 5039 patitur.
2044 4971 2127 5027 Ad

540 5058 765 5113 unicum
808 5067 1194 5126 argumentum
1234 5058 1361 5117 inde
1390 5061 1613 5117 ductum
1638 5062 1706 5117 de
1748 5064 1999 5119 oratione
2022 5062 2127 5119 Po.

538 5148 766 5218 lycratis
792 5150 847 5202 in
875 5148 1087 5218 judicio
1119 5149 1362 5209 Socratis
1385 5153 1595 5220 habita,
1615 5154 1775 5227 cujus
1800 5158 2033 5227 epistola
2058 5158 2127 5213 14

540 5240 875 5295 mentionem
928 5240 1081 5309 facit,
1132 5246 1208 5300 ita
1258 5249 1552 5317 respondet
1600 5259 1661 5304 ut
1705 5251 1774 5305 de
1816 5267 1965 5307 anno
2013 5268 2125 5322 quo

539 5330 799 5386 Socrates
856 5343 1106 5391 mortuus
1159 5346 1277 5402 est,
1331 5340 1607 5397 veteribus
1659 5341 1919 5398 omnibus
1972 5343 2120 5398 litem

537 5431 777 5487 moveat,
809 5440 910 5481 nec
935 5436 1117 5482 tamen
1163 5430 1334 5484 hilum
1368 5431 1641 5500 proﬁciat.
1665 5431 1863 5488 Omnia
1890 5435 2035 5489 enim
2067 5435 2123 5489 in

536 5525 602 5567 ea
630 5513 862 5582 epistola
907 5525 961 5571 et
1010 5520 1263 5588 sequenti
1307 5521 1383 5575 ita
1407 5531 1670 5592 concepta
1700 5532 1850 5589 sunt,
1878 5534 1940 5580 ut
1972 5525 2123 5581 nulla

536 5612 803 5679 temporis
831 5613 975 5668 ratio
1004 5614 1292 5683 habeatur,
1322 5616 1571 5687 adeoque
1602 5626 1800 5674 cuncta
1846 5618 1974 5675 ﬁcta
1999 5635 2123 5676 esse

535 5699 777 5759 dilucide
817 5716 1104 5775 appareat.
1149 5707 1404 5764 Euclides
1430 5718 1487 5765 et
1514 5710 1781 5781 'l‘erpsion
1812 5722 2122 5783 queruntur

538 5794 979 5867 Xenophontem,
1011 5816 1138 5855 cum
1165 5801 1422 5860 Socrates
1446 5818 1773 5872 moreretur,
1807 5824 1918 5864 non
1948 5808 2119 5865 Athe-

538 5886 646 5957 nis,
675 5889 772 5947 sed
802 5889 1193 5951 Lacedaemone
1218 5894 1426 5967 fuisse;
1458 5913 1584 5954 cum
1615 5899 1705 5956 ille
1728 5899 2121 5960 Lacedaemone

2232 4809 2350 4855 tum
2402 4811 2487 4857 est
2526 4801 2661 4857 illud
2712 4802 2974 4860 Maerobii
3034 4804 3316 4861 Saturnal.
3353 4808 3448 4863 lib.
3495 4825 3538 4876 ι,
3585 4826 3718 4882 cap.
3766 4815 3800 4870 1
3848 4838 3865 4872 :

2238 4912 2257 4945 ι
2288 4893 2480 4949 Annos
2509 4896 2823 4950 coeuntium
2869 4898 3011 4952 mitti
3056 4900 3113 4952 in
3144 4899 3377 4969 digitos,
3415 4903 3674 4972 exemplo
3710 4904 3868 4963 Pla-

2230 4984 2380 5040 tonis
2410 4985 2571 5041 nobis
2614 4987 2970 5059 suﬁ‘ragante,
2997 5005 3107 5046 non
3150 4993 3427 5048 convenit.
3485 5012 3504 5045 ι
3533 4995 3643 5050 Eos
3680 5012 3871 5057 certe

2229 5073 2386 5131 Plato
2412 5078 2571 5147 quasi
2600 5080 2875 5151 colloquia
2908 5082 3173 5138 habentes
3200 5083 3519 5153 introducit,
3551 5087 3647 5157 qui
3684 5105 3870 5147 nuu-

2224 5182 2394 5237 quam
2443 5169 2736 5239 collocuti;
2777 5180 2833 5227 et
2874 5187 2939 5227 ea
2992 5174 3289 5231 nonnullos
3338 5191 3482 5246 saepe
3527 5177 3872 5247 loquentes

2228 5269 2615 5329 repraesentat,
2650 5262 2718 5318 de
2743 5263 2947 5334 quibus
2974 5264 3053 5319 illi
3087 5282 3369 5337 nunquam
3403 5268 3769 5340 cogitarunt,
3802 5286 3872 5331 et

2225 5368 2349 5421 quae
2394 5354 2539 5409 scire
2571 5356 2799 5411 minime
2835 5366 3150 5427 potuerunt.
3190 5359 3483 5430 Ἀναγνοὺς
3510 5364 3539 5415 ὁ
3580 5359 3871 5435 Γοργίας

2222 5446 2316 5498 τὸν
2360 5445 2646 5512 Πλάτωνος
2682 5448 2931 5520 διάλογον
2975 5451 3114 5523 πρὸς
3158 5454 3285 5517 τοὺς
3331 5452 3603 5524 παρόντας
3635 5450 3868 5523 εἶπεν,

2221 5538 2303 5593 ὅτι
2331 5540 2482 5593 οὐδὲν
2511 5538 2715 5594 τούτων
2743 5541 2868 5595 οὕτε
2897 5536 3073 5608 εἶπεν,
3103 5542 3228 5598 οὔτε
3257 5545 3456 5617 ἤκουσε
3484 5543 3637 5616 παρὰ
3676 5547 3870 5606 Hid-

2221 5645 2412 5694 τωνος.
2448 5650 2468 5683 ι
2511 5631 2745 5703 Gorgias
2791 5649 2917 5689 cum
2968 5633 3215 5691 Platonis
3250 5636 3527 5705 dialogum
3557 5636 3869 5711 legisset,

2222 5720 2290 5776 iis
2337 5722 2433 5791 qui
2476 5724 2704 5778 aderant
2732 5724 2888 5790 dixit,
2920 5728 3069 5796 quod
3115 5728 3253 5782 nihil
3300 5728 3496 5782 horum
3548 5735 3653 5781 aut
3714 5732 3873 5802 ipse

2220 5813 2440 5879 dixerit,
2478 5824 2575 5871 aut
2625 5832 2656 5871 a
2694 5815 2920 5873 Platone
2961 5820 3253 5875 audiverit.
3305 5839 3325 5873 ι
3365 5819 3510 5876 Idem
3553 5820 3619 5875 de
3666 5821 3873 5883 Plut-
3932 5826 3935 5827 ⁷

2219 5906 2355 5962 done
2392 5908 2560 5965 tradit
2590 5908 2920 5980 Athenaeus;
2949 5911 3115 5968 etiam
3150 5913 3218 5969 de
3251 5909 3480 5969 Socrate
3508 5908 3818 5975 Laertius
3841 5938 3868 5980 ;
