4078 6418
1020 377 1074 435 J.
1107 377 1482 437 PEARSONII
1520 378 1848 437 VINDlCLE
1891 380 2319 441 lGNATlANE.
2354 414 2425 428 —-
2462 384 2645 442 PARS
2680 383 2737 442 ll.

3513 385 3624 442 28‘)

331 498 480 551 Φασὶ
503 497 565 553 δὲ
592 498 691 553 καὶ
719 499 1024 574 Σωκράτην
1050 501 1361 557 ἀκούσαντα.
1397 502 1492 557 τὸν
1519 504 1715 560 Λύσιν
1739 504 1931 573 ἀναγι-

2048 504 2419 562 l’indiciarum
2465 518 2650 577 parte,
2706 505 3006 562 necessitas
3059 503 3347 569 incumbit,
3407 502 3501 558 sed
3566 512 3623 559 et

329 590 653 657 νώσκοντος
696 593 1010 663 Πλάτωνος,
1050 594 1376 668 Ἡράκλεις,
1406 598 1579 651 εἰπεῖν
1601 639 1617 664 ,
1646 597 1723 662 ὡς
1762 596 1936 652 πολλά

333 697 448 752 μου
475 683 831 754 καταψεύδεθ’
860 687 891 739 ὀ
920 686 1222 755 νεανίσκος,
1252 687 1356 742 οὐκ
1388 687 1548 757 ὀλίγα
1590 687 1702 760 γὰρ
1731 681 1808 743 ὧν
1833 690 1935 745 οὐκ

325 778 533 850 aperta
576 778 883 860 Σωκράτης
929 778 1208 851 γέγραφεν
1256 781 1417 853 ἀνήρ.
1451 800 1471 834 α
1512 780 1723 837 Ferunt
1766 783 1933 838 etiam

330 867 629 923 Socratem
659 884 787 923 cum
831 867 1115 925 Platonem
1155 867 1344 940 Lysim
1382 872 1705 927 recitantem
1748 873 1934 929 audis-

326 966 437 1022 set,
456 958 602 1027 proh
631 957 925 1017 Hercules!
944 961 1358 1026 exclamavisse,
1375 978 1539 1033 quam
1558 964 1727 1020 multa
1753 964 1820 1019 de
1844 979 1935 1020 me

326 1049 787 1109 adolescentulus
838 1054 1105 1111 mentitus
1150 1055 1280 1111 est?
1305 1053 1425 1111 Non
1458 1072 1634 1126 pauca
1672 1057 1820 1113 enim
1863 1072 1929 1112 ex

327 1144 421 1201 his
477 1161 609 1216 quae
651 1144 911 1203 Socrates
959 1164 1242 1219 nunquam
1287 1151 1456 1218 dixit,
1492 1151 1576 1206 vir
1622 1150 1713 1206 ille
1738 1149 1937 1207 litteris

326 1238 647 1293 mandavit.
698 1258 719 1291 ι
769 1239 912 1295 Cum
968 1241 1139 1309 igitur
1204 1241 1461 1300 Socrates
1516 1243 1813 1315 aliquando
1872 1243 1931 1298 in

326 1330 561 1403 dialogo
586 1331 833 1389 Platonis
859 1335 1231 1391 introducitur
1252 1337 1320 1392 de
1343 1338 1412 1393 iis
1432 1338 1599 1393 rebus
1622 1337 1926 1401 disserens,

325 1439 457 1493 quae
504 1432 638 1494 post
678 1425 1062 1494 magistratum
1104 1425 1362 1483 Lachetis
1407 1429 1783 1499 contigerunt,
1818 1444 1928 1484 non

325 1523 515 1584 potest
536 1516 669 1571 inde
698 1517 878 1588 colligi
911 1517 1191 1574 Socratem
1213 1535 1277 1575 ea
1300 1527 1460 1576 aetate
1488 1521 1542 1575 in
1572 1521 1713 1576 vivis
1736 1520 1929 1588 fuisse,

324 1608 424 1664 sed
460 1605 751 1664 Platonem
786 1617 913 1679 post
938 1618 1172 1666 mortem
1203 1611 1447 1669 Socratis
1475 1612 1753 1685 dialogum
1786 1615 1927 1671 scri-

325 1701 512 1769 psisse
533 1741 548 1766 ,
581 1700 775 1770 illique
804 1716 947 1771 quos
987 1702 1105 1773 ipse
1132 1704 1304 1759 voluit
1330 1720 1614 1763 sermones
1641 1707 1924 1765 tribuisse.

323 1790 542 1849 Omnes
602 1794 771 1865 igitur
824 1793 1237 1851 Socraticorum
1289 1798 1551 1868 epistolas
1603 1799 1674 1854 ah
1724 1800 1925 1855 Allatio

2036 596 2249 665 lectori,
2276 598 2371 670 qui
2406 599 2512 654 sibi
2544 598 2730 653 fucum
2768 598 2886 654 fieri
2937 597 3097 665 nolit,
3146 597 3372 651 nimiam
3414 595 3622 651 sollici-

2038 691 2284 749 tudinem
2310 699 2483 755 creat,
2527 692 2620 760 qui
2654 690 2839 746 minus
2876 698 3081 745 attente
3122 689 3338 761 singula
3368 688 3622 745 conside-

2035 789 2156 847 ret,
2195 789 2251 835 et
2296 796 2480 835 rerum
2531 780 2867 834 differentias
2917 795 3135 849 semper
3179 778 3472 834 observare
3527 787 3623 832 aut

2033 887 2145 927 non
2174 872 2326 939 velit,
2375 882 2473 928 aut
2519 888 2627 926 non
2679 871 2883 941 possit,
2916 870 3261 926 manifestam
3318 870 3621 943 piaajudicii

2033 964 2384 1021 occasionem
2437 964 2734 1020 ministrat.
2794 962 3051 1017 Fatemur
3111 978 3212 1017 nos
3258 962 3623 1018 libentissime

2033 1056 2207 1112 multa
2263 1055 2320 1111 in
2371 1055 2577 1126 spuriis
2615 1055 2889 1125 epistolis,
2923 1054 3095 1109 multa
3131 1054 3185 1109 in
3236 1054 3618 1125 interpolatio-

2032 1148 2198 1203 nibus
2226 1156 2281 1205 et
2309 1156 2617 1219 temporum
2656 1147 2815 1203 fidem
2852 1147 3091 1217 pulsare,
3121 1154 3175 1201 et
3221 1146 3394 1200 sancti
3427 1144 3618 1217 Ignatii

2033 1240 2283 1296 moribus
2338 1256 2642 1313 repugnare
2675 1282 2692 1308 ,
2749 1248 2803 1295 et
2844 1239 3140 1295 dictionem
3208 1237 3328 1307 ejus
3389 1238 3621 1294 minime

2032 1332 2258 1388 referre.
2296 1331 2485 1402 Neque
2535 1332 2694 1387 aliter
2722 1334 2840 1387 fieri
2872 1332 3119 1403 potuisse
3160 1342 3420 1401 putamus
3455 1348 3468 1384 ε
3504 1334 3618 1389 imo

2032 1425 2160 1481 inde
2212 1434 2597 1496 argumentum
2633 1426 2887 1481 ducimus
2937 1425 3073 1481 satis
3125 1435 3374 1494 apertum
3415 1435 3471 1479 et
3499 1425 3618 1479 eili-

2031 1532 2156 1585 cax,
2187 1518 2357 1588 quod,
2397 1533 2522 1573 cum
2562 1518 2719 1573 ﬁctor
2762 1519 2993 1573 aliarum
3033 1517 3414 1586 epistolarum,
3445 1526 3502 1572 et
3535 1517 3621 1571 in-

2030 1610 2331 1679 terpolator
2357 1625 2612 1666 verarum
2673 1620 2903 1680 uterque
2927 1611 3041 1665 veri
3085 1610 3279 1680 lgnatii
3317 1608 3533 1673 simius,
3564 1617 3621 1664 et

2029 1717 2131 1773 pro
2183 1718 2286 1758 suo
2319 1702 2547 1759 modulo
2585 1703 2944 1774 archetypum
2993 1711 3153 1757 caute
3192 1708 3619 1772 repraesentans,

2029 1803 2139 1850 tam
2189 1793 2348 1850 facile
2390 1802 2555 1864 atque
2608 1794 2893 1850 manifeste
2946 1794 3265 1866 imposturze
3326 1805 3617 1863 teneatur,

323 1884 531 1951 editas,
583 1861 712 1940 cum
758 1886 1011 1952 aliunde,
1046 1896 1160 1942 tum
1206 1904 1274 1943 ex
1323 1861 1633 1959 temporum
1688 1891 1927 1958 ratione,
1959 1861 2001 1921 Β
2032 1896 2144 1943 tam
2175 1902 2320 1957 saepe
2342 1861 2585 1957 tempora
2610 1886 2932 1953 confundat,
2965 1861 3075 1943 tam
3106 1888 3283 1943 aliena
3304 1905 3334 1943 a
3361 1861 3620 1960 martyris

325 1994 439 2032 non
465 1978 540 2034 ab
570 1979 640 2034 iis
663 1979 867 2050 quibus
889 1981 1209 2036 tribuuntur
1234 1982 1491 2053 scriptas,
1522 1984 1617 2040 sed
1647 1983 1718 2039 ab
1743 1984 1929 2056 aliquo

325 2071 624 2142 philologo
657 2073 924 2129 conﬁctas
952 2071 1123 2131 fuisse
1149 2080 1390 2129 constat.

394 2162 593 2230 Quare
628 2179 757 2219 cum
799 2165 1004 2236 scripta
1045 2166 1150 2222 sub
1177 2166 1375 2223 alienis
1406 2167 1729 2224 nominibus
1756 2169 1926 2237 edita,

322 2269 389 2310 ac
441 2255 754 2324 praesertim
796 2258 1063 2327 epistolae,
1111 2258 1218 2314 hoc
1261 2260 1429 2314 modo
1459 2259 1692 2330 prodere
1732 2276 1794 2317 se
1837 2276 1929 2317 so-

321 2351 497 2413 leant,
550 2362 667 2402 non
713 2348 948 2405 minimo
995 2357 1321 2421 argumento
1366 2360 1471 2415 est,
1522 2349 1713 2419 lgnatii
1748 2350 1926 2408 nostri

322 2438 598 2506 epistolas
623 2439 896 2510 genuinas
932 2455 1078 2508 esse,
1109 2442 1255 2512 quod
1284 2442 1422 2496 nihil
1462 2441 1517 2495 in
1545 2442 1656 2497 illis
1696 2442 1927 2513 reperiri

322 2528 531 2597 possit,
564 2528 718 2598 quod
758 2530 921 2585 aliam
952 2546 1049 2586 seu
1079 2533 1438 2603 posteriorem
1475 2541 1687 2588 aetatem
1725 2535 1924 2605 sapiat,

319 2622 477 2693 quod
531 2631 661 2692 post
706 2622 776 2678 to
806 2621 1031 2692 Trajani
1076 2638 1282 2679 annum
1319 2624 1557 2695 scriptas
1581 2624 1752 2681 fuisse
1773 2626 1919 2681 evin-

320 2724 437 2771 cat.
471 2713 715 2771 Dallaaus
755 2716 1018 2787 epistolas
1060 2716 1205 2787 ipsas
1237 2736 1257 2770 ‹
1291 2718 1710 2774 accuratissime
1754 2719 1927 2789 inspi-

320 2810 485 2865 ciens
509 2850 526 2876 ,
562 2818 621 2863 et
640 2809 1066 2879 diligentissime
1109 2810 1324 2866 rimans
1344 2852 1360 2876 ,
1395 2829 1414 2863 ›
1447 2810 1583 2865 nihil
1614 2810 1797 2868 adhuc
1822 2812 1926 2867 hu-

320 2902 416 2973 jus
447 2902 694 2974 generis,
725 2911 788 2957 ut
837 2918 964 2957 mox
993 2905 1370 2967 ostendemus,
1394 2904 1641 2961 offendit.
1686 2904 1844 2973 Quod
1877 2906 1926 2963 si

321 2995 419 3051 hic
452 2996 956 3064 circumspectator
983 3010 1109 3050 cum
1138 2995 1423 3052 emissitiis
1449 2997 1626 3052 oculis
1655 2998 1761 3051 tale
1785 2996 1925 3053 nihil

319 3088 584 3144 invenire
638 3088 839 3158 potuit,
890 3088 1248 3143 metuendum
1303 3104 1412 3143 non
1454 3089 1560 3144 erit
1612 3105 1682 3146 ne
1713 3091 1785 3146 ab
1813 3091 1925 3146 alio

318 3190 522 3252 postea
553 3179 611 3234 id
651 3180 765 3235 tiat.
802 3178 1015 3247 Quibus
1048 3181 1117 3236 ad
1146 3182 1476 3237 sententiam
1500 3182 1758 3238 'nostram
1790 3198 1925 3240 con-
1952 3221 1997 3281 ϐ

319 3273 661 3328 ﬁrmandam
709 3272 1029 3344 pralihatis,
1062 3272 1130 3327 ad
1174 3288 1238 3329 ea
1293 3273 1500 3344 aliquid
1550 3277 1927 3345 reponendum

318 3376 431 3430 est,
465 3367 677 3436 quibus
718 3366 951 3436 probare
980 3367 1177 3421 nititur
1207 3367 1293 3421 vir
1314 3366 1687 3435 doctissimus,
1715 3367 1926 3439 episto-

320 3460 405 3515 las
441 3458 644 3531 lgnatii
692 3458 931 3515 Eusebio
973 3460 1245 3531 cognitas,
1283 3468 1341 3515 et
1370 3469 1450 3516 tot
1476 3460 1695 3517 seculis
1722 3475 1926 3532 appro-

322 3553 514 3616 batas,
554 3566 661 3606 nec
684 3552 833 3606 atati
866 3566 977 3621 qua
1020 3552 1259 3622 scriptae,
1295 3567 1397 3608 nec
1426 3552 1531 3607 viri
1561 3568 1593 3608 a
1630 3569 1743 3624 quo
1769 3554 1929 3617 editae

321 3660 454 3701 esse
485 3644 771 3711 dicuntur,
800 3644 1023 3717 ingenio
1057 3654 1111 3702 et
1140 3647 1391 3703 moribus
1420 3662 1748 3719 congruere.

398 3736 513 3791 Sed
578 3738 903 3808 priusquam
964 3737 1031 3792 ad
1097 3747 1424 3809 argumenta
1484 3739 1927 3797 adversariorum

321 3829 649 3885 ventilanda
698 3845 789 3886 me
830 3829 1143 3899 accingam,
1179 3845 1289 3886 non
1319 3846 1546 3901 possum
1588 3845 1699 3887 non
1738 3832 1932 3887 obser-

322 3939 466 3977 vare
517 3920 808 3989 Dallteum,
858 3922 954 3992 qui
999 3922 1267 3993 lgnatium
1320 3924 1669 3993 cpistolicum
1719 3923 1777 3978 in
1807 3926 1930 3995 ipso

321 4018 520 4087 operis
564 4015 653 4070 sui
684 4014 873 4069 limine
903 4015 1065 4085 quasi
1093 4014 1400 4086 Geryonem
1429 4015 1697 4085 depinxit,
1724 4016 1784 4070 in
1814 4017 1930 4072 dis-

322 4109 586 4182 putando
628 4109 1015 4177 bicorporeum
1056 4108 1247 4177 plane,
1284 4107 1369 4162 vel
1404 4108 1808 4176 tricorporeum
1833 4123 1931 4180 ap-

323 4217 558 4276 parere,
594 4210 650 4257 et
696 4208 1021 4272 argumenta
1066 4216 1167 4256 sua
1196 4208 1312 4257 tum
1345 4209 1536 4256 contra
1588 4200 1932 4260 Eusebianas

322 4305 553 4352 veteres
578 4294 867 4365 epistolas,
891 4302 1009 4347 tum
1036 4301 1226 4347 contra
1257 4292 1685 4360 commentitias,
1704 4302 1759 4349 et
1781 4293 1932 4363 ipsas

321 4388 504 4443 etiam
536 4383 992 4454 interpolationes
1031 4382 1292 4439 fabricari
1334 4393 1501 4453 atque
1534 4384 1801 4455 dirigere;
1832 4386 1931 4440 ad-

319 4497 517 4554 eoque
542 4495 656 4535 non
689 4488 904 4534 tantum
936 4478 1198 4541 adversus
1231 4476 1515 4535 Usserium
1544 4488 1601 4534 et
1628 4478 1933 4538 Hammon-

322 4576 491 4638 dum,
518 4572 617 4628 sed
653 4579 710 4626 et
745 4581 938 4627 contra
974 4569 1297 4638 Baronium,
1320 4568 1654 4625 Halloixium
1683 4572 1931 4642 aliosque

321 4678 395 4718 cx
433 4662 655 4718 Latinis
691 4662 967 4727 militare,
996 4676 1146 4717 nunc
1192 4662 1300 4729 his,
1346 4677 1496 4717 nunc
1551 4662 1661 4718 illis
1716 4663 1931 4733 alapam

325 4761 665 4832 impingere.
721 4756 839 4813 Hoc
888 4767 1071 4814 autem
1116 4766 1226 4813 tam
1282 4758 1541 4828 perplexe
1573 4757 1738 4823 facit,
1769 4767 1832 4813 ut
1878 4765 1935 4813 et

324 4853 612 4907 lectorum
660 4849 841 4905 oculis
889 4849 1146 4905 nebulam
1196 4849 1492 4916 obtendat,
1541 4859 1597 4904 et
1650 4850 1935 4906 sententia:

327 4956 545 5003 nostra:
599 4960 746 5015 saepe
806 4944 1041 5001 insidias
1091 4954 1296 5012 strvat;
1355 4946 1486 5002 dum
1556 4945 1930 5013 Eusebianas,

324 5055 477 5110 quas
528 5039 710 5093 nostri
753 5038 1025 5109 genuinas
1070 5054 1194 5095 esse
1238 5040 1608 5106 contendunt,
1659 5053 1770 5095 non
1809 5039 1934 5096 aliis

326 5133 514 5188 armis
558 5131 802 5201 dejicere
844 5140 1097 5197 conatur,
1132 5146 1303 5201 quam
1334 5131 1403 5187 iis
1441 5132 1646 5201 quibus
1685 5132 1933 5202 interpo-

328 5227 580 5283 lationes
625 5224 915 5294 rejiciunt,
944 5233 1000 5280 et
1050 5240 1223 5280 novas
1268 5234 1321 5280 et
1368 5226 1777 5282 commentitias
1815 5226 1935 5296 epi-

329 5322 515 5377 stolas
569 5326 862 5388 respuunt.
892 5316 1188 5373 Profitetur
1228 5317 1346 5388 ipse
1391 5333 1452 5374 se
1491 5336 1510 5370 ι
1546 5318 1653 5373 hoc
1698 5316 1935 5389 Ignatia-

331 5429 543 5471 narum
564 5412 923 5483 epistolarum
954 5413 1236 5482 negotium
1270 5411 1433 5468 simul
1456 5412 1735 5483 semelque
1757 5421 1932 5468 totum

329 5515 588 5564 tractare
628 5522 649 5556 ι
682 5505 857 5570 velle,
909 5503 1059 5575 quod
1111 5519 1217 5559 nos
1265 5511 1322 5558 et
1369 5517 1513 5573 aegre
1559 5501 1831 5570 ferimus,
1882 5511 1936 5558 et

332 5600 578 5656 minime
620 5597 740 5653 fieri
769 5597 1027 5653 debuisse
1068 5596 1475 5653 contendimus.
1505 5593 1633 5652 Haec
1662 5596 1810 5653 enim
1841 5611 1934 5651 re-

333 5706 468 5746 rum
504 5686 741 5745 confusa
769 5687 1025 5743 tractatio
1066 5702 1177 5743 non
1210 5694 1426 5742 tantum
1472 5687 1607 5742 mihi
1656 5687 1935 5757 negotium

336 5782 587 5849 facessit,
658 5781 749 5836 cui
787 5789 1051 5851 perpetua
1105 5778 1479 5851 distinguendi
1524 5787 1580 5836 et
1628 5780 1866 5850 genuina
1903 5796 1937 5835 a

2030 1979 2279 2034 moribus
2305 1978 2508 2047 tradat,
2554 1988 2746 2034 auctor
2769 1978 3205 2035 Euscbianarum
3249 1980 3337 2035 vel
3378 1995 3447 2036 eo
3496 1980 3619 2050 ipso

2029 2087 2195 2128 verus
2246 2069 2491 2141 lgnatius
2533 2080 2815 2142 appareat,
2863 2074 3011 2143 quod
3054 2083 3303 2143 tempora
3331 2090 3617 2144 nunquam

2029 2162 2354 2231 confundat,
2385 2164 2533 2235 quod
2559 2164 2697 2218 nihil
2722 2164 2792 2219 ab
2815 2165 3027 2237 lgnatio
3056 2166 3300 2221 alienum
3328 2165 3546 2222 doceat.

2665 2298 2897 2356 CAPUT
2934 2298 3002 2355 ll.

2028 2390 2413 2459 Argumentum
2461 2388 2657 2445 Baliari
2705 2408 2738 2445 α
2787 2401 3015 2459 tempore
3061 2390 3279 2444 ductum
3329 2390 3616 2459 refellitur.

2136 2463 2348 2534 gnatius
2391 2459 2597 2534 nullum
2646 2461 3316 2534 haereticumgnominuvit.
3346 2461 3619 2534 Cieob‘ius,

2099 2531 2568 2603 sivewCleobulus,
2607 2533 2770 2601 primi
2807 2532 2990 2587 seaculi
3034 2531 3621 2603 hmreticus._lnsignis

2101 2603 2161 2659 S.
2193 2602 2507 2672 Hieronymi
2537 2602 2682 2655 locus
2716 2604 2832 2671 fuse
2872 2603 3192 2672 explicatur,
3233 2612 3285 2657 et
3314 2601 3378 2656 ab
3419 2601 3624 2672 impor-

2102 2619 2161 2659 δ.
2193 2619 2504 2725 nteronlymt
2537 2619 2682 2655 iocus
2716 2619 2832 2671 [use
2872 2619 3192 2672 explicatur,
3233 2619 3285 2657 et
3314 2619 3378 2656 ae
3419 2619 3621 2672 impor-

2102 2675 2246 2728 tunis
2278 2672 2384 2725 Dal
2410 2674 2474 2727 cei
2519 2673 2837 2743 conjecturis
2869 2672 3192 2743 defenditur.
3238 2672 3487 2743 Ignatius
3515 2690 3621 2727 non

2098 2744 2312 2812 scripsit
2362 2752 2550 2797 contra
2591 2742 2941 2811 Theodotum,
2979 2744 3071 2798 sed
3118 2742 3364 2798 haeresim
3401 2743 3518 2813 ejus
3561 2746 3623 2799 in

2101 2814 2621 2871 Ebione.damnavit.

2103 2905 2174 2962 Ut
2218 2921 2283 2962 ea
2331 2921 2455 2976 quae
2497 2907 2585 2961 vir
2632 2905 2990 2963 doctissimus
3039 2906 3307 2962 adversus
3354 2907 3620 2979 epistolas

2027 2994 2270 3053 Eusebio
2316 2997 2569 3068 cognitas
2611 3012 2680 3052 ex
2728 2998 2864 3068 ipsis
2893 2999 3227 3064 observavit,
3257 2999 3465 3055 nullam
3498 3014 3621 3054 om-

2028 3090 2162 3146 nino
2188 3090 2257 3146 ad
2285 3105 2477 3146 carum
2504 3091 2887 3147 auctoritatem
2921 3092 3352 3147 imminuendam
3381 3092 3489 3147 vim
3521 3091 3622 3146 ha.

2028 3183 2158 3239 bere
2182 3183 2490 3247 ostendam,
2537 3183 2729 3239 eodem
2777 3182 2971 3239 ordine
3019 3199 3130 3254 quo
3164 3184 3256 3239 ille
3302 3182 3623 3253 perscripsit

2032 3276 2351 3347 singulatim
2387 3277 2575 3333 omnia
2616 3292 2939 3347 persequar.
2980 3274 3177 3347 Incipit
3208 3283 3393 3331 autem
3434 3275 3504 3331 ab
3529 3290 3623 3329 ar-

2030 3383 2294 3444 gumento
2341 3387 2374 3427 a
2410 3382 2656 3441 tempore
2697 3372 2897 3437 ducto,
2943 3380 2999 3426 et
3043 3371 3220 3441 capite
3266 3370 3334 3425 l0
3385 3369 3622 3425 allirmat

2035 3481 2056 3516 ι
2094 3478 2204 3517 non
2258 3478 2431 3532 pauca
2483 3461 2690 3532 passim
2738 3477 3032 3517 occurrere
3072 3477 3198 3531 quae
3225 3471 3424 3517 statam
3454 3470 3621 3527 atque

2031 3550 2322 3606 immotam
2377 3560 2687 3621 temporum
2722 3552 2883 3605 fidem
2906 3591 2922 3617 ,
2961 3551 3335 3606 certissimum
3374 3550 3620 3606 veritatis

2030 3645 2343 3718 κριτήριον,
2378 3645 2616 3713 graviter
2658 3643 2881 3712 pulsant
2924 3658 2990 3698 ac
3044 3642 3380 3697 convellunt.
3429 3661 3449 3695 ι
3504 3640 3620 3712 Ego

2029 3752 2163 3793 vero
2198 3752 2229 3790 e
2279 3737 2560 3791 contrario
2616 3750 2842 3801 assero,
2882 3737 2942 3790 in
2988 3735 3131 3790 lictis
3175 3744 3231 3790 et
3276 3734 3622 3805 iuterpolatis

2032 3829 2463 3902 quamplurima,
2507 3829 2603 3885 sed
2635 3843 2814 3899 neque
2844 3829 3052 3899 passim
3096 3844 3273 3899 neque
3302 3843 3411 3883 non
3442 3842 3620 3898 pauca

2032 3925 2369 3986 istiusmodi,
2401 3924 2514 3978 imo
2539 3924 2702 3994 plane
2745 3939 2811 3979 ac
2840 3936 3070 3993 prorsus
3108 3922 3257 3977 nulla
3288 3922 3342 3975 in
3370 3920 3622 3990 epistolis

2032 4032 2171 4088 quas
2197 4016 2373 4071 nostri
2399 4013 2724 4082 defendunt,
2752 4014 3001 4086 reperiri.
3025 4013 3131 4069 Sed
3158 4033 3178 4067 ι
3214 4029 3405 4068 earum
3429 4020 3621 4067 auctor

2031 4110 2101 4165 de
2129 4108 2317 4165 multis
2348 4108 2619 4163 haereticis
2660 4115 2826 4177 atquc
2870 4106 3171 4161 hzeresibus
3206 4114 3329 4175 post
3360 4102 3623 4174 martyris

2032 4202 2255 4257 demum
2277 4209 2507 4256 mortem
2532 4200 2766 4265 exortis,
2796 4198 3004 4268 passim
3047 4197 3312 4267 loquitur.
3346 4215 3366 4248 ι
3398 4194 3472 4249 lta
3506 4195 3618 4251 ille.

2031 4291 2142 4349 Nos
2173 4301 2357 4348 autem
2406 4308 2532 4347 cum
2583 4289 2820 4346 Eusebio
2847 4289 3238 4359 antiquitatum
3283 4286 3622 4343 ecclesiasti-

2032 4401 2224 4442 carum
2273 4385 2609 4457 pcritissimo
2658 4384 2916 4449 fatemur,
2950 4383 3222 4454 lgnatium
3263 4382 3479 4451 aliquas
3504 4379 3620 4435 ha:-

2033 4494 2185 4534 reses
2210 4478 2622 4548 perstrinxisse,
2655 4476 2751 4531 sed
2775 4490 2873 4530 eas
2896 4472 3299 4537 tantummodo,
3334 4485 3458 4541 quae
3491 4477 3625 4525 tunc

2034 4568 2318 4639 temporis,
2352 4582 2479 4623 cum
2514 4566 2603 4621 ille
2626 4564 2871 4635 scripsit,
2902 4572 2959 4620 et
2976 4573 3270 4633 antequam
3296 4559 3623 4631 martyrium

2035 4674 2236 4729 passus
2262 4666 2368 4723 est,
2403 4666 2607 4712 exorta:
2632 4660 2882 4721 fuerant;
2930 4654 3097 4722 idque
3120 4650 3471 4706 verissimum
3500 4662 3625 4704 esse

2035 4749 2439 4806 contendimus.
2492 4746 2776 4815 Rursum,
2823 4764 2847 4799 ι
2880 4746 3185 4815 quosdam,
3234 4741 3450 4811 inquit,
3501 4739 3625 4809 ejus

2036 4843 2327 4897 commatis
2366 4841 2617 4896 nominat
2658 4839 2894 4904 diserte,
2927 4845 2983 4893 et
3031 4850 3173 4906 quos
3214 4850 3320 4888 non
3355 4832 3624 4899 nominat,

2036 4948 2229 4990 eorum
2257 4942 2440 4988 tamen
2464 4932 2720 5002 dogmata
2750 4930 2827 4984 ita
2857 4928 3019 4999 plane
3042 4942 3109 4982 ac
3139 4925 3426 4995 perspicue
3456 4925 3626 4979 inter-

2036 5027 2170 5081 dum
2203 5026 2451 5096 exponit,
2490 5032 2551 5079 ut
2575 5038 2719 5094 quos
2765 5022 3035 5093 intelligat
3062 5020 3302 5075 dubitari
3350 5034 3460 5073 non
3490 5033 3624 5087 pos-

2037 5120 2131 5177 sit.
2173 5142 2193 5173 ι
2227 5118 2339 5177 Nos
2366 5128 2663 5188 utrumque
2711 5117 2882 5172 libere
2926 5124 2981 5171 et
3023 5122 3211 5184 aperte
3256 5111 3455 5167 falsum
3501 5126 3627 5168 esse

2036 5214 2276 5270 dicimus
2307 5231 2321 5267 :
2352 5220 2410 5268 et
2447 5212 2736 5280 hucusque
2764 5208 3134 5265 assertiouunt
3169 5205 3316 5260 nuda
3344 5204 3627 5260 contentio

2035 5319 2152 5375 est;
2178 5308 2256 5363 ait
2277 5307 2390 5373 ille,
2419 5319 2524 5359 nos
2553 5317 2843 5373 negamus.

2109 5400 2356 5456 Priorem
2388 5397 2639 5453 ordinem
2670 5396 2837 5451 unico
2875 5394 2983 5450 hoc
3023 5400 3350 5464 argumento
3388 5389 3629 5460 probare

2038 5495 2279 5550 nititur:
2318 5489 2691 5562 Epistolarum
2733 5497 2925 5543 auctor
2960 5504 2982 5539 ι
3029 5484 3319 5551 Basilidis,
3357 5482 3627 5537 Theodoti

2036 5598 2094 5644 et
2123 5586 2371 5643 Cleobuli
2416 5584 2530 5641 edit
2571 5583 2795 5638 nomina
2829 5581 2884 5636 in
2912 5579 3144 5652 epistola
3182 5578 3250 5633 ad
3292 5577 3623 5631 Trallianos.

2036 5680 2237 5736 Athos
2266 5687 2380 5734 tres
2431 5685 2554 5748 post
2582 5674 2778 5747 lgnatii
2814 5673 3139 5743 martyrium
3185 5670 3435 5740 erupisse
3473 5677 3629 5723 certo

2037 5778 2277 5827 constat.
2306 5790 2326 5823 ι
2355 5769 2433 5826 De
2463 5768 2847 5835 haereticorum
2891 5767 3091 5822 horum
3123 5772 3285 5820 aetate
3331 5777 3481 5817 nunc
3513 5776 3624 5817 non

342 5876 562 5945 spurits
609 5872 1073 5943 discriminandi,
1122 5872 1228 5929 hac
1275 5870 1579 5941 praesertim
1642 5870 1941 5939 posteriori
2040 5865 2285 5936 disputo,
2316 5864 2385 5922 de
2429 5862 2669 5921 Basilide
2700 5869 2893 5935 postea
2938 5869 3193 5927 acturus;
3238 5854 3371 5913 illud
3407 5861 3622 5913 tantum
