4078 6400
468 378 570 432 285

1451 376 1509 431 S.
1552 376 1901 434 lGNATlUS.
1946 408 2012 420 —
2052 376 2587 435 PROLEGOMENA.

3638 376 3743 431 284

466 496 945 567 inpraesentiarum
996 508 1227 558 moneo,
1268 497 1413 564 quod
1447 494 1574 549 huic
1613 503 1936 565 argumento
1977 511 2062 549 re-
2092 508 2136 563 Α
2165 496 2391 561 mentio,
2438 494 2592 556 nihil,
2634 503 2693 547 ut
2723 493 2940 564 opinor,
2971 493 3135 564 cogit.
3166 494 3203 546 ἰ
3254 489 3369 551 lmo
3413 509 3547 549 vero
3600 506 3746 566 cogit

465 589 710 644 fellendo
756 588 971 641 abunde
1027 586 1286 651 suﬂiciat,
1356 596 1635 641 auctorem
1699 587 2056 656 epistolarum

464 682 853 737 haereticorum
884 680 1155 733 neminem
1184 679 1472 734 nominare
1495 680 1750 744 voluisse,
1770 680 1839 734 ab
1865 694 2057 733 eorum

463 775 721 830 omnium
778 771 1192 825 nomenclatura
1246 770 1315 825 de
1368 772 1641 826 industria
1697 772 2052 827 abstinuisse.

464 864 544 919 Ita
577 869 723 923 enim
757 868 873 937 ipse
919 867 1161 935 loquitur
1190 865 1256 919 dc
1302 865 1576 920 haereticis
1624 866 1690 920 ad
1743 864 2057 936 Smyrnaeos

470 960 762 1016 scribens:
799 960 879 1013 Τὰ
926 959 983 1012 δὲ
1030 958 1273 1027 ὀνόματα
1315 957 1493 1009 αὐτῶν
1537 957 1665 1009 ὄντα
1709 957 1916 1010 ἄπιστα
1956 958 2056 1010 οὐκ

467 1049 613 1115 ἐδοξὲ
640 1068 729 1121 μοι
752 1049 1042 1121 ἐγγράψαι·
1062 1048 1198 1101 ἀλλὰ
1220 1047 1355 1118 μηδὲ
1381 1047 1590 1115 γένοιτό
1620 1065 1708 1117 μοι
1729 1048 1907 1100 αὐτῶν
1928 1065 2057 1119 μνη-

470 1141 719 1212 μονεύειν
753 1142 946 1211 μέχρις
973 1135 1035 1191 οἶ)
1068 1140 1494 1209 μετανοήσωσιν.
1532 1136 1702 1193 Vetus
1730 1139 2005 1209 interpres
2034 1158 2051 1195 :

473 1252 493 1285 ι
526 1232 762 1287 Nomina
804 1242 987 1287 autem
1035 1234 1282 1302 ipsorum
1317 1232 1637 1287 exsistentia
1671 1233 1909 1289 inﬁdelia
1940 1249 2052 1288 non

466 1325 647 1380 visum
688 1334 774 1379 est
830 1325 963 1378 mihi
1016 1325 1313 1379 inscribere
1364 1343 1378 1379 :
1424 1325 1518 1379 sed
1549 1340 1729 1395 neque
1776 1325 1870 1380 ﬁat
1917 1326 2053 1380 mihi

468 1413 716 1482 ipsorum
768 1415 1041 1469 recordari
1092 1430 1268 1484 usque
1306 1430 1418 1484 quo
1467 1417 1788 1486 pmniteant.
1844 1436 1862 1469 ι
1894 1416 2053 1485 Quod

467 1502 638 1557 animi
682 1506 1024 1574 propositum
1066 1507 1320 1577 religiose
1364 1507 1417 1560 in
1465 1507 1693 1578 reliquis
1723 1510 1888 1563 etiam
1934 1510 2051 1580 epi-

464 1595 625 1650 stolis
652 1598 1015 1661 conservavit,
1059 1599 1198 1653 adeo
1237 1608 1297 1654 ut
1336 1599 1539 1655 nullius
1585 1617 1826 1672 unquam
1873 1603 2051 1659 haere-

465 1687 561 1741 tici
614 1688 854 1744 hominis
904 1706 1101 1744 nomen
1157 1690 1408 1747 ediderit.
1470 1692 1679 1747 Auctor
1728 1705 1877 1749 certe
1934 1694 2052 1764 epi-

463 1779 619 1833 stola:
660 1780 726 1833 ad
776 1779 1110 1847 Trallianos,
1154 1785 1183 1835 ὁ
1238 1782 1569 1855 δημιουργὸς
1612 1784 1714 1853 τῆς
1759 1784 2051 1851 θεσπεσίας

2162 584 2391 639 illustris
2424 585 2578 639 locus
2616 582 2910 652 Epiplianii
2958 584 3152 639 haeresi
3185 583 3248 638 5|
3290 602 3303 637 :
3344 583 3535 637 Ἔνθεν
3570 586 3666 637 καὶ
3692 588 3743 639 oi

2161 677 2289 746 περὶ
2312 675 2586 747 Κήρινθον
2609 676 2705 728 καὶ
2752 673 2982 728 Ἐὅίωνα
3006 673 3161 743 ψιλὸν
3182 677 3272 729 τὸν
3297 674 3585 745 ἄνθρωπον
3608 692 3742 729 κατ-

2159 767 2335 838 έσχον,
2357 769 2449 821 καὶ
2469 766 2765 838 Μήρινθον,
2794 768 2891 821 καὶ
2907 766 3164 820 Κλεόὸιον
3190 766 3367 820 εἴτουν
3387 767 3739 833 Κλεόϐουλον,

2159 860 2211 913 id
2226 870 2330 925 est,
2354 879 2373 913 ι
2397 860 2746 923 etCleobium
2772 858 3274 915 siveCleobulum.»
3300 858 3425 915 Haac
3443 859 3741 915 enimsatis

2158 952 2649 1020 aperteostendunt
2684 952 2935 1007 eumdem
2976 952 3291 1007 haereticum
3333 952 3403 1007 ab
3421 952 3543 1007 aﬁis
3583 952 3733 1007 Cleo-

2158 1035 2401 1102 bium,ah
2414 1037 2537 1094 aliis
2551 1038 2871 1095 Cleobulum
2886 1040 3156 1096 nominari
3167 1041 3741 1106 solitum,uteumdem

2159 1128 2472 1185 baereticum
2491 1132 2581 1186 alii
2600 1130 3056 1200 Saturnilum,alii
3074 1131 3432 1190 Saturninum
3445 1135 3740 1191 vocabant.

2158 1220 2315 1278 Hunc
2340 1232 2523 1279 autem
2540 1224 2848 1288 Cleobium,
2863 1225 2977 1280 sive
2988 1226 3312 1282 Cleobulum
3324 1241 3449 1281 cum
3467 1224 3743 1282 Ebioneet

2155 1313 2419 1368 Cerintho
2467 1315 2749 1370 Christum
2810 1318 3022 1372 nudum
3074 1318 3355 1373 hominem
3413 1320 3742 1388 praedicasse

2154 1406 2312 1462 docet
2341 1406 2680 1477 Epiphanius
2712 1425 2725 1461 :
2766 1418 2823 1464 et
2848 1410 3093 1465 eamdem
3119 1410 3370 1466 haeresim
3395 1409 3738 1466 Theodotum

2160 1499 2420 1555 docuisse
2448 1502 2717 1566 noscitur,
2749 1503 2835 1557 cui
2859 1501 3179 1557 Cleobulum
3212 1502 3462 1572 adiungit
3490 1503 3737 1573 interpo-

2154 1591 2312 1646 lator.
2346 1589 2455 1646 Sua
2491 1591 2655 1662 igitur
2684 1592 3007 1649 Cleobulum
3034 1594 3345 1649 obscuritas
3378 1609 3486 1649 non
3519 1594 3670 1664 tegit.

2225 1682 2301 1738 De
2329 1682 2611 1739 Theodoto
2641 1694 2822 1740 autem
2873 1686 3124 1752 miniato,
3176 1687 3271 1755 qui
3312 1686 3380 1740 ad
3413 1700 3518 1740 nos
3569 1686 3738 1752 nihil,

2154 1774 2323 1829 miras
2369 1774 2530 1828 nobis
2572 1774 2924 1831 difﬁcultates
2962 1784 3115 1831 creat
3160 1786 3217 1830 et
3250 1775 3438 1832 turbas
3476 1776 3735 1831 concitat.

461 1869 791 1939 ἐπιστολῆς,
825 1880 884 1924 ut
932 1871 1174 1941 loquitur
1207 1871 1492 1944 Synesius,
1527 1872 1839 1942 Basilidem,
1874 1874 2035 1931 Theo-

2152 1864 2287 1919 Nam
2325 1865 2470 1935 quod
2496 1880 2623 1920 eum
2655 1867 2724 1921 ad
2762 1880 2823 1921 a.
2861 1867 2926 1922 Ι).
2968 1868 3073 1923 194
3103 1866 3291 1931 refert,
3343 1867 3474 1937 quid
3511 1868 3581 1922 ad
3608 1882 3736 1932 nos,

462 1961 656 2015 dctum
745 1972 840 2017 aut
869 1962 1192 2018 Cleobulum
1246 1980 1530 2034 nunquam
1583 1967 1907 2031 nominavit,
1955 1968 2050 2023 sed

461 2051 818 2121 interpolator
850 2070 865 2119 ;
909 2072 927 2105 ι
958 2054 1141 2108 omnis
1177 2063 1357 2109 autem
1396 2056 1745 2125 interpolatio
1781 2058 2051 2127 posterior

460 2141 728 2197 credenda
782 2152 900 2210 est,
934 2162 953 2195 ι
996 2153 1056 2199 ut
1106 2146 1352 2215 loquitur
1400 2146 1793 2204 Tertullianus.
1846 2149 2049 2206 Eorum

460 2232 684 2287 nomina
740 2235 794 2288 in
848 2235 1065 2290 laciniis
1122 2237 1269 2293 illius
1318 2239 1566 2309 epistolae
1616 2241 1758 2296 inter
1815 2244 2047 2299 miniata

458 2325 839 2394 reperiuntur;
874 2328 929 2381 in
961 2326 1152 2383 codice
1182 2328 1497 2385 Florentino
1520 2371 1535 2394 ,
1563 2343 1617 2386 et
1651 2332 1847 2390 Latino
1880 2336 2046 2391 inter-

458 2423 609 2484 prete
638 2417 860 2471 sincero
890 2434 998 2471 non
1031 2430 1329 2489 apparent;
1370 2422 1436 2476 ad
1487 2422 1783 2479 Baronium
1812 2426 2048 2485 fortasse

455 2514 512 2561 et
535 2504 889 2574 Halloixium,
917 2516 982 2563 ad
1010 2526 1110 2565 nos
1134 2528 1239 2566 non
1266 2516 1489 2569 omnino
1520 2517 1807 2585 pertinent.

527 2597 705 2668 Atque
737 2600 853 2655 [nec
880 2602 947 2655 ad
969 2601 1035 2656 10
1062 2613 1222 2674 caput
1251 2608 1537 2675 responsio
1561 2609 1809 2665 sufﬁcere
1836 2620 2042 2681 posset,

454 2686 560 2743 nisi
600 2703 725 2742 cum
763 2690 852 2743 illa
885 2692 1049 2747 verba
1072 2708 1138 2749 ex
1162 2712 1181 2745 ί
1210 2710 1313 2749 suo
1342 2696 1532 2767 lgnatii
1561 2700 1723 2755 simio
1756 2720 1774 2752 ι
1796 2703 1863 2755 ad
1884 2702 2042 2757 Tral-

452 2776 631 2831 lianos
648 2778 901 2835 adducit:
928 2801 946 2833 ι
970 2782 1163 2855 Fugite
1192 2787 1357 2841 etiam
1393 2788 1567 2858 ipsius
1596 2792 1917 2861 nequissimi
1944 2811 2042 2849 ne-

452 2878 630 2938 potes,
672 2869 1014 2928 Theodotum
1052 2886 1109 2931 ct
1136 2878 1482 2947 Cleobulum,
1517 2900 1536 2933 »
1570 2885 1919 2939 occasionem
1952 2903 2043 2941 ar-

452 2960 951 3029 riperetUsserium
975 2969 1139 3023 etiam
1182 2980 1237 3025 et
1260 2970 1663 3029 Hammondum
1689 2978 2038 3048 suggillandi.

456 3071 477 3105 α
508 3052 583 3107 Cll
603 3056 853 3123 obuium,
882 3060 1078 3129 inquit,
1110 3064 1274 3118 istum
1302 3082 1401 3120 sua
1439 3067 1752 3123 obscuritas
1785 3070 1859 3123 ita
1884 3073 2037 3142 tegit,

2151 1959 2246 2029 qui
2278 1958 2727 2028 interpolatorem
2758 1960 2968 2029 aliquot
2999 1968 3124 2029 post
3147 1959 3364 2015 saeculis
3407 1968 3595 2013 natum
3628 1977 3734 2031 pu—

2151 2048 2383 2103 tamus?
2434 2048 2591 2113 Quod
2641 2049 2843 2104 clamat
2894 2048 3183 2105 Usserium
3222 2068 3242 2101 ι
3273 2063 3340 2105 eo
3391 2050 3625 2117 ducere,
3678 2060 3738 2105 ut

2151 2140 2497 2197 Theodadem
2523 2157 2624 2212 pro
2654 2141 2955 2208 Theodoto,
2980 2152 3175 2212 praeter
3204 2143 3454 2198 omnium
3480 2144 3734 2198 codicum

2149 2234 2464 2290 Graecorum
2495 2234 2927 2306 Latinorumque
2959 2235 3144 2300 ﬁdem,
3178 2250 3532 2305 reponamus,
3566 2255 3586 2289 ι
3626 2251 3736 2290 ma-

2148 2346 2310 2401 gnam
2333 2331 2454 2385 viro
2477 2330 2827 2401 integerrimo
2854 2329 3110 2399 injuriam
3128 2329 3276 2385 facit.
3304 2329 3563 2387 Usserius
3585 2340 3736 2385 certe

2149 2420 2555 2491 interpolatoris
2585 2420 2963 2476 defensionem
2995 2438 3103 2476 non
3132 2421 3391 2491 suscepit,
3425 2436 3586 2491 quem
3619 2421 3737 2492 ipse

2146 2513 2358 2583 primus
2393 2514 2604 2569 detexit
2628 2524 2683 2567 et
2704 2514 2964 2580 conﬁxit;
2996 2530 3174 2583 neque
3202 2514 3506 2585 quidquam
3531 2523 3733 2570 contra

2145 2605 2398 2659 codicum
2430 2604 2591 2660 ﬁdem
2616 2604 2764 2669 fecit,
2799 2606 2892 2661 sed
2921 2621 3020 2675 pro
3048 2606 3314 2675 singulari
3340 2622 3451 2677 qua
3488 2607 3568 2662 uti
3594 2607 3734 2662 sole-

2147 2698 2239 2751 bat
2264 2697 2572 2767 diligentia,
2604 2698 2848 2752 codicem
2879 2697 3241 2754 Baliolensem
3262 2740 3279 2765 ,
3326 2715 3434 2755 non
3477 2698 3733 2753 Theodo-

2146 2797 2281 2856 tum,
2308 2791 2402 2846 sed
2436 2789 2794 2845 Theododum
2819 2791 3026 2846 habere
3058 2792 3342 2861 indicavit,
3384 2793 3533 2862 quod
3579 2809 3734 2847 coui-

2146 2897 2312 2936 mune
2369 2882 2574 2952 aliquid
2627 2899 2752 2938 cum
2813 2883 3035 2937 Θεοδὰδι
3090 2884 3293 2939 habere
3348 2885 3730 2939 tantummodo

2144 2976 2377 3029 monuit.
2432 2974 2797 3045 Iniquissima
2840 2976 3008 3047 igitur
3058 2987 3187 3031 sunt
3215 2976 3639 3032 vociferationes
3676 2988 3733 3033 et

2144 3068 2455 3127 calumniae.
2488 3068 2691 3136 quibus
2718 3068 2895 3122 virum
2922 3069 3399 3123 accuratissimum
3422 3079 3636 3123 onerat.

533 3145 688 3252 Sir-gul
712 3163 819 3202 non
847 3154 1037 3219 possit.
1062 3172 1081 3205 ι
1109 3153 1223 3210 Ιιηο
1254 3171 1383 3210 vero
1412 3158 1551 3212 adeo
1578 3161 1930 3229 perspicuum
1955 3176 2040 3220 est
2065 3196 2107 3252 Ο
2214 3158 2320 3215 Sed
2346 3169 2587 3215 «movet»
2609 3161 2788 3216 virum
2806 3163 3185 3218 doctissimum
3210 3161 3558 3234 «Hieronymi
3578 3164 3732 3218 locus

447 3236 772 3293 Cleobulum
810 3242 963 3297 illum
1012 3245 1158 3301 inter
1206 3247 1615 3304 vetustissimos
1664 3250 1954 3308 haereticos
2005 3270 2037 3309 a

451 3328 553 3385 SS.
588 3329 842 3391 Patrihus
875 3352 999 3393 esse
1042 3341 1400 3405 recensitum,
1435 3350 1495 3395 ut
1516 3342 1564 3396 si
1594 3356 1720 3397 eum
1751 3346 2037 3401 nominas-

446 3430 530 3475 set
562 3422 679 3491 ipse
705 3435 899 3481 auctor
920 3427 1167 3497 eplstolae
1194 3432 1261 3485 ad
1290 3430 1622 3501 Trallianos,
1651 3436 1802 3491 nulla
1834 3437 1961 3492 inde
1984 3439 2035 3493 ei

445 3512 517 3567 de
544 3514 872 3584 antiquitate
926 3518 996 3573 lis
1024 3521 1234 3575 moveri
1282 3533 1486 3591 posset.
1535 3525 1835 3585 Cleobulus
1862 3530 2032 3597 enim,

443 3604 560 3659 sive
588 3605 867 3676 Cleobius,
900 3609 1146 3667 Simonis
1193 3613 1500 3685 discipulus
1533 3616 1669 3684 fuit;
1700 3622 1845 3675 unde
1872 3621 2036 3677 Cleo-

442 3695 593 3751 biani
637 3714 762 3753 cum
808 3699 1157 3758 Dositheanis
1191 3714 1248 3760 et
1274 3706 1569 3764 Gorthenis
1611 3710 1847 3782 aliisque
1886 3716 2032 3769 anti-

441 3788 729 3859 quissimis
771 3793 1041 3851 haereticis
1072 3801 1343 3854 numerati
1377 3810 1525 3857 sunt.
1559 3802 1621 3859 B.
1654 3802 2032 3864 Theodoretus

444 3880 649 3939 ﬂaret.
702 3889 723 3959 ι
748 3887 819 3941 ib.
847 3888 943 3943 lib.
973 3905 1014 3953 ι,
1040 3906 1160 3960 cap.
1180 3893 1231 3957 l,
1250 3894 1318 3947 de
1345 3895 1717 3953 Simonianis:
1750 3900 1846 3953 Ἐκ
1866 3900 2031 3970 τῆσδε

436 3975 537 4046 τῆς
586 3979 923 4051 πικροτάτης
968 3982 1280 4053 ἀνεφύησαν
1335 3986 1492 4059 ῥίζης
1534 3989 1830 4043 Κλεοδανοὶ
1882 3989 2029 4060 [lege

437 4067 789 4139 Κλεοὸιανοὶ]
814 4073 1142 4140 Δοσιθεανοὶ,
1161 4078 1440 4150 Γορθηνοὶ,
1459 4082 1789 4145 Μασϐόθεοι,
1818 4083 2028 4154 Ἀδρια-

436 4162 632 4226 νισταὶ,
667 4162 995 4234 Εὐτυχηταὶ,
1046 4169 1333 4224 Κανισταί.
1381 4171 1450 4225 Et
1504 4172 1600 4226 lib.
1638 4188 1699 4237 tt,
1746 4189 1797 4227 c.
1844 4174 1896 4237 1,
1934 4176 2026 4229 ubi

438 4260 673 4307 testatur
700 4254 871 4311 Deum
902 4259 1242 4318 zizaniorum
1274 4280 1529 4335 magnam
1555 4275 1765 4334 partem
1801 4266 1857 4320 in
1887 4268 2029 4321 triti-

435 4356 564 4396 sum
596 4347 961 4415 convertisse,
998 4351 1112 4405 liaac
1160 4353 1324 4407 habet
1358 4371 1372 4408 :
1408 4355 1521 4407 Καὶ
1553 4356 1895 4427 μαρτυροῦσι
1934 4360 2028 4412 καὶ

435 4434 618 4498 πόλεις
641 4438 736 4491 καὶ
754 4439 938 4511 κῶμαι
968 4444 1065 4496 καὶ
1096 4443 1206 4497 τῶν
1240 4445 1485 4516 Σίμωνος
1529 4448 1625 4500 καὶ
1667 4448 1778 4501 τῶν
1809 4451 2025 4506 Μενάν-

2140 3264 2329 3308 contra
2388 3251 2689 3307 Helvidium
2741 3252 3080 3321 disputantis
3114 3295 3129 3319 ,
3200 3253 3408 3309 diserte
3453 3253 3729 3325 lgnatium

2140 3344 2285 3398 inter
2311 3344 2651 3413 apostolicos
2671 3343 2975 3411 scriptores
3000 3344 3239 3412 primum
3271 3344 3608 3399 recensentis
3633 3345 3730 3414 qui

2138 3442 2401 3498 adversus
2456 3440 2747 3505 Ebionem,
2795 3449 2851 3495 et
2886 3438 3230 3494 Theodotum
3278 3438 3621 3509 Byzantium,
3674 3448 3732 3495 et

2142 3534 2493 3588 Valentinum
2539 3534 2900 3603 scripserunt.
2948 3551 2965 3582 I
3002 3531 3178 3586 Caute
3208 3531 3325 3586 haec
3373 3531 3635 3600 primum,
3672 3541 3728 3586 et

2137 3625 2419 3681 indeﬁnite
2445 3644 2459 3679 :
2487 3633 2671 3679 movet
2696 3624 3002 3687 hominem,
3034 3622 3132 3677 sed
3162 3638 3293 3690 quo,
3320 3638 3430 3676 non
3454 3623 3725 3691 ostendit;

2137 3727 2197 3771 ut
2220 3718 2351 3787 quid
2373 3726 2648 3787 putetnon
2663 3716 2819 3771 addit
2842 3716 3007 3785 ;qnid
3025 3716 3149 3769 inde
3162 3716 3402 3785 colligat,
3429 3728 3530 3769 nos
3555 3714 3729 3769 latere

2134 3810 2327 3863 voluit.
2355 3812 2440 3862 An
2463 3817 2646 3863 movet
2674 3816 2734 3863 ut
2756 3807 3025 3877 lgnatium
3064 3807 3205 3862 inter
3236 3809 3568 3876 apostolicos
3585 3808 3728 3863 scri-

2134 3909 2322 3971 ptorcs
2372 3915 2480 3955 non
2517 3914 2780 3954 numeres
2805 3939 2821 3961 ,
2864 3914 2990 3954 cum
3031 3896 3402 3969 Hieronymus
3440 3898 3555 3968 ipse
3594 3914 3725 3952 eum

2131 3994 2334 4048 diserte
2347 3993 2491 4046 inter
2518 3992 2738 4047 eosdem
2755 3991 3038 4044 numeret?
3050 3990 3133 4044 Αη
3160 3999 3341 4045 movet
3355 4000 3415 4045 ut
3436 3990 3724 4045 existimes

2134 4083 2593 4152 interpolatorem
2628 4096 2829 4136 nomen
2865 4080 3176 4150 prodidisse
3199 4078 3466 4136 Theodoti
3506 4078 3720 4151 lgnatio

2126 4174 2390 4244 junioris,
2438 4174 2586 4244 quod
2642 4190 2805 4229 nemo
2860 4182 3111 4227 nostrum
3167 4174 3372 4242 negat?
3421 4174 3505 4226 An
3539 4181 3721 4227 movet

2130 4264 2498 4337 Hieronymus
2541 4274 2601 4320 nt
2646 4266 2753 4320 hoc
2811 4276 2994 4334 putes,
3054 4263 3151 4333 qui
3218 4264 3714 4331 interpolatorem,

2132 4367 2319 4428 utpote
2341 4374 2401 4414 se
2417 4359 2590 4413 multo
2616 4358 2892 4427 juniorem
2920 4370 3203 4424 nunquam
3234 4354 3406 4408 vidit?
3433 4352 3719 4422 Utcunque

2130 4452 2227 4515 sit,
2264 4451 2628 4519 undecunque
2650 4459 2749 4504 aut
2787 4464 3120 4520 quocunque
3148 4456 3433 4502 moveatur
3460 4445 3715 4509 Dallwus,

431 4525 582 4597 ὅρου,
611 4530 704 4583 καὶ
736 4530 1019 4597 Κλεοϐίου,
1052 4536 1148 4588 καὶ
1191 4537 1466 4602 Δοσιθέου,
1498 4540 1593 4591 καὶ
1626 4540 1890 4611 Γορθέου,
1930 4545 2025 4598 καὶ

2138 4552 2185 4599 et
2228 4542 2486 4598 Usserius
2529 4551 2585 4597 et
2630 4541 3010 4598 llammondus
3062 4540 3306 4609 vapulat.
3339 4537 3518 4603 Prior,
3567 4538 3713 4606 quod

443 4616 745 4690 Ἀδριανοῦ,
785 4625 878 4677 καὶ
912 4626 1254 4699 Σατορνίλου,
1289 4628 1383 4681 καὶ
1429 4629 1729 4697 Βασιλίδου,
1766 4636 1861 4688 καὶ
1902 4636 2027 4689 Ἰσι-

430 4710 629 4782 δώρου,
663 4715 760 4767 καὶ
783 4716 1241 4789 Καρποκράτους,
1274 4720 1369 4773 καὶ
1407 4721 1756 4791 Ἐπιφάνους,
1787 4726 1881 4779 καὶ
1913 4727 2023 4781 τῶν

429 4803 606 4858 ἄλλων
638 4804 980 4871 ἁπαξαπλῶς
1008 4808 1116 4859 τῶν
1151 4810 1407 4867 τοιούτων
1439 4810 1695 4875 ζιζανίων
1733 4816 2016 4888 ἀπηλλαγ-

433 4900 610 4970 μέναι.
631 4902 834 4957 Auctor
850 4895 1150 4965 [inperfecti
1189 4904 1357 4959 operis
1386 4903 1444 4956 in
1476 4902 1812 4975 Mattlueum,
1828 4912 2015 4966 liomil.

427 4991 536 5046 48:
573 5008 595 5045 ί
622 4991 898 5050 Venerunt
919 4997 1066 5050 enim
1097 4993 1395 5051 Dositbeus
1420 5008 1473 5052 et
1498 4998 1685 5055 Simon
1708 5019 1765 5058 ei
1793 5003 2017 5060 Cleonis

426 5077 569 5153 [lege
619 5084 918 5165 Cleobius]
977 5105 994 5128 ι
1021 5086 1150 5143 Haec
1182 5090 1259 5143 illi
1290 5105 1360 5145 ex
1392 5093 1780 5162 antiquissimo
1830 5112 2015 5153 rerum

425 5176 930 5233 ecclesiasticarum
980 5180 1249 5249 scriptore
1296 5181 1623 5255 Hegesippo,
1669 5188 1811 5257 apud
1844 5188 2015 5246 Euse-

424 5265 576 5320 bium
606 5266 702 5321 lib.
738 5284 812 5334 tv,
857 5283 907 5323 c.
958 5268 1055 5337 22,
1088 5271 1183 5340 qui
1227 5270 1514 5329 Cleobium
1569 5276 1717 5333 hunc
1748 5279 1802 5333 in
1836 5281 2012 5350 prima

424 5357 810 5413 haereticorum
854 5364 1033 5417 classe
1075 5364 1345 5421 collocat:
1388 5368 1505 5437 Ἀφ’
1538 5360 1614 5422 ὧν
1645 5371 1851 5443 Σίμων,
1890 5374 2013 5428 ὅθεν

422 5447 768 5519 Σιμωνιανοὶ,
799 5452 894 5507 καὶ
910 5455 1189 5521 Κλεόϐιος,
1221 5457 1344 5512 ὅθεν
1376 5460 1714 5531 Κλεοὸιανοὶ,
1742 5466 1840 5518 καὶ
1861 5466 2015 5519 Δοσι-

422 5539 566 5604 θεος,
610 5540 734 5596 ὅθεν
765 5545 1096 5603 Δοσιθεανοί.
1128 5549 1386 5607 Cleobius
1417 5553 1581 5623 igitur
1636 5554 1848 5611 Simoni
1881 5574 2011 5629 syn-

420 5631 667 5689 chronus
691 5634 809 5706 ipso
835 5636 1043 5709 lgnatio
1063 5654 1299 5714 martyre
1320 5646 1599 5717 antiquior
1629 5646 1750 5702 fuit.
1777 5648 1883 5705 Sed
1904 5668 1924 5699 ι
1949 5660 2009 5705 ut

422 5723 570 5780 hunc
592 5725 917 5785 Cleobulum
951 5734 1227 5800 eumdem,
1262 5736 1459 5805 inquit,
1497 5755 1623 5793 cum
1649 5738 1877 5795 Cleobio
1908 5742 2005 5799 illo

416 5812 901 5888 fuisse‘putemus.
927 5826 1089 5889 cuius
1119 5827 1176 5883 ﬁt
1206 5828 1500 5888 aliquoties
1535 5833 1680 5890 aoud
1704 5833 2004 5893 scriotorcs

2134 4651 2153 4685 ι
2187 4634 2436 4689 videatur
2465 4631 2857 4703 Hieronymum
2881 4647 3080 4701 capere
3113 4646 3221 4685 non
3248 4632 3315 4685 de
3337 4628 3715 4699 cpistolis,scd

2125 4728 2194 4783 de
2223 4728 2333 4782 alio
2377 4727 2566 4797 aliquo
2607 4725 2795 4795 lgnatii
2826 4741 2993 4796 opere
3020 4725 3169 4795 quod
3200 4724 3347 4779 illius
3382 4739 3498 4778 aevo
3541 4722 3715 4776 exsti-

2126 4822 2274 4887 terit,
2305 4832 2500 4876 nostro
2529 4819 2925 4874 desideretur.»
2946 4816 3015 4871 At
3043 4814 3305 4871 Usserius
3338 4815 3404 4868 de
3430 4813 3524 4867 tali
3550 4828 3715 4881 opere

2124 4915 2265 4971 nihil
2296 4912 2681 4969 tantummodo
2731 4911 2831 4975 ait,
2886 4912 2943 4967 id
3000 4910 3149 4981 quod
3207 4908 3558 4963 verissimum
3589 4921 3717 4961 esse

2121 5020 2317 5060 omnes
2343 5003 2688 5060 concedent:
2725 5021 2743 5053 ι
2778 5001 2840 5057 Si
2867 5001 3137 5057 Theodoti
3167 4998 3401 5053 Coriarii
3437 4999 3492 5051 in
3525 4997 3719 5066 aliquo

2119 5112 2286 5166 opere
2312 5111 2513 5151 nomen
2539 5094 2733 5165 lgnatii
2762 5094 3083 5163 praeferente
3111 5091 3256 5147 facta
3293 5091 3459 5145 fuerit
3479 5090 3714 5159 mentio,

2118 5186 2412 5243 manifesta
2442 5187 2847 5258 ψευδογραφιας
2894 5202 2958 5241 ex
2991 5186 3109 5255 ipsa
3138 5194 3448 5254 temporum
3482 5185 3719 5239 convin-

2120 5287 2284 5333 catur
2314 5278 2554 5333 ratione.
2596 5296 2615 5329 ι
2650 5275 2769 5331 Non
2793 5277 3034 5333 asseruit
3060 5276 3168 5331 tale
3212 5291 3351 5346 opus
3384 5273 3712 5345 Hieronymi

2117 5377 2276 5425 aetate
2319 5368 2621 5437 exstitisse,
2680 5386 2791 5425 non
2825 5369 2967 5424 alios
3022 5367 3236 5441 lgnalio
3290 5371 3460 5426 libros
3495 5368 3715 5424 afﬁnxit

2119 5460 2398 5529 Usserius,
2430 5472 2489 5518 ut
2520 5462 2828 5518 frnstranea
2858 5463 3021 5533 plane
3045 5464 3117 5518 sit
3151 5472 3265 5519 tota
3297 5464 3414 5519 haec
3442 5462 3712 5519 adversus

2113 5568 2238 5611 eum
2266 5556 2518 5612 instituta
2564 5556 2888 5627 disputatio.
2918 5555 2989 5611 Et
3016 5573 3142 5612 cum
3184 5572 3404 5613 errores
3433 5553 3708 5610 Theodoti

2114 5648 2167 5703 in
2195 5648 2283 5704 liis
2309 5649 2560 5719 epistolis
2606 5649 2955 5719 apertissime
2984 5649 3215 5704 refutari
3248 5651 3346 5714 ait,
3376 5665 3446 5704 ne
3496 5648 3549 5702 id
3578 5648 3706 5717 qui-

2111 5742 2234 5797 dem
2263 5741 2560 5812 quisquam
2581 5750 2762 5812 negat.
2790 5740 2933 5797 Nulli
2958 5752 3139 5798 autem
3160 5742 3252 5797 alii
3276 5757 3500 5797 errores
3523 5739 3705 5795 Theo-

2111 5835 2226 5893 doti
2257 5835 2312 5891 in
2344 5835 2452 5891 illis
2479 5835 2809 5898 refutantur.
2854 5836 2959 5893 nisi
2988 5837 3083 5904 qui
3119 5836 3186 5893 ad
3218 5834 3510 5894 Ebionaaos
3535 5830 3704 5906 perti-
