4078 6408
309 393 420 449 285

1008 393 1059 450 J.
1102 389 1470 450 PEARSONH
1507 392 1830 450 VINDICL/E
1865 392 2286 451 lGNATlANIE.
2331 428 2400 438 —-
2436 392 2620 451 PARS
2652 395 2719 450 11.

310 511 543 578 nebant,
588 522 643 567 et
674 511 951 567 Ehiouem
985 513 1150 568 simul
1180 530 1305 570 cum
1330 514 1618 570 Theodoto
1650 507 1903 571 nominat
1928 521 1978 579 Α
2004 518 2097 587 qui
2122 516 2216 572 diu
2244 523 2370 588 post
2390 520 2586 571 eorum
2617 524 2848 570 mortem
2872 521 3097 568 exortus
3122 520 3229 576 est,
3247 510 3349 565 sub
3378 507 3601 566 Victore

308 597 723 675 Hieronymus:
756 620 861 659 nec
882 606 936 658 in
971 606 1076 660 hoc
1104 607 1284 675 capite
1306 605 1376 659 de
1397 608 1587 661 hteresi
1617 608 1901 676 quaeritur,

308 692 410 747 sed
432 691 506 746 de
533 691 793 747 haeretici)
813 733 827 757 ,
877 709 1039 764 quem
1076 699 1147 749 ab
1184 695 1395 765 lgnatio
1424 696 1767 751 nominatum
1809 706 1907 753 aut

311 782 620 839 refutatum
660 798 952 857 negamus.
992 786 1231 843 Haeresis
1278 788 1549 844 Theodoti
1592 789 1649 843 in
1698 789 1909 845 Ebione

311 886 369 931 et
398 875 675 932 Cerintho
710 877 949 933 refutata
979 888 1083 945 est,
1116 878 1435 937 Theodotus
1464 880 1583 951 ipse
1633 881 1689 936 in
1718 883 1911 952 genui-

313 969 403 1025 nis
432 970 690 1038 epistolis
721 971 963 1027 intaetus
995 979 1099 1026 est.

394 1080 416 1113 ι
450 1060 836 1117 Hammondus
877 1078 1009 1117 vero
1044 1062 1346 1118 conﬁtetur
1380 1077 1491 1119 non
1535 1078 1759 1119 necesse
1788 1076 1913 1118 esse

316 1163 378 1208 ut
423 1155 674 1224 lgnatius
722 1152 988 1211 adversus
1020 1156 1373 1213 Valentinum
1422 1166 1517 1211 aut
1567 1156 1913 1211 Theodotum

314 1248 608 1302 volumina
634 1262 776 1302 nova
808 1248 1096 1317 scripsisse
1130 1250 1373 1305 dicatur.
1407 1270 1427 1303 ι
1466 1249 1634 1306 Recte
1672 1252 1788 1305 haec
1822 1249 1915 1307 ille

316 1339 573 1411 quidem,
624 1356 737 1396 non
789 1350 849 1396 ut
889 1340 1114 1397 Usserio
1145 1343 1574 1407 contradiceret,
1633 1342 1728 1412 qui
1779 1341 1916 1396 illud

319 1448 555 1488 necesse
576 1448 703 1488 esse
721 1449 1002 1503 nunquam
1032 1435 1189 1500 dixit,
1212 1435 1307 1490 sed
1332 1444 1392 1489 ut
1414 1433 1806 1505 Hieronymum
1832 1433 1919 1488 in-

321 1532 745 1593 terpretaretur,
776 1524 937 1593 cujus
970 1527 1135 1580 verba
1171 1542 1281 1580 non
1312 1527 1627 1595 conjuncte,
1685 1526 1780 1581 sed
1835 1525 1920 1580 di-

319 1614 485 1667 visim
533 1614 891 1685 intelligenda
924 1629 1049 1670 esse
1095 1617 1314 1671 censuit
1344 1634 1357 1670 :
1386 1616 1550 1686 idque
1611 1615 1923 1671 rectissime

319 1706 683 1761 observatum
715 1722 839 1761 esse
862 1707 1058 1777 liquet,
1089 1709 1136 1762 si
1170 1708 1238 1762 de
1269 1708 1494 1778 scriptis
1543 1724 1654 1762 non
1708 1716 1920 1763 tantum

320 1796 597 1851 adversus
620 1796 879 1862 haereses,
893 1798 988 1852 sed
1009 1805 1063 1853 et
1080 1798 1229 1867 ipsos
1251 1799 1539 1854 haereticos
1563 1798 1919 1870 intelligatur.

319 1885 517 1957 Neque
547 1890 699 1943 enim
727 1888 1065 1959 Polycarpus
1096 1866 1289 1945 contra
1333 1888 1708 1957 Valentinum,
1746 1866 1926 1959 neque
1958 1866 2000 1923 Β

322 1978 614 2046 Justinus,
666 1980 753 2035 vel
813 1979 1090 2043 lrenmus,
1127 1989 1393 2050 quantum
1449 1981 1690 2047 scimus,
1741 1988 1931 2035 contra

322 2071 726 2138 Theodotum,
809 2087 1069 2142 expresse
1154 2073 1426 2142 scripsit;
1498 2082 1644 2127 certe
1693 2080 1931 2142 quatuor

324 2165 452 2221 illos
506 2179 702 2219 omnes
763 2166 1094 2234 apostolicos
1138 2165 1285 2219 viros
1325 2164 1590 2219 adversus
1644 2172 1756 2218 tres
1810 2163 1931 2219 illos

325 2256 625 2310 haereticos
676 2256 879 2311 diserte
914 2271 1027 2309 non
1071 2255 1361 2325 scripsisse
1390 2264 1649 2321 constat;
1696 2267 1751 2310 et
1801 2255 1928 2310 inde

325 2356 478 2403 recte
506 2347 791 2419 colligitur
828 2347 898 2401 ad
932 2345 1250 2419 Hieronymi
1281 2356 1520 2402 mentem
1547 2346 1684 2402 satis
1701 2360 1825 2402 esse
1861 2360 1924 2401 ea

323 2457 453 2512 qua:
485 2440 739 2512 lgnatius
769 2442 826 2495 in
854 2442 1108 2512 epistolis
1148 2450 1340 2496 contra
1393 2439 1658 2495 Ebionem
1686 2447 1741 2494 et
1768 2438 1921 2495 Gno-

326 2534 499 2589 stieos
521 2533 769 2603 scripsit,
792 2533 1012 2588 etiamsi
1045 2532 1179 2586 nihil
1201 2532 1466 2586 adversus
1496 2528 1850 2585 Valentinum
1871 2538 1928 2586 et

326 2625 683 2680 Theodotum
710 2624 1055 2693 scripserint.
1087 2622 1166 2677 Ita
1192 2622 1413 2691 quidem
1434 2621 1606 2677 sensit
1624 2619 1925 2677 Hammon-

322 2719 471 2784 dus;
497 2736 517 2769 ι
538 2717 632 2772 ille
653 2731 784 2771 vero
812 2715 1040 2780 fallitur,
1074 2716 1253 2786 inquit
1279 2714 1539 2780 Dallteus,
1560 2721 1616 2768 et
1646 2714 1918 2768 rationem

325 2809 520 2864 statim
549 2808 751 2875 reddit,
788 2824 916 2862 nam
945 2808 1049 2861 nisi
1081 2806 1326 2877 lgnatius
1357 2814 1546 2859 contra
1580 2804 1922 2859 Theodotum

327 2902 628 2971 scripsisse
655 2901 1014 2971 intelligatur,
1048 2900 1259 2970 liquido
1291 2898 1488 2953 falsum
1530 2899 1636 2952 erit
1670 2897 1818 2967 quod
1845 2896 1923 2952 ait

327 2992 727 3064 Hieronymus.
772 3012 792 3046 ι
824 2993 962 3047 Mira
994 2994 1109 3047 haec
1142 2991 1421 3057 assertio;
1457 2990 1555 3045 sed
1605 2997 1661 3044 et
1710 2990 1922 3044 ratione

326 3101 431 3141 sua
464 3086 618 3155 quali
643 3085 794 3155 quali
837 3101 947 3140 non
971 3097 1142 3139 caret.
1179 3082 1382 3136 «Nemo
1408 3082 1554 3136 enim
1583 3080 1920 3150 apostolicus

324 3190 528 3237 contra
543 3195 673 3235 eum
706 3179 945 3247 scripsit,
977 3192 1086 3230 non
1115 3174 1468 3247 Polycarpus,
1492 3190 1556 3229 ac
1584 3189 1652 3227 ne
1679 3172 1918 3228 lreuaeus

325 3273 557 3343 quidem
591 3281 685 3326 aut
707 3270 982 3335 Justinus,
1008 3277 1105 3323 aut
1125 3267 1418 3336 quisquam
1441 3256 1703 3334 'ejusdem
1729 3276 1929 3317 census

326 3364 500 3427 alius,
534 3372 598 3417 ut
621 3362 785 3432 plane
813 3376 1039 3416 necesse
1062 3360 1135 3415 sit
1154 3359 1223 3413 ad
1246 3358 1513 3429 lgnatium
1537 3356 1727 3412 referri
1743 3372 1863 3425 quae
1874 3356 1941 3410 de

329 3454 627 3510 Theodoto
677 3454 813 3509 dicit
843 3452 1234 3523 Hieronymus.
1273 3468 1294 3502 ι
1335 3448 1443 3504 Sed
1477 3458 1532 3504 et
1569 3448 1706 3503 mihi
1737 3449 1942 3518 pariter

327 3549 624 3618 disputare
656 3546 802 3601 licet.
858 3544 1030 3599 Nemo
1077 3542 1414 3613 apostolicus
1442 3550 1637 3597 contra
1671 3538 1934 3595 Theodo-

330 3650 451 3695 tum
485 3639 733 3709 scripsit,
757 3653 865 3694 non
886 3636 1131 3708 lgnatius
1161 3644 1396 3706 martyr,
1419 3650 1529 3689 non
1553 3631 1827 3699 Justinus,
1848 3638 1945 3686 aut

331 3732 603 3797 lrenaaus,
635 3741 693 3786 ut
732 3745 961 3785 necesse
992 3730 1066 3784 sit
1090 3728 1160 3783 ad
1185 3726 1555 3799 Polycarpum
1588 3723 1783 3780 referri
1819 3738 1945 3793 qua:

329 3827 472 3882 dicit
504 3824 900 3896 Hieronymus.
936 3822 1012 3877 lta
1047 3820 1372 3884 deJustino,
1408 3820 1485 3874 ita
1512 3818 1582 3873 de
1612 3816 1839 3872 Irenaeo.
1876 3814 1947 3871 Ut

346 3921 471 3974 haec
509 3918 698 3974 omnia
729 3924 876 3971 recte
907 3914 1301 3984 intelligantur,
1322 3924 1378 3966 et
1400 3908 1792 3981 disputationis
1819 3907 1947 3962 Dal-

328 4011 530 4069 lzanat
568 4011 921 4067 imbecillitas
952 4016 1237 4079 appareat,
1268 4006 1426 4062 locus
1467 4002 1793 4074 Hieronymi
1827 4017 1948 4057 om-

336 4110 477 4163 nino
508 4106 831 4163 recitandus
880 4115 985 4172 est,
1017 4119 1181 4174 quem
1218 4103 1311 4157 ille
1363 4109 1523 4157 caute
1567 4097 1942 4171 praetermisit.

330 4202 523 4259 Verba
570 4202 695 4273 ejus
722 4202 989 4257 adversus
1020 4198 1334 4253 Helvidium
1383 4197 1500 4251 haec
1530 4205 1661 4251 sunt
1691 4212 1704 4247 :
1738 4212 1758 4245 ι
1788 4191 1944 4248 Nun-

330 4297 475 4367 quid
508 4310 620 4350 non
666 4310 896 4365 possum
941 4292 1041 4348 tibi
1092 4301 1263 4372 totam
1309 4299 1556 4344 veterum
1606 4287 1943 4357 scriptorum

329 4389 539 4445 seriem
558 4400 935 4451 commovere,
948 4384 1217 4456 lgnatium
1227 4425 1241 4450 ,
1254 4382 1641 4454 Polycarpum,
1656 4378 1943 4445 Irenaeum,

328 4481 623 4537 Justinum
668 4490 986 4551 martyrem,
1025 4478 1337 4546 multosque
1368 4475 1508 4529 alios
1534 4471 1874 4543 apostolicos
1890 4479 1947 4527 et

2010 610 2272 680 episcopo
2304 608 2577 673 Romano,
2618 607 2669 661 id
2692 615 2776 661 est
2796 607 2943 661 circa
2980 620 3029 661 a.
3065 603 3125 656 Ι).
3158 602 3286 666 200,
3315 617 3427 671 quo
3457 612 3599 655 tem-

2007 719 2141 775 pore
2175 701 2497 758 incredibile
2521 709 2607 755 est
2629 713 2962 769 quemquam
3011 710 3203 751 eorum
3246 695 3474 754 vixisse.
3500 693 3598 763 qui

2009 797 2288 866 apostolos
2306 796 2575 856 viderant,
2597 806 2789 847 omnes
2819 799 2946 845 ante
2984 804 3034 843 a.
3065 788 3127 842 Ι).
3156 789 3260 843 100
3293 798 3592 843 mortuos.»

2011 886 2119 943 Ubi
2168 888 2346 957 primo
2379 884 2711 955 apostolicos
2742 882 2891 936 viros
2943 880 3105 934 habet
3148 894 3247 950 pro
3279 879 3347 933 iis
3380 888 3595 931 tantum

2012 980 2108 1051 qui
2146 978 2429 1049 apostolos
2475 976 2747 1043 viderant,
2778 974 2925 1044 quod
2959 983 3043 1028 est
3085 988 3117 1026 a
3166 981 3346 1026 mente
3398 968 3592 1023 Hiero-

2013 1073 2165 1144 nymi
2217 1085 2447 1141 prorsus
2500 1070 2763 1124 alienum.
2821 1065 2963 1121 Cum
3021 1064 3169 1119 enim
3223 1062 3501 1117 Justinum
3544 1068 3600 1115 et

2014 1164 2280 1221 Irenaeum
2309 1164 2556 1231 aliosque
2572 1160 2906 1231 apostolicos
2929 1158 3180 1219 advocat,
3200 1162 3294 1209 eos
3313 1156 3462 1224 ipsos
3483 1152 3607 1208 sine

2015 1257 2184 1313 dubio
2212 1271 2313 1326 pro
2341 1254 2657 1325 apostolicis
2684 1251 2903 1307 habuit:
2931 1259 2987 1303 at
3016 1264 3192 1315 neque
3224 1246 3480 1311 lrcnzeus,
3506 1259 3604 1297 nc-

2018 1365 2126 1420 que
2166 1348 2419 1405 Justinus
2468 1347 2780 1417 apostolum
2836 1343 3008 1397 ullum
3051 1340 3205 1395 vidit.
3248 1338 3324 1393 lla
3356 1339 3519 1393 etiam
3548 1344 3605 1390 et

2021 1441 2115 1497 alii
2144 1441 2471 1508 loquuntur,
2522 1436 2993 1493 ut‘Theodorotus
3022 1431 3222 1486 Haeret.
3282 1429 3394 1496 Μ).
3431 1429 3524 1482 lib.
3560 1442 3599 1490 ι,

2020 1549 2070 1589 c.
2103 1533 2180 1587 2:
2214 1532 2325 1586 Καὶ
2356 1533 2664 1603 Εἰρηναῖος,
2711 1523 2772 1582 οὗ
2808 1526 2901 1581 καὶ
2947 1523 3182 1596 πρόσθεν
3223 1520 3604 1592 ἐμνήσθημεν,

2021 1622 2376 1687 ἀποστολικὺς
2408 1623 2466 1676 δὲ
2493 1623 2590 1677 καὶ
2620 1616 2775 1684 οὗτος
2802 1620 2973 1689 ἀνήρ,
3002 1636 3022 1671 ‹
3058 1626 3115 1672 et
3158 1615 3417 1681 lrenmus,
3446 1614 3607 1683 cujus

2024 1732 2190 1787 supra
2223 1715 2604 1780 meminimus,
2633 1714 2717 1767 vir
2742 1712 2885 1767 idem
2917 1725 3140 1782 quoque
3161 1708 3502 1778 apostolicus
3536 1725 3549 1759 :
3582 1724 3601 1756 ι

2024 1819 2080 1865 ct
2125 1826 2318 1865 rursus
2344 1824 2468 1878 cap.
2496 1809 2565 1863 5:
2600 1805 2896 1878 Εἰρηναίω
2937 1804 3033 1858 τοῦ
3064 1803 3164 1873 τὴν
3198 1800 3468 1872 Ἑσπέραν
3503 1816 3611 1867 φω-

2028 1901 2280 1956 τίσαντος
2342 1898 2537 1970 ἀνδρὸς
2597 1894 2957 1952 ἀποστολικοῦ
3010 1892 3400 1965 παραθήσομαι
3472 1905 3612 1960 μαρ-

2032 1992 2260 2065 τυρίαν,
2298 2011 2317 2045 ι
2362 1990 2551 2047 lrenaei
2588 1990 2694 2045 viri
2740 1987 3053 2060 apostolici,
3109 1985 3206 2056 qui
3255 1982 3609 2039 Occidentem

2032 2084 2349 2150 illustravit,
2406 2081 2686 2153 proferam
2738 2079 3141 2137 testimonium.
3186 2096 3205 2130 ι
3248 2076 3320 2130 At
3373 2073 3613 2128 lrenmus

2030 2176 2243 2245 aliquot
2269 2175 2433 2230 annis
2455 2181 2675 2245 post_a.
2719 2172 2784 2228 Ι),
2817 2172 2947 2235 200,
2978 2179 3232 2225 mortuus
3263 2176 3367 2232 est,
3417 2174 3479 2220 ut
3510 2179 3614 2219 nec

2031 2268 2089 2324 S.
2122 2242 2387 2324 Joannem
2415 2242 2617 2322 viderit
2637 2274 2765 2321 ante
2800 2281 2856 2320 a.
2884 2264 2946 2318 D.
2985 2264 3092 2318 100
3116 2262 3459 2317 defunctum.
3491 2257 3612 2312 Non

2028 2362 2198 2432 igitur
2234 2360 2358 2416 ideo
2396 2359 2775 2415 Theodoretus
2802 2357 3066 2412 Irenaeum
3100 2355 3277 2409 virum
3322 2350 3621 2421 apostoli-a

2028 2468 2155 2509 cum
2194 2452 2504 2523 appellavit,
2537 2450 2682 2519 quod
2737 2448 3048 2519 apostolum
3082 2446 3320 2514 aliquem
3360 2443 3415 2497 in
3450 2440 3614 2496 terris

2024 2544 2246 2612 viderit,
2281 2542 2375 2599 sed
2396 2543 2543 2612 quod
2574 2550 2742 2605 esset,
2769 2548 2830 2594 ut
2856 2539 2973 2607 ipse
3003 2538 3132 2592 alibi
3152 2552 3278 2591 cum
3304 2534 3616 2604 Epiphanio

2025 2635 2290 2705 loquitur,
2326 2632 2436 2687 τῶν
2471 2632 2783 2687 ἀποστόλων
2817 2631 3080 2700 διάδοχος,
3106 2638 3165 2682 ut
3195 2628 3252 2683 S.
3287 2627 3527 2682 Basilius
3548 2625 3618 2679 de

2030 2724 2239 2795 Spiritu
2281 2734 2477 2781 sancto
2511 2738 2635 2793 cap.
2663 2723 2756 2785 ‘29,
2780 2722 2947 2790 ἐγγὺς
2972 2720 3284 2774 ἀποστόλων
3306 2718 3617 2788 γενόμενος,

2023 2826 2085 2872 ιιι
2113 2817 2171 2871 S.
2199 2816 2563 2887 Augustinus,
2599 2829 2708 2869 non
2735 2814 2893 2883 longe
2916 2828 2946 2866 a
2976 2812 3310 2882 temporibus
3341 2809 3621 2879 apostolo-

2022 2927 2167 2966 rum.
2196 2908 2371 2965 Vocat
2394 2925 2521 2965 cum
2544 2909 2766 2978 quidem
2788 2906 3175 2977 Hieronymus,
3201 2912 3261 2959 ut
3290 2904 3403 2967 hic,
3437 2903 3619 2957 virum

2021 3002 2418 3072 apostolicum,
2449 3002 2522 3056 ita
2552 3002 2714 3064 alibi,
2746 3001 2926 3054 virum
2951 2998 3377 3069 apostolicorum
3409 3002 3622 3063 tempo-

2024 3112 2170 3162 rum,
2192 3111 2303 3151 non
2329 3096 2478 3166 quod
2507 3097 2656 3165 ipsos
2681 3094 2962 3164 apostolos
2998 3091 3216 3157 viderit,
3265 3089 3360 3145 sed
3393 3096 3624 3158 aposto-

2029 3189 2212 3243 lorum
2256 3188 2581 3257 discipulos.
2628 3185 2706 3241 ita
2748 3186 2894 3241 enim
2941 3185 3185 3255 loquitur
3222 3181 3453 3251 epistola
3512 3180 3578 3234 l9
3608 3196 3621 3206 ·

2046 3301 2065 3333 ι
2094 3280 2334 3336 lrcnzcus
2362 3280 2446 3335 vir
2479 3280 2911 3350 apostolicorum
2957 3287 3289 3348 temporum,
3322 3284 3377 3330 et
3419 3273 3622 3344 Papiae,

2040 3375 2306 3430 auditoris
2356 3374 2710 3443 evangelista:
2762 3372 3033 3435 Joannis,
3091 3370 3418 3440 discipulus.
3469 3386 3488 3419 ι
3547 3367 3625 3419 Ita

2042 3464 2382 3537 llcgcsippus
2407 3465 2605 3521 Photio
2640 3466 2840 3519 dicitur
2868 3466 3095 3537 ἀρχαῖος
3119 3463 3259 3534 ἀνὴρ
3279 3462 3374 3515 καὶ
3394 3460 3628 3513 ἀποστο-

2041 3556 2225 3621 λικός,
2258 3558 2381 3612 cod.
2422 3557 2566 3622 239.,
2610 3557 2703 3625 qui
2747 3556 2985 3611 Eusebio
3024 3553 3343 3624 perhibetur
3386 3550 3480 3603 ἐπὶ
3524 3548 3628 3618 τῆς

2000 3698 2003 3699 ,
2044 3648 2268 3720 πρώτης
2296 3647 2405 3701 τῶν
2443 3648 2757 3701 ἀποστόλων
2798 3646 3090 3717 γενόμενος
3122 3644 3394 3713 διαδοχῆς,
3437 3650 3494 3696 et
3522 3641 3629 3695 sub

2046 3738 2364 3794 Eleutherio
2393 3740 2685 3809 scripsisse
2707 3740 2974 3793 noscitur.
2992 3736 3201 3791 Revera
3229 3733 3473 3802 antiquis
3501 3747 3630 3802 apo-

2046 3834 2225 3890 stolici
2250 3833 2577 3889 dicebantur
2605 3832 2811 3903 duplici
2836 3831 3069 3897 ratione,
3097 3838 3211 3884 tum
3236 3828 3415 3883 aetatis
3443 3840 3629 3894 respe-

2046 3936 2159 3991 ctu,
2194 3935 2309 3980 tum
2363 3926 2659 3991 doctrinm;
2714 3933 2968 3993 respectu
3004 3920 3184 3976 aetatis
3209 3920 3375 3974 etiam
3408 3918 3444 3972 ii
3472 3916 3628 3971 dice-

2046 4018 2248 4074 bantur
2274 4017 2587 4087 apostolici,
2631 4017 2725 4086 qui
2764 4032 2890 4071 cum
2922 4014 3187 4084 apostolis
3213 4012 3471 4077 vixerint,
3503 4009 3625 4066 licet

2046 4112 2116 4166 ab
2143 4126 2334 4166 eorum
2372 4109 2625 4165 doctrina
2655 4109 3028 4172 dissentirent,
3059 4116 3119 4161 ut
3142 4105 3515 4160 Tertulliauus
3545 4102 3625 4155 lo-

2044 4200 2235 4271 quitur
2266 4199 2534 4255 adversus
2560 4198 2956 4269 Hermogenem
2980 4212 3029 4252 c.
3057 4199 3079 4251 t
3110 4213 3123 4249 :
3164 4216 3183 4248 ‹
3211 4194 3323 4251 Nec
3358 4196 3474 4263 ipse
3498 4207 3624 4262 apo—

2047 4294 2275 4350 stolicus
2305 4291 2679 4364 Hermogenes
2712 4292 2767 4346 in
2816 4292 3004 4362 regula
3056 4288 3464 4359 perseveravit;
3499 4305 3517 4336 ι
3552 4284 3631 4339 illi

2048 4395 2233 4441 autem
2284 4386 2578 4456 praecipue,
2612 4386 2705 4454 qui
2739 4383 3047 4439 doctrinam
3078 4383 3148 4436 ab
3173 4380 3441 4451 apostolis
3476 4392 3630 4432 rece-

2049 4486 2267 4548 perunt,
2298 4478 2432 4532 etin
2472 4493 2536 4532 ea
2578 4476 2954 4547 perstiterunt,
2986 4483 3047 4530 ut
3074 4474 3215 4529 idem
3234 4473 3308 4527 De
3331 4470 3631 4541 prwscript.

330 4577 667 4644 eloquentes
697 4571 848 4626 viros
874 4570 968 4640 qui
998 4568 1261 4624 adversus
1286 4567 1549 4622 Ebionem
1589 4573 1645 4620 et
1687 4562 1942 4618 Theodo-
1973 4586 2019 4643 ι)
2048 4570 2233 4627 lima.
2263 4585 2386 4639 cap.
2408 4569 2481 4624 32
2515 4588 2529 4623 ;
2572 4587 2591 4620 ι
2618 4568 2687 4623 Ui
2717 4568 3036 4638 primusiue
3071 4568 3365 4636 episcopus
3395 4564 3635 4633 aliquem

333 4676 457 4721 tum
477 4663 844 4735 Byzantinum
864 4661 942 4734 [et
967 4657 1670 4732 Valentinum]hzeceadem
1696 4656 1942 4712 sentien-

334 4770 422 4814 tes
443 4758 611 4829 plena
627 4755 910 4826 sapientiae
935 4754 1218 4809 volumina
1241 4753 1690 4822 conscripserunt
1708 4751 1870 4821 ?quae
1894 4748 1943 4805 si

333 4851 574 4922 legisses
598 4848 918 4918 aliquando,
952 4848 1077 4917 plus
1101 4861 1345 4916 saperes.
1372 4864 1390 4897 ι
1408 4843 1527 4899 Non
1560 4851 1773 4899 tantum
1804 4856 1944 4912 qua-

336 4953 472 4999 tuor
512 4950 806 4997 enumerat
848 4939 1241 5011 Hieronymus,
1282 4938 1375 4993 sed
1425 4945 1480 4991 et
1520 4956 1540 4989 ι
1574 4935 1778 4991 multos
1806 4933 1946 4989 alios

334 5036 685 5107 apostolicos
710 5043 765 5089 et
785 5028 1108 5103 eloquentes
1129 5031 1278 5087 viros
1298 5049 1318 5082 ι
1348 5030 1568 5101 adjicit,
1594 5029 1706 5083 imo
1735 5046 1754 5079 ‹
1776 5035 1946 5082 totam

333 5138 600 5196 veterum
653 5127 987 5197 scriptorum
1024 5125 1225 5181 seriem
1263 5143 1282 5176 ι
1318 5124 1574 5190 advocat,
1626 5135 1863 5192 quorum
1896 5119 1944 5175 si

336 5236 494 5278 unus
545 5219 753 5289 aliquis
790 5219 1056 5274 adversus
1101 5216 1449 5272 Theodotum
1496 5229 1758 5285 expresse
1809 5212 1947 5269 scri-

337 5315 546 5387 pserit,
578 5327 692 5368 non
729 5327 958 5367 necesse
987 5319 1092 5378 est,
1119 5318 1181 5365 ut
1211 5309 1265 5363 id
1294 5308 1567 5381 lgnatium
1595 5308 1793 5364 fecisse
1838 5323 1947 5378 pu-

340 5408 552 5471 taverit
584 5405 981 5477 Hieronymus,
1011 5403 1188 5476 magis
1213 5419 1378 5473 quam
1407 5402 1797 5474 Polycarpum,
1852 5411 1948 5456 aut

337 5503 659 5567 Justinum,
710 5510 806 5558 aut
856 5500 1149 5563 Irenaeum,
1190 5514 1429 5569 quorum
1471 5497 1747 5551 neminem
1783 5496 1835 5551 id
1864 5494 1949 5550 fe-

337 5600 492 5655 cisse
548 5598 754 5652 fatetur
792 5595 879 5651 vir
917 5593 1291 5651 doctissimus.
1349 5590 1457 5646 Sed
1512 5598 1567 5645 et
1613 5588 1742 5644 huic
1785 5588 1949 5643 etiam

342 5689 675 5763 objectioni.
707 5688 1055 5757 aliquatenus
1139 5686 1401 5741 occurrit.
1432 5703 1451 5737 ι
1487 5683 1777 5753 Quomodo
1804 5724 1819 5749 ,
1863 5684 1953 5737 in~

342 5793 495 5856 quit,
540 5782 629 5837 vel
680 5779 1040 5852 Polycarpus,
1096 5779 1179 5834 vel
1208 5776 1482 5844 Justinus,
1510 5777 1951 5847 velapostolico-

348 5891 482 5934 rum
510 5875 812 5947 quisquam
845 5882 1037 5930 contra
1070 5870 1411 5930 Theodotum
1439 5871 1681 5929 scribere
1703 5879 1955 5941 poterant

2046 4680 2113 4721 ex
2154 4664 2443 4734 apostolis,
2482 4662 2566 4717 vel
2602 4661 2924 4731 apostolicis
2953 4659 3109 4723 viris,
3144 4659 3239 4727 qui
3275 4668 3457 4711 tamen
3506 4667 3635 4710 eum

2048 4757 2318 4829 apostolis
2341 4754 2797 4826 perseveraverit,
2829 4751 3085 4807 habuerit
3132 4758 3414 4804 auctorem
3444 4755 3499 4801 et
3535 4761 3638 4800 an-

2046 4861 2418 4919 tecessorem;
2452 4870 2471 4903 ι
2498 4861 2552 4906 et
2572 4850 2737 4920 paulo
2764 4858 2925 4919 post:
2963 4864 2982 4898 ι
3016 4847 3139 4915 Ipsa
3171 4842 3422 4899 doctrina
3443 4854 3639 4894 eorum

2047 4960 2174 5001 cum
2200 4943 2502 5014 apostolica
2529 4948 2870 5012 comparata,
2902 4954 2971 4994 ex
2994 4933 3313 5000 diversitate
3333 4941 3388 4988 et
3407 4940 3632 4987 contra-

2048 5037 2241 5093 rietate
2276 5053 2376 5093 sua
2420 5051 2600 5105 neque
2643 5033 2879 5105 apostoli
2933 5030 3169 5100 alicujus
3211 5025 3458 5081 auctoris
3487 5038 3638 5089 esse,

2048 5144 2228 5199 neque
2276 5128 2604 5199 apostolici:
2638 5127 2768 5197 quia
2817 5124 2962 5181 sicut
3000 5120 3236 5193 apostoli
3267 5135 3376 5174 non
3421 5117 3641 5172 diversa

2048 5220 2196 5277 inter
2226 5236 2286 5277 se
2314 5221 2658 5286 docuissent,
2699 5219 2775 5273 ita
2799 5226 2854 5273 et
2876 5214 3167 5287 apostolici
3210 5227 3323 5267 non
3359 5206 3641 5264 contraria

2051 5313 2314 5383 apostolis
2341 5311 2716 5367 docuissent.»
2741 5309 3011 5379 Respectu
3041 5305 3331 5366 doctrinae,
3367 5301 3447 5356 illi
3473 5299 3643 5355 etiam

2052 5403 2342 5476 apostolici
2364 5403 2710 5469 dicebantur,
2742 5400 2837 5470 qui
2868 5399 3249 5469 apostolorum
3272 5394 3377 5448 lide
3404 5388 3645 5446 maxime

2053 5498 2379 5559 ﬂoruerunt,
2421 5495 2551 5550 licet
2600 5493 2880 5563 apostolos
2930 5493 3083 5561 ipsos
3137 5504 3247 5542 non
3309 5481 3643 5545 audiverint,

2053 5589 2245 5659 quales
2286 5594 2466 5650 erant,
2517 5583 2657 5638 forte
2715 5580 2933 5651 Papias,
2988 5575 3329 5647 Hegesippus
3386 5577 3535 5625 certe
3589 5572 3648 5622 et

2055 5684 2295 5738 lrenaeus
2326 5694 2340 5731 :
2370 5678 2515 5733 unde
2548 5674 2693 5747 apud
2732 5673 2791 5729 S.
2829 5671 3195 5727 Athanasium
3225 5663 3484 5722 hmreti’co
3512 5660 3646 5716 sim-

2056 5773 2271 5845 pliciter
2312 5770 2612 5841 opponitur
2646 5772 2675 5822 ὁ
2714 5766 2906 5830 πιστὸς
2941 5766 3036 5820 καὶ
3073 5758 3434 5822 divom-altato;
3482 5755 3644 5826 ἀνήρ,

2057 5881 2387 5940 quacunque
2404 5873 2561 5922 mtate
2584 5863 2801 5929 vixerit,
2836 5870 2969 5918 tom.
2989 5859 3031 5930 ι,
3061 5874 3184 5931 pag.
3215 5855 3344 5924 275,
3379 5852 3644 5911 uteadetu

3492 392 3598 447 286
3688 396 3697 402 ’
