4078 6422
468 392 575 446 237

1501 388 1561 447 S.
1603 389 1954 450 lGNATlUS.
1991 420 2059 434 -—
2112 385 2648 446 PROLEGOIIENA.

3633 379 3739 437 Μ

470 507 638 565 fuerit
690 508 831 565 inter
881 509 1032 565 viros
1087 511 1422 580 apostolicos
1449 511 1739 570 distinctio
1759 530 1883 580 qua
1915 513 2057 569 inter
2095 520 2130 576 ι
2163 520 2328 582 atque
2373 509 2499 565 ideo
2546 507 2744 563 falsum
2775 504 2945 562 fuisse
2976 500 3370 573 Hieronymum
3402 499 3721 555 conﬁtetur;

468 599 731 655 ecclesias
765 602 1100 672 apostolicas
1149 602 1271 660 fuit.
1300 604 1433 661 Alia
1461 606 1611 663 enim
1636 607 1883 662 ecclesia
1910 622 2046 677 apo-

469 691 678 747 stolica
728 692 1073 759 dicebantur,
1112 696 1260 764 quod
1316 697 1387 751 ab
1436 698 1699 768 apostolis
1749 700 1913 770 ipsis,
1955 711 2052 757 aut

468 783 788 852 apostolicis
821 785 957 840 viris
981 786 1222 843 fundata
1246 789 1377 854 sint,
1403 791 1525 846 alia
1542 792 1688 861 quod
1707 808 1832 847 cum
1860 803 2049 863 postea

467 884 672 930 exorta
701 875 830 941 sint,
862 894 988 933 cum
1020 880 1128 934 illis
1155 881 1478 950 apostolicis
1534 882 1590 937 in
1633 882 1887 939 doctrina
1916 899 2050 940 con-

466 968 738 1024 venirent.
762 967 1136 1027 Tertullianns
1156 972 1231 1028 De
1258 975 1560 1044 praescript.
1591 976 1774 1031 haret.
1800 992 1920 1048 cap.
1945 976 2046 1031 20:

470 1073 492 1108 ι
531 1056 782 1127 Apostoli
812 1060 1078 1117 ecclesias
1111 1063 1256 1133 apud
1284 1080 1734 1137 unamquamque
1771 1068 2048 1124 civitatem

469 1150 854 1219 condiderunt,
889 1168 919 1208 a
951 1155 1453 1224 quibustraducem
1487 1158 1611 1215 ﬁdei
1642 1170 1695 1216 et
1718 1161 1927 1216 semina
1952 1161 2051 1217 do-

462 1241 657 1298 ctrina
685 1254 896 1299 catera
946 1247 1145 1302 exinde
1183 1248 1432 1306 ecclesia
1488 1262 1751 1309 mutuata
1791 1263 1943 1318 sunt,
1995 1262 2051 1311 et

463 1335 710 1403 quotidie
737 1346 1064 1393 mutuantur
1088 1348 1149 1394 ut
1176 1342 1426 1399 ecclesia
1454 1345 1620 1412 ﬁant;
1655 1362 1719 1402 ac
1745 1362 1843 1417 per
1865 1348 1970 1402 hoc
1997 1358 2052 1404 et

467 1427 600 1496 ipsa
624 1430 942 1498 apostolica
984 1431 1342 1501 deputantur,
1373 1446 1433 1491 ut
1464 1437 1684 1493 soboles
1712 1440 2047 1510 apostolica-

463 1536 587 1577 rum
619 1524 999 1580 ecclesiarum.
1039 1546 1058 1579 »
1094 1526 1242 1583 idem
1272 1544 1395 1599 cap.
1427 1530 1536 1584 δὶς
1576 1549 1596 1583 ι
1624 1530 1741 1588 Hoc
1770 1534 1935 1587 moilo
1958 1549 2050 1589 ec-

462 1612 645 1669 clesia
660 1618 977 1685 apostolica
1004 1634 1204 1675 census
1235 1635 1368 1677 suos
1391 1622 1666 1688 deferunt,
1688 1623 1831 1680 sicut
1860 1624 2050 1683 var—

463 1719 706 1760 meorum
720 1706 967 1764 Ecclesia
996 1709 1357 1783 Polycarpum
1395 1732 1426 1770 a
1474 1714 1689 1773 Joanne
1717 1688 2046 1776 collocatum

463 1795 650 1864 refert,
674 1800 817 1855 sicut
843 1798 1217 1860 Romanorum
1262 1806 1604 1864 Clementem
1637 1826 1668 1865 a
1697 1809 1860 1866 Petro
1898 1813 2047 1867 ordi-

462 1899 651 1945 natum
688 1893 910 1962 itidem;
940 1898 1167 1965 perinde
1199 1901 1390 1970 utique
1433 1911 1487 1958 et
1532 1913 1743 1959 catera
1788 1905 2047 1961 exhibent
2078 1887 2122 1947 Β

460 1996 604 2052 quos
638 1985 707 2039 ab
742 1988 1008 2055 apostolis
1034 1989 1088 2043 in
1120 1992 1499 2062 episcopatum
1548 1998 1876 2055 constitutos
1912 2016 2045 2071 apo-

461 2078 642 2133 stolici
703 2082 935 2138 seminis
966 2085 1221 2142 traduces
1251 2088 1473 2145 habent.
1511 2109 1531 2143 I
1574 2090 1643 2146 Et
1676 2094 1840 2162 paulo
1864 2104 1989 2164 post
2031 2114 2045 2150 :

466 2189 487 2223 ι
522 2173 603 2228 Ad
629 2173 771 2230 banc
796 2176 982 2246 itaque
1019 2177 1255 2235 formam
1285 2184 1668 2252 probabuntur
1698 2188 1767 2242 ab
1793 2189 1901 2244 illis
1946 2188 2050 2244 Ec-

458 2264 662 2334 clesiis,
691 2284 815 2339 qua
847 2271 975 2325 licet
998 2273 1206 2327 nullum
1234 2291 1299 2330 ex
1327 2279 1592 2345 apostolis
1623 2281 1705 2335 vel
1730 2282 2048 2351 apostolicis

457 2367 739 2415 auctorem
779 2376 942 2417 suum
982 2365 1291 2435 proferant,
1350 2379 1413 2426 ut
1464 2372 1640 2427 multo
1689 2376 2045 2443 posteriores,

460 2457 643 2505 tamen
684 2451 742 2506 in
777 2455 967 2509 eadem
1018 2458 1123 2513 tlde
1145 2461 1529 2530 conspirantes
1552 2480 1659 2519 non
1693 2466 1876 2521 minus
1910 2482 2045 2537 apo-

458 2542 673 2599 stolica
692 2544 1030 2616 deputantur
1049 2566 1147 2619 pro
1175 2556 1655 2625 consanguinitate
1692 2558 1975 2615 doctrina.
2021 2580 2041 2613 ι

463 2630 533 2688 Ut
561 2634 728 2705 igitur
754 2638 1020 2695 ecclesias
1065 2644 1418 2712 apostolicas,
1450 2663 1573 2717 qua
1620 2659 1741 2720 post
1770 2652 2048 2721 apostolo-

458 2740 582 2779 rum
609 2734 857 2797 tempora
901 2741 1108 2793 exorta
1134 2745 1283 2801 sunt,
1322 2737 1396 2791 ita
1430 2747 1485 2793 et
1515 2742 1665 2796 viros
1708 2744 2046 2812 apostolicos

457 2818 843 2887 nominabant,
873 2823 968 2893 qui
1021 2827 1303 2894 apostolos
1353 2844 1635 2901 nunquam
1666 2833 1959 2891 viderunt:
1993 2846 2047 2893 et

457 2908 607 2977 quod
665 2910 734 2965 ad
791 2909 1182 2987 Hieronymum
1230 2929 1461 2988 spectat,
1522 2924 1721 2978 mirum
1782 2942 1889 2989 non
1938 2937 2043 2996 est,

453 3015 585 3055 eum
617 3002 693 3057 ita
722 3003 963 3060 locutum
1006 3023 1149 3073 esse,
1187 3012 1232 3066 si
1284 3014 1448 3069 verba
1481 3014 1679 3071 Rutiini
1715 3019 1769 3073 in
1805 3020 2045 3075 secunda

456 3097 728 3155 Invectiva
772 3100 1176 3170 perpendamus
1216 3123 1228 3159 :
1264 3124 1283 3157 ‹
1337 3105 1393 3160 Si
1444 3116 1498 3162 tu
1534 3108 1851 3181 Origenem,
1878 3128 2042 3183 quem

457 3188 692 3242 alterum
734 3197 862 3259 post
910 3194 1194 3262 apostolos
1241 3196 1402 3262 dicis,
1434 3208 1581 3255 recte
1632 3199 1771 3258 facis
1812 3203 2042 3272 imitari,

455 3279 588 3349 quid
608 3282 855 3339 concidis
880 3300 1028 3352 eum,
1048 3288 1141 3357 qui
1163 3300 1384 3347 secutus
1410 3302 1512 3359 est,
1533 3293 1850 3367 Didymum;
1880 3315 2042 3368 quem

455 3371 818 3432 nihilominus
852 3387 906 3433 et
943 3380 1264 3451 prophetam
1300 3384 1575 3450 nominas,
1596 3397 1649 3442 et
1679 3391 2042 3459 apostolicum

455 3462 633 3518 virum
665 3466 964 3538 designas?
1004 3488 1023 3522 ι
1073 3480 1129 3527 et
1157 3475 1323 3543 paulo
1356 3486 1519 3546 post:
1556 3496 1575 3528 ‹
1615 3477 1789 3545 Quem
1820 3493 2043 3551 aposto-

457 3558 622 3613 lirum
650 3562 827 3616 virum
869 3579 1134 3621 sensuum
1168 3570 1391 3625 nomine
1420 3571 1696 3642 designas.
1726 3594 1743 3626 ι
1783 3576 2046 3643 Quamvis

454 3648 620 3717 igitur
646 3667 824 3721 neque
863 3654 1107 3725 Ignatins
1139 3666 1234 3711 aut
1261 3656 1615 3732 Polycarpus,
1644 3663 1737 3734 qui
1767 3667 2045 3735 apostolos

455 3742 728 3807 viderant,
763 3762 941 3816 neque
966 3747 1218 3807 Justinus
1258 3762 1353 3807 aut
1379 3752 1637 3821 lrenaus,
1684 3758 1778 3827 qui
1823 3759 1927 3813 alia
1956 3776 2046 3815 ra-

456 3827 609 3927 tione
657 3830 787 3927 dicti
819 3843 949 3927 sunt
985 3840 1293 3907 apostolici,
1328 3841 1381 3895 id
1409 3857 1520 3897 non
1554 3843 1818 3915 fecerint;
1862 3857 2042 3905 tamen

455 3919 596 3973 inter
638 3919 777 3977 alios
822 3923 1024 3980 multos
1080 3929 1416 3997 apostolicos
1456 3940 1510 3985 et
1540 3931 1861 4003 equuentes
1898 3934 2044 3991 viros

459 4018 675 4078 poterat
705 4013 905 4084 aliquis
939 4015 1289 4075 Theodotum
1321 4037 1585 4091 expresse
1607 4025 1868 4091 refutare,
1892 4029 2041 4098 quod

455 4102 521 4156 ad
556 4114 792 4160 mentem
820 4105 1141 4182 Hieronymi
1171 4114 1305 4169 satis
1332 4124 1436 4180 est,
1469 4117 1515 4171 si
1549 4117 1617 4171 de
1646 4118 1902 4175 baretico
1924 4121 2045 4191 ipso

456 4193 694 4298 refota-to
739 4197 1030 4298 loquatur;
1064 4204 1210 4259 unde
1259 4206 1406 4275 quod
1448 4207 1516 4261 de
1550 4207 1842 4265 Theodoto
1877 4210 2041 4278 dicit,

455 4300 557 4339 nec
568 4290 671 4341 erit
686 4290 1032 4358 apertissime
1044 4294 1375 4361 falsum,nec
1389 4299 1455 4353 de
1469 4296 1677 4370 Ignatio
1690 4305 2041 4361 sumendum.

525 4375 645 4431 Jatn
672 4395 802 4435 vero
838 4383 942 4438 sibi
977 4386 1083 4455 ipsi
1117 4386 1511 4459 Hieronymum
1561 4398 1672 4445 tam
1704 4393 1841 4448 mire
1875 4395 2046 4451 inter-

456 4472 690 4538 pretanti
712 4472 924 4543 objicit,
959 4477 1061 4532 hoc
1081 4477 1290 4548 Ignatio
1330 4498 1438 4537 non
1471 4494 1784 4554 competere
1821 4486 1905 4560 (ut
1934 4488 2045 4543 sci-

2155 605 2371 659 nt‘enim
2397 602 2712 657 habeamus
2730 598 2929 653 falsum
2957 594 3251 667 lgnatium,
3286 606 3513 651 necesse
3543 598 3627 645 est
3674 596 3735 645 ut

2154 699 2354 754 falsum
2385 696 2689 751 habeamus
2714 692 3131 762 Hieronymum.
3171 688 3247 743 Ne
3275 702 3442 743 verus
3486 685 3557 740 sit
3584 683 3736 753 lgna-

2152 793 2284 859 tius,
2321 790 2494 847 falsus
2521 796 2607 845 est
2640 787 2841 841 Dallao
2860 783 3215 856 Polycarpns,
3248 779 3421 836 falsus
3442 778 3734 849 Origenes,

2153 885 2325 941 falsus
2356 882 2645 947 Eusebius,
2670 880 2843 935 falsus
2870 876 3105 947 denique
3134 884 3188 930 et
3210 872 3596 943 Hieronymus.
3624 867 3733 924 Sed

2152 992 2323 1049 quare
2355 976 2552 1031 falsum
2582 987 2706 1030 esse
2734 969 3069 1028 conﬁtetur?
3114 985 3135 1021 ι
3173 965 3330 1034 Quod
3378 965 3527 1019 hunc
3568 978 3734 1019 suum

2152 1069 2446 1142 lgnatium,
2492 1067 2586 1121 diu
2626 1072 2752 1137 post
2786 1061 3067 1135 apostolos
3097 1070 3154 1116 et
3211 1056 3545 1130 apostolicos
3580 1055 3732 1111 viros

2152 1171 2365 1229 natum,
2396 1160 2711 1231 apostolicis
2742 1155 3060 1213 hominibus
3089 1146 3735 1208 connumeravit.iUnde

2152 1263 2263 1311 tam
2293 1268 2518 1309 crassus
2550 1267 2709 1307 error
2730 1248 3048 1307 doctissimo
3068 1255 3124 1302 et
3154 1246 3209 1300 in
3238 1242 3497 1299 Ecclesia
3534 1254 3734 1296 monu-

2151 1347 2352 1403 mentis
2375 1344 2753 1401 versatissimo
2796 1339 2947 1395 Patri
2998 1337 3231 1393 insedit!
3265 1350 3331 1391 ea:
3370 1331 3735 1405 praceptodc

2152 1437 2457 1510 Ignatianis
2485 1452 2665 1491 errore
2687 1435 2752 1489 ab
2777 1433 2994 1488 Eusebii
3017 1431 3238 1485 lectione
3287 1428 3497 1482 hausto.
3527 1426 3595 1480 At
3628 1440 3733 1481 ne-

2148 1547 2257 1603 que
2301 1529 2597 1586 Eusebium
2624 1542 2842 1584 errasse
2871 1533 3109 1592 constat,
3152 1537 3328 1593 neque
3367 1520 3732 1592 Hieronymus

2150 1624 2326 1679 solum
2375 1620 2670 1677 Eusebium
2724 1628 2947 1675 secutus
3002 1624 3105 1670 est.
3163 1612 3321 1683 Legit
3366 1610 3728 1683 Polycarpum

2149 1726 2314 1785 atque
2342 1712 2636 1778 lrenaum,
2669 1726 2809 1780 quos
2837 1707 3109 1763 Eusebius
3142 1706 3512 1775 sequebatur,
3560 1718 3732 1773 quos—

2152 1823 2261 1878 que
2308 1808 2425 1877 ipse
2482 1804 2814 1875 apostolicos
2871 1800 3144 1872 appellat;
3177 1799 3309 1869 legit
3342 1796 3729 1868 Theophilum,

2150 1904 2309 1974 cujus
2331 1903 2658 1959 sententiam
2683 1915 2749 1955 ex
2772 1896 2984 1969 Ignatio
3031 1899 3343 1963 decerptam
3375 1892 3583 1949 auctori
3628 1907 3733 1947 suo

2149 1999 2419 2064 reddidit;
2449 1996 2581 2068 legit
2608 1993 2921 2066 Origenem,
2971 1990 3068 2062 qui
3114 2006 3224 2045 non
3253 1987 3423 2044 semel
3458 1987 3731 2058 lgnatium

2149 2091 2494 2161 epistolicum
2523 2097 2586 2143 ut
2612 2086 2974 2158 apostolicum
3002 2083 3209 2149 laudat,
3235 2083 3346 2136 imo
3380 2096 3517 2152 opus
3539 2078 3735 2151 Orige-

2149 2185 2236 2240 nis
2265 2184 2381 2254 ipse
2408 2182 2796 2251 interpretatus
2824 2188 2927 2239 est.
2960 2177 3014 2232 in
3047 2191 3157 2247 quo
3179 2175 3320 2230 idem
3346 2174 3545 2228 diserte
3573 2172 3734 2243 lgna-

2151 2279 2264 2331 tius
2285 2277 2527 2341 citatur;
2562 2273 2693 2344 legit
2718 2271 3103 2334 Athanasium,
3137 2266 3422 2331 Basilium,
3470 2265 3608 2320 alius
3635 2263 3731 2336 qni

2150 2368 2371 2424 Eusebii
2410 2380 2627 2421 errores
2658 2364 2813 2434 sequi
2840 2378 2951 2417 non
2982 2361 3268 2425 solebant;
3303 2358 3577 2412 neminem
3604 2357 3732 2427 legit

2150 2466 2245 2515 aut
2273 2458 2446 2521 novit,
2476 2455 2564 2510 cui
2602 2453 2845 2524 epistola
2875 2451 3063 2521 lgnatii
3095 2458 3295 2506 essent
3322 2448 3408 2502 vel
3456 2448 3734 2503 levissime

2149 2557 2437 2621 suspecta.
2470 2546 2528 2601 Si
2564 2545 2737 2600 falsus
2775 2542 2938 2597 fuerit
2986 2539 3373 2611 Hieronymus,
3403 2552 3561 2590 error
3610 2535 3733 2605 ejus

2152 2647 2251 2703 toti
2277 2644 2397 2700 orbi
2433 2641 2747 2700 communis
2777 2638 3125 2709 iniquissime
3153 2633 3394 2690 Eusebio
3437 2626 3732 2696 tribuitur;

2148 2736 2448 2809 prasertim
2482 2749 2607 2791 cum
2653 2740 2868 2788 constet
2905 2729 3297 2799 Hieronymum
3330 2724 3447 2779 hac
3472 2722 3736 2777 adversus

2150 2829 2458 2885 Helvidium
2502 2826 2814 2896 scripsisse,
2842 2822 2935 2877 diu
2968 2831 3264 2890 antequam
3290 2832 3390 2872 sua
3415 2816 3483 2871 de
3522 2812 3737 2885 Ignatio

2150 2923 2204 2978 in
2236 2921 2499 2992 Catalogo
2518 2935 2584 2973 ex
2613 2916 2851 2973 Eusebio
2882 2912 3247 2982 transcripsit.

2221 3013 2326 3069 Sed
2351 3012 2466 3068 sive
2508 3025 2669 3073 vere,
2716 3009 2831 3063 sive
2868 3005 3010 3061 falso
3040 3005 3147 3059 hoc
3182 3003 3306 3056 loco
3336 2997 3732 3067 Hieronymum

2148 3105 2410 3177 epistolas
2436 3102 2646 3174 lgnatio
2676 3098 3002 3168 ascripsisse
3022 3095 3170 3159 velit,
3186 3109 3253 3147 an
3273 3094 3327 3147 in
3345 3091 3468 3146 aliis
3491 3087 3741 3143 Theodo-

2150 3208 2265 3254 tum
2297 3198 2369 3252 ita
2392 3193 2617 3250 refutari
2648 3192 2804 3253 vidit,
2843 3197 2903 3244 ut
2932 3189 3058 3242 inde
3091 3183 3524 3240 commcntitium
3563 3178 3740 3234 fuisse

2131 3289 2420 3364 -lgnatium
2450 3286 2607 3342 facile
2636 3285 2895 3354 colligere
2923 3278 3234 3352 potuisset?
3256 3274 3331 3330 lta
3363 3273 3585 3344 quidem
3608 3286 3741 3327 sen-

2148 3362 2215 3438 tit
2248 3381 2331 3435 vir
2357 3378 2736 3443 doctissimus,
2768 3375 2864 3429 sed
2892 3373 3171 3429 levissima
3203 3368 3521 3437 conjectura
3558 3362 3741 3434 perci-

2149 3481 2258 3537 tus,
2298 3470 2515 3525 ratione
2546 3468 2694 3521 nulla
2726 3466 2946 3522 ductus.
2980 3461 3101 3517 Non
3144 3459 3291 3515 enim
3331 3454 3594 3511 Theodoti
3631 3468 3735 3508 no-

2147 3581 2270 3621 men
2295 3564 2366 3619 ibi
2385 3562 2605 3633 lcgisse,
2634 3561 2727 3617 ubi
2747 3574 2847 3615 nos
2866 3558 3119 3628 legimus,
3141 3560 3293 3623 putat
3317 3550 3735 3620 Hieronymum;

2148 3656 2419 3713 insertum
2463 3650 2599 3709 illud
2649 3651 2892 3722 epistola
2924 3649 2991 3703 ad
3015 3646 3325 3702 Trallianos
3348 3640 3740 3710 ahinterpola—

2148 3758 2284 3815 tore,
2310 3748 2401 3803 diu
2435 3752 2561 3817 post
2592 3751 2804 3799 atatem
2829 3739 3167 3811 Hieronymi,
3189 3751 3299 3792 non
3324 3734 3605 3798 diﬁitetur,
3639 3740 3738 3786 aut

2146 3841 2336 3897 saltem
2356 3841 2445 3895 diu
2465 3846 2588 3909 post
2606 3837 2806 3891 librum
2826 3834 2978 3888 illum
3006 3832 3260 3885 adversus
3284 3826 3611 3891 Helvidium,
3637 3825 3736 3894 qui

2146 3935 2251 3989 sub
2275 3934 2512 3988 Damaso
2540 3930 2781 3999 scriptus
2811 3934 2895 3981 est
2924 3943 2937 3980 :
2968 3923 3105 3978 nihil
3144 3922 3197 3976 in
3229 3921 3321 3975 illa
3351 3918 3602 3988 epistola,
3631 3916 3724 3971 cui

2146 4041 2344 4082 nomen
2377 4033 2567 4096 postea
2596 4019 2867 4077 Theodoti
2906 4019 3169 4073 insertum
3192 4024 3297 4080 est,
3322 4013 3470 4068 illius
3499 4010 3739 4066 haretici

2146 4133 2363 4173 errores
2403 4114 2742 4187 perstringit.
2797 4111 2902 4167 Sed
2934 4120 2989 4166 et
3030 4110 3170 4173 alia,
3220 4116 3275 4162 et
3322 4107 3415 4161 illa
3474 4105 3739 4160 adversus

2146 4209 2493 4264 Theodotum
2534 4204 2901 4262 disertissima
2949 4204 3190 4273 legerat,
3230 4216 3354 4271 qua
3390 4214 3455 4253 ex
3491 4196 3738 4268 epistolis

2146 4300 2215 4356 ad
2255 4300 2521 4371 Ephesios
2553 4309 2607 4353 et
2645 4296 2958 4368 Magnesios
2998 4294 3289 4363 descripsit
3327 4291 3584 4354 Dallans,
3612 4287 3741 4343 inde

2146 4394 2312 4465 igitur
2338 4392 2595 4463 colligere
2617 4390 2806 4446 debuit
2844 4388 3208 4459 Hieronymus
3239 4399 3429 4439 verum
3463 4381 3737 4453 lgnatium

2148 4502 2258 4541 non
2284 4485 2477 4549 fuisse,
2503 4483 2595 4554 qui
2617 4490 2741 4554 post
2759 4480 3105 4536 Theodotum
3134 4476 3440 4548 scripserit.
3470 4473 3584 4529 lmo
3608 4488 3740 4527 vero

456 4561 585 4618 licet
641 4576 834 4621 contra
869 4567 1214 4627 Theodotum
1259 4578 1548 4648 scriberet)
1583 4579 1746 4634 annis
1782 4578 1895 4634 fere
1938 4580 2042 4635 100
2075 4594 2119 4650 ι)
2148 4581 2252 4635 hoc
2280 4584 2605 4649 argumento
2632 4583 2742 4629 tam
2776 4573 3016 4636 inﬁrmo,
3054 4581 3165 4625 tam
3196 4568 3368 4631 nullo,
3393 4565 3741 4637 iniquissime

454 4663 581 4710 ante
610 4669 829 4714 mortuo
850 4677 1013 4731 quam
1045 4662 1314 4721 Theodoti
1338 4669 1562 4724 haresis
1591 4669 1742 4725 nosci
1769 4672 2044 4742 coepisset,

456 4747 674 4819 sibique
702 4751 820 4807 hac
848 4754 1134 4823 objicienti
1166 4759 1480 4827 respondet,
1525 4762 1631 4817 hoc
1664 4764 1888 4835 martyri
1922 4764 2045 4834 qui--

456 4839 581 4895 dem
642 4840 857 4914 Ignatio
906 4862 1015 4902 non
1072 4850 1402 4919 convenire,
1434 4853 1503 4908 de
1531 4864 1725 4911 nostro
1759 4856 2048 4927 epistolico

458 4950 647 4992 verum
673 4955 816 5005 esse,
843 4956 1081 5011 eumque
1108 4943 1215 4998 hoc
1235 4944 1354 5000 loco
1373 4947 1442 5002 ab
1471 4946 1805 5021 Hieronymo
1828 4951 2045 5007 intelle-

457 5038 605 5084 ctum
619 5045 762 5087 esse.
782 5032 909 5089 Atsi
933 5032 1301 5106 Hieronymus
1332 5037 1434 5093 hoc
1462 5040 1586 5096 loco
1604 5041 1869 5097 intellexit
1890 5041 2049 5114 lgna-

457 5122 594 5178 tium
612 5126 980 5194 epistolicum,
994 5137 1140 5184 certe
1157 5129 1422 5187 intellexit
1437 5144 1751 5207 martyrem;
1773 5138 2049 5193 neminem

458 5216 605 5269 enim
622 5218 790 5272 alium
810 5220 1059 5275 novitille
1071 5220 1607 5296 epistolicum,quam
1621 5228 1981 5299 apostolicum
1996 5237 2052 5285 et

461 5317 777 5380 martyrem.
795 5309 909 5367 Hoc
923 5312 1042 5382 ipso
1062 5314 1183 5369 loco
1204 5331 1310 5370 non
1331 5327 1540 5374 tantum
1561 5321 1699 5375 inter
1717 5323 2050 5392 apostolicos

461 5410 739 5467 numerat,
772 5403 867 5458 sed
892 5414 945 5459 et
967 5404 1097 5461 dum
1122 5420 1367 5465 veterum
1395 5413 1595 5467 seriem
1630 5414 1840 5480 recitat,
1870 5416 2050 5484 primo

465 5490 589 5547 loco
622 5494 912 5564 lgnatium,
950 5513 1057 5553 non
1090 5511 1300 5556 tantum
1326 5513 1451 5560 ante
1490 5505 1755 5562 lrenaum
1791 5516 1846 5562 et
1879 5506 2052 5564 Justi-

469 5599 624 5651 num,
658 5586 754 5642 sed
793 5597 850 5643 et
898 5601 1026 5648 ante
1062 5593 1420 5668 Polycarpum
1468 5601 1645 5669 ponit.
1688 5599 1835 5655 Idem
1888 5602 2053 5672 igitur

470 5672 823 5747 Hieronymo,
850 5690 974 5737 utet
992 5685 1177 5751 nobis,
1202 5694 1255 5741 et
1271 5688 1611 5757 epistolicus,
1624 5697 1678 5743 et
1694 5690 2055 5760 apostolicus,

468 5776 529 5822 et
577 5778 783 5842 martyr
814 5774 1075 5845 lgnatius.
1125 5778 1312 5850 Neque
1345 5781 1460 5836 hac
1511 5796 1712 5851 negare
1761 5781 1939 5851 potuit
1970 5781 2055 5835 vir

476 5859 839 5923 doctissimus
866 5870 961 5941 qui
993 5870 1135 5930 hanc
1162 5872 1672 5933 distinctiunculam
1694 5873 2051 5942 excogitavit;

2149 4682 2373 4729 sanctus
2402 4670 2561 4725 Pater
2589 4667 2846 4723 falsitatis
2872 4664 3201 4735 postulatur,
3229 4678 3355 4718 cum
3384 4676 3447 4715 ea
3463 4674 3585 4729 qua
3614 4666 3742 4711 ante

2148 4782 2215 4821 cx
2245 4765 2490 4837 epistolis
2524 4763 2590 4818 ad
2635 4760 2903 4831 Ephesios
2949 4766 3004 4813 et
3037 4754 3419 4825 Magnesianos
3448 4750 3743 4819 descripsit

2149 4858 2383 4913 Dallaus
2407 4857 2583 4926 capite
2612 4854 2668 4921 9,
2700 4851 3014 4906 Artemonis
3039 4849 3435 4919 blasphemiam
3460 4845 3742 4917 splendide

2149 4950 2439 5006 confutare
2466 4949 2585 5019 ipse
2622 4946 2844 5002 dixerit.
2874 4943 2942 4998 Et
2984 4959 3175 4998 revera
3216 4952 3328 4997 tam
3357 4949 3549 4996 contra
3575 4940 3739 4993 Arte-

2138 5032 2369 5100 monem
2402 5057 2568 5113 quam
2609 5049 2802 5096 contra
2848 5037 3194 5093 Theodotum
3243 5033 3468 5104 scripsit
3493 5031 3743 5104 lgnatius

2150 5147 2359 5204 noster,
2380 5136 2433 5191 id
2456 5143 2560 5200 est,
2589 5133 2634 5189 si
2663 5148 2929 5204 personas
2953 5130 3337 5187 hareticorum
3356 5135 3589 5197 spectes,
3607 5141 3746 5180 con-

2151 5238 2238 5285 tra
2255 5239 2508 5284 neutrum
2530 5245 2544 5295 ;
2566 5226 2608 5282 si
2627 5226 2881 5281 haresim
2914 5226 3090 5295 ipsam
3114 5222 3333 5292 utrique
3360 5233 3744 5284 communem,

2153 5332 2347 5379 contra
2387 5320 2715 5377 sententiam
2765 5318 3088 5387 utriusque,
3125 5324 3181 5371 et
3222 5314 3347 5370 ideo
3381 5312 3568 5383 aliquo
3610 5326 3748 5366 vero

2154 5430 2321 5471 sensu
2351 5424 2542 5469 contra
2571 5421 2889 5483 utrumque.
2925 5408 3159 5464 Haresis
3190 5407 3337 5463 enim
3364 5405 3553 5460 eadem
3581 5402 3745 5475 lgna-

2155 5509 2217 5563 tii
2247 5523 2362 5563 avo
2389 5507 2597 5562 exstitit
2630 5507 2699 5561 ab
2733 5505 2943 5560 Ebione
2983 5500 3224 5574 profecta
3244 5541 3259 5566 ,
3290 5507 3345 5554 et
3368 5498 3437 5553 ab
3462 5497 3634 5568 ipsius
3661 5494 3749 5547 di-

2156 5600 2415 5669 scipulis,
2451 5608 2507 5655 et
2536 5597 2840 5665 Nazarais,
2875 5604 3044 5666 atque
3090 5592 3357 5649 Cerintho
3413 5588 3663 5654 defensa,
3712 5601 3747 5640 a

2159 5690 2445 5745 Theodoto
2469 5698 2524 5744 et
2552 5687 2848 5743 Artemonc.
2868 5692 3055 5756 postea
3079 5682 3425 5739 resuscitata.
3449 5675 3669 5746 Ταύτης
3688 5673 3748 5728 δὲ

2156 5783 2256 5855 τῆς
2288 5781 2564 5851 φάλαγγος
2596 5778 2762 5855 ἦρξεν
2808 5770 3019 5842 Ἐϐίων,
3060 5794 3079 5827 ι
3122 5773 3297 5841 Hujus
3340 5780 3521 5827 autem
3561 5776 3745 5825 cater-

2155 5892 2235 5933 va
2268 5873 2519 5944 princeps
2553 5871 2655 5929 fuit
2686 5871 2886 5939 Ebion,
2912 5889 2931 5923 ι
2979 5878 3037 5926 ut
3069 5868 3314 5940 loquitur
3339 5860 3744 5921 Theodoretus.
