4078 6426
1119 389 1172 448 J.
1212 387 1579 447 PEARSONII
1612 388 1937 447 VlNDlCM'Z
1977 389 2401 452 ΙΟΝΑΤΙΑΝᾹΞ.
2441 426 2509 438 -—
2546 396 2728 455 PARS
2766 394 2831 453 ll.

3534 406 3646 464 πω

344 499 410 555 Si
442 498 617 571 igitur
656 498 1023 574 Hieronymus
1056 503 1113 559 in
1146 502 1359 576 lgnatio
1397 513 1590 561 nostro
1632 520 1743 561 non
1768 519 1941 576 pauca
1973 510 2021 569 Α
2048 503 2385 576 Theodotus,
2408 523 2747 581 compertum
2774 527 2881 569 non
2908 524 2992 570 est
3025 533 3038 569 :
3074 525 3369 589 postquam
3401 527 3589 577 autem
3613 538 3645 577 a

340 602 549 649 contra
577 593 850 650 Theodoti
869 597 1125 653 haeresim
1146 597 1511 653 disertissima
1540 606 1805 664 notasset,
1836 612 1945 651 non

339 689 629 757 potuisset
656 690 764 746 nisi
797 690 1141 760 ineptissime
1181 691 1309 746 inde
1340 692 1619 762 colligere,
1661 702 1943 748 auctorem

334 783 715 852 cpistolarum
770 794 898 854 post
945 783 1286 840 Theodotum
1352 786 1589 852 vixisse;
1646 786 1774 855 quia
1830 786 1946 856 ipse

337 875 560 945 optime
600 877 757 931 novit
789 892 1134 947 quaecunque
1168 886 1357 931 contra
1382 876 1645 933 Theodoti
1689 878 1943 934 haeresim

338 982 407 1023 ea
445 968 562 1024 illis
599 970 855 1039 epistolis
889 970 1185 1026 observare
1208 972 1406 1041 potuit,
1435 986 1502 1025 ea
1536 971 1725 1026 omnia
1759 970 1945 1027 adver-

338 1077 443 1119 sus
464 1060 738 1118 Ebionem
777 1063 884 1119 dici
916 1064 1161 1134 potuisse
1190 1081 1205 1117 :
1240 1073 1297 1119 at
1328 1064 1573 1121 scribere
1611 1064 1812 1134 aliquis
1840 1079 1942 1135 po-

337 1154 451 1209 tuit
476 1154 751 1211 adversus
786 1154 1086 1219 Ebionem,
1133 1156 1260 1211 licet
1300 1164 1427 1226 post
1458 1154 1802 1212 Theodotum
1832 1172 1942 1213 non

336 1248 566 1303 vixerit.
595 1246 669 1303 Ut
706 1248 838 1303 alibi
876 1248 1044 1318 igitur
1095 1248 1358 1304 Ehionem
1396 1259 1452 1305 et
1483 1248 1779 1305 Photinum
1810 1265 1945 1306 con-

334 1339 544 1410 jungit,
574 1346 839 1410 tanquam
868 1341 1059 1396 eadem
1094 1343 1366 1397 sententia
1396 1343 1698 1412 apostolica
1727 1342 1944 1413 percul—

336 1446 457 1496 sos,
492 1432 572 1487 ita
606 1432 697 1488 hic
734 1433 998 1488 Ebionem
1039 1443 1094 1489 et
1137 1433 1520 1503 Theodotum,
1571 1444 1829 1506 tanquam
1872 1436 1942 1492 ab

336 1522 538 1577 iisdem
574 1523 833 1581 Patribus
860 1525 1149 1582 refutatos.

408 1615 649 1671 Frustra
674 1616 842 1688 igitur
864 1618 919 1671 in
959 1618 1063 1673 hoc
1091 1630 1419 1689 argumento
1446 1636 1547 1677 nec
1573 1623 1695 1678 sine
1724 1635 1940 1682 summa

336 1708 548 1778 injuria
588 1718 744 1763 notat
774 1710 1171 1767 acerbissimus
1200 1711 1425 1767 Patrum
1459 1729 1688 1783 censor,
1719 1735 1738 1767 ι
1772 1717 1942 1772 inter-

332 1804 469 1859 dum
507 1802 910 1875 Hieronymum
946 1806 1184 1861 naturali
1227 1809 1466 1877 quadam
1522 1810 1726 1879 ingenii
1774 1811 1938 1868 vehe-

332 1894 547 1949 utentia
592 1894 807 1964 abripi,
838 1904 895 1950 et
935 1897 1183 1965 quaedam
1227 1914 1334 1952 non
1376 1900 1513 1955 satis
1550 1911 1806 1957 accurate
1845 1919 1941 1958 ex-

332 2000 513 2055 pensa
542 1985 847 2051 effundere,
876 2002 1003 2042 cum
1026 1988 1159 2043 nihil
1197 1990 1250 2043 in
1278 1990 1381 2047 hac
1411 2006 1469 2045 re
1504 2002 1764 2062 appareat
1792 1996 1939 2064 quod

330 2094 464 2133 cum
490 2078 751 2133 videatur
778 2078 1052 2149 abripere,
1094 2090 1189 2135 aut
1220 2098 1444 2152 quoquo
1487 2086 1651 2139 modo
1692 2101 1939 2142 commo-

331 2185 505 2236 vere;
538 2169 682 2223 nihil
715 2171 786 2225 ab
814 2185 883 2226 eo
906 2170 1113 2226 dictum
1149 2175 1259 2237 sit,
1293 2175 1442 2243 quod
1480 2193 1589 2232 non
1620 2182 1693 2232 sit
1721 2181 1937 2236 veritati

331 2270 813 2328 consentaneum;
858 2263 996 2317 nihil
1036 2264 1181 2334 quod
1211 2265 1460 2334 ejusdem
1497 2270 1782 2326 sententia:
1815 2273 1937 2330 aliis

331 2355 479 2409 locis
514 2354 807 2424 patefactae
840 2357 1182 2412 contrarium
1209 2359 1303 2414 sit.
1344 2359 1500 2426 Quod
1529 2362 1575 2417 si
1608 2362 1725 2419 haec
1749 2366 1938 2422 obser-

330 2447 487 2501 vatio
530 2447 605 2501 de
650 2446 999 2503 vehementia
1034 2448 1238 2520 ingenii
1276 2449 1692 2525 Hieronymiani
1718 2457 1935 2513 admitti

331 2539 643 2610 aliquando
665 2538 883 2603 debeat,
905 2546 1039 2595 tunc
1066 2540 1280 2611 potiore
1294 2541 1420 2612 jure
1448 2548 1705 2615 usurpari
1733 2556 1931 2618 potest,

330 2646 463 2685 cum
504 2632 778 2687 adversus
809 2630 1075 2688 diaconos
1115 2630 1375 2688 Ecclesiae
1409 2633 1670 2693 Romanae
1710 2639 1936 2697 lacessi-

328 2734 423 2780 tus
452 2724 677 2790 scribit,
693 2739 821 2779 cum
847 2732 909 2779 ut
931 2738 1121 2779 eorum
1146 2723 1469 2795 dignitatem
1508 2726 1800 2785 imminuat
1821 2740 1931 2787 tam

326 2816 509 2872 multa
529 2816 600 2869 de
617 2816 1030 2887 presbyteratus
1053 2816 1380 2872 auctoritate
1408 2820 1676 2890 congerit,
1700 2837 1855 2891 cum,
1871 2833 1933 2879 ut

326 2923 453 2964 eam
487 2907 768 2975 stabiliat,
810 2908 1078 2978 aequalem
1117 2923 1258 2979 pene
1306 2909 1412 2980 ipsi
1441 2913 1740 2984 episcopali
1778 2928 1935 2986 pote-

327 3000 462 3057 stati
502 3006 753 3056 statuere
791 3009 1050 3055 censetur
1079 3016 1094 3054 :
1123 3015 1247 3069 quae
1272 3000 1652 3072 interpretatio
1703 3017 1930 3063 senten-

324 3095 419 3149 tia:
463 3090 914 3162 Hieronymianae
950 3105 1076 3145 eum
1119 3093 1360 3148 maxime
1404 3093 1840 3163 inconstantem,
1875 3108 1931 3156 et

1971 1850 2015 1909 Β

324 3186 450 3241 suis
490 3184 718 3254 scriptis
746 3183 1026 3239 contraria
1060 3182 1427 3241 effundentem
1466 3200 1839 3258 repraesentat.
1869 3191 1926 3249 Si
1954 3203 1997 3262 (ζ

325 3291 581 3347 unquam
616 3275 824 3346 igitur,
858 3276 913 3331 in
945 3275 1051 3331 hac
1080 3276 1197 3346 ipsa
1228 3281 1605 3336 controversia
1634 3282 1702 3336 de
1727 3283 1927 3340 distin-

321 3370 516 3425 ctione
552 3382 841 3423 sacrorum
884 3367 1175 3431 ordinum,
1218 3368 1407 3424 liceret
1447 3369 1633 3426 dicere
1662 3370 1930 3445 Hierony-

321 3475 483 3515 mum
522 3458 766 3514 naturali
799 3457 1039 3527 quadam
1076 3457 1284 3527 ingenii
1329 3458 1674 3515 vehementia
1724 3462 1924 3534 abripi,

321 3562 379 3607 et
403 3552 666 3622 quadam
708 3566 821 3605 non
863 3551 1003 3606 satis
1029 3560 1289 3606 accurate
1317 3567 1557 3622 expensa
1596 3554 1876 3612 eﬂundere
1907 3574 1921 3610 :

321 3658 449 3713 qua:
478 3644 776 3712 responsio
809 3644 855 3698 si
887 3652 943 3697 et
975 3645 1112 3699 satis
1140 3660 1385 3715 congrua
1410 3654 1465 3700 et
1494 3646 1674 3702 valida
1702 3659 1922 3717 repute-

320 3745 444 3800 tur;
478 3749 594 3788 non
626 3735 732 3788 erit
763 3749 905 3803 opus
936 3734 1237 3804 quidquam
1276 3735 1477 3790 addere
1516 3736 1585 3790 ad
1616 3739 1926 3793 convellen-

318 3826 456 3880 dum
479 3826 771 3881 sententia:
792 3824 1181 3881 Blondellianae
1202 3826 1642 3884 fundamentum.
1661 3828 1798 3884 Cum
1821 3846 1922 3885 au-

320 3929 434 3973 tem
499 3915 647 3971 hanc
685 3915 1104 3972 acerbissimam
1135 3930 1431 3971 censuram
1490 3917 1557 3973 de
1605 3918 1925 3990 abreptione

319 4007 648 4080 Hieronymi
683 4023 868 4063 veram
896 4022 1021 4064 esse
1047 4010 1360 4075 contendit,
1392 4010 1540 4079 quod
1575 4010 1663 4066 hic
1695 4012 1921 4079 scribat,

318 4102 533 4157 multos
562 4099 903 4170 apostolicos
940 4101 1089 4157 viros
1138 4101 1406 4156 adversus
1446 4099 1784 4158 Theodotum
1819 4103 1924 4175 By.-

318 4195 615 4250 tantinum
642 4192 972 4263 scripsisse,
1015 4209 1141 4249 cum
1176 4201 1485 4264 temporum
1538 4197 1680 4249 ratio
1707 4197 1925 4251 evincat

317 4286 461 4340 nulli
494 4284 806 4354 apostolico
849 4292 1043 4338 notum
1086 4297 1211 4339 esse
1260 4282 1510 4352 potuisse
1552 4283 1917 4351 Theodotum,

317 4375 465 4446 fugit
498 4389 627 4429 eum
657 4375 889 4428 omnino
920 4374 1084 4427 ratio.
1136 4370 1255 4426 Non
1286 4372 1435 4428 enim
1469 4375 1673 4430 multos
1706 4382 1919 4429 tantum

314 4466 661 4538 apostolicos
688 4466 875 4531 viros,
902 4465 999 4521 sed
1037 4474 1093 4519 et
1125 4466 1450 4535 eloquentes
1475 4466 1614 4520 dixit
1654 4465 1922 4539 Hierony—

2052 596 2271 655 Victore
2292 605 2805 660 excommunicatus
2831 617 2937 673 est,
2964 610 3100 666 viris
3125 613 3450 681 apostolicis
3478 623 3647 672 notus

2047 706 2172 748 esse
2202 695 2410 763 potuit;
2457 698 2743 766 apostolici
2795 700 2942 754 enim
2992 701 3341 773 dicebantur,
3374 707 3470 776 qni
3512 721 3648 776 apo-

2049 784 2241 840 stolica
2278 786 2530 842 doctrina
2568 788 2763 843 imbuti
2808 799 2940 844 sunt
2968 830 2984 857 ,
3037 793 3204 847 etiam
3249 795 3345 864 qui
3387 795 3644 865 proxima

2046 885 2172 946 post
2194 878 2474 947 apostolos
2498 888 2656 934 aetate
2696 882 2808 935 nati
2840 891 2988 937 sunt.
3037 881 3201 939 Certe
3235 884 3443 940 irenan
3472 896 3641 942 notus

2046 982 2170 1023 esse
2200 969 2396 1038 potuit,
2426 970 2537 1024 imo
2562 970 2784 1039 ignotus
2808 973 2856 1026 ei
2887 989 3010 1029 esse
3043 989 3154 1029 non
3190 978 3393 1045 potuit,
3420 979 3515 1048 qui
3534 980 3642 1034 sub

2046 1055 2266 1114 Victore
2294 1060 2533 1115 maxime
2581 1059 2798 1129 ﬂoruit,
2828 1072 2882 1117 et
2912 1074 3038 1133 post
3075 1063 3350 1122 Victorem
3386 1077 3642 1125 mortuus

2045 1159 2150 1218 est,
2173 1159 2229 1206 et
2259 1159 2438 1206 tamen
2471 1168 2502 1208 a
2539 1152 2641 1209 SS.
2671 1152 2928 1212 Patribus
2965 1156 3048 1211 vir
3079 1160 3417 1228 apostolicus
3456 1160 3638 1218 dictus

2043 1249 2149 1305 cst,
2181 1250 2236 1297 et
2254 1242 2476 1312 quidem
2502 1244 2572 1299 ab
2598 1245 2719 1314 ipso
2742 1244 3101 1318 Hieronymo.
3134 1248 3213 1303 ita
3238 1250 3386 1306 enim
3412 1252 3526 1321 ille,
3553 1254 3622 1309 ad

2045 1331 2203 1388 lsaiae
2237 1349 2359 1405 cap.
2393 1335 2495 1389 64:
2540 1354 2558 1388 ι
2603 1336 2912 1413 Dequibus
2933 1339 3356 1410 diligentissime
3389 1344 3474 1397 vir
3505 1359 3638 1415 apo-

2043 1425 2273 1481 Stolicus
2298 1426 2491 1482 scribit
2522 1426 2782 1499 lrenazus,
2816 1430 3111 1502 episcopus
3139 1431 3549 1505 Lugdunensis,
3580 1446 3639 1493 et

2042 1527 2270 1588 martyr.
2308 1537 2329 1572 ι
3266 1594 3269 1597 _

2110 1608 2303 1679 Capite
2347 1610 2407 1665 11
2457 1610 2526 1667 ad
2593 1613 2898 1670 secundum
2950 1615 3199 1673 ordinem
3250 1616 3634 1677 haereticorum

2040 1700 2419 1770 progreditur,
2486 1705 2797 1775 asseritque
2849 1704 3119 1777 lgnatium
3186 1718 3440 1764 nostrum
3497 1711 3637 1769 alios

2041 1790 2206 1845 etiam
2251 1802 2378 1862 post
2407 1794 2523 1849 veri
2559 1794 2754 1867 ignatii
2797 1806 3029 1853 mortem
3075 1809 3298 1857 exortos
3346 1801 3635 1858 haereticos

2044 1882 2325 1953 tetigisse,
2360 1885 2490 1942 licet
2521 1903 2634 1942 non
2684 1888 3022 1946 nominatos.
3067 1890 3394 1963 Respondeo
3450 1895 3633 1965 primo

2042 1979 2345 2044 generatim
2386 1979 2676 2049 scripsisse
2718 1980 2988 2051 lgnatium
3017 1984 3197 2054 (quod
3241 1986 3498 2043 observat
3547 2003 3637 2042 ve-

2041 2067 2263 2124 rissime
2306 2068 2602 2142 Eusebius)
2653 2073 2920 2131 adversus
2972 2076 3210 2134 haereses
3257 2094 3359 2134 sua
3384 2088 3632 2151 tempore

2040 2171 2379 2230 grassantes,
2411 2170 2468 2216 et
2510 2172 2569 2218 ut
2605 2164 2674 2218 ab
2704 2165 2771 2218 iis
2801 2176 3086 2235 caverent,
3123 2170 3389 2225 ecclesias
3411 2185 3627 2239 omnes,

2039 2250 2108 2305 ad
2141 2267 2280 2320 quas
2308 2255 2575 2324 martyrio
2614 2257 2901 2326 proximus
2927 2260 3191 2329 epistolas
3227 2263 3494 2326 exaravit,
3530 2279 3632 2334 op-

2037 2353 2271 2414 portune
2287 2346 2581 2401 admodum
2616 2350 2970 2405 admonuisse
2994 2361 3157 2421 atque
3181 2354 3625 2422 praemunivisse.

2036 2434 2252 2491 Eadem
2292 2448 2472 2493 autem
2516 2440 2775 2507 haereses,
2817 2458 2940 2512 qua:
2986 2444 3135 2501 illius
3174 2454 3333 2501 aetate
3376 2446 3432 2501 in
3469 2448 3627 2518 Syria

2037 2532 2123 2585 vel
2154 2533 2404 2589 ecclesiis
2432 2533 2681 2589 ﬁnitimis
2705 2546 2911 2591 exortae
2941 2546 3094 2603 sunt,
3122 2539 3226 2594 sub
3249 2540 3485 2595 aliorum
3522 2557 3625 2597 no-

2035 2622 2276 2677 minibus
2307 2623 2362 2677 in
2403 2623 2595 2679 iisdem
2630 2626 2713 2679 vel
2753 2626 2877 2682 aliis
2912 2635 3185 2683 terrarum
3223 2631 3358 2698 oris,
3406 2632 3628 2688 saeculis

2034 2715 2416 2784 sequentibus,
2454 2716 2878 2785 repnllularunt.
2916 2717 2991 2773 Ea
3026 2720 3192 2789 igitur
3220 2738 3343 2792 qua:
3365 2723 3436 2778 ab
3465 2723 3627 2793 lgna-

2034 2805 2112 2860 tio
2166 2816 2359 2863 contra
2407 2808 2493 2863 sui
2542 2809 2804 2879 temporis
2849 2810 3365 2870 lieterodidascalos
3418 2817 3626 2887 scripln

2034 2907 2188 2963 sunt,
2228 2899 2297 2954 ad
2326 2901 2656 2955 sententiam
2688 2903 2926 2973 alicujus
2956 2904 3202 2959 lneretici
3234 2907 3330 2975 qui
3365 2906 3460 2961 diu
3499 2916 3627 2977 post

2031 2990 2290 3062 martyris
2313 2992 2623 3061 passionem
2651 3002 2813 3049 natus
2852 2995 2946 3060 sit,
2972 2995 3322 3052 refutandam
3355 3008 3623 3068 opportu-

2030 3081 2262 3137 nissima
2292 3098 2415 3138 esse
2441 3092 2776 3154 potuerunt;
2814 3101 2923 3140 non
2955 3087 3105 3156 quod
3148 3096 3341 3143 auctor
3368 3089 3626 3160 epistola-

2032 3189 2156 3229 rum
2199 3174 2378 3244 ipsum
2430 3175 2744 3230 haereticum
2797 3178 3161 3247 posteriorem
3215 3180 3471 3246 noverit,
3525 3181 3622 3237 sed

2029 3265 2174 3337 quod
2203 3266 2455 3321 eumdem
2482 3282 2751 3335 errorem,
2777 3283 2935 3337 quem
2966 3270 3242 3339 posterior
3271 3280 3495 3327 secutus
3516 3283 3622 3341 est,

2030 3356 2085 3412 in
2137 3357 2311 3427 priori
2356 3358 2824 3413 condemnaverit.
2869 3359 2987 3426 Qua
3034 3362 3196 3417 unica
3240 3363 3626 3421 observatione

2024 3448 2330 3516 praemissa,
2360 3448 2522 3504 facile
2549 3449 2902 3519 particularia
2934 3451 3148 3520 objecta
3191 3452 3541 3510 refelluntur.

2098 3538 2219 3595 Duo
2246 3539 2529 3596 Saturnini
2563 3542 2819 3612 dogmata
2846 3544 3157 3613 respexisse
3194 3542 3464 3614 lgnatium
3494 3547 3617 3616 epi-

2026 3632 2278 3687 stolicum
2302 3634 2437 3696 vult,
2457 3649 2627 3687 unum
2650 3634 2717 3689 de
2740 3635 3114 3699 matrimonio,
3139 3635 3372 3689 alterum
3397 3637 3463 3691 de
3490 3635 3622 3694 Jesu

2028 3725 2304 3794 putativo,
2351 3725 2585 3795 ideoque
2618 3735 2744 3796 post
2780 3741 2844 3781 ea
2906 3742 2939 3781 a
3011 3726 3311 3782 Saturnino
3347 3729 3623 3798 publicata

2028 3814 2250 3883 vixisse,
2282 3826 2337 3872 et
2362 3818 2628 3888 Ignatium
2660 3825 2955 3889 martyrem
2986 3834 3108 3875 esse
3149 3835 3258 3874 non
3291 3835 3474 3890 posse.
3514 3823 3624 3878 Sed

2028 3906 2312 3964 Saturnini
2340 3909 2539 3981 dogma
2562 3910 2629 3965 de
2658 3912 3014 3967 matrimonio
3045 3913 3100 3967 in
3133 3914 3389 3985 genuinis
3408 3916 3621 3986 episto-

2027 3999 2093 4056 lis
2126 4016 2236 4055 non
2280 4000 2544 4068 habetur;
2589 4017 2656 4056 ex
2682 4003 3049 4068 assumentis,
3077 4020 3201 4075 qua:
3232 4006 3616 4075 repudiamus,

2023 4091 2379 4162 depromitur.
2415 4092 2662 4148 Alterum
2694 4094 2762 4149 de
2793 4092 2926 4150 Jesu
2957 4096 3225 4165 putativo,
3250 4113 3281 4153 a
3313 4096 3619 4153 Saturnino

2021 4184 2201 4254 primo
2230 4184 2508 4253 proditum
2534 4201 2644 4240 non
2676 4193 2780 4242 est.
2813 4184 3044 4242 Etiamsi
3073 4187 3239 4258 igitur
3271 4198 3469 4245 auctor
3495 4191 3618 4261 epi-

2022 4277 2285 4332 stularum
2316 4289 2510 4333 contra
2542 4278 2686 4334 hanc
2728 4278 3004 4345 haeresim,
3042 4294 3205 4351 quam
3236 4282 3493 4338 tuebatur
3524 4280 3621 4339 Sa-

2024 4369 2300 4434 turninus,
2327 4369 2631 4439 scripserit,
2665 4385 2773 4424 non
2803 4368 2930 4424 inde
2973 4379 3153 4426 tamen
3190 4373 3445 4443 sequitur
3487 4390 3616 4428 cum

2022 4461 2106 4516 vel
2154 4459 2518 4516 Saturninum
2551 4461 2794 4526 novisse,
2826 4461 2913 4516 vel
2945 4471 3140 4518 contra
3165 4503 3181 4528 ,
3214 4464 3301 4518 vel
3332 4474 3459 4535 post
3487 4481 3614 4537 enim

313 4576 471 4625 mus,
503 4567 568 4613 ut
598 4558 731 4613 lib.1
762 4557 1021 4615 adversus
1040 4556 1408 4616 Iovinianum:
1436 4577 1456 4610 ι
1484 4557 1565 4614 Ad
1588 4558 1690 4613 hos
1718 4570 1771 4614 et
1791 4558 1917 4616 Cle-
1946 4559 1992 4614 D
2020 4552 2345 4623 scripsisse;
2380 4551 2508 4621 quia
2538 4552 2730 4606 eadem
2779 4550 2883 4606 fuit
2913 4552 3139 4609 haeresis
3190 4551 3617 4610 Menandriano-

314 4669 481 4709 mens
517 4665 813 4707 successor
857 4649 1128 4720 apostoli,
1175 4649 1335 4720 cujus
1382 4647 1587 4707 Paulus
1635 4652 1920 4721 apostolus

314 4746 599 4810 meminit,
640 4744 835 4799 scribit
855 4743 1143 4813 epistolas,
1179 4756 1515 4812 omnemque
1544 4758 1682 4813 pene
1708 4758 1922 4799 sermo-

313 4857 446 4897 nem
501 4856 670 4896 suum
720 4842 788 4895 de
842 4840 1171 4912 virginitatis
1213 4841 1453 4910 puritate
1503 4842 1816 4911 contexuit;
1863 4851 1921 4899 et

312 4934 585 5003 deinceps
631 4933 792 4987 multi
828 4933 1114 5003 apostolici
1160 4942 1219 4988 et
1252 4944 1522 5007 martyres
1572 4942 1627 4989 et
1674 4934 1920 4991 illustres

314 5034 431 5080 tam
462 5024 761 5080 sanctitate
794 5039 960 5094 quam
987 5024 1302 5095 eloquentia
1343 5027 1467 5092 viri,
1502 5039 1644 5096 quos
1690 5040 1757 5080 ex
1789 5040 1918 5095 pro-

312 5118 457 5189 priis
512 5116 740 5185 scriptis
782 5131 947 5173 nosse
991 5116 1251 5187 perfacile
1294 5126 1407 5184 est;
1447 5136 1467 5170 ι
1516 5133 1693 5189 neque
1724 5127 1915 5173 contra

311 5205 672 5261 Theodotum
717 5205 1069 5260 solummodo
1106 5206 1399 5275 scripsisse
1440 5206 1552 5271 ait,
1594 5207 1689 5262 sed
1721 5216 1915 5261 contra

310 5299 586 5355 Ebionem
618 5298 768 5370 (nam
786 5299 854 5354 de
871 5296 1166 5353 Valentino
1190 5298 1352 5352 silent
1366 5312 1503 5352 mss.
1522 5296 1914 5368 quamplurimi

312 5402 489 5463 atque
526 5391 674 5445 inter
712 5405 809 5445 eos
858 5389 1346 5460 Cantabrigienses
1390 5388 1535 5460 duo)
1577 5405 1685 5444 non
1728 5388 1914 5444 minus

309 5498 489 5555 quam
511 5480 885 5547 Theodotum;
915 5496 1095 5550 neque
1120 5488 1230 5533 tam
1254 5494 1445 5534 eorum
1466 5493 1729 5548 personas
1745 5493 1913 5547 quam

310 5558 657 5631 sententiam
701 5572 1014 5642 respexisse
1055 5571 1366 5626 censendus
1394 5579 1496 5634 est,
1515 5570 1610 5641 qui
1642 5569 1696 5622 in
1722 5568 1913 5623 eadem

308 5667 774 5734 consentiebant;
832 5680 1013 5736 neque
1066 5665 1302 5735 denique
1356 5680 1548 5719 verum
1604 5673 1716 5727 est,
1776 5662 1912 5717 nulli

308 5763 627 5832 apostolico
663 5770 853 5817 notum
894 5773 1018 5815 esse
1052 5758 1299 5828 potuisse
1333 5754 1698 5812 Theodotum.
1733 5752 1911 5821 Quam

310 5856 409 5911 diu
463 5854 615 5910 enim
667 5861 793 5909 ante
830 5848 1107 5907 Victorem
1166 5848 1399 5904 haeresin
1460 5860 1621 5902 suam
1667 5842 1910 5914 prodidit

2022 4659 2186 4710 rum,
2235 4658 2470 4712 quorum
2528 4642 2922 4713 quamplurimi
2995 4641 3299 4699 Saturnino
3367 4646 3618 4702 seniores

2019 4744 2198 4791 erant.
2230 4733 2344 4789 lmo
2367 4734 2483 4804 ipse
2508 4732 2843 4789 Saturninus
2874 4751 2903 4789 a
2935 4733 3236 4790 Menandro
3271 4737 3474 4793 hausit.
3502 4736 3615 4793 ire-

2023 4843 2172 4882 nzeus
2207 4826 2305 4880 lib.
2338 4842 2377 4888 ι,
2409 4842 2459 4881 c.
2501 4824 2573 4879 22
2603 4841 2618 4879 :
2658 4844 2676 4876 ‹
2714 4824 3051 4881 Saturninus
3094 4827 3320 4897 quidem
3354 4828 3615 4883 similiter

2022 4926 2081 4972 ut
2109 4916 2427 4983 Menander,
2455 4926 2562 4971 etc.
2597 4934 2616 4967 ι
2647 4913 2995 4985 Epiphanius
3029 4916 3233 4972 diserte
3264 4936 3276 4971 :
3307 4917 3463 4971 Μετὰ
3483 4916 3611 4971 τοῦ-

2014 5027 2108 5067 nov
2137 5008 2452 5081 Σατορνῖλός
2493 5026 2578 5073 τις
2633 5006 2868 5079 ἀνέστη,
2905 5007 3001 5061 καὶ
3040 5007 3204 5072 αὐτὸς
3251 5009 3460 5063 ἐκεῖθεν
3510 5009 3614 5075 τὰς

2017 5100 2301 5173 ἀφορμὰς,
2343 5100 2451 5153 ἀπὸ
2476 5100 2790 5172 Μενάνδρου
2826 5102 2991 5172 φημὶ,
3023 5102 3116 5155 καὶ
3142 5101 3252 5155 τῶν
3281 5101 3475 5175 πρώην
3511 5102 3611 5156 λα·-

2018 5192 2147 5248 6ών.
2175 5192 2551 5248 Menandriani
2583 5202 2765 5248 autem
2797 5201 2852 5248 et
2881 5192 3190 5248 Simoniani
3222 5209 3417 5249 omnes
3448 5194 3611 5252 Chri:

2016 5294 2162 5342 stum
2195 5286 2439 5356 putative
2483 5283 2763 5339 hominem
2797 5284 2968 5340 fuisse
2993 5327 3009 5351 ,
3038 5296 3092 5341 et
3122 5287 3364 5356 putative
3392 5295 3608 5341 tantum

2015 5393 2241 5448 passum
2296 5376 2616 5442 docebant;
2681 5391 2712 5430 a
2795 5374 3043 5444 Simone,
3105 5377 3349 5442 scilicet,
3405 5377 3606 5440 edocti,

2016 5469 2111 5539 qui
2145 5466 2381 5534 Iudaeis,
2417 5468 2658 5535 seipsum
2688 5462 2890 5519 Filium
2922 5482 3045 5521 esse
3081 5467 3236 5532 dixit,
3276 5465 3517 5520 παθόντα
3550 5465 3610 5521 δὲ

2018 5562 2095 5634 μὴ
2123 5560 2471 5626 πεπονθέναι,
2501 5558 2638 5614 ἀλλὰ
2671 5559 2890 5629 δοκήσει
2931 5559 3113 5629 μόνον,
3148 5569 3206 5613 ut
3253 5558 3395 5614 idem
3437 5556 3609 5613 refert

2014 5653 2377 5725 Epiphanius.
2412 5651 2711 5705 Menander
2735 5660 2918 5704 autem
2956 5650 3181 5714 multos,
3209 5659 3347 5705 teste
3387 5647 3608 5704 Justino

2014 5756 2257 5818 martyre
2283 5785 2299 5811 ,
2346 5744 2654 5799 Antiochia
2685 5742 2925 5810 seduxit,
2956 5757 3099 5815 quos
3148 5743 3404 5813 ignorare
3440 5743 3605 5812 igna-

2014 5841 2127 5896 tius
2151 5847 2339 5895 noster
2380 5853 2491 5894 non
2529 5837 2729 5908 potuit.
2764 5836 2879 5893 lino
2922 5851 2989 5893 ex
3026 5836 3316 5892 Antiochia
3340 5833 3445 5891 fuit
3489 5832 3605 5905 ipse
