4078 6394
509 351 607 407 ενι

1582 349 1639 403 S.
1682 347 2033 406 IGNATIUS.
2076 380 2146 390 —
2185 349 2730 413 PROLEGOMENA.

3684 377 3805 434 292.

514 468 869 525 Saturninus.
903 476 1042 524 teste
1078 467 1306 535 Irenaeo,
1329 468 1397 524 de
1432 466 1594 537 cujus
1639 478 1820 534 aetate,
1847 470 1939 524 ubi
1970 485 2110 539 opus
2140 476 2184 531 Α
2213 473 2623 543 vindicandam,
2665 477 2812 546 quod
2835 492 2959 548 qua!
2991 479 3173 550 primo
3226 484 3550 555 scripserat,
3590 484 3802 541 directe

515 563 702 628 fuerit,
735 562 899 617 latius
931 562 1292 616 disseremus.

584 656 710 711 Mox
742 657 885 711 duos
908 671 976 710 ex
1020 655 1255 723 epistola
1291 654 1358 708 ad
1404 653 1787 723 Philippenscs
1817 653 1970 709 locos
2011 654 2108 708 ad-

510 749 687 815 ducit,
718 747 1035 813 manifeste,
1064 757 1127 801 ut
1154 747 1255 808 ait,
1282 746 1564 816 pulsantes
1590 745 1885 813 Praxeam,
1912 754 2110 817 praeter

510 857 607 897 eos
632 856 776 912 quos
809 851 970 895 antea
1001 841 1309 895 adduxerat
1337 858 1352 893 :
1378 847 1536 893 erant
1564 848 1748 894 autem
1775 840 1942 893 etiam
1976 839 2013 893 ii
2039 854 2107 894 ex

509 932 699 987 eadem
732 932 994 1001 epistola,
1030 940 1127 985 aut
1176 930 1264 984 illa
1306 930 1375 985 ad
1424 929 1747 985 Tarsenses.
1779 928 1892 986 Nos
1922 941 2105 985 autem

509 1030 760 1076 neutram
781 1021 1151 1087 defendimus,
1170 1031 1466 1092 utramque
1481 1020 1934 1078 manifestissime
1956 1037 2110 1079 com-

508 1113 822 1167 mcntitiam
853 1112 1201 1182 profitemur.

580 1203 828 1275 Denique
873 1203 1222 1259 Theodotum
1272 1204 1591 1261 Coriarium
1636 1206 1832 1261 iterum
1863 1206 2105 1274 adducit,

508 1310 575 1351 ac
598 1297 647 1351 si
680 1296 1044 1366 epistularum
1080 1304 1277 1349 auctor
1301 1311 1426 1349 eum
1460 1296 1626 1351 etiam
1660 1298 1927 1362 novisset,
1958 1299 2107 1368 quod

506 1388 675 1441 etiam
728 1388 783 1441 in
819 1385 1137 1441 Usserianis
1182 1387 1330 1442 illius
1376 1387 1716 1457 blasphemia
1748 1388 1981 1444 refutata
2012 1391 2104 1445 sit.

508 1482 577 1537 Et
600 1482 823 1551 quidem
855 1482 1275 1551 blasphemiam,
1301 1496 1465 1550 quam
1496 1481 1813 1538 Theodotus
1837 1482 2103 1549 defendit,

511 1574 784 1643 lgnatium
826 1573 1187 1630 Usserianum
1221 1573 1495 1629 relutasse
1544 1575 1821 1641 concedo;
1857 1574 2110 1630 Theodo—

2213 566 2465 622 haeresim
2488 567 2712 624 ferirent
2732 568 2960 627 Ebionis
2988 583 3043 628 et
3061 572 3691 650 Cerinthi,aliorumque
3715 597 3800 637 so-

2212 660 2330 732 ipso
2353 664 2752 734 antiquiorum,
2784 675 2883 721 aut
2903 683 3001 723 sua
3032 677 3214 737 aetate,
3246 683 3371 742 post
3395 674 3646 729 omnium
3669 689 3797 746 apo-

2211 754 2483 810 stolorum
2528 766 2796 825 mortem,
2858 761 3108 816 eamdem
3164 764 3393 822 liberius
3432 766 3801 823 disseminan-

2211 846 2371 903 tium.

2826 964 3057 1022 CAPUT
3097 966 3185 1024 ΠΙ.

2209 1078 2592 1159 Argumentum
2638 1098 2675 1159 _a
2724 1080 2990 1159 γριφτὶῃὶ
3028 1083 3151 1159 Sige
3188 1087 3410 1142 ductum
3457 1092 3798 1159 proponitur.

2316 1150 2942 1228 ntroductoriw_Dallwi
2975 1150 3294 1228 confectura
3329 1150 3669 1228 refelluntur.
3724 1163 3804 1217 De

2280 1222 2431 1303 uario
2454 1221 2675 1276 lectione
2698 1225 2903 1303 frustra
2924 1221 3238 1303 ambigitur.
3249 1221 3659 1303 Interpotatoris
3671 1248 3803 1303 pru—

2280 1293 2462 1369 dentia
2482 1309 2759 1369 perperam
2777 1293 3088 1369 aduocatur.
3123 1297 3272 1353 Mala
3296 1293 3428 1369 ﬁdes
3453 1293 3682 1357 Petaoio'
3703 1305 3804 1357 im-

2282 1363 2469 1443 merito
2507 1365 2815 1443 ascribitur.
2852 1365 3049 1421 Irencet'
3082 1363 3354 1425 silentium
3385 1371 3602 1427 Eusebii
3634 1375 3803 1428 silen-

2282 1436 2356 1485 tio
2392 1436 2734 1504 expungitur.

2280 1567 2510 1625 Leviora
2551 1572 2666 1627 hanc
2712 1572 2933 1641 quidem
2980 1584 3140 1642 sunt,
3171 1585 3225 1632 et
3252 1579 3537 1647 omnibus,
3572 1582 3798 1652 opinor,

508 1679 625 1720 tum
661 1666 884 1721 novisse
914 1682 1111 1720 rursus
1140 1680 1403 1736 pernego.
1438 1664 1676 1720 Dallaaus
1711 1667 1827 1736 ipse
1849 1667 2109 1722 dubitan-
2208 1662 2500 1730 videntur;
2535 1664 2630 1719 sed
2663 1666 2840 1736 major
2862 1667 3024 1723 nobis
3052 1668 3233 1738 capite
3274 1669 3342 1723 12
3368 1670 3660 1729 difﬁcultas
3682 1675 3801 1729 ori-

506 1769 591 1815 tcr
656 1760 772 1814 haec
834 1759 1139 1828 proponit:
1199 1757 1298 1812 «Si
1351 1773 1477 1813 vera
1515 1767 1684 1825 sunt,
1740 1758 1937 1829 inquit,
1985 1774 2108 1829 quae
2208 1764 2299 1809 tur
2331 1771 2398 1810 ex
2432 1756 2590 1822 loco,
2626 1773 2790 1827 quem
2839 1757 2907 1813 ad
2948 1757 3298 1816 Valentinum
3347 1773 3613 1833 spectare,
3640 1775 3696 1821 et
3729 1767 3801 1820 fio

507 1853 698 1916 (Zaius,
727 1853 841 1906 sive
864 1852 1005 1906 alius
1033 1851 1176 1920 apud
1202 1850 1500 1905 Eusebium
1532 1851 1768 1920 scriptor
1790 1852 2105 1907 vetustissi-
2136 1845 2180 1900 Β
2208 1847 2332 1901 dem
2374 1855 2685 1918 temporum
2727 1850 2936 1906 violare
2984 1852 3275 1909 manifeste
3316 1856 3539 1923 volunt;
3583 1856 3638 1910 in
3682 1873 3801 1927 quo

507 1961 634 2001 mus
680 1943 833 2009 dicit,
870 1962 888 1994 ι
951 1942 1333 2000 Theodotum.
1372 1943 1617 2008 scilicet,
1676 1942 1915 2011 primum
1950 1958 2095 1998 asse-

505 2039 687 2092 ruissc
714 2037 997 2091 Christum
1026 2035 1198 2090 fuisse
1225 2034 1432 2088 nudum
1467 2036 1778 2099 hominem;
1803 2029 1932 2105 'ipse
1952 2036 2100 2090 enim

503 2130 709 2199 Optime
757 2130 907 2184 novit
936 2130 1091 2192 haec,
1138 2128 1185 2181 si
1222 2129 1413 2183 stricte
1454 2137 1766 2192 sumantur,
1811 2143 1936 2183 vera
1988 2143 2099 2183 non

502 2238 662 2287 esse;
710 2221 863 2275 novit
905 2219 1044 2275 alios
1074 2218 1517 2288 quamplurimos
1554 2218 1646 2272 diu
1691 2227 1819 2272 ante
1845 2217 2102 2273 Theodo-

505 2324 646 2378 tum,
677 2330 786 2369 non
816 2329 1023 2384 paucos
1054 2314 1220 2366 etiam
1245 2320 1373 2365 ante
1398 2309 1691 2381 lgnatium,
1718 2313 1968 2367 eamdem
1991 2311 2100 2366 ha:-

504 2410 671 2463 resim
705 2407 1116 2486 promulgasse,
1154 2420 1391 2475 quorum
1462 2406 1747 2475 catalogus
1790 2408 1933 2476 apud
1966 2406 2098 2476 Epi.

503 2501 766 2571 phanium
801 2500 1023 2570 legitur.
1064 2496 1171 2552 Sed
1223 2498 1549 2566 scriptorem
1592 2497 1744 2550 illum
1778 2498 2100 2567 antiquissi-

504 2610 656 2648 mum
689 2602 884 2657 vocat;
930 2592 1189 2647 dabimus
1226 2590 1395 2660 igitur
1425 2589 1505 2642 illi
1557 2589 1853 2661 σύγχρονον
1884 2589 2098 2646 Tertul-

503 2686 736 2752 lianum,
768 2705 786 2737 ι
809 2684 1109 2739 Cerinthus
1134 2681 1411 2737 Christum
1444 2681 1723 2734 hominem
1755 2690 2089 2738 tantummo.

502 2780 576 2834 do
607 2780 727 2833 sine
774 2778 981 2832 deitatc
1032 2775 1335 2831 contendit.
1370 2792 1389 2825 ι
1446 2773 1516 2828 Et
1562 2790 1800 2829 rursus:
1839 2792 1857 2825 ε
1890 2775 2098 2830 Poterit

506 2874 623 2926 hrec
646 2871 831 2940 opinio
864 2869 1059 2923 Ebioni
1092 2868 1411 2931 convenire,
1443 2865 1538 2937 qui
1566 2866 1773 2920 nudum
1817 2867 2092 2923 hominem

502 2963 791 3017 constituit
816 2959 1025 3016 Jesum.
1055 2978 1074 3010 ι
1124 2958 1252 3013 Ηωο
1284 2959 1374 3014 ille
1414 2958 1553 3013 libro
1582 2957 1660 3012 De
1688 2975 1843 3013 carne
1872 2959 2092 3017 Christi.

507 3053 769 3107 Dabimus
794 3053 930 3107 Caio
966 3051 1331 3121 antiquiorem
1364 3049 1630 3104 Irenaeum
1657 3093 1672 3117 ,
1707 3052 1802 3121 qui
1836 3053 1929 3107 lib.
1966 3070 2007 3115 ι,
2039 3069 2091 3109 c.

501 3146 596 3211 25,
625 3146 691 3200 de
724 3143 991 3199 Cerintho
1018 3144 1136 3198 hzec
1182 3143 1385 3197 habet:
1424 3161 1442 3194 ι
1472 3143 1659 3197 Jesum
1696 3152 1876 3199 autem
1908 3145 2094 3214 subje-

502 3240 574 3294 cit
601 3254 708 3292 non
738 3253 806 3293 ex
840 3235 1063 3308 Virgine
1094 3244 1283 3291 natum
1316 3236 1683 3307 (impossibile
1727 3237 1875 3291 enim
1912 3237 2017 3293 hoc
2044 3240 2095 3293 ei

501 3334 683 3387 visum
713 3336 841 3401 est),
877 3332 1049 3387 fuisse
1085 3341 1269 3387 autem
1317 3348 1444 3388 eum
1490 3331 1694 3403 Jeseph
1735 3342 1791 3388 et
1828 3331 2011 3388 Mariae
2042 3335 2099 3389 fi-

503 3426 669 3490 lium,
707 3426 963 3481 similiter
1000 3434 1063 3480 ut
1100 3425 1297 3495 reliqui
1341 3440 1533 3480 omnes
1575 3425 1843 3480 homines.
1878 3443 1897 3477 ι
1948 3424 2095 3480 Idem

501 3520 681 3589 capite
725 3519 977 3589 sequenti
1022 3534 1037 3571 :
1086 3536 1105 3570 ‹
1153 3517 1259 3585 Qui
1289 3530 1472 3572 autem
1524 3518 1784 3572 dicuntur
1826 3516 2093 3583 Ebionzei,

501 3608 857 3664 consentiunt
890 3607 1113 3677 quidem
1149 3607 1414 3661 mundum
1449 3622 1480 3661 a
1507 3606 1616 3661 Deo
1642 3606 1846 3663 factum
1871 3624 1885 3672 ;
1911 3622 1973 3661 ea
1998 3622 2097 3661 au-

500 3710 610 3756 tem
647 3716 769 3770 quae
800 3708 932 3754 sunt
960 3714 1086 3769 erga
1112 3699 1431 3763 Dominum,
1465 3715 1573 3753 non
1623 3699 1882 3754 similiter
1942 3697 2095 3770 [lego

501 3791 897 3863 consimiliter]
941 3800 1003 3846 ut
1039 3791 1335 3847 Cerinthus
1359 3800 1412 3845 et
1452 3789 1815 3860 Carpocrates
1859 3790 2095 3860 opinan-

501 3892 612 3937 tur.
650 3902 669 3936 ι
702 3882 781 3938 Ne
803 3893 986 3938 autem
1031 3883 1403 3939 emendationi
1433 3894 1633 3939 nostra:
1665 3884 1822 3940 inniti
1860 3884 2093 3939 nimium

500 3975 807 4043 videamur,
842 3976 985 4031 idem
1033 3976 1131 4031 lib.
1171 3993 1247 4042 IV,
1290 3991 1342 4030 c.
1395 3976 1465 4031 58
1506 3995 1519 4031 :
1569 3976 1877 4048 Ἀνακρινεῖ
1905 3977 1964 4030 δὲ
1997 3975 2094 4030 καὶ

499 4069 629 4131 τοὺς
664 4068 1031 4131 Ἑσιωναῐους,
1080 4068 1207 4132 Πῶς
1233 4069 1489 4122 δύνανται
1545 4066 1804 4141 σωθῆναι,
1848 4071 1896 4122 εἰ
1954 4068 2029 4140 μὴ
2064 4069 2094 4121 6

501 4160 635 4223 Θεὸς
665 4156 731 4234 ἦν
758 4163 786 4214 6
808 4161 907 4231 τὴν
933 4159 1205 4231 σωτηρίαν
1234 4160 1413 4213 αὐτῶν
1442 4160 1535 4212 ἐπὶ
1564 4160 1670 4230 γῆς
1698 4162 2089 4233 ἐργασάμενος·

501 4250 537 4321 ἢ
567 4250 685 4314 πῶς
713 4250 809 4305 ἄνθ
819 4267 998 4322 ρωπος
1029 4252 1270 4321 χωρήσει
1290 4251 1370 4313 εἰς
1391 4248 1544 4315 Θεὸν,
1580 4251 1628 4302 εἰ
1660 4249 1733 4321 μὴ
1760 4253 1788 4303 6
1816 4251 1950 4315 Θεὸς
1966 4253 2093 4323 ἐχω-

504 4344 644 4417 ρήθη
675 4345 753 4408 εἰς
770 4344 1080 4415 ἄνθρωπον.
1104 4342 1277 4399 Vetus
1306 4344 1579 4413 interpres
1606 4359 1619 4397 :
1655 4363 1673 4395 ε
1700 4343 1973 4400 Judicabit
1993 4361 2093 4400 au-

501 4442 612 4485 tem
658 4441 712 4486 et
758 4431 1077 4498 Ebionitas,
1127 4432 1407 4501 quomodo
1454 4434 1939 4502 possunt.salvari,
1981 4434 2091 4492 nisi

2207 1937 2516 1994 Salmasius
2537 1949 2592 1995 et
2611 1939 2948 2007 Blondellus,
2970 1951 3097 1998 ante
3118 1942 3403 2013 Dallaeum,
3425 1946 3793 2004 desudarunt.

2204 2029 2397 2087 Exstat
2427 2032 2517 2088 ille
2546 2033 2767 2103 quidem
2820 2034 2873 2089 in
2909 2036 3142 2106 epistola
3184 2038 3253 2092 ad
3284 2037 3667 2110 Magnesianos
3689 2082 3705 2105 ,
3738 2052 3800 2096 et

2206 2126 2258 2178 in
2286 2124 2475 2181 codice
2511 2125 2752 2182 Mediceo
2784 2128 2838 2181 in
2881 2128 3028 2183 hunc
3065 2130 3290 2185 modum
3322 2133 3668 2202 concipitur:
3695 2130 3798 2198 Εἷς

2202 2218 2333 2280 Θεός
2363 2220 2510 2274 ἐστιν
2549 2220 2578 2272 6
2617 2219 2941 2291 φανερώσας
2979 2220 3170 2275 ἑαυτὸν
3197 2222 3288 2275 διὰ
3337 2225 3511 2295 Ἰησοῦ
3552 2226 3796 2297 Χριστοῦ

2203 2309 2335 2363 Υἱοῦ
2366 2310 2557 2377 αὐτοῦ,
2582 2312 2641 2375 ὃς
2669 2312 2817 2365 ἐστιν
2838 2313 3001 2366 αὑτοῦ
3030 2314 3202 2383 Λόγος
3228 2314 3418 2381 ἀΐδιος,
3436 2316 3537 2370 οὐκ
3573 2318 3680 2371 ἀπὸ
3708 2336 3798 2372 σι-

2200 2403 2304 2473 γῆς
2332 2404 2629 2474 προελθών.
2662 2404 2932 2475 luterpres
2963 2405 3297 2463 Usserianus
3334 2427 3349 2462 :
3391 2427 3410 2461 ι
3442 2407 3597 2465 Unus
3644 2410 3796 2468 Deus

2184 2505 2308 2562 .cst,
2338 2496 2435 2567 qui
2463 2496 2837 2553 manifestavit
2871 2497 3113 2568 seipsum
3158 2515 3257 2569 per
3286 2499 3474 2556 Jesum.
3505 2501 3793 2557 Christum

2200 2588 2402 2643 Filium
2433 2588 2628 2658 ipsius,
2654 2590 2746 2658 qui
2775 2596 2861 2644 est
2890 2589 3064 2658 ipsius
3091 2588 3330 2645 Verbum
3357 2601 3647 2659 aeternum,
3676 2610 3794 2649 non

2197 2700 2233 2739 a
2260 2682 2481 2739 silentio
2502 2682 2873 2753 progrediens.
2902 2702 2922 2735 ι
2959 2682 3366 2753 lnterpolatoris
3397 2696 3578 2741 autem
3624 2702 3795 2757 para-

2198 2774 2422 2845 phrasis
2455 2775 2529 2830 ita
2559 2790 2619 2829 se
2644 2774 2808 2829 habet
2836 2791 2848 2827 :
2884 2770 2979 2839 Εἷς
2999 2776 3130 2840 Θεός
3157 2779 3306 2831 ἐστιν
3325 2779 3352 2831 ὁ
3370 2779 3792 2853 παντοκράτωρ,

2196 2870 2226 2922 6
2257 2866 2581 2939 φανερώσας
2610 2867 2801 2920 ἑαυτὸν
2829 2867 2917 2921 διὰ
2959 2867 3132 2939 Ἰησοῦ
3153 2869 3390 2940 Χριστοῦ
3416 2870 3511 2923 τοῦ
3544 2872 3671 2925 Υἱοῦ
3691 2873 3796 2927 αὐα-

2195 2956 2384 3024 τοῦ,ὃς
2404 2959 2550 3011 ἐστιν
2578 2958 2744 3011 αὐτοῦ
2776 2959 2949 3027 Λόγος
2971 2961 3032 3013 οὐ
3055 2962 3237 3032 ρητὸς,
3274 2962 3387 3016 ἀλλ’
3405 2963 3689 3036 οὐσιὼδης’
3720 2968 3790 3020 οὐ

2196 3048 2305 3120 γάρ
2346 3050 2463 3103 ἐστι
2502 3048 2689 3113 λαλιᾶς
2748 3052 3011 3124 ἐνάρθρου
3049 3051 3315 3125 φώνημα,
3358 3055 3472 3108 ἀλλ’
3509 3058 3794 3127 ἐνεργείας

2198 3140 2385 3212 Θεῖκῆς
2405 3141 2563 3195 οὐσία
2584 3146 2837 3215 γεννητή.
2864 3142 3137 3214 lnterpres
3160 3147 3452 3217 vulgatus:
3483 3166 3501 3198 ι
3527 3145 3681 3204 Unus
3700 3158 3794 3204 est

2198 3232 2344 3289 Deus
2375 3234 2748 3303 omnipotens,
2779 3235 2873 3305 qui
2902 3236 3275 3292 manifestavit
3297 3239 3540 3307 seipsum
3570 3255 3665 3309 per
3690 3239 3792 3295 Je-

2198 3338 2321 3381 sum
2351 3325 2633 3381 Christum
2660 3326 2862 3382 Filium
2880 3343 3066 3395 suum,
3097 3330 3193 3400 qui
3217 3338 3303 3385 est
3323 3328 3561 3385 Verbum
3586 3332 3787 3401 ipsius,

2198 3432 2314 3473 nou
2353 3419 2711 3489 prolativum,
2742 3421 2976 3488 scilicet,
3009 3422 3107 3477 sed
3136 3423 3539 3493 substantiale;
3568 3442 3677 3481 non
3697 3426 3789 3481 lo-

2196 3512 2348 3568 cutio
2377 3511 2681 3568 articulatm
2711 3513 2901 3582 vocis,
2930 3514 3026 3570 sed
3071 3516 3319 3585 operatio
3352 3514 3579 3574 Deitatis
3601 3558 3617 3585 ,
3649 3518 3789 3575 sub-

2196 3605 2422 3671 stantia,
2454 3605 2685 3672 scilicet,
2714 3604 2919 3677 genita.
2959 3624 2979 3657 ι

2268 3696 2346 3753 De
2386 3698 2475 3754 his
2515 3699 2701 3753 verbis
2730 3697 2863 3769 quid
2889 3697 3102 3767 iudicet
3135 3698 3319 3755 dicere
3352 3701 3529 3756 voluit
3556 3702 3639 3756 vir
3677 3703 3789 3760 do-

2193 3789 2474 3845 ctissimus
2518 3798 2809 3859 antequam
2859 3797 3241 3860 argumentum
3280 3789 3461 3859 ipsum
3497 3794 3779 3862 explicare

2194 3897 2261 3938 ac
2282 3883 2421 3938 tueri
2465 3883 2883 3953 aggrederetur;
2912 3882 3006 3937 sed
3030 3897 3129 3952 pro
3155 3882 3365 3951 judicio
3391 3900 3494 3939 suo
3515 3885 3781 3943 inanissi—

2195 3988 2344 4030 mam
2378 3974 2753 4044 conjecturam
2782 3974 3028 4043 protulit.
3070 3992 3089 4025 ι
3116 3971 3307 4039 Nemo,
3343 3976 3539 4045 inquit,
3573 3984 3781 4031 tantam

2196 4067 2337 4123 inter
2361 4065 2674 4136 lgnatianos
2700 4065 2920 4121 codices
2945 4065 3320 4121 diversitatem
3348 4084 3480 4123 casu
3509 4070 3784 4125 accidisse

2196 4160 2468 4216 censebit:
2491 4177 2510 4211 ι
2538 4160 2659 4213 sine
2687 4158 2857 4213 dubio
2880 4173 3063 4212 nemo.
3095 4157 3472 4228 Quisquamne
3506 4169 3614 4215 tam
3642 4160 3780 4216 fun-

2194 4267 2297 4323 gus
2344 4261 2449 4317 est,
2480 4258 2543 4305 ut
2592 4257 2769 4320 putet,
2808 4249 2879 4304 ab
2936 4267 2957 4300 ι
2992 4249 3453 4319 antiquariorum,
3486 4252 3623 4308 alias
3673 4267 3779 4322 pro

2192 4341 2316 4396 aliis
2349 4340 2559 4396 litteras
2600 4348 2698 4394 aut
2730 4354 2893 4395 voces
2911 4339 3292 4403 scribentium,
3324 4341 3652 4413 negligentia
3693 4346 3778 4399 vel

2192 4448 2378 4489 errore
2401 4432 2658 4503 simplici,
2691 4451 2710 4484 ι
2756 4448 2820 4487 ex
2849 4433 3023 4487 tribus
3057 4433 3340 4489 vocabulis
3369 4435 3509 4490 duas
3534 4436 3779 4507 integras

504 4524 648 4579 Deus
682 4531 785 4590 est,
810 4524 904 4593 qui
930 4524 1165 4579 salutem
1201 4539 1389 4578 eorum
1416 4539 1581 4595 super
1605 4536 1805 4580 terram
1838 4537 2097 4597 operatus
2128 4532 2174 4593 D
2199 4526 2373 4583 lineas
2408 4534 2464 4581 et
2492 4526 2674 4581 verbis
2702 4534 2757 4580 et
2806 4525 3030 4597 syllabis
3073 4534 3127 4581 et
3156 4527 3372 4592 litteris,
3406 4529 3646 4584 maxime
3693 4531 3781 4585 di-

466 4614 471 4619 ’
501 4616 630 4669 est?
664 4612 731 4668 Et
757 4616 1226 4685 quemadmodum
1258 4615 1428 4670 homo
1460 4616 1690 4671 transiet
1725 4618 1778 4670 in
1814 4616 2008 4685 Deum,
2044 4620 2091 4675 si

502 4722 611 4760 non
643 4705 787 4761 Deus
818 4708 873 4760 in
898 4707 1217 4762 hominem?
1249 4726 1267 4758 ι
1302 4706 1421 4761 Non
1453 4717 1635 4763 autem
1665 4707 1840 4763 Ebion
1876 4720 2091 4767 tantum

501 4800 594 4853 diu
626 4807 753 4853 ante
789 4797 980 4869 lgnatii
1007 4799 1336 4870 martyrium
1370 4799 1528 4864 vixit,
1564 4800 1656 4855 sed
1688 4811 1744 4856 et
1770 4800 2090 4871 Cerinthus,

501 4891 597 4960 qui
631 4889 690 4945 S.
723 4890 925 4945 Joanni
958 4899 1123 4946 notus
1156 4891 1279 4946 fuit.
1309 4890 1468 4957 Quod
1502 4892 1546 4947 si
1583 4892 1945 4963 interpolator
1969 4895 2093 4951 illu-

502 4993 681 5039 strare
732 4994 788 5039 et
842 4984 1181 5054 ampliﬁcare
1239 4985 1467 5039 studens
1521 5000 1585 5039 ea
1644 5001 1767 5054 quze
1827 4987 2092 5043 adversus

502 5074 789 5131 Ebionitas
812 5087 864 5132 et
909 5076 1156 5131 Cerinthi
1206 5076 1512 5147 discipulos
1559 5077 1763 5148 scripta
1810 5089 1973 5147 sunt,
2022 5082 2091 5136 ad

500 5166 850 5223 Theodotum
875 5169 1125 5225 eamdem
1142 5170 1394 5225 haeresim
1415 5171 1832 5226 resuscitantem
1849 5171 2093 5227 referen-

500 5258 569 5315 da
600 5261 850 5329 censuit;
883 5276 952 5316 an
979 5261 1148 5332 igitur
1166 5262 1379 5331 putavit
1398 5260 1744 5317 Theodotum
1768 5262 1947 5332 primo
1970 5264 2089 5333 epi-

501 5352 768 5406 stularum
801 5353 1059 5422 scriptori
1090 5362 1281 5407 notum
1317 5351 1529 5408 fuisse?
1556 5351 1692 5407 Illud
1724 5353 1950 5407 omnino
1977 5368 2089 5408 non

502 5444 785 5512 sequitur;
823 5446 993 5499 multa
1026 5445 1171 5500 enim
1201 5446 1318 5515 ipse
1344 5444 1601 5505 inseruit,
1625 5459 1749 5514 qua:
1778 5444 1847 5498 ad
1870 5452 2087 5499 atatem

502 5535 664 5603 primi
718 5535 1005 5605 scriptoris
1052 5537 1261 5593 referre
1297 5538 1453 5592 nullo
1484 5538 1650 5593 modo
1698 5536 1896 5607 potuit.
1930 5536 2089 5604 Quod

503 5628 549 5680 si
583 5628 657 5681 ita
685 5629 1061 5685 existimasset
1090 5631 1288 5699 planus
1326 5630 1437 5695 ille,
1483 5631 1549 5685 ad
1600 5646 1703 5686 nos
1744 5630 1919 5696 nihil;
1954 5632 2090 5687 satis

501 5717 647 5770 enim
680 5727 764 5773 est
799 5719 866 5771 ad
894 5720 1147 5773 tuendam
1183 5721 1342 5789 primi
1376 5720 1662 5789 scriptoris
1706 5720 2088 5789 antiquitatem

502 5816 559 5862 et
588 5806 660 5861 ab
708 5808 1027 5879 impostoris
1072 5810 1219 5864 illius
1253 5810 1621 5881 jamétandem
1672 5809 1794 5865 ﬁcta
1827 5809 2089 5880 opinione

2194 4630 2385 4671 versas
2429 4624 2588 4670 natas
2631 4616 2791 4672 esse?
2825 4614 3204 4687 Quisquamne
3244 4627 3354 4673 tam
3391 4618 3596 4686 fatuus,
3628 4631 3688 4675 ut
3719 4622 3775 4675 in

2196 4705 2282 4763 his
2312 4707 2616 4776 praesertim
2658 4706 2942 4777 epistolis,
2990 4708 3195 4776 quibus
3244 4708 3623 4779 interpolator,
3666 4728 3777 4767 non

2195 4805 2406 4852 tantum
2431 4797 2733 4853 sententias
2760 4798 2992 4868 aliquot,
3009 4800 3103 4855 sed
3126 4808 3181 4854 et
3211 4800 3454 4873 integras
3479 4803 3779 4872 aliquando

2193 4889 2422 4959 paginas
2461 4888 2715 4955 inseruit,
2746 4906 2870 4945 cum
2904 4890 3173 4961 insignem
3212 4892 3454 4961 aliquam
3480 4894 3779 4949 diversita-

2156 5014 2161 5019 -
2194 4991 2305 5037 tem
2348 4980 2824 5048 animadverterit,
2855 4982 2925 5038 de
2964 4984 3406 5053 antiquariorum
3447 4986 3778 5057 negligentia

2193 5082 2289 5129 aut
2320 5089 2510 5130 errore
2548 5075 2785 5147 cogitet?
2816 5074 3120 5141 Quorsum,
3144 5092 3353 5147 quzeso,
3395 5077 3512 5131 haec
3550 5080 3781 5135 cautio?

2192 5164 2417 5235 Nempe,
2450 5166 2496 5221 si
2546 5167 2651 5223 hoc
2696 5182 2829 5223 casu
2881 5184 2989 5222 non
3042 5168 3264 5234 accidit,
3302 5187 3321 5219 ι
3354 5185 3517 5225 nemo
3556 5172 3784 5241 negabit

2192 5260 2467 5326 consulto,
2499 5267 2552 5312 et
2578 5259 2650 5313 ob
2676 5260 2915 5328 aliquam
2966 5260 3240 5313 rationem
3270 5259 3339 5313 ab
3379 5259 3781 5329 interpolatum

2191 5360 2462 5406 mutatum
2493 5350 2667 5405 fuisse
2705 5349 2853 5402 hunc
2900 5348 3188 5416 scriptoris
3229 5364 3560 5404 sermonem.
3596 5369 3616 5401 ι
3657 5348 3780 5405 lmo

2193 5459 2322 5498 vero
2354 5444 2480 5498 licet
2523 5457 2657 5497 casu
2694 5454 2807 5493 non
2856 5437 3140 5507 acciderit,
3168 5441 3243 5495 ita
3296 5450 3479 5498 tamen
3519 5442 3777 5496 consulto

2192 5536 2395 5590 factum
2425 5550 2570 5597 esse,
2602 5540 2661 5586 ut
2690 5531 2833 5585 ratio
2858 5531 3041 5601 aliqua
3087 5534 3384 5603 peculiaris
3413 5535 3776 5603 interpolato-

2195 5644 2305 5681 rem
2348 5626 2416 5679 ad
2467 5640 2531 5678 ea
2567 5623 2921 5693 potissimum
2953 5626 3117 5680 verba
3150 5627 3418 5682 mutanda
3470 5626 3773 5696 impulerit,
3818 5640 3837 5667 κ

2192 5732 2300 5771 non
2332 5717 2609 5783 sequitur;
2642 5712 2761 5779 ipsa
2784 5717 3057 5785 generalis
3081 5718 3449 5787 interpolandi
3473 5718 3777 5787 paraphra-

2192 5803 2436 5869 sticeque
2454 5801 2639 5856 omnia
2664 5814 2804 5869 pene
2825 5808 3132 5877 exponendi
3156 5809 3323 5875 ratio,
3349 5818 3408 5866 ut
3432 5810 3585 5878 alibi,
3608 5810 3776 5865 etiam
