4078 6390
258 356 482 416 ’295

1156 362 1203 419 1.
1245 362 1617 431 PEARSONII
1658 365 1986 424 VINDICLE
2022 368 2455 427 IGNATIANIE.
2497 403 2568 414 —
2608 373 2789 431 PARS
2827 374 2891 432 ll.

3532 385 3672 441 θοι

366 488 427 534 et
457 480 553 534 hic
592 478 811 536 suﬂicit.
852 480 931 536 Ex
963 482 1222 539 omnibus
1259 486 1775 554 interpolationibus
1817 489 1966 543 nulla
1996 494 2041 547 A
2068 490 2368 546 Christiani
2411 492 2541 549 facti
2571 504 2723 562 sunt,
2747 496 3006 551 viderunt
3033 495 3341 553 Turrianus
3368 507 3423 555 et
3447 497 3668 556 Leibius

366 589 507 628 casu
553 572 698 628 facta
744 583 869 629 est:
905 575 1003 629 sed
1028 576 1123 645 qui
1167 577 1510 647 singularum
1546 578 1820 634 rationem
1863 580 1970 634 ali-

360 684 541 737 quam
574 666 911 735 peculiarem
963 667 1267 723 reddiderit
1322 685 1558 738 magnus
1587 682 1735 726 certe
1772 673 1969 742 Apollo

361 761 495 814 erit.
530 759 707 814 Mutat
757 760 1024 830 impostor
1069 760 1160 815 ille
1206 775 1306 830 pro
1330 761 1487 816 lihitu
1535 764 1723 818 omnia
1761 783 1776 818 :
1821 780 1968 821 nunc

360 852 602 921 phrases
620 852 976 909 obscuriores
1003 854 1161 923 plane
1182 855 1403 920 omittit,
1427 871 1574 911 nunc
1600 857 1723 911 aliis
1755 857 1966 927 planio-

361 944 522 998 ribus
550 945 833 1014 exprimit,
864 961 1011 1000 nunc
1033 946 1391 1015 planissimas
1413 949 1573 1003 aliter
1601 947 1790 1013 refert,
1820 966 1968 1007 nunc

360 1036 677 1106 Scripturae
726 1036 847 1092 loca
896 1037 1196 1105 interserit,
1230 1054 1378 1094 nunc
1414 1040 1498 1095 sui
1541 1041 1805 1112 temporis
1832 1057 1965 1097 con-

357 1128 695 1184 suetudines
718 1124 960 1194 infercit,
988 1146 1135 1185 nunc
1165 1147 1296 1187 suas
1329 1128 1636 1189 sententias
1664 1133 1964 1204 aliquando

354 1220 647 1289 longiores
708 1221 900 1290 ῥήσεις
950 1219 1156 1290 lgnatio
1213 1226 1504 1293 supponit;
1554 1227 1629 1278 ita
1682 1223 1963 1296 lgnatiana

352 1312 553 1366 omnia
602 1311 883 1367 illustrare
925 1321 980 1367 et
1030 1315 1368 1384 ampliﬁcare
1402 1319 1630 1375 studens
1670 1336 1771 1377 sua
1809 1320 1958 1376 fecit.

351 1402 415 1458 In
466 1404 577 1459 hac
626 1404 747 1473 ipsa
797 1405 1031 1474 epistola
1076 1406 1143 1459 ad
1172 1406 1560 1478 Magnesianos
1600 1413 1817 1469 libidini
1848 1431 1962 1471 suae

351 1504 654 1565 tantopere
703 1496 953 1560 indulsit,
982 1506 1043 1552 ut
1088 1498 1180 1552 vix
1230 1506 1340 1555 tres
1369 1511 1465 1555 aut
1498 1512 1738 1572 quatuor
1765 1520 1959 1562 versus

352 1588 638 1653 invenias,
671 1587 724 1641 in
749 1589 954 1658 quibus
982 1590 1120 1644 nihil
1146 1591 1494 1649 immutavit:
1531 1605 1590 1650 ut
1616 1597 1818 1651 mirum
1849 1615 1957 1653 non

349 1680 451 1745 sit,
482 1680 533 1735 si
549 1681 782 1735 omnino
805 1680 1010 1736 frustra
1035 1697 1217 1738 causa:
1257 1685 1456 1755 aliquae
1493 1690 1795 1757 praesertim
1824 1691 1959 1747 sub-

365 1772 500 1841 tiles
549 1772 751 1828 harum
803 1773 1252 1829 immutationum
1298 1789 1637 1847 quaerantur.
1690 1780 1800 1837 Pro
1835 1782 1955 1836 θεο-

346 1862 748 1935 πρεπεστάτου
782 1866 976 1919 scribit
1008 1866 1154 1919 θείου
1189 1868 1284 1921 καὶ
1306 1870 1580 1936 ποθεινοῦ,
1616 1888 1742 1928 cum
1773 1883 1952 1930 tamen

343 1973 478 2013 eam
512 1972 708 2013 vocem
747 1958 878 2013 alibi
905 1959 1233 2027 retinuerit;
1282 1976 1384 2031 pro
1416 1962 1772 2034 διαφυγόντες
1817 1967 1953 2021 Θεοῦ

343 2048 685 2120 τευξόμεθα,
722 2049 889 2103 habet
918 2059 1129 2105 tantum
1155 2052 1545 2122 διαφεύξεσοε;
1582 2071 1684 2127 pro
1712 2060 1954 2130 συγχρᾶ-

344 2144 501 2206 σθαι,
540 2144 938 2214 καταφρονείν;
966 2159 1066 2212 pro
1094 2143 1238 2198 κατὰ
1265 2145 1515 2219 δύναμιν,
1538 2150 1676 2220 μετὰ
1695 2150 1952 2223 γνώμην;

341 2252 451 2307 pro
476 2236 540 2288 οὐ
579 2236 718 2307 πρὸς
748 2236 932 2307 σάρκα
964 2238 993 2289 ὁ
1027 2238 1221 2306 Λόγος,
1241 2238 1378 2294 ἀλλὰ
1413 2242 1552 2312 πρὸς
1586 2243 1739 2309 Θεόν,
1763 2244 1955 2300 scribit

339 2328 405 2381 οὑ
443 2328 591 2400 πρὸς
622 2327 935 2400 ἄνθρωπον,
972 2328 1107 2383 ἀλλὰ
1143 2330 1281 2402 πρὸς
1313 2330 1449 2383 Θεὸν
1482 2331 1595 2403 ἔχει
1628 2336 1726 2405 τὴν
1758 2336 1955 2405 ἀναφο-

342 2420 497 2491 ράν;
536 2434 640 2489 pro
696 2420 838 2474 κατὰ
890 2420 1163 2492 μηδεμίαν
1211 2422 1535 2493 ὑπόκρισιν,
1598 2425 1741 2479 κατὰ
1786 2428 1952 2497 μηδὲν

339 2512 504 2583 αὐτῷ
536 2512 881 2581 ἁντιλέγειν;
916 2528 1020 2582 pro
1052 2512 1287 2578 ἕκαστος
1333 2518 1417 2580 εἰς
1460 2516 1550 2570 τὸν
1587 2516 1718 2572 ἴδιον
1762 2521 1949 2587 τόπον,

340 2604 586 2666 ἕκαστος
619 2602 728 2656 τῶν
763 2602 1058 2675 ᾑρημένων
1099 2606 1181 2667 εἰς
1214 2604 1307 2659 τὸν
1339 2606 1506 2660 τόπον
1552 2606 1647 2660 τοῦ
1696 2609 1951 2681 εὑρεθέν-

338 2714 477 2761 τος;
518 2704 697 2751 totum
741 2696 981 2766 denique
1014 2697 1197 2752 locum
1231 2698 1299 2753 de
1321 2697 1539 2754 duobus
1586 2703 1826 2758 nummis
1876 2704 1951 2760 ita

340 2787 726 2857 interpolavit,
781 2796 843 2841 ut
890 2804 960 2844 ne
1008 2789 1121 2844 duo
1168 2773 1390 2860 quidem
1426 2790 1617 2862 lgnatii
1678 2796 1949 2851 vocabula

339 2881 639 2951 apudequ
671 2880 835 2935 simul
856 2882 1219 2951 reperiantur.
1245 2881 1509 2949 Quaenam
1538 2885 1721 2940 autem
1749 2886 1947 2943 borum

339 2974 702 3041 aliorumque
734 2971 983 3041 ejusdem
1018 2971 1211 3029 farinae
1237 2976 1775 3046 quamplurimorum
1803 2979 1947 3035 ratio

336 3064 501 3119 reddi
526 3073 730 3133 potest,
769 3062 877 3117 nisi
903 3065 1047 3133 quod
1083 3064 1280 3120 melius
1307 3080 1366 3120 se
1418 3064 1662 3121 scribere
1699 3068 1947 3134 potuisse

336 3154 563 3225 putavit
587 3155 787 3224 planus
813 3156 925 3218 ille,
954 3170 1120 3225 quam
1149 3156 1451 3226 scripserat
1472 3155 1740 3228 Ignatius.

414 3248 526 3305 Sed
572 3266 674 3305 cur
709 3250 826 3305 hrec
852 3249 1200 3320 potissimum
1231 3250 1493 3305 mutanda
1532 3251 1941 3307 existimaverit

338 3342 733 3412 interpolator,
766 3342 821 3396 in
868 3350 1133 3412 promptu
1175 3352 1261 3397 est
1304 3342 1425 3397 viro
1451 3341 1776 3398 doctissimo
1801 3343 1943 3397 ratio

336 3450 455 3489 non
496 3433 759 3488 obscura.
808 3453 828 3485 ι
859 3431 911 3488 ls
941 3433 1089 3487 enim
1116 3433 1327 3487 veritus
1365 3442 1452 3489 est
1477 3447 1549 3487 ne
1583 3433 1687 3489 ista
1718 3434 1764 3489 si
1796 3433 1943 3505 lege—

334 3537 563 3593 rentur,
591 3525 856 3596 epistolas
888 3540 997 3579 non
1024 3523 1239 3595 lgnatii,
1275 3525 1372 3580 sed
1411 3525 1639 3580 alterius
1669 3526 1943 3583 recentio-

335 3618 420 3673 ris
466 3631 596 3671 esse
645 3617 962 3685 proderent.
997 3634 1017 3666 ι
1079 3614 1125 3670 0
1170 3615 1496 3685 praeclarum
1531 3615 1943 3686 interpolatoris

335 3709 664 3780 ingenium!
693 3724 728 3761 ο
752 3716 1068 3763 emunctam
1116 3709 1343 3762 narem!
1400 3723 1434 3762 ο
1462 3707 1753 3764 subactum
1791 3706 1943 3777 judi-

334 3802 528 3856 cium!
583 3800 742 3867 Quod
774 3799 1072 3870 Origenes,
1105 3800 1252 3871 quod
1295 3798 1590 3866 Eusebius,
1617 3798 1766 3870 quod
1811 3799 1942 3855 Dio-

332 3894 541 3964 nysius
555 3900 613 3946 et
635 3893 751 3962 ipse
766 3892 988 3962 planus,
1006 3891 1154 3961 quod
1169 3890 1531 3956 Athanasius,
1549 3889 1938 3961 Hieronymus,
1981 3924 1989 3931 -

331 3984 768 4050 Theodoretus,
797 3983 1053 4040 Gclasius
1100 3984 1286 4038 videre
1332 3998 1443 4037 non
1494 3991 1814 4052 potuerunt,
1849 3982 1941 4037 ille

331 4077 531 4133 statim
564 4076 831 4131 odoratus
875 4084 993 4143 est,
1023 4075 1124 4130 bas
1160 4062 1389 4130 scilicet
1435 4073 1699 4144 epistolas
1745 4072 1939 4144 lguatii

332 4168 607 4239 martyris
636 4184 760 4224 esse
793 4183 905 4223 non
936 4183 1120 4239 posse,
1146 4183 1178 4223 a
1205 4166 1519 4223 recentiore
1545 4167 1737 4237 aliquo
1762 4166 1941 4237 impo-

330 4272 491 4318 store
541 4261 700 4316 ﬁctas
745 4277 890 4328 esse,
927 4277 1029 4317 sua
1080 4278 1187 4332 0pc
1238 4262 1509 4333 indigere,
1558 4270 1620 4316 ut
1662 4275 1765 4332 pro
1812 4276 1941 4317 vere

330 4353 645 4424 lgnatianis
681 4353 1012 4408 habeantur.
1045 4350 1336 4418 Quomodo
1368 4361 1551 4407 autem
1594 4353 1711 4407 haec
1740 4351 1938 4422 depre-

330 4441 604 4497 hendisse
653 4442 915 4511 putatur?
964 4461 985 4493 σ
1012 4442 1159 4497 Vidit
1190 4444 1350 4498 istam
1384 4440 1573 4507 Verbi,
1624 4441 1869 4509 scilicet,
1903 4456 1935 4497 a

2076 579 2354 649 Vedelius,
2400 581 2661 639 Usserius
2697 595 2752 642 ct
2796 585 3071 643 Dallaeus?
3108 587 3188 641 An
3221 589 3312 643 ille
3342 590 3553 646 veritus
3580 602 3666 647 est

2074 690 2144 727 ne
2181 674 2406 745 obliqua
2456 677 2641 746 aliqua
2690 679 2882 745 verba,
2914 680 2980 733 ad
3031 678 3380 736 Valentinum
3420 681 3560 738 forte
3596 698 3665 739 ex

2070 766 2193 834 ejus
2239 769 2514 823 sententia
2566 771 2895 838 spectantia,
2927 770 3118 841 lgnatii
3168 788 3362 829 omnes
3400 776 3663 844 epistolas

2070 869 2358 930 suspectas
2397 862 2721 927 redderent;
2775 865 2868 933 qui
2904 863 3173 919 Theodoti
3215 882 3413 922 nomen
3450 868 3504 921 iu
3542 868 3663 929 epi-

2072 953 2211 1008 stola
2234 953 2300 1007 ad
2330 953 2639 1009 Trallianos
2661 956 3077 1025 exprimendum
3106 958 3339 1026 putavit,
3362 974 3523 1029 quem
3550 970 3660 1014 tam

2067 1046 2161 1100 diu
2194 1053 2321 1115 post
2358 1044 2712 1101 Valentinum
2744 1047 2952 1102 vixisse
2981 1063 3177 1105 omnes
3210 1053 3455 1106 norunt?
3486 1052 3656 1107 Reco-

2066 1135 2252 1190 lantur
2280 1136 2445 1191 verba
2469 1153 2593 1207 quae
2622 1137 2857 1193 Dallaeus
2885 1139 3000 1209 ipse
3023 1142 3187 1210 paulo
3211 1151 3359 1209 ante,
3389 1142 3471 1197 ad.
3495 1146 3659 1198 linem

2065 1242 2209 1298 pene
2230 1227 2435 1297 prioris
2456 1229 2673 1299 capitis,
2694 1246 2759 1284 ex
2785 1245 2885 1284 sua
2907 1232 3180 1287 sententia
3210 1236 3451 1302 scripsit.
3485 1253 3505 1284 α
3533 1232 3659 1290 Haec

2064 1328 2120 1375 et
2147 1321 2254 1374 alia
2290 1322 2438 1376 velut
2484 1322 2537 1375 in
2570 1321 2917 1378 Theodotum
2970 1323 3119 1378 dicta
3149 1326 3266 1395 ipse
3297 1327 3656 1397 epistolarum

2064 1409 2427 1481 interpolator
2465 1414 2746 1484 accepisse
2777 1430 2845 1469 eo
2877 1415 3160 1483 noscitur,
3190 1418 3336 1486 quod
3372 1418 3552 1472 locum
3587 1420 3654 1472 ad

2064 1500 2365 1558 Trallesios
2396 1504 2581 1560 hunc:
2631 1523 2650 1556 ι
2680 1504 2871 1575 Fugite
2898 1507 3074 1561 malas
3119 1510 3448 1580 propagines
3491 1526 3657 1580 gene-

2060 1603 2247 1650 rantes
2290 1593 2527 1650 fructum
2581 1596 2952 1664 mortiferum,
2980 1617 2998 1649 ι
3042 1599 3321 1655 illustrare
3346 1609 3400 1656 et
3422 1604 3657 1673 ampliﬁ-

2063 1701 2190 1740 care
2238 1687 2305 1741 de
2331 1702 2484 1741 more
2534 1688 2795 1752 studens,
2827 1704 3005 1759 eoque
3034 1691 3126 1746 hic
3168 1692 3374 1748 addens
3402 1693 3653 1763 ipsorum

2063 1777 2448 1834 haereticorum
2501 1781 2726 1835 nomina
2778 1798 2918 1850 quos
2950 1783 3003 1837 in
3029 1784 3279 1854 epistolis
3308 1802 3450 1855 quas
3481 1787 3654 1844 inter~

2060 1871 2280 1939 polabat
2317 1880 2541 1926 notatos
2575 1881 2629 1926 et
2652 1872 2921 1927 refutatos
2952 1890 3075 1930 esse
3111 1878 3358 1945 putabat,
3400 1878 3655 1935 Theodo-

2062 1970 2178 2015 tum
2210 1963 2351 2016 inter
2380 1963 2484 2017 hos
2533 1964 2739 2017 diserte
2777 1965 3029 2020 ediderit.
3080 1966 3439 2038 interpolator
3463 1971 3650 2042 igitur,

2059 2053 2105 2108 si
2134 2054 2251 2108 haec
2286 2055 2353 2109 ad
2388 2052 2741 2110 Valentinum
2774 2067 3055 2126 spectasse
3088 2061 3407 2130 cogitasset,
3445 2079 3553 2118 non
3583 2080 3646 2119 ea

2057 2145 2353 2201 delevisset
2401 2163 2470 2201 ne
2521 2157 2800 2202 auctorem
2852 2151 3169 2218 proderent,
3216 2154 3311 2208 sed
3357 2170 3459 2224 pro
3496 2172 3652 2212 more

2057 2250 2184 2299 suo,
2213 2236 2299 2290 vel
2350 2236 2472 2305 ipso
2498 2237 2685 2306 judice
2734 2236 2957 2304 Dallzeo,
2988 2239 3262 2296 Valentini
3301 2258 3503 2298 nomen
3529 2245 3651 2299 edi-

2056 2326 2249 2381 disset.
2310 2326 2417 2393 Qui
2470 2328 2618 2381 enim
2684 2329 3070 2385 haereticorum
3113 2333 3359 2398 nomine,
3410 2350 3552 2404 quos
3591 2335 3647 2390 in

2054 2418 2306 2488 epistolis
2336 2435 2476 2489 quas
2521 2420 2888 2491 interpolabat
2921 2431 3145 2480 notatos
3184 2424 3358 2482 fuisse
3391 2429 3645 2497 putabat,

2054 2512 2256 2567 addere
2287 2512 2571 2579 voluerat;
2602 2529 2776 2583 quare
2814 2513 3157 2571 Theodotum
3207 2518 3507 2586 insereret,
3539 2520 3649 2576 Va-

2054 2603 2325 2658 lentinum
2345 2604 2646 2670 omitteret,
2668 2620 2792 2659 cum
2822 2604 3143 2665 Theodotus
3162 2606 3453 2664 Valentino
3474 2612 3648 2667 multo

2050 2696 2242 2767 junior
2275 2703 2443 2762 esset,
2470 2696 2755 2767 multoque
2776 2697 3131 2754 manifestius
3162 2709 3378 2757 aatatem
3410 2702 3647 2773 scripto-

2051 2788 2130 2842 ris
2156 2788 2455 2859 proderet?
2485 2787 2589 2843 Sed
2618 2789 2754 2843 nihil
2784 2790 2875 2845 ille
2901 2790 3012 2846 tale
3035 2792 3304 2861 cogitasse
3334 2796 3646 2852 censendus

2051 2890 2177 2948 est;
2234 2896 2414 2951 neque
2465 2882 2708 2939 rationes
2741 2883 3136 2954 excogitanda),
3169 2895 3263 2939 aut
3303 2888 3643 2956 providentia

2051 2972 2169 3039 Dei,
2200 2974 2387 3030 nescio
2416 2984 2780 3046 quapropter,
2820 2975 2927 3031 huc
2958 2976 3315 3044 advocanda;
3359 2994 3458 3048 pro
3490 2996 3645 3036 more

2051 3081 2156 3121 suo
2206 3066 2591 3136 interpolator,
2649 3068 2837 3122 omnia
2888 3067 3168 3124 illustrare
3212 3080 3265 3124 et
3305 3072 3644 3141 amplificare

1968 3181 2012 3241 ρ
2051 3156 2301 3221 studens,
2330 3156 2447 3212 haec
2479 3156 2828 3224 immutavit;
2864 3156 3026 3227 plane
3056 3167 3114 3212 ut
3151 3158 3206 3213 in
3246 3159 3348 3215 hac
3377 3161 3494 3231 ipsa
3525 3165 3644 3234 epi-

2046 3250 2185 3304 stola
2236 3249 2404 3318 paulo
2444 3256 2572 3304 ante
2615 3264 2718 3318 pro
2770 3249 2855 3304 his
2890 3250 3108 3305 verbis:
3153 3252 3250 3314 Ὃς
3285 3251 3393 3323 πρὸ
3428 3252 3641 3307 αἰώνων

2047 3340 2197 3413 παρὰ
2228 3341 2406 3413 Πατρὶ
2436 3336 2527 3413 ἦν,
2563 3341 2658 3394 καὶ
2689 3342 2751 3394 ἐν
2782 3340 2925 3394 τέλει
2972 3340 3170 3412 ἐφάνη,
3212 3361 3232 3394 ι
3264 3344 3358 3413 qui
3382 3357 3510 3400 ante
3533 3361 3638 3401 saa-

2044 3433 2171 3486 cula
2215 3431 2361 3502 apud
2392 3430 2610 3487 Patrem
2647 3440 2796 3494 erat,
2845 3440 2901 3487 et
2935 3432 2988 3486 in
3026 3432 3133 3487 line
3159 3436 3436 3503 apparuit,
3468 3455 3486 3486 ι
3523 3436 3639 3491 haec

2044 3526 2458 3595 paraphrasticc
2490 3526 2808 3581 substituit:
2856 3527 2953 3590 Ὃς
2987 3525 3093 3598 πρὸ
3122 3525 3333 3580 αἰώνων
3364 3529 3517 3601 παρὰ
3558 3530 3639 3603 τῷ

2043 3618 2223 3690 Πατρὶ
2254 3618 2541 3691 γεννηθεὶς
2563 3661 2579 3685 ,
2613 3614 2683 3691 ἦν
2724 3619 2897 3688 Λόγος
2931 3620 3095 3685 Θεὸς,
3135 3622 3430 3693 μονογενὴς
3467 3624 3596 3688 Υἱός
3619 3642 3633 3656 ·

2044 3715 2143 3769 καὶ
2169 3714 2265 3768 ἐπὶ
2294 3714 2573 3786 συντελείᾳ
2597 3714 2705 3769 τῶν
2727 3713 2938 3768 αἰώνων
2969 3714 2999 3768 ό
3029 3715 3192 3780 αὐτὸς
3216 3717 3481 3789 διαμένει.
3515 3720 3637 3795 Τῆς

2044 3805 2155 3877 γὰρ
2175 3806 2501 3873 ,ϐασιλείας
2526 3804 2713 3861 αὐτοῦ
2743 3808 2857 3860 οὐκ
2885 3807 3021 3861 ἔστι
3047 3806 3243 3875 τέλος,
3270 3812 3405 3879 φησὶ
3432 3813 3628 3885 Δανιὴ)

2043 3898 2073 3950 ὁ
2100 3897 2408 3969 προφήτης.
2447 3915 2466 3949 ι
2496 3896 2601 3964 Qui
2633 3908 2759 3953 ante
2795 3898 2993 3953 saecula
3020 3899 3235 3970 genitus
3265 3910 3350 3956 est
3379 3918 3409 3957 a
3450 3902 3632 3969 Patre,

2042 3983 2188 4040 Deus
2226 3985 2463 4040 Verbum
2484 4024 2503 4051 ,
2525 3983 2841 4054 unigenitus
2870 3981 3079 4038 Filius:
3111 3992 3167 4038 et
3197 3984 3251 4038 in
3285 3998 3637 4038 consumma-

2049 4077 2201 4131 tione
2256 4076 2585 4131 saeculorum
2632 4074 2751 4145 ipse
2783 4083 3098 4144 permanet:
3148 4076 3299 4146 regni
3339 4076 3487 4130 enim
3518 4076 3637 4147 ejus

2041 4182 2148 4220 non
2183 4166 2287 4221 erit
2332 4167 2479 4236 ﬁnis,
2523 4165 2701 4235 inquit
2748 4164 2938 4220 Daniel
2981 4166 3267 4235 propheta.
3302 4185 3321 4219 ι
3363 4163 3436 4220 Ut
3468 4165 3637 4236 igitur

2042 4256 2098 4310 in
2132 4256 2241 4323 his,
2274 4256 2347 4310 ita
2382 4255 2437 4310 in
2474 4255 2585 4311 illis
2626 4255 2775 4309 nulla
2824 4255 3077 4311 lectionis
3112 4241 3427 4322 diversitas,
3458 4272 3636 4325 neque

2042 4358 2230 4403 tamen
2255 4348 2363 4402 ulla
2383 4347 2791 4402 immutationis
2808 4346 3099 4403 manifesta
3115 4364 3312 4403 causa:
3339 4350 3431 4404 sed
3450 4349 3634 4419 priora

2040 4442 2285 4497 auctoris
2320 4442 2486 4506 verba
2538 4453 2667 4496 sunt
2692 4481 2708 4507 ,
2740 4441 3054 4510 posteriora
3110 4442 3505 4512 paraphrastae,
3540 4442 3633 4512 qui

331 4534 469 4605 Sige
508 4534 915 4589 emanationem
945 4532 1296 4590 Valentinum
1334 4533 1544 4606 lguatio
1573 4535 1934 4591 recentiorem
1969 4546 2014 4601 1)
2044 4553 2142 4608 pro
2194 4550 2349 4589 more
2396 4550 2500 4590 suo
2549 4533 2792 4589 breviter
2839 4548 2870 4587 a
2926 4542 3165 4603 martyre
3209 4534 3354 4589 dicta
3393 4532 3632 4603 longiori

328 4628 619 4692 olere;eo
670 4626 959 4681 delendam
1004 4629 1250 4698 putavit,
1300 4644 1370 4682 ne
1417 4628 1695 4698 personati
1739 4626 1935 4699 lgnatii

327 4719 533 4773 drama
570 4718 847 4787 proderet.
878 4736 897 4770 ι
931 4717 1205 4774 Callidum
1235 4734 1369 4775 sane
1393 4728 1448 4774 et
1470 4719 1782 4790 importune
1804 4734 1937 4790 pru-

327 4810 558 4865 dentem
587 4809 769 4864 virum
798 4809 917 4866 haec
942 4818 1220 4881 arguunt;
1252 4811 1347 4866 sed
1380 4811 1678 4866 videndum
1708 4812 1936 4867 omnino

329 4916 405 4955 an
434 4913 507 4956 eo
549 4901 933 4972 interpolatori
979 4910 1314 4972 competant.
1347 4900 1488 4969 Quid
1515 4902 1700 4957 enim?
1737 4919 1808 4958 an
1846 4904 1935 4958 ille

326 4994 486 5048 cavit
530 5009 602 5048 ne
653 4994 858 5064 aliquid
901 4994 956 5049 in
992 4995 1083 5049 illa
1115 4994 1347 5064 epistola
1387 4994 1747 5063 reperiretur,
1783 4995 1935 5065 quod

325 5096 554 5143 atatem
588 5084 866 5142 Valentini
897 5103 1092 5157 sapere
1128 5089 1431 5153 videretur,
1468 5088 1562 5157 qui
1594 5100 1788 5143 omnes
1822 5087 1936 5144 fere

325 5180 607 5251 epistolas
656 5180 729 5233 ita
765 5180 1182 5246 transmutavit,
1237 5188 1298 5234 ut
1342 5178 1429 5233 sui
1475 5178 1735 5247 temporis
1781 5194 1936 5234 more

325 5271 619 5340 modoque
648 5270 1027 5340 loquerentur,
1058 5278 1114 5325 et
1154 5270 1261 5324 tria
1295 5277 1421 5339 post
1445 5267 1795 5323 Valentinum
1827 5284 1933 5325 Sae-

324 5362 458 5418 cula
511 5362 808 5431 saperent?
860 5362 945 5416 An
999 5361 1090 5416 ille
1138 5360 1339 5415 metuit
1376 5373 1443 5414 ne
1473 5367 1691 5413 aetatem
1738 5359 1933 5430 lgnatii

324 5453 610 5524 epistolici
638 5454 914 5525 proderet,
943 5454 1040 5525 qui
1066 5452 1178 5508 ista
1209 5466 1337 5507 eum
1370 5451 1439 5506 ad
1472 5450 1933 5521 Philadelphenos

324 5548 673 5603 scribentem
722 5556 1135 5619 repraesentat:
1177 5564 1197 5596 ‹
1228 5544 1564 5617 Presbyteri,
1616 5545 1832 5603 diaconi
1879 5550 1933 5597 et

324 5640 587 5709 reliquus
602 5640 807 5705 clerus,
833 5653 945 5721 una
961 5653 1088 5694 cum
1113 5638 1319 5708 populo
1340 5636 1623 5701 universo,
1641 5636 1929 5703 militibus,

322 5731 763 5802 magistratibus
802 5739 859 5786 et
894 5732 1137 5794 Caesare,
1172 5731 1278 5800 ipsi
1303 5731 1565 5799 episcopo
1594 5728 1875 5793 obediant,
1906 5747 1925 5780 ι

321 5839 457 5894 qua:
488 5831 696 5896 scripta
729 5840 837 5879 non
876 5823 1049 5881 fuisse
1079 5829 1376 5894 antequam
1410 5821 1645 5877 Romani
1677 5820 1929 5879 Casares

2041 4631 2200 4702 ῥήσει
2238 4628 2568 4699 explicatius
2618 4635 2674 4682 et
2704 4626 2958 4682 ornatius
3006 4625 3223 4680 tradere
3276 4641 3335 4681 se
3386 4625 3634 4693 potuisse

2034 4719 2325 4790 judicavit.
2348 4718 2621 4789 lgnatium
2639 4734 2749 4773 non
2773 4716 3141 4781 admittimus,
3162 4715 3632 4785 interpolatorem,

2038 4813 2156 4869 sive
2180 4814 2419 4868 Arianus
2462 4811 2651 4878 fuerit,
2680 4809 2797 4867 sive
2833 4824 2967 4875 non,
2995 4810 3223 4864 omnino
3252 4808 3631 4878 repudiamus,

2037 4907 2353 4978 pariterque
2376 4906 2759 4961 inanissimam
2786 4896 2910 4961 esse
2935 4904 3078 4959 hanc
3099 4901 3475 4972 conjecturam
3503 4916 3632 4972 pro-

2036 4999 2383 5054 nuntiamus.

2108 5091 2247 5147 Aliis
2296 5066 2462 5145 etiam
2515 5087 2691 5143 utitur
2738 5084 3074 5158 conjecturis
3104 5084 3172 5139 ad
3202 5083 3308 5140 hoc
3334 5098 3632 5154 argumen-

2030 5190 2154 5238 tum
2209 5180 2654 5243 introductoriis,
2687 5178 2865 5248 iisque
2900 5176 3074 5232 nihilo
3122 5175 3465 5231 melioribus.
3502 5173 3632 5229 Vult

2035 5272 2183 5329 enim
2230 5270 2514 5327 Petavium
2571 5287 2591 5322 ι
2620 5269 2753 5323 novi
2799 5268 3009 5339 aliquid
3056 5283 3181 5323 esse
3226 5268 3282 5321 in
3326 5264 3630 5323 Usseriana

2034 5363 2278 5420 editione
2331 5377 2519 5418 secum
2574 5362 2859 5427 sensisse,
2912 5361 3059 5431 quod
3099 5368 3382 5415 auctorem
3420 5357 3633 5430 lgnatio

2035 5456 2404 5511 recentiorem
2443 5461 2668 5524 arguat;
2724 5452 2892 5523 idque
2936 5463 3123 5522 patere
3156 5468 3225 5507 ex
3266 5451 3388 5521 ejus
3423 5452 3631 5521 ell‘ugio

2034 5561 2147 5617 quo
2182 5546 2276 5601 illa
2318 5545 2387 5600 de
2432 5542 2558 5613 Sige
2590 5543 2753 5598 verba
2783 5558 2811 5597 a
2849 5543 3125 5597 Valentini
3155 5557 3322 5599 sensu
3356 5544 3633 5599 abducere

2035 5646 2270 5694 conatus
2295 5645 2398 5692 est.
2434 5656 2453 5688 ι
2489 5634 2726 5691 Talesne
2760 5651 2890 5691 vero
2914 5634 3019 5691 sibi
3049 5643 3218 5692 testes
3244 5636 3531 5706 adjungit?
3562 5651 3631 5691 ex

2035 5730 2495 5799 tali'argumento
2534 5742 2724 5784 secum
2761 5726 3174 5783 consentientes
3195 5768 3209 5793 ,
3242 5736 3297 5783 et
3324 5744 3393 5782 ex
3425 5727 3631 5783 nostris

2037 5835 2169 5878 suos
2200 5817 2369 5877 facit!
2408 5819 2635 5895 Sijdem
2662 5834 2788 5876 cum
2817 5818 3016 5876 Dallaao
3044 5834 3234 5877 revera
3268 5820 3442 5876 sensit
3472 5820 3630 5877 Peta-
