4078 6398
472 364 581 421 295

1474 371 1536 427 S.
1573 367 1921 427 IGNATIUS.
1964 400 2033 412 —
2067 368 2609 427 PROLEGOMENA.

3638 376 3749 432 296

469 495 618 558 vius,
650 502 709 548 ut
763 492 852 548 ille
900 491 1237 563 suspicatur,
1287 501 1345 549 et
1390 492 1558 564 Sigea
1607 493 2051 550 Valentinianam
2084 497 2129 553 Λ
2156 505 2216 549 ιιι
2243 495 2440 565 probet
2468 503 2660 551 contra
2688 494 2974 551 immotam
3009 504 3320 567 temporum
3353 489 3527 553 fialcm'
3554 508 3747 553 aucto-

472 585 661 641 animo
686 586 957 655 probavit,
986 586 1169 642 verbis
1207 588 1461 657 negavit;
1498 588 1545 643 is
1576 598 1725 643 certe
1752 604 1917 659 quem
1950 589 2057 644 sibi

472 678 739 749 adjungit,
768 694 929 749 quem
954 678 1083 733 alibi
1116 693 1276 735 rvere
1304 688 1358 734 et
1385 694 1650 750 generose
1668 679 1733 733 de
1752 678 2058 751 Ignatiam's

472 770 708 825 loculum
740 776 952 836 asserit,
986 790 1138 843 quem
1180 782 1473 844 postquam
1507 774 1833 829 Vossianam
1865 785 1919 829 et
1947 773 2057 830 Us-

473 865 750 919 serianam
787 864 978 936 lgnatii
1004 868 1300 923 editionem
1329 867 1487 931 vidit,
1517 883 1617 937 pro
1657 884 1756 923 sua
1788 869 2061 939 singulari

470 956 720 1012 doctrina
760 973 970 1029 proque
1009 960 1242 1015 solemni
1294 961 1533 1031 quadam
1564 978 1661 1017 sua
1690 964 2057 1033 generositate

470 1064 656 1105 veram
690 1051 877 1105 statim
931 1061 985 1107 et
1026 1052 1481 1111 animadvertisse
1510 1066 1564 1111 et
1593 1057 1905 1128 professum
1933 1072 2057 1114 esse

471 1142 625 1207 dicit,
653 1163 671 1196 ι
699 1153 753 1199 et
775 1144 1007 1201 mendax
1034 1154 1088 1201 et
1109 1148 1398 1214 subdolus,
1426 1158 1480 1205 et
1505 1150 1732 1207 minime
1754 1166 2057 1224 generosus

473 1251 563 1291 aut
592 1253 757 1292 verax
787 1248 845 1294 ut
875 1238 1043 1295 fuerit
1070 1255 1292 1298 necesse
1319 1254 1424 1299 est.
1457 1241 1515 1299 Si
1547 1245 1655 1301 ulla
1687 1245 1897 1301 homini
1927 1246 2061 1304 ﬁdes

472 1340 579 1389 est.
613 1330 667 1385 in
698 1332 799 1386 bac
835 1348 1003 1389 causa
1041 1344 1230 1391 noster
1267 1345 1351 1391 est
1376 1334 1671 1406 Petavius;
1708 1340 1753 1395 si
1786 1340 1957 1407 nulla,
1990 1343 2061 1397 il-

474 1422 652 1476 lorum
680 1434 781 1479 est.
816 1424 922 1479 Sed
953 1442 1054 1494 ego
1080 1428 1147 1482 de
1178 1428 1281 1483 fide
1304 1426 1511 1485 Petavii
1542 1432 1903 1488 dubitandum
1936 1450 2060 1491 esse

474 1517 703 1570 minime
726 1534 947 1575 censeo.
976 1519 1032 1575 Si
1060 1521 1150 1576 ille
1178 1520 1403 1578 Medieei
1428 1525 1636 1580 codicis
1665 1526 1926 1597 epistolas
1952 1543 2060 1583 non

474 1610 661 1665 minus
696 1611 850 1667 fictas
885 1615 1097 1682 putavit
1121 1631 1283 1685 quam
1308 1618 1585 1689 vulgares,
1613 1636 1714 1676 cur
1745 1621 1845 1676 has
1874 1630 2063 1692 postea

476 1715 694 1772 semper
720 1705 1043 1774 repudiavit,
1071 1706 1195 1765 illas
1211 1709 1470 1776 admisit,
1489 1728 1794 1784 earumque
1815 1716 2063 1769 auctori-

476 1803 588 1847 tate
612 1809 756 1866 saape
771 1814 908 1854 usus
921 1809 1005 1855 est
1021 1802 1155 1856 lcur
1168 1818 1226 1857 se
1240 1803 1294 1857 in
1310 1803 1398 1859 bis
1414 1803 1726 1875 rejiciendis
1740 1805 2061 1877 ingenuum,

477 1882 533 1938 in
560 1883 666 1941 illis
697 1888 1027 1958 recipiendis
1058 1892 1378 1949 mendacem
1408 1896 1702 1964 prmstitit?
1727 1897 1885 1952 Certe
1908 1898 2063 1967 illud,

477 1979 624 2047 quod
663 1980 956 2037 mirificum
1005 1984 1265 2056 effugium
1313 1987 1552 2057 appellat
1600 1988 1855 2055 Dallaeus,
1884 1991 2065 2046 virum

476 2076 993 2143 praastantissimum
1014 2088 1122 2134 tam
1142 2079 1300 2136 ftedte
1316 2082 1788 2154 tergiversationis
1807 2102 1913 2139 non
1932 2101 2070 2141 con-

478 2166 668 2222 vincit.
716 2166 853 2224 Nam
896 2180 949 2225 et
978 2187 1079 2243 ego
1124 2171 1332 2229 Petavii
1361 2191 1587 2231 sensum
1613 2178 1679 2232 de
1711 2178 1949 2249 simplici
1986 2179 2067 2235 si-

476 2259 647 2315 lentio
676 2276 866 2317 verum
894 2279 1018 2320 esse
1050 2275 1219 2336 puto;
1249 2275 1303 2321 et
1339 2270 1556 2324 tametsi
1587 2271 1653 2324 ad
1688 2270 1851 2343 Sigen
1886 2273 2067 2330 haere-

476 2351 714 2410 ticorum
746 2357 912 2412 verba
959 2358 1201 2415 auctoris
1244 2359 1577 2427 referantur,
1610 2373 1673 2418 ut
1721 2365 1813 2420 alii
1853 2366 2065 2434 volunt,

476 2446 612 2501 nihil
646 2447 774 2503 inde
798 2450 925 2504 novi
971 2451 1027 2505 in
1057 2453 1303 2521 epistolis
1339 2469 1482 2522 esse,
1514 2456 1651 2512 nihil
1681 2458 1826 2528 quod
1868 2470 2067 2514 aucto-

479 2551 592 2590 rem
635 2535 846 2609 lgnatio
882 2539 1160 2609 jnniorem
1206 2552 1421 2614 arguat,
1462 2562 1590 2601 cum
1625 2550 1828 2603 nostris
1867 2550 2066 2618 sentio,

479 2627 645 2697 idque
675 2646 763 2685 me
794 2632 1108 2689 firmissime
1139 2635 1647 2693 demonstraturum
1681 2642 1918 2697 confido.

549 2718 660 2776 Nec
684 2732 863 2779 tamen
896 2726 1077 2782 adhuc
1115 2730 1181 2783 ad
1214 2740 1599 2801 argumentum
1638 2732 1819 2803 ipsum
1858 2736 2071 2791 accedit

478 2815 800 2887 priusquam
830 2818 965 2875 illud
989 2831 1212 2877 annotet
1232 2865 1247 2887 ,
1280 2824 1428 2892 quod
1474 2824 1649 2893 ipsius
1680 2837 2065 2897 argumentum

480 2924 951 2979 supervacaneum
994 2929 1117 2968 esse
1156 2923 1210 2969 et
1251 2917 1458 2973 nullius
1490 2934 1623 2973 usus
1665 2921 1931 2976 ostendit.
1957 2920 2069 2977 0b-

491 3008 675 3055 servat
734 3002 880 3057 enim
939 3023 958 3056 ι
989 3004 1107 3060 haec
1157 3008 1403 3078 epistola:
1463 3012 1629 3066 verba
1677 3013 1743 3067 ad
1794 3011 2070 3070 Valentini

480 3090 682 3163 dogma
735 3094 872 3150 adeo
918 3105 1042 3167 apta
1073 3107 1238 3170 atque
1279 3103 1531 3172 apposita
1569 3120 1711 3172 esse,
1746 3115 1827 3175 ut,
1852 3108 2070 3167 etiamsi

2162 605 2276 644 rem
2311 589 2508 656 dogma
2551 588 2868 642 baereticum
2901 598 3027 659 post
3065 599 3300 645 mortem
3332 587 3528 661 lgnatii
3565 602 3747 647 ortum

2161 681 2518 750 exposuisse:
2556 690 2618 735 ut
2646 682 2757 747 ille,
2797 682 3047 751 inquam,
3074 683 3304 752 perinde
3326 699 3451 739 esse
3483 684 3753 740 scriberet

2161 774 2278 828 sive
2326 784 2523 829 auctor
2549 773 2901 830 Valentinum
2936 778 3271 846 respexerit,
3304 777 3420 832 sive
3448 793 3583 841 non,
3616 778 3752 834 mihi

2161 867 2383 937 quidem
2410 867 2612 923 mirum
2638 870 2871 924 videtur.
2892 868 3064 923 Nemo
3091 884 3336 941 unquam
3370 870 3473 926 hoc
3498 866 3750 938 dixisset,

2162 960 2256 1031 qui
2294 963 2565 1030 putaverit
2610 977 2670 1017 se
2717 962 2895 1018 valide
2933 964 3169 1033 probare
3198 963 3445 1034 potuisse
3481 971 3536 1018 et
3561 979 3753 1033 respe-

2162 1054 2312 1109 xisse
2357 1064 2635 1110 auctorem
2678 1055 2746 1111 ad
2782 1054 3127 1112 Valentinum
3168 1056 3513 1128 etlgnatium
3544 1065 3753 1129 marty—

2164 1163 2279 1203 rem
2311 1162 2422 1217 praz
2450 1155 2609 1202 aetate
2640 1166 2749 1203 non
2778 1150 3028 1219 potuisse
3062 1148 3305 1206 scribere
3333 1157 3523 1205 contra
3551 1148 3755 1205 Valen-

2162 1238 2363 1295 tinum.
2399 1236 2557 1294 Unde
2601 1255 2703 1310 ego
2747 1240 2946 1310 colligo
2974 1240 3154 1296 virum
3195 1240 3577 1295 doctissimum
3618 1241 3753 1298 huic

2165 1342 2491 1401 argumento
2522 1332 2635 1388 sive
2667 1331 3048 1398 Salmasiano,
3075 1334 3192 1388 sive
3222 1332 3603 1388 Blondelliano
3630 1349 3747 1388 ma-

2165 1428 2312 1483 xime
2353 1426 2616 1492 dimdere,
2658 1444 2873 1499 suoque
2919 1429 3170 1498 negativo
3217 1428 3568 1499 potissimum
3625 1428 3750 1484 niti.

2165 1519 2291 1576 Haec
2316 1530 2496 1575 autem
2520 1520 2803 1577 ﬂuctuatio
2833 1530 3130 1593 utrumque
3155 1522 3319 1578 simul
3336 1522 3591 1577 destruit.
3614 1520 3752 1577 Nam

2166 1615 2211 1670 si
2243 1624 2437 1669 auctor
2470 1612 2814 1669 Valentinum
2849 1630 2956 1670 non
2986 1616 3250 1686 respexit,
3279 1617 3373 1672 sed
3410 1617 3558 1672 aliud
3592 1616 3756 1687 plane

2167 1706 2221 1761 in
2245 1706 2431 1761 animo
2461 1707 2673 1769 habuit,
2698 1716 2752 1763 et
2781 1707 2919 1763 nihil
2950 1707 3096 1763 aliud
3126 1724 3291 1778 quam
3320 1709 3551 1779 simplex
3587 1710 3757 1764 silen-

2167 1796 2304 1852 tium
2351 1798 2543 1862 voluit,
2572 1797 2712 1867 perit
2758 1806 3145 1868 argumentum
3192 1799 3488 1864 internum,
3518 1815 3585 1855 ex
3634 1799 3757 1869 ipsa

2168 1890 2397 1960 epistola
2430 1890 2690 1945 ductum:
2739 1890 2863 1947 etsi
2911 1901 3105 1947 auctor
3149 1891 3257 1947 hoc
3288 1899 3502 1947 tantum
3551 1893 3755 1958 voluit,

2168 1992 2316 2039 certe
2348 1999 2471 2037 eum
2504 1982 2745 2039 lrenmus
2772 1992 2920 2039 recte
2949 1984 3253 2055 intelligere
3285 1986 3495 2056 potuit;
3526 1987 3671 2057 quod
3709 1987 3758 2043 si

2168 2079 2243 2133 ita
2279 2076 2566 2143 intellexit,
2597 2093 2879 2148 nunquam
2916 2077 3083 2132 verba
3115 2076 3313 2150 lgnatii
3347 2087 3541 2134 contra
3579 2079 3759 2150 ipsius

2169 2179 2408 2225 mentem
2463 2170 2728 2225 adversus
2773 2167 3124 2224 Valentinum
3200 2185 3398 2241 urgere
3451 2170 3756 2239 voluisset,

2170 2264 2416 2330 adeoque
2444 2262 2592 2318 cadit
2627 2274 3008 2333 argumentum
3055 2272 3341 2319 externum
3370 2280 3399 2318 a
3432 2262 3645 2320 defectu
3676 2274 3762 2320 te-

2170 2354 2415 2410 stimonii
2461 2353 2868 2423 depromptum.
2912 2351 3100 2424 Neque
3128 2369 3261 2409 vero
3292 2355 3467 2424 magis
3495 2356 3763 2425 probatur

2168 2447 2458 2518 epistolam
2499 2448 2641 2503 hanc
2673 2445 2861 2502 lrenazi
2912 2457 3069 2503 :etate
3112 2464 3223 2503 non
3258 2449 3555 2519 exstitisse,
3588 2466 3655 2507 ex
3690 2466 3759 2506 eo

2170 2540 2317 2610 quod
2359 2538 2598 2595 fremens
2641 2539 2807 2595 verba
2854 2540 2970 2595 haec
3016 2541 3241 2597 minime
3271 2543 3462 2598 citavit
3491 2547 3760 2601 adversus

2170 2631 2546 2696 Valentinum,
2591 2647 2757 2702 quam
2811 2648 2913 2686 nec
2951 2641 3148 2703 quarto
3177 2634 3380 2689 saeculo
3420 2636 3667 2691 eamdem
3700 2635 3761 2691 in

2171 2725 2456 2781 hominum
2489 2725 2744 2782 manibus
2787 2726 2980 2793 fuisse,
3009 2728 3156 2797 quod
3197 2744 3260 2783 ea
3298 2728 3465 2783 verba
3498 2744 3606 2783 non
3635 2728 3763 2784 lau-

2170 2817 2424 2874 daverint
2470 2816 2774 2895 Eusebius',
2805 2820 3141 2877 Athanasius
3161 2864 3177 2888 ,
3207 2821 3448 2878 Basilius
3492 2822 3763 2879 adversus

2171 2909 2594 2972 Ifarcellum,ad
2629 2912 2787 2979 cujus
2814 2914 3070 2969 bmresim
3102 2913 3445 2970 refutandam
3477 2916 3642 2971 verba
3668 2916 3759 2972 illa

2170 3004 2230 3069 ὃς
2262 3005 2411 3058 ἐστιν
2438 3002 2603 3057 αὐτοῦ
2639 3003 2811 3073 Λόγος
2844 3005 3034 3069 ἀΐδιος,
3068 3016 3227 3062 erant
3262 3007 3757 3077 opportunissima.

2172 3092 2467 3150 Marcellus
2495 3094 2641 3151 enim
2673 3094 3161 3152 docuithristum
3192 3096 3365 3153 fuisse
3386 3098 3544 3170 ψιλὸν
3566 3100 3761 3169 Λόγον,

482 3200 640 3241 mens
680 3188 923 3245 auctoris
959 3190 1088 3257 alio,
1120 3191 1250 3248 dum
1290 3209 1354 3250 ea
1384 3196 1671 3266 scriberet,
1706 3201 2066 3272 respexisset,

2174 3187 2519 3257 minimeque
2544 3198 2832 3256 aeternum,
2857 3199 2917 3245 ut
2942 3190 3239 3247 orientales
3273 3192 3511 3264 episcopi
3548 3208 3766 3250 assere-

484 3275 598 3332 fteri
618 3286 797 3335 tamen
830 3298 938 3337 non
968 3287 1205 3354 potuerit
1232 3289 1363 3357 quin
1394 3304 1459 3345 ea
1492 3288 1751 3359 lrenaaus,
1777 3294 1822 3349 si
1857 3305 2067 3365 nosset,

480 3373 767 3443 arriperet,
803 3386 856 3431 et
908 3388 1098 3433 contra
1143 3378 1419 3439 Valentini
1462 3387 1774 3456 expositum
1815 3405 1845 3444 a
1887 3405 1949 3446 se
1977 3407 2070 3447 so-

481 3467 692 3521 mnium
730 3468 932 3524 alicubi
966 3482 1281 3541 usurparet.
1317 3476 1388 3530 At
1422 3486 1641 3533 constat
1670 3478 1936 3537 lrenazum
1969 3500 2068 3539 eo-

479 3575 603 3615 rum
640 3578 921 3633 nunquam
950 3568 1291 3624 meminisse.
1320 3588 1339 3622 ι
1370 3568 1489 3625 Non
1520 3572 1593 3625 ita
1622 3572 1923 3644 disputavit
1948 3575 2070 3631 Sal-

484 3653 726 3721 masius,
777 3671 885 3711 non
935 3657 1290 3726 Albertinus,
1341 3663 1434 3732 qui
1489 3666 1725 3735 scriptas
1765 3666 1937 3724 fuisse
1968 3669 2070 3725 has

481 3748 743 3819 epistolas
771 3760 897 3807 ante
924 3749 1112 3808 lrena:i
1158 3754 1330 3812 libros
1354 3756 1499 3811 ultro
1530 3757 1864 3829 fatebantur,
1892 3779 2071 3834 neque

480 3856 576 3896 eas
605 3841 811 3900 Irenaeo
854 3844 1162 3918 incognitas
1203 3846 1374 3903 fuisse
1402 3865 1486 3904 ve.
1513 3852 1885 3914 somniabant.
1921 3854 2069 3911 Satis

482 3933 560 3987 illi
590 3944 810 4001 norunt,
838 3945 893 3992 et
928 3953 1027 3992 nos
1050 3938 1269 3993 abunde
1303 3940 1685 4008 probavimus,
1717 3942 1869 3997 nullo
1899 3944 2069 3999 modo

485 4028 839 4081 sentiendum
895 4044 1022 4083 esse
1079 4028 1344 4084 lrenaaum
1398 4030 1516 4086 haec
1564 4033 1749 4098 verba,
1785 4036 1831 4090 si
1865 4036 2071 4105 optime.

483 4120 767 4178 novisset.
808 4121 853 4175 si
888 4120 955 4176 ad
992 4136 1240 4185 manum,
1270 4138 1398 4179 cum
1446 4126 1729 4189 scriberet.
1764 4128 2070 4197 habuisset,

481 4226 676 4266 contra
713 4211 1062 4267 Valentinum
1110 4230 1381 4282 usurpare
1418 4217 1682 4273 voluisse.
1725 4219 1865 4274 Cum
1902 4220 2071 4289 igitur

482 4307 568 4361 vir
598 4308 956 4362 doctissimus
989 4307 1117 4362 inde
1140 4308 1453 4371 concludit:
1490 4328 1509 4362 ς
1534 4308 1677 4382 Ergo
1704 4312 2072 4384 undecunque

481 4396 601 4451 haec
623 4396 786 4451 verba
820 4407 1037 4467 sumpta
1066 4397 1201 4464 sint,
1233 4406 1288 4454 et
1333 4400 1651 4471 quicunque
1682 4402 1756 4456 sit
1780 4416 1973 4457 eorum
2002 4402 2072 4458 de

482 4496 683 4543 czetero
713 4504 933 4555 sensus,
962 4490 1053 4545 illa
1100 4498 1284 4547 tamen
1329 4492 1555 4548 evidens
1586 4493 1747 4548 nobis
1778 4509 2073 4565 argumen-

2170 3280 2341 3335 bant:
2395 3281 2714 3352 aliquando,
2764 3283 2993 3345 scilicet,
3036 3284 3276 3339 Verbum
3328 3300 3439 3341 non
3492 3285 3681 3353 fuisse,
3708 3297 3766 3344 et

2168 3390 2239 3430 ne
2270 3358 2417 3431 nunc
2447 3376 2666 3445 quidem
2709 3392 2830 3432 esse
2862 3378 3117 3433 asseruit.
3166 3377 3245 3434 lta
3279 3381 3611 3437 sententiam
3639 3382 3765 3450 ejus

2168 3465 2395 3534 exponit
2423 3463 2479 3519 S.
2508 3463 2747 3521 Basilius
2774 3467 3006 3533 epistola
3025 3468 3093 3524 52
3119 3487 3131 3524 :
3153 3472 3249 3533 ’ος
3274 3470 3445 3539 Λόγον
3475 3471 3574 3543 μὲν
3608 3473 3767 3546 εἰρῆ-

2171 3554 2297 3611 σθαι
2349 3554 2445 3609 τὸν
2496 3556 2758 3629 μονογενῆ
2812 3557 3026 3624 δίδωσι,
3086 3560 3226 3615 κατὰ
3278 3562 3469 3635 χρείαν
3519 3564 3612 3617 καὶ
3666 3564 3767 3619 ἐπὶ

2169 3649 2365 3723 καιροῦ
2414 3650 2778 3722 προελθόντα,
2816 3650 2979 3705 πάλιν
3026 3652 3084 3708 δὲ
3134 3655 3213 3719 εἰς
3254 3656 3344 3709 τὸν
3377 3657 3499 3710 ὅθεν
3541 3658 3769 3730 ἐξῆλθεν

2170 3743 2688 3816 ὲπαναστρέψαντα,
2732 3742 2855 3797 οὗτε
2907 3746 3014 3815 πρὸ
3063 3747 3162 3817 τῆς
3215 3748 3393 3803 ἐξόδου
3430 3745 3602 3811 εἶναι,
3636 3749 3769 3806 οὔτε

2175 3835 2314 3908 μετὰ
2334 3834 2433 3908 τὴν
2459 3835 2718 3889 ἐπάνοδον
2742 3835 3061 3905 ὑφεστάναι.
3091 3857 3111 3891 ι
3137 3836 3241 3906 Qui
3266 3842 3608 3912 unigenitum
3638 3843 3767 3913 qui-

2172 3930 2295 3984 dem
2331 3927 2573 3985 Verbum
2610 3930 2716 3984 dici
2757 3931 3034 3998 concedit,
3066 3935 3369 3991 secundum
3402 3954 3564 3993 usum
3622 3951 3674 3994 et
3705 3940 3765 3994 in

2173 4029 2420 4092 tempore
2447 4021 2827 4101 progrediens,
2863 4040 3086 4079 rursum
3112 4035 3294 4081 autem
3320 4026 3387 4083 ad
3421 4029 3573 4084 illum
3600 4046 3627 4084 a
3652 4047 3769 4101 quo

2172 4114 2341 4169 exivit
2391 4100 2700 4183 revertens,
2735 4132 2913 4185 neque
2967 4126 3093 4173 ante
3141 4120 3347 4174 exitum
3405 4136 3551 4186 esse,
3583 4140 3769 4193 neque

2172 4217 2298 4278 post
2326 4208 2563 4263 reditum
2593 4208 2918 4266 subsistere.
2956 4229 2975 4263 ι
3013 4211 3129 4267 lmo
3158 4229 3292 4269 vero
3324 4213 3616 4298 Marcellus
3645 4218 3769 4287 ipse

2173 4298 2249 4355 ita
2275 4315 2334 4354 se
2374 4300 2635 4371 exprimit
2670 4302 2812 4372 apud
2862 4302 3186 4371 Eusebium,
3220 4308 3378 4375 quasi
3422 4306 3589 4363 fuerit
3637 4321 3768 4366 ante

2174 4403 2393 4442 omnem
2445 4404 2630 4442 rerum
2669 4389 3106 4457 productionem,
3161 4394 3364 4465 ἡσυχία
3413 4414 3532 4460 τις,
3590 4399 3646 4451 ὲν
3686 4397 3764 4471 τῷ

2172 4478 2294 4551 Θεῷ
2328 4479 2421 4534 τοῦ
2457 4480 2630 4549 Λόγου
2665 4479 2837 4547 ὄντος,
2885 4501 2904 4534 ι
2935 4485 3213 4540 silentium
3248 4488 3548 4557 quoddam,
3586 4488 3771 4547 Verbo

479 4589 600 4637 tum
642 4581 958 4638 ministram
999 4583 1069 4639 ad
1101 4583 1585 4640 demonstrandam
1633 4557 2071 4657 harum'epislo_
2104 4557 2230 4625 Din
2279 4569 2391 4623 Deo
2419 4571 2744 4638 exsistente,
2778 4592 2797 4625 ι
2842 4589 2966 4629 cum
2996 4585 3180 4631 autem
3225 4580 3465 4635 mundus
3492 4586 3769 4643 creandus

480 4677 661 4733 larum
703 4681 1001 4754 novitatem
1052 4694 1121 4734 ac
1152 4678 1624 4749 suppositionem:
1658 4699 1677 4733 ι
1713 4681 1768 4737 id
1799 4680 1947 4751 quod
1986 4690 2073 4737 est

482 4770 897 4842 iniquissimum
929 4771 1192 4843 postulat.
1245 4770 1399 4827 Itane
1448 4787 1599 4836 vero,
1632 4771 1951 4843 quicunque
1999 4773 2073 4830 sit

482 4862 683 4919 borum
731 4864 1029 4919 verborum
1080 4878 1309 4930 sensus,
1359 4863 1476 4919 sive
1524 4872 1719 4919 auctor
1766 4865 2074 4933 respexerit

482 4952 834 5010 Valentinum
877 4954 992 5010 sive
1035 4969 1170 5019 non,
1201 4968 1357 5022 teque
1383 4952 1609 5008 evidens
1645 4953 1751 5008 erit
1778 4969 2075 5025 argumen-

482 5054 599 5101 tum
628 5060 727 5114 pro
755 5043 1001 5099 novitate
1028 5041 1411 5112 epistolarum,
1440 5041 1605 5113 idque
1636 5058 1804 5099 sensu
1844 5042 2074 5099 Dallaaa-

482 5134 595 5191 no?
622 5132 819 5190 Nostro
842 5132 1077 5188 fortasse
1102 5148 1266 5188 sensu
1292 5148 1447 5204 usque
1473 5133 1700 5189 evidens
1723 5149 1847 5190 esse
1868 5144 2068 5206 potest,

483 5228 536 5283 id
564 5236 648 5284 est
688 5227 840 5281 nullo
864 5226 1027 5281 modo
1062 5226 1305 5283 evidens.
1333 5225 1447 5283 Nos
1475 5226 1617 5283 forte
1646 5236 1794 5284 recte
1821 5244 2071 5285 asserere

481 5332 801 5389 possumus,
819 5318 934 5373 sive
956 5318 1261 5387 respexerit
1283 5327 1475 5375 auctor
1494 5317 1769 5375 Valentini
1791 5321 2068 5389 haeresim,

483 5410 601 5465 sive
648 5426 789 5477 non,
819 5410 1046 5479 perinde
1071 5426 1234 5480 esse;
1270 5422 1525 5468 neutrum
1564 5414 1709 5469 enim
1752 5414 1821 5469 ad
1848 5414 2073 5469 convel-

483 5502 701 5556 lendam
758 5503 1116 5573 epistolarum
1169 5506 1593 5578 antiquitatem,
1625 5508 1774 5579 quod
1824 5511 2071 5576 scimus,

482 5594 784 5663 quidquam
820 5597 983 5649 valet.
1009 5594 1078 5651 At
1103 5606 1162 5652 ut
1188 5598 1301 5663 ille,
1333 5601 1427 5669 qui
1456 5599 1773 5655 verba‘bazc
1806 5600 2071 5655 adversus

482 5679 837 5737 Valentinum
887 5684 1091 5755 scripta
1144 5685 1318 5743 fuisse
1370 5689 1675 5753 contendit,
1708 5688 1803 5758 qui
1843 5687 1965 5742 ideo
2001 5686 2070 5742 ab

484 5773 693 5841 lgnatio
722 5775 887 5831 scribi
915 5792 1025 5831 non
1053 5778 1300 5848 potuisse
1327 5779 1547 5847 asserit,
1581 5780 1711 5850 quia
1746 5777 2072 5836 Valentinus

484 5866 692 5940 lgnatio
710 5869 896 5939 junior
922 5869 1044 5937 fuit,
1069 5873 1163 5940 qui
1195 5881 1583 5951 argumentum
1612 5872 1792 5936 ipsum
1817 5872 2069 5933 producit

2172 4670 2339 4720 esset.
2374 4662 2495 4717 τότε
2530 4664 2558 4718 ὀ
2591 4663 2763 4734 Λόγος
2819 4666 3098 4738 προελθὼν
3150 4670 3359 4739 ἐγίνετο
3410 4674 3504 4727 τοῦ
3557 4675 3773 4747 κόσμου

2172 4758 2426 4829 ποιητής,
2470 4777 2489 4809 ‹
2516 4766 2647 4815 tunc
2685 4756 2927 4814 Verbum
2964 4764 3321 4833 progrediens
3369 4766 3533 4823 ﬁebat
3572 4772 3773 4827 mundi

2174 4849 2446 4904 conditor.
2482 4870 2500 4901 ι
2537 4846 2641 4904 Ubi
2674 4852 2850 4907 obiter
2879 4868 3079 4908 moneo
3114 4857 3279 4911 verba
3309 4874 3431 4927 quae.
3461 4861 3606 4929 apud
3651 4860 3775 4917 Eu-

2174 4940 2387 4996 sebium
2421 4952 2748 5010 sequuntur,
2772 4944 2801 4998 ὃ
2833 4944 2926 4998 καὶ
2948 4947 3217 5020 πρότερον
3239 4950 3388 5005 ἔνδον
3409 4953 3617 5024 νοητῶς
3650 4956 3777 5010 ὀνο-

2178 5032 2367 5104 μάζων
2399 5033 2596 5098 αὑτόνς
2649 5046 2702 5091 et
2728 5038 2803 5092 ita
2832 5038 3169 5108 redduntur,
3204 5061 3223 5094 ‹
3253 5045 3399 5114 quod
3429 5046 3585 5115 prius
3618 5048 3776 5106 intus

2174 5125 2616 5182 intellectualiter
2645 5130 2894 5185 residens
2918 5132 2938 5153 ⁶
2980 5133 3097 5202 ipse
3129 5133 3254 5201 fuit,
3288 5156 3306 5190 ›
3342 5138 3546 5207 duplici
3577 5156 3778 5198 emen-

2174 5219 2393 5276 datione
2432 5235 2571 5289 opus
2612 5221 2838 5289 habere,
2864 5235 2918 5281 et
2949 5226 3029 5281 sie
3068 5230 3248 5297 primo
3279 5230 3404 5302 legi,
3436 5234 3465 5286 ὁ
3499 5234 3593 5288 καὶ
3628 5236 3777 5308 πρό-

2172 5333 2330 5387 τερον
2370 5314 2517 5369 ἔνδον
2567 5317 2774 5389 νοητῶς
2808 5320 3113 5390 ἑτοιμάζων
3146 5322 3309 5376 αὐτόν
3367 5324 3450 5394 (ιιι
3486 5324 3538 5380 in
3576 5325 3672 5381 lib.
3733 5345 3774 5383 ιι

2178 5406 2257 5462 De
2290 5410 2418 5463 cccl.
2461 5409 2687 5481 theolog.
2722 5427 2771 5467 c.
2798 5411 2852 5475 8,
2882 5421 2936 5466 et
2968 5413 3063 5467 lib.
3106 5429 3192 5480 ιιι,
3225 5430 3274 5470 c.
3302 5416 3355 5480 5,
3385 5416 3687 5487 leguntur),
3718 5429 3778 5475 et

2175 5496 2231 5552 in
2265 5499 2413 5552 hunc
2444 5499 2667 5554 modum
2699 5503 2837 5557 verti
2868 5502 3089 5569 debere,
3146 5524 3164 5557 ι
3196 5506 3293 5575 qui
3326 5508 3491 5562 etiam
3524 5518 3651 5564 ante
3680 5510 3773 5565 in-

2175 5599 2266 5645 tus
2301 5590 2743 5650 intellectualiter
2773 5599 3103 5666 prmparavit
3134 5618 3283 5659 eum.
3320 5624 3340 5658 ι
3382 5603 3524 5673 Quid
3550 5605 3618 5661 ad
3650 5606 3774 5664 haec

2174 5684 2414 5739 Marcelli
2456 5687 2753 5743 refellenda
2789 5691 2992 5756 aptius,
3030 5710 3195 5763 quam
3239 5693 3431 5767 lgnatii
3466 5696 3622 5761 illud,
3666 5699 3777 5754 οὐκ

2175 5776 2284 5832 ἀπὸ
2320 5779 2478 5848 σιγῆς
2514 5780 2831 5851 προελθώνξ
2866 5785 3010 5854 quod
3060 5795 3244 5841 tamen
3298 5798 3515 5845 veteres
3547 5789 3623 5844 illi
3658 5788 3776 5846 Eu-

2184 5864 2388 5935 sebius,
2411 5865 2764 5933 Athanasius.
2786 5873 3047 5939 Basilius.
3073 5878 3277 5940 quibus
3302 5877 3550 5940 limatius
3571 5890 3764 5940 noster
