4078 6388
251 371 357 426 297

1001 370 1052 427 1.
1094 371 1461 428 PEARSONII
1504 372 1826 430 V'lNDlClA‘I
1858 374 2289 432 lGNATlANE.
2329 406 2401 419 —
2439 378 2617 434 PARS
2658 379 2724 433 ll.

3420 386 3525 442 298

248 502 364 546 tam
423 490 600 560 probe
643 490 899 560 cognitus
948 499 1072 556 est,
1104 491 1330 545 minime
1383 502 1739 561 usurparunt.
1775 491 1842 547 Et
1868 507 1916 565 Α
1943 506 2012 546 ex
2068 492 2511 547 adversariorum
2560 493 2829 549 sententia
2860 495 3109 552 confecta
3152 496 3300 552 erit:
3337 513 3527 554 assero

248 582 482 652 qtidem
508 580 779 637 Eusebius
805 581 949 637 hanc
972 581 1212 637 Marcelli
1243 584 1571 638 sententiam
1594 599 1720 639 cum
1748 584 1840 647 illa

248 674 426 728 veteri
462 673 855 728 Gnosticorum
884 684 1187 745 comparat,
1218 691 1319 731 nec
1348 684 1528 733 tamen
1556 677 1842 748 lgnatiana

250 766 369 829 illa,
402 781 533 834 quae
564 766 681 834 ipse
709 765 916 834 optime
948 776 1194 830 noverat,
1229 766 1486 822 Marcello
1516 769 1727 837 objicit.
1764 770 1842 823 Ita

248 853 399 905 enim
416 852 785 920 loquiturlib.
816 869 944 916 It,c.
980 854 1078 908 l9:
1105 857 1171 907 Ἃ
1198 855 1255 907 δὲ
1288 857 1606 928 Μάρκελλος
1639 858 1841 929 ἐτόλμα

250 943 637 1007 ὑποτίθεσθαι,
674 946 845 999 πάλαι
893 946 992 1016 μὲν
1041 947 1214 1015 λέγων
1247 944 1387 1002 εἶναι
1421 949 1510 1002 τὸν
1549 949 1711 1015 Θεὸν,
1747 952 1844 1006 καὶ

247 1037 375 1090 τινὰ
406 1036 651 1107 ἡσυχίαν
685 1037 804 1107 ἅμα
835 1035 913 1106 τῷ
946 1037 1063 1107 Θεῷ
1096 1038 1433 1109 ὑπογράφων
1474 1040 1687 1111 ἐαυτῷ,
1723 1042 1841 1095 κατ’

247 1127 414 1180 αὐτὸν
450 1129 663 1180 ἐκεῖνον
694 1127 786 1180 τὸν
820 1127 929 1181 τῶν
974 1127 1149 1182 ἀθέων
1196 1130 1528 1201 αἱρεσιωτῶν
1576 1132 1838 1203 ἀρχηγὸν,

244 1217 305 1279 ὃς
327 1217 399 1271 τὰ
416 1217 559 1270 ἄθεα
583 1218 927 1289 δογματίζων
960 1220 1291 1289 ἀπεφαίνετο
1323 1221 1517 1290 λέγων,
1537 1219 1675 1277 (Ἦν
1708 1223 1840 1288 Θεὸς

245 1307 340 1359 καὶ
377 1309 512 1380 σιγή
534 1325 547 1338 ο
564 1328 582 1359 ι
608 1309 747 1378 μετὰ
763 1309 821 1362 δὲ
837 1308 937 1381 τὴν
971 1310 1127 1381 σιγὴν
1147 1311 1243 1364 καὶ
1260 1310 1357 1383 τὴν
1372 1313 1604 1383 ἡσυχίαν
1639 1314 1838 1386 προελ-

245 1398 360 1450 θεῖν
396 1398 493 1451 τὸν
542 1400 717 1467 Λόγον
757 1399 850 1453 τοῦ
884 1399 1018 1453 Θεοῦ
1053 1403 1111 1454 ἐν
1157 1403 1299 1474 ἀρχῇ
1348 1404 1445 1474 τῆς
1488 1406 1840 1475 κοσμοποιῒας

243 1490 523 1561 δραστικῇ
560 1491 832 1563 ἐνεργείᾳ.
875 1512 894 1543 ‹
918 1491 1051 1558 Quae
1091 1501 1275 1548 autem
1319 1510 1627 1565 supponere
1670 1512 1840 1553 ausus

243 1594 331 1638 est
362 1583 693 1649 Marcellus,
731 1586 922 1641 dicens
950 1586 1080 1640 olim
1114 1587 1331 1657 quidem
1365 1588 1533 1643 fuisse
1561 1588 1756 1653 Deum,
1787 1600 1842 1645 et

244 1677 495 1744 quietem
525 1677 821 1746 quamdam
855 1678 1019 1733 simul
1051 1693 1176 1734 cum
1204 1678 1317 1734 Deo
1345 1680 1663 1737 describens
1708 1682 1839 1753 (se-

246 1770 501 1822 cundum
529 1770 711 1838 ipsum
736 1769 889 1824 illum
907 1769 1198 1840 impiorum
1227 1772 1604 1829 haereticorum
1619 1774 1837 1840 ducem,

246 1860 343 1929 qui
405 1859 581 1929 impia
633 1861 1013 1931 dogmatizans
1069 1862 1313 1918 deﬁnivit
1365 1864 1653 1933 inquiens,
1707 1866 1843 1921 Erat
1875 1866 1919 1922 B

250 1952 390 2005 beas
416 1964 469 2005 et
494 1952 829 2022 silentium),
854 1962 979 2022 post
1003 1954 1279 2009 silentium
1308 1965 1488 2010 autem
1519 1966 1573 2012 et
1602 1957 1841 2027 quietem

245 2046 601 2113 processisse
643 2044 885 2101 Verbum
939 2046 1035 2101 Dei
1093 2048 1150 2102 in
1204 2049 1476 2119 principio
1543 2050 1842 2107 creationis

246 2136 441 2190 mundi
494 2135 706 2192 (δωρειαί
754 2137 1094 2206 operatione.
1126 2157 1147 2189 ι
1202 2138 1340 2193 Cum
1374 2140 1542 2210 igitur
1570 2139 1841 2198 Eusebius

246 2224 579 2281 Marcellum
625 2227 1036 2296 perstrinxerit,
1067 2225 1213 2297 quod
1244 2228 1482 2283 Verbum
1512 2239 1636 2299 post
1674 2231 1843 2285 silen-

248 2321 384 2373 tium
419 2319 697 2388 prodiisse
735 2318 957 2386 dixerit,
984 2328 1038 2374 et
1068 2320 1232 2375 simul
1271 2322 1438 2376 etiam
1467 2321 1845 2385 observaverit

247 2414 364 2467 haec
384 2427 419 2464 a
449 2410 737 2466 Cnosticis
760 2412 957 2468 hausta
983 2428 1126 2481 esse,
1152 2414 1296 2483 apud
1318 2429 1461 2484 quos
1486 2414 1663 2484 primo
1685 2424 1844 2472 erant

248 2505 394 2560 Deus
426 2516 485 2561 et
515 2506 839 2573 silentium;
875 2523 1003 2563 cum
1029 2507 1173 2563 idem
1206 2507 1515 2564 certissime
1545 2509 1710 2564 etiam
1740 2525 1843 2565 no-

246 2598 391 2653 verit
433 2600 555 2654 haec
600 2615 727 2669 qua:
772 2615 923 2678 nunc
954 2600 1098 2669 apud
1136 2597 1408 2671 lgnatium
1455 2600 1710 2671 legimus,
1740 2615 1843 2658 nec

246 2702 437 2745 tamen
490 2692 763 2747 adversus
809 2690 1048 2747 Marcelli
1087 2692 1342 2748 haeresim
1392 2693 1673 2763 usurparit
1716 2693 1843 2749 loco

244 2787 383 2840 satis
439 2799 777 2855 opportuno,
805 2785 931 2855 quis
984 2800 1093 2840 non
1145 2784 1296 2841 videt
1338 2785 1464 2841 sine
1492 2785 1605 2841 ullo
1643 2784 1844 2842 funda-

244 2888 441 2932 mento
493 2876 670 2931 asseri
706 2877 987 2947 lgnatiana
1042 2876 1229 2931 lrenaei
1268 2878 1470 2933 saeculo
1524 2893 1633 2933 non
1673 2879 1844 2935 exsti-

244 2970 407 3028 tisse,
443 2967 597 3037 quod
642 2982 707 3021 ea
746 2968 835 3022 ille
864 2968 1131 3023 adversus
1162 2966 1438 3023 Valentini
1482 2969 1699 3026 somnia
1730 2984 1842 3025 non

245 3058 588 3129 usurparit?

316 3153 601 3218 Quocirca
629 3150 734 3205 levi
764 3149 1205 3205 antecedentium
1237 3150 1681 3222 conjecturarum
1706 3150 1843 3207 veli—

246 3246 466 3298 tatione
498 3243 730 3310 difﬂata,
763 3243 832 3299 ad
863 3252 1250 3314 argumentum
1281 3243 1459 3314 ipsum
1491 3258 1523 3297 a
1554 3241 1843 3298 Valentino

243 3340 483 3394 ductum
514 3337 749 3403 accedo;
780 3345 951 3406 utque
992 3335 1123 3390 illud
1156 3336 1363 3390 nullam
1396 3335 1504 3390 vim
1532 3335 1601 3390 ad
1625 3335 1845 3390 elevan-

243 3432 375 3488 dam
428 3429 631 3501 lgnatii
660 3429 1040 3484 auctoritatem
1061 3468 1075 3495 ,
1106 3428 1220 3483 imo
1254 3444 1323 3482 ne
1352 3427 1587 3498 speciem
1619 3426 1845 3498 quidem

250 3525 421 3579 ullam
474 3532 575 3578 aut
621 3521 1160 3577 verisimilitudinem
1209 3521 1493 3577 continere
1528 3519 1841 3587 ostendam,

247 3628 500 3686 quatuor
546 3614 1022 3685 propositionibus
1062 3630 1179 3669 rem
1212 3629 1432 3669 omnem
1485 3613 1842 3684 complectar,

247 3711 459 3781 quibus
487 3718 544 3763 et
568 3708 853 3763 veritatem
872 3706 1178 3762 luculenter
1203 3716 1564 3778 exponam,et
1588 3706 1847 3762 omnibus

246 3801 706 3856 adversariorum
736 3798 1140 3870 objectionihus
1166 3798 1617 3855 manifestissime
1647 3812 1845 3854 occur-

248 3910 387 3948 ram.
424 3895 638 3947 Assero
671 3892 835 3959 igitur
871 3892 1049 3961 primo
1076 3891 1385 3948 clarissime
1419 3900 1608 3961 patere
1652 3900 1847 3946 aucto-

245 4003 364 4044 rem
396 3986 653 4058 epistola
690 3985 758 4039 ad
804 3982 1114 4054 Magnesios
1155 3983 1362 4038 nullam
1399 3982 1564 4036 aliam
1592 3982 1845 4037 haeresim

247 4081 435 4134 verbis
458 4094 525 4133 ex
552 4094 615 4132 ea
642 4078 871 4147 prolatis
899 4076 1230 4145 respexisse,
1253 4092 1419 4146 quam
1448 4092 1567 4131 eam
1596 4092 1718 4145 quae
1742 4075 1847 4130 fuit

250 4171 446 4241 lgnatii
496 4187 617 4226 33W)
653 4169 1032 4241 cognitissima
1060 4210 1074 4234 ,
1125 4168 1504 4223 Ehionitarum
1543 4171 1752 4225 scilicet
1794 4180 1848 4226 et

250 4264 671 4321 Nazaraeorum.
708 4261 847 4317 Cum
884 4272 1069 4316 autem
1115 4262 1414 4318 adversarii
1460 4262 1596 4318 adeo
1628 4278 1847 4318 asseve-

250 4368 439 4413 ranter
464 4354 831 4418 contendant,
864 4356 981 4409 haec
1004 4354 1249 4425 epistolae
1286 4356 1448 4410 verba
1480 4357 1547 4411 ad
1571 4355 1843 4412 Valentini

249 4460 635 4504 commentum
678 4447 971 4516 respicere,
1000 4446 1229 4517 ejusque
1277 4448 1556 4517 peculiare
1589 4450 1844 4505 delirium

250 4554 445 4611 reapse
481 4540 652 4593 ferire
686 4559 699 4593 :
730 4554 922 4595 assero
952 4539 1192 4594 secundo
1230 4540 1396 4595 verba
1442 4540 1581 4610 ipsa,
1616 4552 1677 4596 ut
1713 4552 1842 4597 sunt
1880 4571 1922 4625 υ
1947 4539 2224 4642 προφῆτᾶι

246 4636 317 4688 ab
347 4643 580 4687 auctore
607 4632 854 4701 cpistola:
885 4632 1117 4701 prolata,
1142 4632 1210 4687 ad
1241 4630 1591 4688 Valentinum
1618 4635 1842 4691 omnino

245 4742 360 4781 non
391 4737 671 4796 spectare,
702 4740 806 4779 nec
830 4725 949 4779 sine
984 4724 1219 4778 violenta
1272 4724 1587 4781 detorsione
1615 4727 1682 4781 ad
1721 4728 1842 4796 ejus

245 4820 505 4875 heresim
522 4818 903 4887 exponendam
918 4814 1367 4886 refutandamque
1384 4818 1643 4888 applicari
1658 4835 1838 4889 posse.

246 4910 307 4966 Si
339 4913 473 4981 quis
502 4918 691 4964 tamen
730 4909 913 4963 adhuc
940 4908 1059 4963 sine
1096 4910 1309 4964 ratione
1339 4908 1611 4966 Valentini
1643 4912 1841 4983 dogma

242 5005 533 5075 respicere
584 5002 703 5056 haec
755 5003 919 5055 verba
958 5001 1202 5071 potuisse
1236 5002 1400 5068 velit,
1442 5019 1510 5059 ne
1540 5005 1840 5074 quidquam

241 5107 445 5151 contra
481 5094 873 5164 antiquitatem
899 5094 1147 5163 epistola:
1176 5095 1292 5149 haec
1317 5094 1506 5165 iniqua
1527 5097 1842 5166 conjectura

240 5189 435 5243 valere
453 5186 723 5241 videatur
748 5201 761 5236 :
787 5201 976 5240 assero
1003 5186 1167 5239 tertio
1186 5185 1333 5239 illam
1361 5187 1535 5255 ipsam
1564 5187 1839 5255 haeresim,

242 5292 534 5351 quatenus
565 5278 654 5333 bis
677 5278 859 5333 verbis
891 5276 1044 5333 feriri
1072 5287 1317 5349 putatur,
1347 5280 1638 5338 Valentino
1667 5283 1844 5340 fuisse

243 5371 655 5441 antiquiorem,
684 5376 741 5423 et
772 5384 804 5423 a
835 5370 1227 5427 vetustioribus
1264 5374 1528 5442 gnosticis
1555 5375 1657 5445 ipsi
1686 5374 1844 5445 lgna-
1882 5414 1888 5421 ι

244 5464 324 5515 tio
346 5461 560 5517 cozevis
584 5460 893 5515 certissime
917 5460 1234 5519 derivatam.
1264 5462 1419 5529 Quod
1451 5466 1496 5520 si
1521 5466 1645 5536 quis
1675 5469 1841 5522 etiam

234 5555 422 5609 adhuc
455 5552 809 5624 praefractius
834 5557 973 5612 tueri
994 5559 1143 5623 velit,
1171 5570 1450 5617 auctorem
1482 5563 1725 5633 epistola:
1751 5564 1839 5621 his

233 5646 424 5702 verbis
480 5644 835 5702 Valentinum
888 5649 1068 5719 ipsum
1117 5655 1464 5724 respexisse,
1517 5672 1618 5712 nec
1675 5657 1836 5727 Sigen

236 5737 523 5807 prioribus
563 5737 837 5793 haereticis
881 5744 1156 5811 cognitam
1200 5744 1370 5801 fuisse
1407 5757 1531 5817 post
1570 5756 1650 5802 tot
1686 5757 1839 5803 vele-

239 5846 365 5886 rum
395 5840 591 5903 aperta
621 5829 932 5886 testimonia
959 5835 1217 5891 concedat
1244 5855 1255 5890 :
1290 5856 1386 5895 nec
1410 5840 1489 5897 sic
1511 5842 1727 5911 quidem
1752 5854 1841 5896 res

574 5923 855 5987 PATBOL.
904 5924 1022 5985 Gn.
1071 5927 1149 5991 V.

1944 583 2094 637 enim
2141 592 2361 653 quarto,
2393 584 2545 638 nullo
2575 596 2902 655 argumento
2933 589 3067 643 satis
3098 588 3258 643 ﬁrmo
3300 591 3525 660 probari

1942 688 2106 743 posse
2132 674 2281 744 ipsos
2299 674 2563 729 Valentini
2588 677 2891 747 peculiares
2913 693 3134 737 errores
3160 681 3334 739 fuisse
3362 682 3525 755 lgna-

1943 766 2022 822 tio
2051 766 2275 835 martyri
2301 781 2527 837 prorsus
2555 768 2885 832 ineognitos.

2560 904 2790 960 CAPUT
2835 905 2921 962 1V.

1944 1015 2131 1097 Prima
2170 1019 2415 1097 assertio,
2449 1020 2604 1097 uerba
2642 1018 2738 1097 illo
2768 1020 2867 1097 οὐκ
2899 1021 3197 1097 ἀπὸησιγῆς
3244 1028 3524 1097 προελθών

2013 1086 2235 1158 hmresin
2282 1086 2662 1141 Ebionitarum
2692 1089 2882 1158 ferire,
2914 1086 3190 1154 probati":—
3212 1086 3522 1153 ex'antece-

2014 1156 2256 1229 dentibus
2279 1167 2339 1229 et
2356 1156 2809 1229 consequentibus.
2847 1160 3148 1229 Explicatio
3172 1172 3378 1219 tantum
3399 1179 3523 1222 sunt

2014 1226 2192 1306 Λόγον
2234 1226 2737 1306 dtiBiou._0ppo§ilio
2783 1226 3193 1306 inter'}6_yov__et
3224 1231 3381 1306 σιγὴν
3415 1240 3523 1306 fre-

2013 1296 2380 1371 quentissime.
2416 1296 2625 1371 Petavii
2651 1301 2906 1371 expositio
2931 1296 3252 1371 defenditur.
3285 1296 3520 1371 Deiectio

2016 1366 2081 1419 de
2109 1367 2309 1436 frigida
2341 1367 2602 1421 locutione
2628 1369 2889 1436 reﬁcitur.
2929 1366 3140 1425 Similes
3169 1366 3393 1429 veterum
3417 1376 3522 1430 Pa-

2017 1444 2159 1516 trum
2181 1437 2577 1516 explicationes
2602 1440 2919 1516 a/feruntttr.
2958 1440 3207 1516 Geminus
3237 1443 3295 1499 S.
3330 1446 3519 1516 Augu-

2012 1506 2142 1559 stini
2166 1506 2669 1584 locustindicqtur,
2706 1520 2754 1562 et
2800 1512 2970 1565 altero
3022 1513 3296 1584 Fulgentii
3339 1506 3524 1584 ﬁri'na-

2013 1585 2119 1656 ξιτ.
2156 1574 2517 1656 L_ocutionem_
2535 1579 2747 1633 inanem
2789 1596 2893 1633 non
2921 1598 3049 1656 esse.
3112 1574 3219 1637 Vox
3244 1574 3525 1656 προελθεῖν

2012 1645 2311 1726 Petgviano
2339 1647 2517 1726 sensui
2547 1661 2947 1726 nonrepugnut,
2991 1653 3083 1726 Ἐκ
3115 1656 3270 1726 σιγῆς
3288 1645 3381 1710 ὐει
3416 1657 3525 1710 ἀπὸ

2013 1716 2174 1787 σιγῆς
2198 1732 2305 1770 non
2338 1719 2478 1771 male
2515 1718 2663 1772 reddi
2695 1716 2819 1789 pust
2849 1722 3148 1776 silentium.

2014 1826 2151 1881 lllud
2177 1836 2358 1883 autem
2388 1830 2534 1899 quod
2566 1831 2743 1900 primo
2772 1832 2891 1888 loco
2915 1838 3275 1893 asserendum
3313 1842 3521 1909 putavi,

1947 1930 2228 1975 auctorem
2260 1922 2505 1991 epistolae
2553 1926 2622 1980 ad
2656 1925 2967 1997 Magnesios
2998 1931 3178 1987 verbis
3203 1948 3269 1988 ex
3302 1950 3364 1989 ea
3396 1951 3525 2005 pro-

1942 2013 2071 2068 latis
2102 2014 2334 2069 haresin
2364 2014 2768 2083 Ebionitarum,
2812 2034 2991 2090 neque
3023 2024 3191 2079 ullam
3222 2027 3388 2083 aliam
3433 2046 3522 2085 re-

1943 2106 2209 2174 spexisse,
2245 2107 2681 2166 lueulentissime
2711 2113 2995 2180 probatur.
3042 2114 3174 2171 Duae
3214 2120 3359 2174 enim
3392 2137 3527 2177 eon-

1939 2193 2199 2266 junctivs:
2241 2200 2545 2267 particulae,
2592 2216 2701 2257 una
2733 2202 2892 2258 initio
2924 2204 3152 2275 hujusce
3199 2213 3523 2278 sententiae,

1943 2288 2115 2344 altera
2157 2291 2428 2361 principio
2460 2295 2742 2364 sequentis
2790 2296 3020 2359 inserta,
3070 2302 3205 2358 satis
3234 2304 3527 2363 manifeste

1943 2382 2242 2437 ostendunt
2286 2398 2398 2455 quo
2445 2393 2558 2440 tota
2602 2388 2872 2442 sententia
2917 2390 3201 2448 referenda
3233 2395 3415 2462 sit,et
3451 2399 3527 2454 ad

1942 2472 2075 2542 quid
2107 2483 2302 2529 auctor
2335 2476 2603 2546 epistolae,
2636 2493 2762 2533 cum
2786 2494 2849 2534 ea
2883 2482 3166 2549 scriberet,
3194 2488 3522 2546 colliuearit.

1941 2561 2221 2619 Particula
2251 2565 2360 2636 γάρ
2388 2568 2629 2623 ostendit
2651 2570 2794 2626 hanc
2822 2571 2998 2641 ipsam
3025 2578 3350 2633 sententiam
3376 2581 3525 2650 prio-

1944 2654 2021 2709 ris
2056 2655 2329 2711 ratiouem
2370 2658 2689 2727 continere;
2727 2670 2781 2715 et
2826 2666 3104 2733 sequentis
3135 2668 3402 2735 particula
3430 2666 3527 2728 οὖν

1942 2744 2185 2800 ostendit
2210 2759 2330 2800 eam
2360 2761 2428 2801 ex
2452 2747 2557 2803 hac
2584 2751 2737 2820 sequi
2764 2750 2983 2808 debere.
3017 2755 3088 2810 At
3116 2766 3171 2811 et
3199 2762 3527 2817 antecedens

1944 2836 2217 2892 sententia
2264 2847 2319 2893 et
2365 2848 2661 2909 sequentes
2706 2841 2972 2899 Ebionem
3026 2847 3227 2903 diserte
3283 2848 3523 2917 feriunt;

1944 2943 2079 2998 ergo
2098 2936 2153 2984 et
2170 2928 2287 2985 haec
2306 2945 2429 3001 qua:
2450 2932 2652 3001 prioris
2665 2936 2935 2991 rationem
2967 2940 3223 3007 explicat,
3256 2953 3310 2995 et
3339 2953 3527 3011 poste-

1945 3019 2189 3076 rioribus
2218 3023 2576 3079 occasionem
2615 3026 2842 3095 praebet.
2881 3029 3224 3087 Antecedens
3258 3034 3375 3091 haec
3397 3046 3523 3091 est:

1949 3130 1971 3164 ι
2003 3110 2064 3167 Si
2094 3113 2243 3169 enim
2274 3128 2453 3183 usque
2481 3131 2631 3172 nunc
2678 3118 2982 3174 secundum
3011 3120 3359 3179 Judaismum
3389 3128 3528 3181 vivi-

1869 3211 1911 3269 α
1946 3217 2093 3269 mus,
2124 3205 2454 3261 conﬁtemur
2470 3208 2703 3277 gratiam
2732 3226 2842 3264 non
2870 3214 3162 3282 recepisse.
3198 3236 3216 3268 ι
3255 3216 3332 3272 De
3359 3219 3526 3275 Ebio-

1944 3295 2080 3351 nteis
2108 3294 2346 3352 [renatus
2367 3297 2461 3351 lib.
2493 3314 2532 3362 ι,
2555 3314 2605 3354 c.
2633 3299 2704 3355 26
2730 3320 2743 3356 :
2774 3321 2793 3353 ι
2824 3302 3310 3363 Circumciduntur
3330 3318 3384 3364 et
3404 3326 3527 3381 per-

1944 3396 2199 3443 severant
2249 3388 2305 3442 in
2352 3389 2438 3445 his
2473 3394 2988 3463 consuetudinibus,
3021 3411 3142 3466 quae
3167 3411 3294 3454 sunt
3329 3417 3525 3458 secun-

1945 3477 2076 3531 dum
2129 3478 2326 3549 legem,
2364 3489 2419 3534 et
2462 3478 2694 3538 Judaico
2721 3485 3037 3540 charactere
3077 3489 3175 3542 uti.
3212 3509 3231 3540 ι
3270 3492 3413 3547 Idem
3452 3507 3525 3550 te-

1946 3577 2159 3624 stantur
2189 3578 2317 3639 post
2362 3570 2629 3626 Irenaeum
2680 3588 2919 3629 omnes:
2974 3581 3304 3637 antecedens
3359 3585 3525 3655 igitur

1947 3660 2225 3713 sententia
2248 3659 2514 3717 Ebionem
2537 3664 2739 3719 diserte
2756 3665 2898 3721 ferit.
2920 3665 3053 3732 Quae
3074 3682 3253 3725 autem
3281 3689 3525 3745 sequun-

1947 3757 2079 3803 tur:
2110 3750 2172 3802 El
2197 3747 2289 3804 οὖν
2317 3755 2364 3805 οἱ
2403 3754 2462 3805 ὲν
2503 3753 2753 3818 παλαιοῖς
2795 3757 3111 3829 πράγμασιν
3152 3763 3525 3837 ἀναστραφέν-

1945 3855 2057 3902 τες,
2084 3842 2163 3903 είς
2194 3842 2484 3912 καινότητα
2512 3844 2723 3908 ἐλπίδος
2754 3846 2969 3917 ἤλυθον.
3001 3867 3019 3899 ‹
3063 3848 3118 3903 Si
3156 3855 3318 3921 igitur
3348 3856 3401 3910 in
3428 3873 3524 3912 ve-

1947 3933 2161 3988 tet-ibus
2189 3933 2357 3988 rebus
2400 3937 2713 3991 conversati
2756 3938 2813 3992 in
2864 3940 3160 3996 novitatem
3205 3947 3320 4014 spei
3357 3964 3523 4005 vene-

1948 4031 2099 4089 runt,
2136 4042 2156 4076 ›
2202 4032 2258 4079 et
2296 4034 2493 4080 caetera
2535 4028 2727 4083 eodem
2760 4030 2923 4100 plane
2966 4035 3217 4101 tendunt,
3253 4048 3312 4095 ut
3358 4058 3389 4097 a
3424 4042 3524 4099 Ju-

1946 4115 2179 4183 daismo,
2210 4132 2423 4187 nempe,
2453 4121 2715 4175 recedant
2745 4123 2839 4191 qui
2866 4123 3355 4186 Christianismum
3402 4148 3523 4190 am-

1948 4206 2297 4275 plectuntur:
2336 4224 2460 4279 quae
2490 4211 2675 4265 omnia
2709 4211 2914 4268 directe
2943 4215 3209 4274 adversus
3254 4219 3522 4279 Ebionem

1946 4305 1999 4349 et
2048 4311 2314 4367 sequaces
2355 4300 2614 4355 militant.
2659 4300 2785 4378 Haec
2812 4304 2929 4373 ipsa
2961 4312 3233 4365 sententia
3263 4313 3332 4367 ab
3360 4330 3525 4387 argu—

1947 4398 2134 4444 mento
2166 4391 2379 4461 incipit,
2422 4408 2533 4462 quo
2574 4394 2655 4448 uti
2687 4404 2898 4453 veteres
2929 4401 3197 4458 adversus
3239 4403 3524 4465 Ebionitas

1948 4479 2267 4550 similesque
2310 4483 2597 4539 htereticos
2649 4488 2899 4543 solebant
2939 4510 2953 4543 :
3008 4493 3071 4545 0i
3115 4494 3224 4565 γὰρ
3257 4495 3524 4554 θειότατοι

2266 4574 2405 4627 κατὰ
2450 4577 2686 4648 Χριστὸν
2732 4579 2936 4650 Ἰησοῦν
2970 4582 3187 4653 ἔζησαν.
3242 4606 3261 4638 ‹
3296 4587 3529 4647 Divinis-

1945 4664 2072 4718 simi
2122 4667 2269 4720 enim
2325 4670 2602 4737 propheta:
2646 4672 2957 4751 gcundum
3002 4676 3281 4733 Christum
3334 4679 3522 4738 Jesum

1943 4756 2235 4822 vixerunt;
2259 4777 2278 4809 ι
2320 4769 2374 4813 et
2403 4772 2464 4813 ut
2494 4761 2767 4817 demonst.
2782 4772 2837 4818 et
2862 4780 2958 4821 eos
2981 4769 3156 4836 gratia
3192 4770 3396 4828 Christi
3438 4776 3525 4830 in-

1944 4846 2183 4916 spiratos
2216 4850 2319 4903 hoc
2364 4848 2581 4919 fecisse,
2613 4855 2868 4909 eumdem
2901 4856 3094 4924 Deum,
3128 4876 3289 4930 quem
3320 4863 3396 4919 illi
3428 4881 3523 4921 co-

1943 4937 2150 5006 lebant,
2177 4940 2564 4998 manifestasse
2589 4961 2647 5000 se
2670 4962 2766 5015 per
2788 4944 2989 5003 Filium
3015 4966 3177 5005 suum
3206 4955 3357 5023 dicit,
3386 4976 3404 5008 ι
3426 4960 3521 5029 qui

1944 5038 2029 5083 est
2057 5040 2321 5085 aeternum
2354 5034 2475 5102 ejus
2509 5033 2772 5102 Verbum,
2800 5057 2817 5089 ι
2853 5050 3046 5094 contra
3075 5045 3327 5099 eumdem
3357 5046 3522 5102 Ebio-

1946 5133 2091 5184 nem,
2124 5120 2216 5188 qui
2261 5135 2387 5175 eum
2435 5124 2643 5178 nudum
2691 5125 2967 5181 hominem
3023 5143 3146 5184 esse
3196 5134 3518 5197 asserebat,

1945 5218 2209 5264 aaternum
2244 5213 2492 5282 negabat.
2530 5214 2648 5269 Non
2681 5226 2893 5271 tantum
2921 5218 3065 5273 enim
3092 5220 3167 5273 illi
3194 5222 3287 5291 qui
3312 5239 3379 5277 ex
3401 5226 3521 5280 viro

1944 5308 2000 5352 et
2048 5297 2253 5355 femina
2285 5301 2572 5359 Christum
2614 5307 3007 5374 prmdicabant,
3052 5311 3145 5364 sed
3190 5320 3245 5367 et
3280 5313 3315 5367 ii
3352 5315 3519 5369 etiam

1945 5391 2041 5458 qui
2093 5407 2217 5446 eum
2257 5406 2324 5447 ex
2374 5394 2598 5465 Virgine
2648 5405 2839 5451 natum
2889 5401 3284 5469 agnoscebant,
3312 5404 3373 5456 οὐ
3413 5406 3522 5476 μὴν

1945 5480 2061 5533 οὐδ’
2092 5483 2291 5552 ὁμέως
2320 5484 2412 5536 καὶ
2454 5478 2600 5539 οὗτοι
2638 5488 3012 5561 προϋπάρχειν
3054 5493 3217 5547 αὐτὸν
3254 5494 3387 5549 Θεὸν
3420 5498 3508 5550 Λά

1943 5586 2037 5637 γον
2059 5571 2185 5625 ὄντα
2212 5575 2303 5626 καὶ
2325 5576 2514 5645 σοφίαν
2536 5576 2903 5647 ὁμολογοῦσιν,
2932 5600 2949 5632 t
2980 5585 3368 5651 prmexstrtisse
3394 5601 3521 5641 eum

1945 5670 2006 5713 ut
2038 5659 2207 5717 Deum
2228 5662 2466 5719 Verbum
2491 5677 2543 5721 et
2563 5667 2900 5737 Sapientiam
2930 5671 3152 5727 minime
3179 5674 3518 5730 conﬁteban-

1946 5762 2055 5818 tur,
2094 5773 2113 5805 ι
2154 5764 2213 5809 ut
2236 5766 2464 5829 testatur
2494 5759 2769 5816 Eusebius
2794 5762 2890 5817 lih.
2920 5779 3005 5832 tu,
3037 5782 3087 5821 c.
3116 5766 3208 5821 27.
3233 5766 3309 5822 lta
3335 5770 3518 5825 omnia

1945 5846 2314 5902 (.otn'cllendae
2358 5847 2586 5906 Ebionis
2620 5851 2813 5909 haeresi
2842 5858 3112 5927 .apprime
3138 5859 3518 5929 conveniunt,

3128 5950 3205 6010 10
