4078 6388
534 377 644 435 999

1520 370 1578 424 S.
1618 367 1967 425 lGNATlUS.
2011 397 2079 406 -——
2110 360 2644 419 PROLEGOMENA.

3703 356 3808 411 300

537 507 714 563 neque
740 492 849 546 alio
888 500 1123 562 possunt
1154 498 1423 560 spectare,
1458 491 1566 545 nisi
1592 491 1701 544 vim
1734 490 1915 545 verbis
1947 488 2116 542 mani-
2145 493 2192 548 Α
2220 492 2305 536 est
2338 497 2401 535 ea
2432 496 2553 536 esse
2592 496 2659 534 ex
2689 490 2814 548 ,tota
2852 477 3136 548 lgnatiana
3169 476 3430 547 perioche
3458 474 3808 535 certissima;

538 581 735 638 festam
767 582 1092 636 inferamus.

607 671 745 727 Cum
777 683 957 727 autem
991 671 1271 726 Christum
1302 671 1515 726 dixerat
1539 670 1781 726 Verbum
1815 678 2114 731 aeternum,

536 764 595 828 ὃς
618 766 769 817 ἐστιν
796 765 958 818 αὐτοῦ
996 766 1168 834 Λόγος
1199 765 1387 829 ἀΐδιος,
1426 765 1478 819 id
1510 765 1749 819 breviter
1783 764 2020 833 explicat
2050 762 2117 817 iis

536 857 739 923 verbis,
763 858 861 910 οὐκ
884 858 990 911 ἀπὸ
1021 860 1177 929 σιγῆς
1207 857 1506 928 προελθών,
1538 876 1555 908 ι
1590 856 1849 923 Verbum,
1868 856 2116 925 inquam,

537 960 827 1013 aeternum,
857 966 968 1003 non
1013 965 1043 1003 a
1077 950 1295 1004 silentio
1342 951 1693 1019 proveniens,
1733 967 1752 999 ι
1789 956 1851 1003 ut
1890 947 2119 1002 verbum

538 1057 633 1095 seu
666 1057 848 1096 sermo
892 1042 1074 1096 omnis
1104 1042 1200 1111 qui
1245 1052 1484 1097 azlernus
1520 1056 1630 1095 non
1668 1048 1771 1095 est.
1818 1036 1945 1094 Haec
1971 1038 2119 1093 enim

538 1133 774 1203 adjectio
808 1134 943 1187 nihil
970 1133 1119 1187 aliud
1146 1142 1229 1188 est
1257 1150 1423 1202 quam
1452 1133 1700 1202 exegesis
1732 1132 1848 1187 sive
1874 1130 2119 1200 explica-

540 1228 616 1280 tio
650 1225 969 1280 aeternitatis
1018 1224 1211 1289 Verbi,
1243 1238 1418 1294 eaque
1445 1223 1606 1293 plane
1642 1222 1908 1277 naturalis
1936 1230 1990 1275 et
2023 1221 2126 1274 ob-

536 1321 649 1386 v'ia,
679 1329 733 1375 et
771 1320 891 1373 sine
921 1319 1036 1373 ullo
1069 1326 1322 1386 respectu
1367 1317 1435 1371 ad
1466 1315 1630 1369 aliam
1667 1316 1907 1384 aliquam
1951 1328 2119 1384 pecu-

538 1412 728 1466 liarem
760 1410 990 1464 haeresin
1021 1408 1259 1462 maxime
1283 1407 1527 1477 propria,
1562 1405 1793 1463 reddens
1820 1420 2008 1460 veram
2034 1420 2125 1458 no-

536 1506 743 1559 tionem
791 1502 978 1557 :eterni
1029 1500 1213 1563 Verbi,
1248 1512 1301 1554 et
1330 1500 1398 1554 ab
1430 1500 1537 1553 alio
1568 1498 1734 1554 verbo
1780 1512 1891 1551 non
1921 1505 2125 1551 aeterno

540 1604 690 1649 recte
722 1594 1087 1663 distinguens.
1140 1590 1239 1646 Hic
1282 1600 1367 1645 est
1397 1591 1644 1645 omnium
1684 1589 1968 1669 heminum
2004 1586 2126 1641 vul—

538 1688 687 1759 garis
732 1688 799 1742 de
828 1688 996 1742 verbo
1039 1688 1372 1755 conceptus,
1426 1695 1486 1740 ut
1517 1684 1663 1755 quod
1712 1684 1987 1739 silentium
2038 1698 2127 1737 re-

536 1782 754 1853 spiciat.
792 1780 866 1836 lta
904 1781 1047 1850 apud
1084 1779 1372 1851 Virgilium
1404 1778 1614 1833 Juno”
1644 1779 1673 1832 :'

871 1914 884 1927 .
916 1914 929 1925 .
966 1914 978 1926 .
1023 1873 1165 1937 Quid
1198 1889 1279 1926 me
1307 1871 1420 1925 alta
1451 1870 1666 1925 silentia
1701 1870 1844 1939 cogis

611 1944 888 2013 Rumpere,
919 1954 969 1998 et
992 1946 1276 1997 obductum
1305 1942 1473 1995 verbis
1490 1941 1705 2011 vulgare
1723 1941 1959 1994 dolorem
1980 1939 2004 1992 ?

539 2032 644 2090 Ubi
662 2034 1151 2101 Servius,‘Silentia
1180 2045 1362 2087 autem
1392 2048 1667 2101 rumpere,
1700 2050 1716 2081 ι
1740 2030 2128 2101 loquiproprie

540 2130 773 2185 dictum.
808 2147 826 2180 ι
854 2129 929 2181 Ex
957 2127 1175 2182 silentio
1204 2140 1335 2196 ergo
1362 2126 1496 2189 exit,
1532 2140 1627 2178 seu
1657 2123 1969 2194 prorumpit
2000 2137 2127 2175 ver-

538 2222 694 2279 bum.
721 2221 859 2291 Huic
882 2229 1064 2275 autem
1094 2218 1172 2289 τῷ
1196 2233 1452 2288 rumpere
1480 2218 1758 2273 silentium
1787 2214 2127 2271 contrarium

540 2315 685 2385 apud
724 2314 946 2372 Graacos
970 2322 1053 2368 est
1080 2312 1140 2366 τὸ
1165 2313 1473 2383 ἐχεμυθεῖν.
1516 2309 1825 2381 Hesychius
1855 2327 1867 2362 :
1896 2308 2126 2378 Ἐχέμυ-

540 2406 653 2471 οος,
687 2405 825 2477 ἔχων
853 2408 911 2459 ἐν
941 2404 1119 2475 ἑαυτῷ
1162 2404 1252 2457 τὸν
1295 2404 1481 2471 λόγον,
1516 2404 1635 2474 ἦτοι
1666 2400 1883 2473 κρατῶν
1922 2399 2014 2452 τὸν
2051 2398 2132 2451 λὸ-

542 2517 639 2567 γον
675 2502 874 2569 σιωπῇ.
922 2498 989 2553 Ει
1017 2514 1252 2553 rursus:
1297 2498 1635 2567 Ἐχεμυθεῖν,
1674 2497 1907 2566 σιωπᾷν,
1936 2494 2131 2562 λόγους

544 2591 780 2659 στέγειν.
818 2590 973 2646 Unde
1004 2589 1297 2643 Ammonio
1318 2589 1522 2644 dicitur
1545 2589 1671 2659 σιγὴ
1705 2588 1921 2658 στέρξις
1945 2586 2128 2655 λόγου,

544 2683 641 2736 ubi
695 2683 878 2737 sentio
914 2681 1098 2751 potius
1149 2681 1440 2751 legendum
1472 2681 1680 2747 στὲξις,
1732 2680 1943 2748 στέγειν
1982 2679 2130 2733 enim

546 2775 705 2843 λόγον
732 2790 797 2829 eo
826 2790 993 2829 sensu
1022 2774 1215 2829 dicunt
1242 2776 1439 2841 Grieci,
1474 2789 1582 2828 non
1619 2773 1886 2844 στέργειν,
1908 2779 1969 2826 ιιι
2009 2770 2134 2840 epi-

547 2884 670 2922 nor.
704 2868 833 2924 Inde
864 2868 1024 2939 σιγῆς
1058 2880 1113 2925 et
1149 2869 1309 2940 λόγου
1340 2868 1631 2924 antithesis
1677 2866 1935 2922 omnibus
1968 2862 2134 2918 fami-

547 2960 723 3021 liaris.
759 2972 820 3018 ut
842 2960 1223 3018 Nazianzenus
1252 2963 1499 3018 carmine
1530 2961 1598 3015 1‘2.
1632 2961 1699 3015 ad
1731 2960 2062 3029 episcopos:

693 3057 867 3110 Θύσω
888 3056 988 3111 καὶ
1015 3058 1220 3127 σιγὴν,
1250 3042 1330 3122 ὧς
1352 3054 1663 3123 τοπάροιθε
1690 3053 1895 3122 λόγον.

547 3146 618 3202 Et
639 3158 761 3203 orat
791 3149 859 3204 M-
887 3168 900 3203 :
936 3152 997 3203 Ol
1018 3150 1113 3203 τοῦ
1147 3149 1306 3217 λόγου
1330 3147 1600 3218 τοσαύτης
1627 3146 1793 3216 ἐσμὲν
1837 3142 1994 3213 σιγῆς
2037 3158 2137 3213 μι-

552 3242 687 3295 στοί.
724 3243 861 3297 (ἷιιῐη
909 3243 1075 3313 igitur
1111 3244 1336 3297 verbum
1385 3243 1504 3298 sive
1538 3255 1850 3296 sermonem
1882 3254 2136 3293 commu-

550 3334 693 3389 niter
721 3343 1001 3404 sumptum
1032 3335 1106 3389 ita
1140 3335 1431 3405 concipere
1464 3332 1764 3397 soleamus,
1796 3339 1856 3385 ut
1892 3344 2019 3383 eum
2065 3328 2140 3383 si-

552 3423 781 3478 lentium
822 3440 1037 3494 semper
1080 3426 1381 3495 praecedat;
1439 3432 1632 3478 auctor
1676 3432 1859 3476 autem
1896 3420 2142 3490 epistola:

547 3517 664 3587 jam
693 3516 924 3572 dixisset
957 3516 1195 3571 Verbum
1232 3518 1381 3587 quod
1411 3517 1664 3572 Christus
1692 3526 1795 3581 est,
1827 3529 1950 3569 esse
1979 3521 2140 3567 mter—

550 3626 718 3677 num;
750 3619 1016 3665 mternum
1048 3620 1232 3665 autem
1266 3625 1387 3665 esse
1412 3625 1519 3664 non
1553 3617 1735 3679 potest
1764 3607 1911 3678 quod
1946 3607 2014 3661 ab
2037 3606 2140 3660 ali—

552 3717 664 3773 quo
696 3704 803 3758 alio
835 3703 1196 3773 praeceditur:
1236 3718 1364 3757 vere
1398 3710 1450 3757 et
1478 3711 1788 3772 opportune
1813 3715 1940 3754 cum
1986 3698 2143 3753 Chri-

553 3803 699 3850 stum
732 3793 972 3850 Verbum
1000 3797 1255 3866 appellat,
1288 3811 1396 3850 non
1432 3795 1537 3849 tale
1570 3794 1797 3865 intelligi
1826 3793 2024 3849 debere
2047 3791 2144 3846 ad-

554 3897 765 3954 monet,
817 3889 983 3958 quale
1020 3907 1038 3939 (
1077 3904 1145 3944 ex
1188 3888 1408 3945 silentio
1438 3888 1743 3958 proveniat.
1777 3906 1795 3939 ι
1850 3884 2143 3941 Silentium

556 3992 740 4036 autem
783 3982 897 4036 sive
937 3984 1086 4049 σιγή,
1122 3980 1239 4035 sive
1281 3980 1460 4050 σιωπή
1495 3980 1731 4043 dicatur,
1781 3978 2007 4047 perinde
2037 3986 2142 4032 est.

558 4071 631 4127 Ut
660 4072 913 4127 Clemens
942 4070 1350 4126 Alexandrinus
1374 4110 1389 4135 ,
1411 4072 1787 4124 Admonitione
1814 4070 1884 4123 ad
1910 4066 2098 4124 Gentes
2126 4083 2144 4121 :

558 4165 731 4219 Τοῦτο
754 4161 821 4237 ἦν
850 4165 878 4217 ὃ
919 4164 1161 4236 ᾐνίττετο
1195 4166 1228 4235 ἡ
1260 4164 1528 4234 Ζαχαρίου
1578 4163 1757 4233 σιωπὴ
1799 4161 2147 4232 ἀναμένουσιν.

557 4260 650 4312 τὸν
668 4258 971 4331 πρόδρομον
992 4257 1086 4309 τοῦ
1114 4256 1350 4328 Χριστοῦ
1387 4254 1618 4325 καρπὸν,
1655 4254 1742 4306 ἵνα
1770 4253 1869 4323 τῆς
1892 4252 2148 4323 ἀληθείας

556 4353 620 4405 τὸ
647 4352 761 4421 φῶς
787 4355 813 4406 ὁ
838 4353 1009 4419 Λόγος
1038 4351 1148 4403 τῶν
1182 4348 1534 4420 προφητικῶν
1558 4347 1896 4418 αἰνιγμάτων
1920 4345 2020 4417 τὴν
2050 4364 2150 4417 μυ-

563 4444 756 4515 στικὴν
803 4442 1141 4514 ἀπολύσηται
1197 4442 1406 4512 σιωπὴν
1452 4440 1785 4508 Εὐαγγέλιον
1835 4439 2145 4509 γενόμενος.

2217 585 2272 630 et
2301 574 2534 629 Dallaeus
2566 574 2684 643 ipse
2716 573 2807 627 illa
2847 571 3012 625 verba
3031 614 3045 638 ,
3076 572 3137 634 ὃς
3160 572 3308 624 ὲστιν
3331 569 3500 623 αὑτοῦ
3531 568 3703 637 Λόγος
3729 569 3806 620 ἀτ-

2216 671 2348 735 διος,
2389 669 2546 723 aﬂ‘ert
2575 677 2838 737 tanquam
2864 666 3130 721 adversus
3161 668 3514 720 Anemonem
3547 674 3603 720 et
3627 664 3808 720 Theo-

2218 768 2407 818 dotum
2434 761 2833 825 disertissima,
2867 759 2963 830 qui
2988 758 3219 813 Ebionis
3247 758 3483 813 hazresin
3509 756 3809 827 amplecte-

2223 856 2466 911 bantur:
2502 855 2569 909 de
2617 851 3068 923 interpretatione
3107 850 3345 920 simplici
3375 864 3571 904 eorum
3616 851 3797 904 verbo

2220 963 2367 1012 rum,
2390 946 2492 999 οὐκ
2512 945 2621 999 ἀπὸ
2646 944 2803 1015 σιγῆς
2826 941 3125 1015 προελθών,
3144 942 3275 1012 quid
3300 942 3534 996 senserit
3553 939 3813 1005 Dallazus,

2223 1040 2399 1111 probe
2427 1039 2543 1094 scio
2574 1053 2641 1093 ex
2690 1037 2757 1092 iis
2785 1052 2907 1105 qum
2939 1044 3128 1089 contra
3160 1033 3442 1088 Petavium
3489 1033 3814 1102 disputavit.

2222 1134 2317 1189 Ille
2349 1134 2498 1189 enim
2548 1131 3013 1202 perspicacissimi
3045 1129 3249 1198 ingenii
3289 1127 3503 1183 Jesuita
3552 1131 3699 1183 hunc
3734 1128 3817 1181 uti

2224 1224 2372 1280 baud
2401 1224 2566 1294 paulo
2594 1222 3026 1278 commodiorem
3056 1230 3113 1275 et
3142 1218 3446 1275 faciliorem
3477 1235 3701 1275 sensum
3726 1235 3820 1275 se-

2224 1324 2385 1372 cutus
2428 1324 2531 1370 est.
2583 1334 2601 1367 ‹
2634 1313 2900 1378 Verbum,
2931 1313 3130 1383 inquit,
3168 1313 3282 1369 sive
3310 1328 3624 1367 sermonem
3654 1312 3821 1384 lgna-

2224 1408 2334 1462 tius
2364 1408 2563 1462 asserit
2591 1421 2716 1461 esse
2762 1404 2948 1460 Jesum
2978 1406 3263 1461 Christum
3303 1403 3401 1459 Dei
3432 1403 3653 1470 Filium,
3699 1419 3821 1459 non

2226 1500 2406 1568 qualis
2451 1506 2537 1553 est
2567 1506 2787 1553 creatus
2813 1508 2867 1553 et
2898 1498 3177 1551 humanus
3207 1512 3412 1561 sermo,
3453 1497 3547 1567 qui
3576 1496 3631 1551 in
3677 1504 3823 1551 tem-

2227 1608 2361 1663 pore
2406 1592 2599 1662 incipit
2635 1600 2691 1647 et
2735 1593 2788 1645 in
2830 1603 3075 1660 tempore
3123 1590 3360 1655 desinit;
3401 1605 3510 1643 non
3546 1589 3694 1643 enim
3731 1598 3823 1645 est

2226 1694 2487 1739 :rternus.
2541 1682 2659 1737 Hoc
2710 1699 2905 1747 unum,
2958 1697 3059 1736 nec
3107 1681 3256 1735 aliud
3299 1680 3600 1749 quidquam
3644 1680 3825 1735 voluit

2229 1778 2493 1850 lgnatius.
2532 1797 2549 1823 ι
2586 1776 2739 1832 Hanc
2767 1786 2948 1830 autem
2991 1775 3201 1830 Petavii
3230 1775 3653 1843 explicationem
3685 1772 3822 1827 Dal-

2155 1851 2198 1910 B
2226 1873 2361 1927 latus
2387 1869 2639 1939 frigidam
2677 1878 2732 1923 et
2768 1870 2985 1923 inanem
3019 1868 3288 1938 argutiam
3319 1874 3494 1919 vocat.
3527 1864 3641 1933 Ego
3676 1864 3728 1917 in
3755 1880 3825 1919 ea

2227 1964 2367 2017 nihil
2414 1962 2698 2031 frigidum,
2735 1961 2869 2015 nihil
2918 1961 3112 2023 inane,
3145 1975 3211 2013 ne
3256 1959 3559 2027 quidquam
3596 1956 3824 2027 quidem

2228 2060 2482 2121 argutum
2512 2052 2711 2117 video;
2744 2051 2927 2104 omnia
2954 2050 3137 2119 potius
3165 2049 3350 2118 plana,
3378 2049 3690 2118 perspicua,
3718 2062 3826 2116 ap-

2228 2145 2430 2215 posita,
2482 2153 2537 2197 et
2591 2142 2871 2197 communi
2922 2141 3239 2196 Grtecorum
3297 2140 3540 2195 sermoni
3584 2140 3827 2194 maxime

2230 2235 2537 2292 conformia
2571 2234 2844 2288 videntur.
2866 2234 2969 2289 Sed
2988 2234 3189 2303 primo,
3221 2233 3418 2303 inquit,
3442 2248 3637 2302 «quam
3665 2232 3826 2303 frigi-

2231 2330 2359 2384 dum
2395 2336 2500 2392 est,
2528 2327 2910 2397 Magnesianos
2945 2342 3193 2392 monere,
3226 2326 3425 2380 Filium
3462 2326 3557 2379 Dei
3592 2326 3826 2379 verbum

2232 2436 2354 2476 esse
2396 2419 2590 2490 ipsius,
2624 2435 2733 2473 non
2768 2428 2949 2473 tamen
2981 2419 3251 2489 ejusmodi
3284 2428 3344 2472 ut
3373 2426 3500 2488 post
3541 2417 3829 2473 silentium

2232 2513 2519 2584 prodierit.
2552 2532 2569 2565 ι
2592 2512 2712 2567 Jam
2741 2512 2997 2566 criticum
3031 2511 3141 2580 agit
3173 2510 3426 2575 Dallzeus,
3464 2510 3558 2564 sed
3592 2507 3832 2563 infelici-

2234 2603 2496 2671 ter.Quid
2519 2605 2690 2671 enim,
2718 2604 2763 2657 si
2784 2604 2888 2657 hoc
2912 2602 3173 2672 frigidum
3201 2601 3293 2665 sit,
3320 2616 3450 2671 ergo
3476 2599 3832 2670 lgnatianum

2234 2712 2356 2752 esse
2408 2712 2515 2751 non
2551 2698 2766 2766 potest?
2810 2695 2892 2748 An
2942 2709 3168 2749 necesse
3215 2702 3299 2748 est
3346 2702 3407 2769 ut
3435 2692 3834 2755 sanctissimus

2236 2797 2444 2860 martyr
2480 2788 2681 2843 melius
2713 2789 3017 2858 scripserit,
3047 2803 3213 2858 quam
3246 2787 3384 2842 clari
3412 2786 3560 2840 inter
3601 2786 3832 2840 Graecos

2236 2888 2509 2947 oratores,
2536 2880 2591 2934 in
2616 2895 2852 2950 quorum
2884 2879 3233 2934 orationibus
3258 2879 3429 2933 multa
3454 2878 3655 2944 frigide
3679 2878 3835 2933 dicta

2238 2982 2501 3028 notarunt
2544 2973 2721 3029 critici
2766 2974 3013 3028 veteres?
3044 2972 3119 3026 De
3159 2972 3398 3027 Isocrate
3446 2987 3661 3027 summo
3704 2972 3836 3025 viro

2240 3063 2537 3134 Dionysius
2562 3062 2760 3133 Halyca
2772 3078 3030 3117 rnasseus
3053 3082 3064 3116 :
3090 3062 3420 3133 Σχηματῐζει
3441 3062 3498 3114 δὲ
3530 3061 3836 3133 φορτικῶς,

2240 3156 2336 3210 καὶ
2364 3154 2434 3208 τὰ
2463 3155 2635 3209 πολλὰ
2663 3157 2871 3224 γίνεται
2904 3156 3131 3226 ψυχρός.
3163 3156 3279 3209 lmo
3313 3153 3567 3208 Isocratis
3592 3154 3843 3208 imitato-

2244 3263 2333 3303 res
2370 3247 2600 3319 frigidos
2630 3263 2752 3302 esse
2788 3248 3060 3313 observat,
3096 3263 3162 3301 ex
3193 3246 3396 3316 quibus
3442 3245 3693 3300 nominat
3735 3243 3843 3299 Ti-

2245 3355 2466 3404 mzeum,
2496 3339 2776 3393 Platonem
2820 3349 2873 3394 et
2903 3340 3245 3409 Sosigenem.
3264 3338 3546 3406 Longinus
3561 3338 3839 3394 Timzum

2245 3435 2451 3506 pariter
2482 3443 2537 3490 et
2573 3435 2857 3489 Platonem
2898 3436 3178 3500 nominat,
3210 3436 3410 3505 quibus
3445 3435 3609 3489 etiam
3646 3435 3845 3490 Xeno~

2244 3528 2507 3597 phontem
2569 3526 2837 3595 adjungit.
2889 3525 3008 3579 Non
3055 3526 3219 3596 igitur
3269 3528 3526 3597 martyris
3582 3528 3841 3582 auctori-

2247 3628 2412 3673 tatem
2445 3618 2743 3683 imminuit,
2771 3618 2815 3672 si
2853 3618 2993 3673 forte
3023 3618 3232 3687 aliquid
3262 3618 3457 3688 frigide
3478 3618 3706 3687 dixerit;
3732 3620 3840 3675 diu

2248 3719 2373 3765 ante
2396 3726 2522 3765 eum
2555 3710 2757 3765 summi
2788 3711 2840 3763 in
2872 3710 3081 3765 Graecia
3111 3710 3215 3764 viri
3261 3710 3458 3780 frigide
3488 3700 3661 3765 multa
3692 3713 3844 3766 scri-

2246 3805 2424 3874 psisse
2454 3805 2627 3860 notati
2660 3814 2808 3860 sunt.
2850 3804 2955 3859 Sed
3007 3804 3251 3858 nondum
3284 3803 3461 3870 video,
3495 3819 3667 3874 quare
3714 3804 3843 3861 hac

2246 3896 2455 3952 locutio
2514 3898 2651 3951 adeo
2682 3896 2880 3967 frigida
2913 3898 3307 3952 existimetur:
3363 3895 3478 3951 lmo
3523 3912 3690 3959 vero,
3740 3898 3841 3952 in-

2246 3991 2388 4060 quit,
2433 4009 2452 4041 c
2486 3991 2648 4060 quasi
2714 3990 2783 4045 sit
2822 3990 3115 4059 quisquam
3162 3990 3299 4043 adeo
3329 3988 3536 4054 fatuus,
3573 3999 3630 4044 ut
3667 4005 3845 4059 quem

2250 4083 2403 4137 audit
2433 4097 2553 4138 esse
2586 4081 2789 4139 ,Jesum
2840 4084 3120 4138 Christum
3170 4081 3267 4137 Dei
3315 4082 3537 4147 Filium,
3576 4081 3844 4137 eumdem

2250 4185 2444 4244 putare
2488 4176 2663 4244 possit
2692 4190 2721 4227 a
2763 4175 2981 4229 silentio
3007 4191 3129 4231 esse
3179 4178 3397 4231 ortum?
3429 4196 3447 4227 ι
3482 4176 3676 4231 Astute
3716 4177 3847 4232 haec

2249 4268 2503 4336 quidem;
2534 4269 2737 4321 omittit
2766 4268 2913 4321 enim
2961 4268 3013 4322 id
3043 4269 3188 4338 quod
3223 4269 3276 4322 in
3312 4270 3415 4324 hac
3442 4285 3500 4323 re
3527 4278 3610 4324 est
3639 4270 3849 4337 praeci-

2252 4374 2420 4428 puum
2479 4357 2719 4413 Verbum
2780 4361 3019 4426 scilicet,
3051 4362 3164 4417 sive
3195 4377 3527 4417 sermonem.
3570 4360 3847 4427 Quamvis

2254 4451 2347 4506 Dei
2376 4452 2547 4511 Filius
2571 4456 2807 4520 dicatur,
2846 4456 2976 4509 dum
3024 4466 3205 4511 tamen
3239 4457 3467 4510 verbum
3511 4456 3677 4519 idem,
3719 4455 3848 4512 sive

572 4557 589 4587 ι
626 4535 740 4591 lloc
768 4544 887 4590 erat
917 4536 1063 4605 quod
1096 4533 1481 4590 subindicabat
1511 4531 1791 4586 Zachariae
1833 4532 2109 4586 silentium
2132 4571 2146 4596 ,
2182 4550 2225 4605 ι)
2257 4561 2441 4600 sermo
2490 4547 2715 4615 dicitur,
2745 4547 2903 4603 facile
2928 4550 3055 4604 talis
3082 4558 3383 4619 conceptus
3410 4551 3463 4603 in
3508 4552 3694 4604 animo
3735 4565 3849 4604 au-

562 4627 808 4683 fructum
832 4625 1041 4681 Christi
1066 4639 1461 4696 praecursorem
1492 4623 1836 4693 prazstolans,
1860 4631 1921 4676 ut
1941 4622 2035 4675 lux
2055 4636 2149 4675 ve-

563 4721 748 4776 ritatis
792 4719 1035 4775 Verbum
1068 4718 1515 4788 propheticorum
1562 4717 1914 4787 aenigmatum
1958 4715 2152 4786 mysti-

565 4833 693 4873 cum
726 4817 963 4872 solveret
995 4815 1278 4871 silentium
1328 4810 1689 4883 Evangelium
1739 4809 2153 4879 factum..S,pe-

567 4918 749 4965 ctatur
777 4909 943 4979 igitur
963 4906 1119 4975 λόγος
1146 4905 1516 4961 communiter
1539 4914 1801 4973 tanquam
1829 4903 2007 4973 σιγῆς,
2037 4901 2154 4956 sive

569 5002 782 5072 σιωπῆς
803 5000 1084 5065 ἀπόλυσις,
1103 4998 1483 5069 praecedentis,
1513 4997 1740 5061 scilicet,
1767 4997 1970 5051 silentii
2006 4996 2155 5049 solu-

569 5092 666 5146 tio.
713 5089 880 5144 Recte
920 5088 1088 5158 igitur
1145 5088 1401 5142 admonet
1432 5087 1674 5158 lgnatius
1743 5097 1951 5153 noster,
1996 5086 2157 5139 Chri—

569 5191 737 5247 stum,
753 5196 876 5235 cum
900 5179 1070 5248 Λόγος
1089 5178 1308 5244 dicitur,
1334 5187 1600 5233 aeternum
1624 5186 1803 5233 tamen
1824 5192 1965 5243 esse,
1995 5176 2159 5230 adco—

570 5290 680 5345 que
707 5276 868 5328 talem
884 5287 992 5328 non
1006 5286 1149 5338 esse,
1162 5272 1341 5343 qualis
1361 5288 1427 5328 ex
1441 5273 1779 5343 praecedente
1793 5271 2014 5326 silentio
2032 5286 2161 5339 pro-

568 5367 795 5436 rumpit.
832 5363 958 5420 Haec
998 5372 1083 5421 est
1111 5365 1436 5421 assertionis
1480 5375 1683 5421 nostra:
1741 5364 1889 5420 ratio
1920 5363 2159 5419 breviter

573 5462 868 5531 explicata.

646 5552 788 5619 Quid
817 5554 884 5608 de
914 5552 982 5610 iis
1010 5569 1134 5625 quae
1155 5553 1225 5611 de
1250 5553 1445 5610 haeresi
1472 5552 1701 5609 Ebionis
1736 5553 2000 5618 diximus,
2033 5565 2162 5606 sen-

576 5644 715 5701 tiant
764 5646 870 5700 viri
918 5648 1104 5711 docti,
1152 5648 1369 5714 nescio;
1416 5648 1659 5704 nondum
1708 5649 1891 5714 enim,
1938 5654 1999 5701 ut
2051 5647 2163 5716 opi-

576 5751 701 5801 nor,
736 5737 852 5793 haec
881 5753 913 5792 a
953 5741 1213 5808 quopiam
1245 5740 1389 5796 dicta
1430 5750 1585 5808 sunt;
1628 5740 1762 5795 mihi
1792 5749 1979 5813 tamen
2023 5740 2159 5797 satis

639 5832 688 5863 ω
717 5817 931 5880 [Ειιείιι.
959 5845 1015 5895 x,
1046 5829 1135 5886 62-.
1618 5816 1629 5821 ”
1923 5811 1929 5818 ’

2252 4638 2521 4693 dientium
2553 4639 2845 4707 formatur,
2876 4643 2960 4697 vel
2989 4642 3227 4711 objectio
3253 4644 3457 4711 potius.
3484 4643 3687 4697 Verum
3713 4644 3850 4713 qui-

2253 4733 2377 4788 dem
2424 4743 2508 4790 est
2558 4733 2851 4806 lgnatium,
2926 4737 3056 4791 dum
3106 4738 3219 4793 vult
3266 4738 3549 4794 Christum
3594 4738 3851 4798 Verbum

2256 4836 2527 4883 aeternum
2560 4830 2873 4896 ostendere,
2910 4838 3060 4886 recte
3086 4845 3212 4885 eum
3241 4830 3440 4886 Filium
3474 4834 3639 4887 etiam
3670 4836 3854 4891 nomi-

2254 4932 2426 4971 nare:
2454 4917 2559 4971 hoc
2582 4918 2729 4971 enim
2757 4917 3019 4989 frigidum
3046 4935 3155 4974 non
3180 4930 3283 4988 est,
3320 4923 3414 4977 sed
3439 4924 3849 4983 necessarium.

2258 5006 2335 5061 lta
2379 5008 2649 5077 judicavit
2686 5025 2919 5078 magnus
2946 5011 3302 5077 Athanasius,
3346 5012 3541 5084 lgnatii
3582 5016 3669 5069 sui
3700 5019 3856 5085 opti-

2260 5114 2384 5153 mus
2431 5101 2719 5170 interpres,
2766 5103 2862 5157 lib.
2899 5102 2976 5157 De
3010 5103 3226 5173 synodis
3256 5120 3275 5157 :
3316 5107 3431 5159 ’Ἱνα
3464 5107 3538 5179 μὴ
3569 5108 3731 5162 πάλιν
3762 5128 3855 5175 τις

2261 5191 2473 5245 ἀκούων
2504 5192 2662 5261 μόνον
2695 5192 2850 5261 λόγον
2881 5195 3079 5267 νομίσῃ
3113 5195 3357 5250 τοιοῦτον
3387 5193 3527 5251 εἶναι
3557 5194 3665 5263 οἷός
3696 5203 3856 5255 ἐστιν

2254 5286 2290 5336 -ὁ
2317 5282 2426 5335 τῶν
2453 5282 2768 5356 ἀνθρώπων]
2794 5286 3185 5350 ἀνυπόστατος,
3208 5287 3321 5340 ἀλλ’
3340 5289 3554 5344 ἀκούων
3576 5292 3668 5361 ξότι
3714 5293 3855 5357 Υἱός

2263 5370 2380 5423 ἐστι
2407 5371 2651 5447 γινώσκῃ
2678 5374 2865 5429 τοῦτον
2893 5371 3030 5429 εἶναι
3070 5376 3248 5441 ζῶντα
3274 5378 3446 5447 Λόγον
3476 5382 3570 5434 καὶ
3605 5382 3857 5436 ἐνούσιον

2267 5464 2479 5533 σοφίαν.
2519 5486 2537 5519 ι
2575 5467 2654 5523 Ac
2700 5483 2770 5523 ne
2817 5470 2941 5537 quis
2992 5471 3225 5527 audiens
3267 5488 3579 5530 sermonem
3629 5485 3851 5530 tantum

2258 5558 2544 5614 existimet
2591 5560 2756 5614 talem
2788 5575 2932 5627 esse,
2963 5561 3145 5631 qualis
3185 5571 3270 5617 est
3311 5564 3623 5632 hominum,
3650 5567 3856 5622 'subsi-

2266 5650 2465 5705 stentia
2491 5665 2709 5718 carens,
2755 5651 2850 5707 sed
2894 5652 3125 5708 audiens
3157 5653 3303 5724 quod
3348 5653 3527 5711 Filius
3578 5656 3670 5721 sit,
3709 5655 3858 5710 sciat

2258 5743 2415 5800 hunc
2433 5758 2556 5801 esse
2576 5743 2763 5801 vivum
2788 5760 3101 5803 sermonem
3118 5756 3172 5803 et
3198 5747 3615 5804 substantialem
3639 5751 3854 5820 sapien-
