4078 6390
333 320 442 376 3οι

1133 318 1180 373 J.
1222 318 1589 376 PEARSONII
1624 318 1950 376 VlNDlClJE
1988 318 2689 378 lGNATlANE.—PARS
2714 320 2780 378 Il.

3486 324 3591 382 302

329 434 500 497 tiam,
538 452 558 485 ι
611 442 719 489 etc.
765 431 1038 488 Maximus
1093 433 1449 491 Taurinensis
1480 451 1494 488 :
1537 456 1556 487 r
1591 435 1668 491 Ne
1707 436 1933 491 verbum
1958 441 2009 502 Α
2042 456 2061 490 ε
2096 436 2358 503 Quanam
2389 447 2473 493 est
2508 437 2598 493 illa
2630 441 2931 509 generatio,
2962 458 3069 514 qua
3098 444 3163 499 In
3188 448 3447 519 principio
3490 462 3606 505 erat

330 527 527 596 ipsum
572 540 685 579 non
740 527 1105 581 substantiam
1143 527 1410 593 veritatis,
1458 528 1553 582 sed
1602 528 1929 597 prolativum

327 618 620 689 loquentis
666 616 762 672 Dei
807 626 1030 687 putares
1076 632 1196 672 esse
1232 634 1562 684 sermonem,
1608 621 1805 675 dicitur
1834 619 1927 676 Fi-

327 710 467 763 lius.
504 728 525 761 ι
563 708 632 763 Et
675 717 857 763 tamen
908 709 1063 762 multi
1116 708 1358 773 fuerunt,
1406 726 1583 780 neque
1629 710 1719 766 isti
1748 712 1925 776 fatui,

325 799 428 869 qui
465 799 754 853 Christum
790 808 845 853 et
871 797 1069 851 Filium
1102 797 1196 852 Dei
1226 798 1537 868 credebant,
1571 811 1625 857 et
1666 802 1923 869 Verbum,

327 906 435 944 nec
479 899 669 944 tamen
700 892 925 945 verbum
973 899 1259 955 aeternum,
1308 891 1556 962 adeoque
1598 909 1665 949 ex
1712 895 1927 950 silentio

325 981 681 1051 profectum;
726 982 874 1037 unde
921 981 1295 1037 Tcrtullianus
1341 984 1558 1053 negavit
1586 983 1754 1039 Deum
1804 1000 1926 1042 esse

324 1072 705 1127 sermonalem
736 1088 767 1127 a
799 1072 1092 1143 principio,
1120 1083 1176 1129 et
1208 1076 1387 1145 primo
1421 1075 1585 1129 tacite
1624 1076 1921 1145 cegitasse,

323 1173 379 1219 et
404 1164 759 1234 disposuisse
803 1180 991 1220 secum
1028 1182 1149 1235 quae
1174 1182 1270 1236 per
1296 1181 1605 1221 sermonem
1652 1182 1777 1221 mox
1806 1178 1925 1223 erat

321 1258 608 1320 dicturus.
636 1266 693 1312 et
721 1256 986 1327 Origenes
1017 1258 1071 1313 in
1104 1257 1369 1315 Joannem
1407 1260 1611 1316 multos
1643 1276 1740 1315 sua
1765 1270 1923 1316 :etate

320 1350 620 1405 exstitisse
653 1350 837 1416 docet,
867 1350 960 1419 qui
993 1360 1252 1419 tanquam
1282 1352 1630 1421 perspicuum
1663 1352 1793 1406 illud
1822 1352 1921 1407 ad-

320 1439 650 1505 mittebant,
699 1438 897 1493 Filium
933 1439 1027 1494 Dei
1071 1456 1192 1497 esse
1224 1440 1463 1497 Verbum
1508 1453 1919 1513 nuncupatum,

317 1531 569 1601 οὶόμενοι
601 1531 885 1602 προφορὰν
915 1534 1190 1604 πατρικὴν
1220 1535 1381 1587 οἱονεὶ
1406 1536 1465 1587 ἐν
1492 1536 1780 1600 συλλαϐαῖς
1811 1554 1922 1589 κει-

322 1623 499 1693 μένην
530 1617 673 1676 εἶναι
702 1623 793 1676 τὸν
824 1624 952 1676 Υἱὸν
974 1624 1067 1677 τοῦ
1093 1623 1248 1689 Θεοῦ,
1267 1628 1634 1683 existimantes
1659 1629 1920 1693 prolatio-

320 1732 444 1766 nem
476 1724 762 1783 paternam
791 1715 948 1785 quasi
978 1716 1033 1768 in
1051 1716 1270 1786 syllabis
1302 1718 1552 1779 iacentem
1577 1736 1686 1773 esse
1717 1718 1920 1772 Filium

2040 529 2264 584 Verbum
2286 573 2301 596 ,
2334 540 2382 583 et
2424 530 2650 584 Verbum
2688 544 2803 587 erat
2837 538 2979 604 apud
3011 538 3201 607 Deum,
3224 550 3275 595 et
3312 542 3454 598 Deus
3489 558 3607 598 erat

2030 622 2242 677 verbum
2270 624 2354 677 '9?
2388 642 2405 675 ι
2435 623 2521 678 vel
2558 624 2704 692 quod
2737 627 2943 683 esthoc
2968 627 3229 695 Verbum,
3257 635 3401 703 quod
3427 636 3607 691 dictu-

2028 729 2123 768 rus
2148 722 2305 768 antea
2338 730 2445 770 non
2482 714 2709 781 silebat;
2745 731 2855 786 quo
2882 719 3046 787 dicto,
3086 738 3195 777 non
3225 725 3377 780 siluit
3406 729 3501 797 qui
3523 729 3606 784 di~

2027 806 2371 876 cebat?quod
2387 817 2468 861 est
2487 804 2717 861 Verbum
2743 810 2861 864 sine
2884 819 3150 881 tempore,
3173 830 3267 884 per
3291 818 3437 887 quod
3461 819 3606 876 facta

2027 905 2156 951 sunt
2185 899 2469 966 tempora?
2499 897 2757 965 Verbum,
2798 904 2944 970 quod
2982 903 3123 958 labia
3157 906 3360 963 nullius
3390 913 3607 980 aperuit

2026 997 2287 1057 coeptum,
2317 990 2581 1046 clausitve
2606 992 2854 1047 finitum?
2884 1013 2901 1045 ›
2930 994 3030 1050 Cui
3063 1001 3337 1068 geminum
3365 1003 3604 1075 adjungo

2025 1077 2087 1133 B.
2124 1080 2391 1151 Fulgentii
2417 1083 2623 1147 locum,
2649 1085 2719 1139 ad
2742 1085 3168 1145 Trasimundum
3194 1092 3289 1147 lib.
3316 1110 3395 1158 Ill,
3424 1111 3473 1150 c.
3500 1097 3601 1152 l8:

2032 1189 2052 1222 ‹
2086 1170 2212 1225 Fuit
2242 1172 2427 1228 infans
2463 1173 2697 1230 Verbum
2728 1178 3031 1233 secundum
3077 1196 3320 1249 carnem,
3353 1194 3407 1240 et
3452 1186 3604 1243 fandi

2024 1276 2139 1316 non
2167 1263 2357 1317 habuit
2382 1262 2695 1320 facultatem
2727 1286 2739 1320 :
2766 1269 2861 1323 sed
2893 1269 3037 1325 idem
3064 1270 3300 1328 Verbum
3334 1278 3485 1332 nullo
3509 1295 3607 1333 un-

2025 1368 2190 1423 quam
2223 1356 2398 1424 potuit
2429 1358 2671 1412 coerceri
2714 1359 2955 1425 silentio,
2990 1363 3116 1431 quia
3166 1364 3282 1433 ipse
3314 1376 3398 1421 est
3424 1368 3605 1425 Patris

2024 1448 2353 1516 sempiterna
2404 1447 2629 1504 locutio.
2663 1470 2680 1502 ι
2740 1450 2980 1523 Uterque
3014 1464 3194 1510 autem
3242 1463 3603 1518 aeternitatem

2023 1538 2186 1593 Verbi
2214 1538 2309 1594 Dei
2341 1540 2487 1595 clare
2516 1543 2774 1611 explicat,
2805 1554 2859 1599 et
2895 1561 2926 1600 a
2963 1548 3128 1602 verbo
3159 1550 3424 1619 humano,
3455 1558 3605 1625 quod

2021 1643 2088 1683 ex
2143 1639 2334 1683 neutra
2386 1640 2543 1698 parte
2591 1641 2853 1686 aeternum
2903 1643 3007 1698 est,
3063 1636 3377 1707 distinguit,
3415 1650 3607 1710 utpote

2021 1719 2170 1787 quod
2222 1734 2255 1773 a
2291 1720 2511 1774 silentio
2558 1720 2802 1790 incipiat,
2853 1732 2907 1778 et
2938 1724 2993 1778 in
3043 1727 3320 1783 silentium
3367 1732 3603 1790 desinat.

318 1806 445 1872 Dei,
477 1822 665 1876 neque
694 1808 861 1860 ullam
904 1809 953 1862 ei
986 1808 1348 1865 substantiam
1383 1820 1475 1864 aut
1505 1810 1915 1865 subsistentiam
1948 1827 1991 1882 Β
2020 1806 2162 1874 Quid
2190 1808 2258 1862 ad
2288 1807 2407 1862 hate
2436 1809 2518 1861 vir
2549 1809 2941 1865 doctissimus?
2964 1810 3147 1867 Primo
3176 1815 3231 1869 in
3259 1814 3317 1870 S.
3346 1816 3606 1888 Augusti-

315 1898 653 1953 tribuentes.
688 1897 743 1951 Si
772 1899 989 1967 quoties
1022 1901 1092 1953 ita
1116 1900 1277 1955 Verbi
1308 1902 1455 1954 notio
1485 1902 1718 1956 traditur
1737 1912 1792 1957 et
1822 1918 1920 1956 ex-

314 1990 585 2059 plicatur,
619 2000 682 2045 ut
711 1992 876 2045 simul
910 2006 938 2043 a
974 1992 1174 2047 talibus
1210 1992 1565 2061 conceptibus
1615 1994 1873 2047 liberetur
1900 2034 1915 2056 ,

316 2080 522 2151 frigida
555 2081 628 2136 sit
654 2081 889 2147 locutio;
927 2080 1126 2147 frigent
1156 2092 1301 2136 certe
1332 2082 1513 2136 omnia
1562 2081 1660 2137 SS.
1696 2083 1915 2137 Patrum

314 2174 551 2242 scripta,
600 2172 806 2243 frigent
852 2189 1043 2228 omnes
1085 2175 1470 2245 theologorum
1521 2176 1913 2245 expositiones.

317 2264 584 2319 Universi
640 2264 789 2319 enim
842 2266 1075 2320 sollicite
1115 2277 1311 2321 curant
1358 2284 1449 2335 ne,
1500 2285 1623 2324 cum
1665 2268 1916 2323 Christus

313 2358 568 2411 Verbum
600 2356 824 2422 dicitur,
860 2358 965 2411 tale
994 2358 1217 2414 verbum
1260 2371 1441 2415 mente
1487 2361 1863 2429 concipiamus
1898 2402 1912 2425 ,

312 2451 481 2521 quale
516 2466 583 2504 ex
614 2466 713 2506 ore
743 2452 985 2505 humano
1025 2454 1313 2522 provenire
1359 2454 1555 2519 soleat,
1590 2462 1683 2507 aut
1721 2454 1916 2523 quovis

311 2545 483 2597 modo
499 2552 770 2599 aeternum
806 2559 914 2597 non
938 2546 1026 2599 sit.
1055 2544 1307 2599 Clemens
1320 2545 1739 2609 Alexandrinus,
1764 2545 1916 2599 Stro-

310 2647 450 2691 utat.
486 2654 521 2692 ν
552 2656 567 2691 :
608 2638 665 2690 Ὀ
698 2638 808 2709 γὰρ
838 2637 932 2689 τοῦ
967 2637 1181 2708 Πατρὸς
1209 2637 1315 2691 τῶν
1338 2637 1474 2690 ὅλων
1494 2637 1663 2705 Λόγος
1696 2639 1792 2707 οὐχ
1826 2631 1915 2690 οὗ-

308 2731 403 2793 τός
437 2732 594 2783 ἐστιν
626 2732 656 2782 ό
692 2730 1047 2802 προφορικὸς,
1078 2730 1239 2799 σοφία
1265 2729 1320 2782 δὲ
1355 2730 1448 2783 καὶ
1477 2730 1782 2800 χρηστότης
1813 2748 1916 2799 φα-

309 2823 606 2893 νερωτάτη
658 2822 752 2875 τοῦ
786 2821 951 2890 εΘεοῦ.
986 2822 1277 2888 Eusebius,
1324 2822 1395 2875 De
1427 2822 1609 2876 cccles.
1660 2821 1910 2891 (Iteolog.,

310 2916 413 2968 lib.
457 2932 499 2982 ι,
536 2932 589 2971 c.
625 2915 719 2981 20,
757 2925 912 2969 notat
941 2914 1210 2969 Joannem
1244 2902 1449 2969 dixisse
1499 2914 1630 2977 Θεὸς
1658 2910 1726 2984 ἦν
1754 2914 1784 2966 ὁ
1813 2913 1915 2967 Λό-

309 3025 434 3074 γος,
473 3023 585 3060 non
621 3015 804 3060 autem
839 3007 1003 3070 Θεῖος,
1032 3007 1106 3071 ὼς
1136 3007 1202 3060 ἂν
1234 3008 1308 3078 μή
1336 3025 1417 3071 τις
1462 3007 1624 3060 αὐτὸν
1652 3007 1729 3077 τῷ
1761 3007 1913 3077 παρὰ

308 3098 634 3169 ἀνθρώποις
664 3100 847 3168 ὅμοιον
878 3094 1015 3151 εἶναι
1050 3100 1263 3170 φήσειε,
1294 3100 1532 3169 alibique
1564 3109 1713 3152 notat
1742 3097 1909 3152 Deum

2020 1914 2175 1964 num,
2221 1898 2317 1968 qui
2349 1900 2501 1954 solus
2549 1916 2579 1953 a
2630 1898 2855 1956 Petavio
2910 1903 3165 1960 laudatus
3217 1918 3320 1971 est,
3357 1909 3598 1976 involat,

2018 2005 2254 2059 eumque
2267 1992 2904 2065 accrbissimeobjurgat,
2921 1997 3067 2066 quod
3100 2016 3116 2047 ι
3138 2001 3382 2067 argutias
3397 2012 3599 2071 captet,

2018 2093 2071 2136 et
2099 2083 2153 2135 in
2188 2084 2256 2138 iis
2283 2100 2419 2153 pene
2441 2093 2587 2139 totus
2621 2086 2709 2149 sit,
2733 2106 2750 2136 ι
2782 2103 2882 2142 nec
2911 2089 3142 2143 miratur
3173 2093 3316 2160 quod
3350 2112 3368 2143 ‹
3396 2095 3602 2165 aliquid

2020 2176 2335 2244 bujusmodi
2365 2177 2577 2230 luserit.
2598 2196 2616 2228 ι
2643 2176 2879 2247 Aiquius
2896 2180 2999 2235 hoc
3017 2181 3071 2235 in
3107 2179 3164 2237 S.
3189 2182 3494 2251 Augustino
3520 2187 3602 2242 fe-

2018 2268 2272 2333 rendum,
2305 2275 2450 2338 quod
2484 2268 2630 2323 haud
2656 2272 2843 2325 mitius
2872 2280 3099 2327 cmteros
3128 2273 3319 2330 Patres
3363 2286 3601 2334 tractare

2020 2360 2213 2414 soleat.
2248 2359 2353 2414 Sed
2378 2361 2560 2432 qualis
2588 2362 2775 2431 qualis
2824 2363 3059 2433 scriptor
3102 2365 3177 2419 illi
3216 2365 3462 2423 videatur
3486 2368 3601 2423 Au-

2018 2454 2297 2522 gustinus,
2330 2453 2383 2507 id
2413 2462 2560 2509 certe
2604 2453 2765 2517 fecit,
2821 2457 2969 2525 quod
3019 2466 3146 2511 ante
3180 2473 3304 2512 eum
3352 2458 3598 2530 lgnatius

2016 2547 2333 2615 epistolicus
2362 2566 2373 2600 :
2404 2546 2641 2601 Verbum
2667 2548 2914 2602 divinum
2944 2548 3013 2602 ab
3045 2550 3288 2605 humano
3324 2552 3601 2621 distinxit,

2016 2636 2161 2705 quod
2190 2650 2298 2689 non
2326 2635 2554 2703 perinde
2580 2650 2609 2689 a
2642 2637 2861 2690 silentio
2897 2638 3154 2707 incipiat;
3185 2654 3285 2693 nec
3320 2640 3373 2693 in
3410 2656 3473 2696 ea
3505 2657 3599 2697 no-

2015 2728 2186 2794 tione,
2213 2736 2275 2781 ut
2298 2727 2366 2780 ab
2398 2725 2609 2797 Ignatio
2631 2728 2979 2797 exprimitur,
3010 2730 3309 2799 quidquam
3334 2739 3419 2786 est
3440 2748 3576 2803 argu

2017 2832 2153 2875 tum.
2193 2820 2509 2891 Respondet
2540 2819 2786 2874 secundo
2818 2838 2831 2873 :
2873 2838 2891 2869 ‹
2924 2819 2979 2873 Id
3014 2837 3123 2874 non
3159 2822 3293 2877 dicit
3336 2824 3601 2894 Augusti-

2013 2930 2140 2980 nus,
2169 2914 2318 2984 quod
2340 2923 2549 2968 noster.
2583 2930 2600 2965 ι
2633 2911 2829 2966 Mirum
2857 2914 2958 2969 hoc
2981 2914 3200 2983 quidem
3231 2933 3244 2969 :
3269 2916 3425 2984 plane
3448 2917 3596 2971 enim

2014 3004 2156 3060 idem
2204 3006 2354 3060 dicit.
2391 3005 2632 3060 Noster:
2682 3027 2700 3058 ε
2737 3005 2977 3063 Verbum
3023 3007 3167 3077 quod
3197 3023 3307 3061 non
3354 3009 3597 3077 prodita

2015 3096 2269 3161 silentio;
2300 3116 2317 3146 ι
2354 3096 2475 3151 ille:
2501 3116 2519 3147 ‹
2541 3096 2697 3163 Quod
2727 3106 2810 3152 est
2836 3098 2938 3152 hoc
2967 3096 3227 3163 Verbum,
3251 3100 3395 3168 quod
3419 3101 3599 3157 dictu-

312 3192 389 3260 μὴ
425 3192 603 3257 Λόγον
632 3190 887 3261 αἰσθητὸν
926 3190 1066 3260 ἔχειν
1100 3191 1204 3244 ὑπὸ
1234 3191 1479 3263 γλώττης
1509 3192 1870 3261 ἐξηχούμενον
1890 3230 1904 3254 ,

2013 3203 2108 3243 rus
2144 3202 2303 3243 antea
2334 3204 2443 3242 non
2474 3190 2705 3245 silebat?
2749 3207 2767 3241 ›
2803 3188 2943 3256 Quid
2973 3191 3077 3245 dici
3112 3191 3291 3260 potuit
3326 3193 3599 3249 similius?

310 3284 410 3335 καὶ
448 3283 537 3334 διὰ
568 3284 851 3353 προφορᾶς
884 3282 1099 3352 θνητοῖς
1124 3283 1258 3335 ὠσὶν
1289 3283 1694 3353 ὲξακουόμενον.
1723 3282 1779 3337 S.
1805 3282 1909 3353 Cy-

311 3376 477 3427 rillus
531 3372 1068 3445 llierosolymitanus
1130 3376 1289 3444 quasi
1346 3374 1539 3438 lgnatii
1596 3375 1905 3445 Paraphra-

310 3473 465 3529 sten,
502 3474 565 3518 ut
607 3466 763 3531 alibi,
794 3476 993 3535 ageret,
1031 3468 1242 3522 catech.
1289 3467 1365 3522 αις
1406 3468 1634 3520 Πίστευε
1669 3468 1749 3520 ὅτι
1790 3467 1907 3530 ἑνὸς

308 3557 452 3609 Θεοῦ
491 3558 787 3629 μονογενὴς
814 3553 893 3622 εἷς
917 3560 1066 3612 ἐστιν
1093 3560 1242 3622 Υἱὸς,
1272 3559 1379 3631 πρὸ
1402 3559 1617 3613 πάντων
1640 3558 1747 3612 τῶν
1778 3558 1909 3611 αἰώ-

308 3668 422 3703 νων
468 3650 605 3713 Θεὸς
652 3650 850 3718 Λόγος·
901 3652 1074 3720 Λόγος
1117 3653 1179 3704 οὐ
1215 3652 1617 3723 προφορητικὸς
1647 3651 1725 3714 εἰς
1768 3650 1907 3722 ἀέρα

308 3740 690 3811 διαχεόμενος,
712 3740 836 3794 οὔτε
865 3740 1044 3811 λόγοις
1059 3743 1451 3806 ἀνυποστάτοις
1474 3741 1717 3812 ὲξομοιού
1726 3759 1906 3811 μενος.

310 3830 699 3887 Gravissimus
755 3833 990 3902 scriptor
1044 3832 1339 3903 Gregorius
1395 3832 1680 3905 Nyssenus
1713 3850 1727 3886 :
1761 3833 1907 3903 Ποίῳ

307 3925 461 3995 λόγῳ
490 3926 589 3977 καὶ
627 3924 770 3995 ποίῳ
807 3925 1109 3995 πνεύματις
1153 3926 1277 3980 οὔτε
1327 3926 1436 3998 γὰρ
1473 3926 1623 3996 ῥῆμα
1652 3928 1680 3978 ὁ
1706 3926 1904 3992 Λόγος,

308 4017 441 4070 οὔτε
474 4016 683 4085 ’ἆσθμα
725 4016 784 4069 τὸ
817 4016 1068 4087 Πνεῦμα.
1102 4016 1460 4082 Novatianus,
1490 4017 1583 4072 lib.
1618 4016 1694 4069 De
1726 4015 1905 4069 Triui-

312 4120 424 4163 tate
448 4124 468 4161 :
501 4128 522 4159 ‹
562 4108 759 4162 Sermo
786 4107 960 4164 Filius
993 4118 1154 4164 natus
1177 4118 1260 4164 cst
1286 4110 1378 4179 qui
1405 4124 1509 4162 non
1540 4108 1594 4162 in
1622 4122 1757 4163 sono
1784 4122 1907 4177 per-

310 4206 466 4260 cussi
498 4205 668 4269 aeris,
699 4214 795 4259 aut
824 4214 953 4260 tono
983 4215 1184 4259 coacta:
1210 4205 1275 4259 de
1298 4204 1605 4259 visceribus
1633 4204 1785 4258 vocis
1808 4218 1904 4258 ac-

310 4299 560 4367 cipitur;
612 4297 705 4351 sed
755 4297 811 4350 in
864 4297 1172 4352 substantia
1217 4297 1443 4366 prolata:
1486 4310 1516 4349 a
1548 4294 1659 4350 Deo
1685 4295 1905 4350 virtutis

311 4389 662 4460 agnoscitur.
698 4407 717 4440 ι
755 4386 813 4442 S.
848 4387 1108 4452 Hilarius,
1138 4387 1211 4441 De
1236 4387 1410 4452 Triu.,
1442 4387 1478 4440 l.
1509 4402 1583 4441 vn
1614 4406 1626 4439 :
1658 4405 1676 4437 ι
1706 4384 1907 4456 Unige-

310 4485 467 4538 nitus
512 4482 659 4537 Deus
709 4492 763 4537 et
796 4481 1033 4537 Verbum
1084 4490 1197 4548 est;
1246 4482 1339 4537 sed
1372 4480 1714 4534 innascibilis
1744 4478 1905 4533 Pater

310 4589 607 4643 nunquam
638 4574 867 4627 omnino
895 4573 1015 4627 sine
1045 4571 1224 4627 Verbo
1256 4581 1359 4626 est.
1386 4570 1506 4626 Non
1534 4571 1680 4640 quod
1720 4571 1905 4640 prola-

312 4669 392 4721 tio
422 4668 579 4722 vocis
605 4678 801 4721 natura
830 4667 903 4720 sit
928 4666 1075 4732 Filii,
1105 4665 1198 4720 sed
1229 4681 1296 4719 ex
1328 4665 1440 4719 Deo
1471 4664 1614 4719 Deus
1650 4679 1775 4717 cum
1808 4677 1904 4717 ve-

313 4761 482 4815 ritate
503 4759 805 4813 nativitatis
831 4758 1153 4813 subsistens.
1179 4776 1197 4807 ›
1220 4756 1449 4827 Vigilius
1468 4756 1762 4826 Tapsensis
1776 4770 1903 4809 cum

312 4854 383 4905 ad
414 4851 523 4905 ista
552 4848 758 4904 Psalmi
794 4867 809 4904 :
841 4868 859 4899 ε
889 4847 1069 4902 Verbo
1097 4846 1311 4901 Domini
1335 4847 1454 4902 coeli
1482 4848 1677 4902 ﬁrmati
1697 4856 1843 4912 sunt,
1880 4865 1898 4898 ι

312 4941 659 4997 asseruisset
680 4938 920 4995 Verbum
952 4956 1017 4994 eo
1054 4941 1175 4993 loco
1204 4954 1326 4993 esse
1346 4938 1544 4992 Filium
1562 4938 1759 5004 Patris,
1788 4948 1903 4993 sta-

314 5034 420 5085 tim
454 5030 701 5085 addidit:
732 5049 751 5081 ι
788 5028 891 5084 Ubi
925 5030 1000 5084 ait
1028 5048 1042 5084 :
1072 5026 1254 5083 Verbo
1284 5027 1521 5094 Domini,
1555 5044 1664 5082 non
1708 5043 1904 5083 sonum

311 5123 474 5178 vocis
506 5122 1072 5177 inconsubstantivum
1098 5135 1218 5175 esse
1249 5120 1508 5189 accipias,
1541 5135 1705 5189 quam
1741 5120 1785 5174 si
1807 5136 1906 5173 va-

316 5214 473 5268 lidus
500 5213 627 5283 quis
653 5213 836 5267 emisit
865 5213 930 5267 de
957 5212 1255 5278 montibus,
1277 5213 1411 5267 solet
1437 5213 1663 5268 reboare
1686 5212 1842 5266 echo.
1880 5229 1898 5261 ι

388 5302 513 5359 Hoc
544 5303 843 5359 discrimen
874 5306 1016 5359 inter
1056 5302 1296 5359 Verbum
1337 5305 1581 5359 divinum
1622 5313 1676 5359 et
1708 5305 1903 5359 huma-

313 5413 455 5453 num
504 5406 834 5469 prosecutus
882 5406 967 5453 est
1006 5396 1064 5451 S.
1117 5398 1478 5468 Augustinus,
1526 5397 1684 5465 cujus
1723 5396 1904 5452 locum

312 5507 385 5547 ex
447 5504 707 5546 sermone
764 5490 841 5546 De
894 5488 1195 5545 Nativitate
1256 5491 1473 5545 Domini
1529 5492 1757 5545 adduxit
1803 5489 1905 5547 Pe-

314 5581 505 5636 tavius
526 5580 594 5632 ad
616 5579 759 5634 hanc
780 5594 894 5633 rem
922 5580 1157 5636 maxime
1184 5582 1679 5646 accommodatum,
1704 5591 1904 5637 etcum

312 5671 695 5740 explicatione
738 5671 845 5727 loci
892 5671 1164 5742 lguatiani
1203 5687 1430 5744 prorsus
1476 5673 1900 5744 conspirantem.

387 5790 435 5821 ³³
463 5785 623 5843 Joan.
652 5803 689 5855 ι,
720 5788 770 5841 1.

2009 3279 2087 3335 De
2116 3282 2308 3335 eodem
2352 3281 2533 3337 Verbo
2560 3282 2823 3352 loquitur,
2857 3290 2912 3337 et
2945 3282 3089 3336 idem
3125 3283 3191 3338 de
3218 3284 3411 3338 eodem
3447 3301 3597 3339 assc-

2009 3375 2100 3427 rit.
2129 3374 2194 3427 At
2213 3372 2626 3445 S.Augustinus
2648 3395 2666 3425 ‹
2690 3372 2930 3429 Verbum
2966 3374 3143 3428 solum
3178 3383 3232 3428 et
3261 3391 3532 3439 seorsum,
3561 3393 3594 3430 a

2008 3467 2232 3520 notione
2246 3482 2491 3536 personae
2505 3468 2815 3535 przecisum,
2844 3467 3215 3533 consideratp
3248 3482 3377 3535 ergo
3401 3468 3453 3521 id
3480 3484 3593 3524 non

2008 3557 2143 3612 dicit
2176 3560 2319 3628 quod
2356 3558 2619 3629 lgnatius.
2657 3560 2852 3613 Mirum
2889 3561 2993 3614 hoc
3025 3560 3285 3629 effugium
3315 3572 3369 3614 et
3406 3570 3593 3629 aperte

2008 3648 2230 3703 falsum.
2263 3648 2534 3718 Loquitur
2564 3649 2904 3720 Augustinus
2933 3665 3041 3702 non
3088 3651 3270 3703 minus
3317 3652 3384 3706 de
3414 3649 3593 3707 Verbo

2008 3743 2365 3809 personaliter
2393 3752 2629 3812 sumpto,
2662 3758 2824 3811 quam
2855 3741 3120 3811 lgnatius.
3156 3742 3233 3795 lta
3265 3743 3410 3796 enim
3454 3745 3594 3798 inci-

2008 3835 2088 3899 pit
2119 3849 2130 3883 :
2174 3848 2191 3881 ι
2222 3830 2487 3897 Quaenam
2526 3840 2611 3886 est
2642 3833 2732 3885 illa
2760 3832 3065 3901 generatio,
3100 3848 3209 3900 qua
3247 3833 3303 3884 in
3330 3834 3591 3903 principio

2007 3932 2121 3975 erat
2172 3921 2416 3988 Verbum,
2450 3932 2500 3976 et
2543 3922 2764 3977 Verbum
2796 3934 2909 3977 erat
2941 3923 3082 3993 apud
3115 3923 3320 3988 Deum,
3354 3932 3403 3978 et
3450 3926 3590 3980 Deus

2007 4025 2123 4069 erat
2149 4013 2372 4069 Verbum
2391 4018 2415 4069 ?
2435 4036 2453 4067 ›
2472 4016 2711 4086 loquitur
2746 4018 2812 4072 de
2835 4027 3036 4072 aeterna
3066 4017 3417 4088 generatione
3441 4018 3590 4086 Filii,

2008 4108 2102 4175 qui
2130 4122 2261 4161 sane
2287 4117 2371 4161 est
2400 4106 2674 4175 Persona;
2707 4109 2950 4179 loquitur
2978 4111 3045 4165 de
3072 4110 3273 4180 Verbo,
3302 4114 3449 4183 quod
3474 4123 3591 4167 erat

2007 4200 2063 4252 in
2112 4200 2403 4269 principio,
2457 4201 2602 4269 quod
2655 4210 2771 4255 erat
2822 4203 2965 4272 apud
3018 4202 3209 4269 Deum,
3272 4206 3419 4275 quod
3475 4215 3592 4260 erat

2007 4287 2187 4353 Deus;
2235 4290 2381 4358 quod
2415 4306 2548 4345 sane
2592 4299 2678 4346 est
2714 4291 2957 4347 Persona
2985 4309 3000 4347 :
3028 4293 3273 4364 loquitur
3299 4296 3367 4349 de
3410 4294 3592 4349 Verbo

2009 4381 2127 4435 sine
2170 4390 2435 4451 tempore,
2483 4384 2537 4437 id
2580 4394 2664 4439 est
2717 4393 2945 4451 :eterno,
2989 4400 3085 4454 per
3115 4388 3257 4456 quod
3284 4386 3425 4442 facta
3461 4397 3592 4443 sunt

1934 4484 2286 4566 Dtcmpora;
2326 4475 2470 4544 quod
2522 4476 2643 4530 sine
2688 4477 2858 4531 dubio
2900 4486 2986 4532 est
3022 4477 3295 4545 Persona;
3346 4481 3591 4549 loquitur

2008 4566 2236 4623 omnino
2271 4567 2338 4621 de
2385 4582 2453 4621 eo
2502 4566 2686 4621 Verbo
2758 4570 2905 4638 quod
2953 4569 3010 4624 S.
3057 4569 3301 4627 Joannes
3349 4571 3403 4625 in
3434 4573 3589 4626 initio

2006 4655 2285 4730 Evangelii
2317 4658 2401 4712 sui
2430 4658 2754 4728 descripsit,
2783 4660 2929 4728 quod
2952 4675 3246 4728 personam
3277 4676 3399 4715 esse
3424 4677 3588 4715 nemo

2006 4750 2313 4803 catholicus
2347 4758 2528 4817 negat.
2581 4748 2647 4803 Et
2683 4748 3024 4819 Augustinus
3068 4751 3237 4820 igitur
3264 4760 3320 4805 et
3352 4750 3589 4822 Fulgen-

2008 4840 2117 4895 tius
2140 4841 2326 4894 codem
2354 4856 2580 4909 prorsus
2603 4841 2767 4894 modo
2792 4841 2961 4895 locuti
2994 4851 3142 4908 sunt,
3171 4857 3281 4912 quo
3305 4857 3406 4898 nos
3431 4842 3587 4914 lgna-

2005 4932 2143 4985 tium
2173 4933 2414 4986 locutum
2442 4946 2563 4986 esse
2594 4932 2999 4988 contendimus.

2078 5022 2153 5077 De
2184 5022 2382 5091 frigido
2411 5032 2464 5078 et
2492 5032 2685 5094 arguto
2717 5024 2993 5089 diximus;
3022 5024 3088 5079 de
3130 5025 3279 5079 inani
3326 5041 3473 5081 nunc
3501 5026 3586 5080 di-

2006 5116 2261 5169 cendum.
2293 5136 2311 5167 ι
2345 5114 2800 5185 Supervacaneus
2823 5116 2994 5179 enim,
3023 5116 3221 5187 inquit,
3259 5130 3343 5171 est
3364 5133 3581 5184 sensus,

2006 5224 2168 5276 quem
2213 5208 2468 5264 Petavius
2512 5209 2599 5263 his
2640 5209 2821 5263 verbis
2866 5209 3088 5279 allingit.
3138 5209 3384 5265 Hominis
3434 5212 3583 5266 enim

2005 5300 2239 5353 verbum
2263 5316 2384 5353 esse
2398 5315 2462 5355 eo
2490 5300 2625 5353 satis
2651 5309 2895 5369 negarat,
2916 5300 3062 5369 quod
3086 5301 3181 5356 Dei
3208 5302 3444 5356 Verbum
3462 5318 3586 5357 esse

2012 5393 2247 5447 dixerat.
2278 5412 2296 5444 ι
2318 5394 2524 5449 Atcum
2541 5391 2635 5446 Dei
2657 5392 2889 5447 Verbum
2904 5395 3271 5459 essedixerat,
3304 5410 3413 5449 non
3449 5395 3583 5449 illud

2006 5488 2140 5542 satis
2163 5496 2406 5557 negarat,
2436 5487 2583 5555 quod
2613 5498 2801 5555 postea
2841 5503 2968 5543 eum
3019 5503 3217 5557 negare
3256 5488 3453 5544 asserit
3484 5487 3584 5543 Pe-

2006 5578 2206 5644 tavius,
2232 5578 2527 5647 ejusmodi,
2550 5578 2779 5645 scilicet,
2809 5594 3116 5634 sermonem
3143 5581 3291 5635 illum
3318 5580 3411 5635 Dei
3439 5596 3581 5644 esse,

2010 5692 2031 5725 ι
2067 5672 2246 5743 qualis
2286 5680 2371 5728 est
2417 5680 2637 5728 creatus
2682 5680 2737 5727 et
2782 5671 3058 5727 humanus
3106 5686 3312 5729 sermo.
3349 5691 3369 5725 ι
3420 5672 3579 5727 Aliud
