4078 6402
458 336 563 391 503

1449 332 1507 386 S.
1553 329 1903 387 IGNATIUS.
1938 362 2006 370 —
2065 325 2599 383 PROLECOMENA.

3626 331 3731 384 305

462 449 609 503 enim
644 456 729 503 est
759 446 995 503 Verbum
1037 447 1131 501 Dei
1171 461 1313 513 esse,
1334 455 1389 501 et
1432 463 1541 502 non
1590 448 1830 502 hominis
1852 489 1867 510 ,
1900 446 2047 501 aliud

2158 445 2373 518 εὸλήθη,
2424 445 2714 517 προϐαλεῖν
2768 445 2859 497 καὶ
2904 444 3065 498 aia-3v
3111 444 3279 512 Λόγον
3328 444 3421 497 καὶ
3464 445 3635 519 Ζωήν,
3680 456 3734 501 et

465 540 695 595 verbum
728 539 860 595 illud
893 538 986 593 Dei
1018 539 1260 593 humano
1286 539 1464 593 simile
1486 541 1711 593 omnino
1734 554 1876 604 esse,
1903 536 2050 607 quod

441 620 535 685 'de
585 631 763 686 Verbo
812 630 907 684 Dei
956 630 1177 700 plurimi
1229 631 1470 685 haeretici
1515 630 1856 685 asserebant.
1903 628 2054 682 Dixit

432 746 438 784 ;
470 724 712 795 lgnatius
742 723 836 777 Dei
876 722 1102 777 verbum
1135 738 1255 778 esse
1282 731 1547 777 aeternum
1572 764 1586 787 ,
1618 721 1763 791 quod
1796 729 1857 775 ut
1880 721 2053 788 expli-

421 808 435 819 ’
469 828 652 883 caret,
697 826 751 872 et
797 825 989 873 contra
1034 816 1321 870 hatreticos
1354 816 1448 885 qui
1489 814 1848 870 aeternitatem
1891 812 2051 868 Verbi

471 911 566 966 Dei
611 910 986 982 pernegabant
1021 908 1371 974 defenderet,
1401 908 1617 961 monuit
1646 905 1886 961 Verbum
1919 905 2053 959 illud

468 1002 561 1056 Dei
583 1023 601 1053 ‹
624 1018 732 1057 non
762 1018 824 1056 ex
842 1001 1057 1057 silentio
1071 1009 1250 1055 ortum
1276 1018 1293 1051 ι
1320 1014 1466 1065 esse,
1488 1008 1550 1054 ut
1575 997 2053 1055 solenthominum

468 1096 668 1162 verba,
709 1097 815 1149 hoc
859 1103 973 1159 est,
1021 1109 1130 1148 non
1179 1108 1301 1148 esse
1344 1093 1512 1147 verbo
1552 1092 1793 1147 hominis
1836 1090 2050 1158 simile,

468 1205 647 1258 neque
671 1205 738 1243 ex
784 1190 952 1243 verbo
995 1189 1241 1241 humano
1270 1188 1337 1241 de
1388 1187 1509 1257 ejus
1553 1186 1869 1241 exsistentia
1909 1194 2055 1242 recte

466 1284 703 1355 judicari
725 1298 908 1353 posse.
954 1280 1103 1335 Nihil
1153 1281 1320 1351 igitur
1345 1280 1432 1334 his
1476 1281 1658 1337 verbis
1688 1279 1859 1345 dixit,
1908 1278 2055 1348 quod

469 1385 596 1429 ante
625 1377 857 1429 dixerat.
897 1376 1003 1427 cAt
1047 1374 1182 1428 satis
1204 1372 1493 1442 perspicue
1538 1372 1589 1425 id
1639 1380 1766 1425 ante
1806 1369 2052 1436 dixerat,

469 1483 595 1521 cum
630 1466 860 1520 verbum
889 1464 983 1518 Dei
1025 1473 1288 1518 aeternum
1318 1461 1566 1515 dixisset.
1598 1478 1616 1511 ι
1649 1458 1807 1514 Certe
1840 1458 1885 1513 si
1930 1457 2055 1526 quis

468 1558 557 1612 his
589 1557 801 1627 legibus
835 1566 1077 1610 veterum
1106 1554 1308 1623 scripta
1336 1553 1655 1607 examinare
1684 1552 1834 1617 velit,
1867 1549 2053 1604 Battos

468 1662 662 1703 omnes
689 1648 869 1703 faciet.
899 1644 1091 1701 Nonne
1127 1660 1318 1700 omnes
1355 1644 1650 1714 aliquando
1697 1643 1906 1713 seipsos
1954 1656 2055 1697 ex-

468 1740 696 1809 plicant,
738 1747 792 1794 et
837 1739 981 1794 idem
1021 1753 1163 1807 stepe
1205 1737 1327 1793 aliis
1371 1738 1553 1791 verbis
1591 1735 1818 1791 dicunt?
1863 1732 2057 1789 Nonne

2158 554 2283 593 mox
2312 557 2323 592 :
2372 539 2465 592 Ἐκ
2492 538 2556 608 δὴ
2587 537 2681 591 τοῦ
2710 538 2882 604 Λόγου
2910 538 3003 590 καὶ
3028 537 3127 608 τῆς
3149 536 3301 607 Ζωῆς
3328 534 3737 607 προϐεϐλῆσθαι

2155 629 2297 683 κατὰ
2328 630 2589 698 συζυγίαν
2639 630 2957 699 Ἄνθρωπον
2985 629 3078 681 καὶ
3114 627 3456 699 Ἐκκλησίαν.
3491 625 3570 681 Ea
3604 642 3737 682 voce

2157 738 2373 792 semper
2393 722 2459 776 de
2492 720 2763 776 IEonibus
2793 721 2983 775 utitur.
3019 719 3281 775 Eamdem
3305 729 3358 775 et
3379 718 3643 789 Origenes
3670 719 3762 773 de-

2156 814 2559 870 Valeutinianis
2592 829 2761 881 agens
2806 822 3039 882 usurpat
3081 820 3215 866 tom.
3252 827 3314 865 ιιι
3354 812 3403 865 in
3433 808 3737 864 Joannem:

2156 908 2302 980 Πρὸς
2343 908 2401 960 δὲ
2448 909 2575 970 τοὺς
2622 906 2724 978 τὴν
2781 906 2910 976 περὶ
2952 903 3165 958 αἰώνων
3212 902 3631 967 ἀναπλάσαντας
3677 904 3738 956 ἐν

2158 999 2443 1068 συζυγίαις
2493 997 2814 1069 μυθολογίαν
2861 998 2954 1050 καὶ
3006 995 3287 1066 οἰομένους
3333 992 3594 1048 ὑπὸΝοῦ
3641 993 3740 1047 καὶ

2171 1087 2452 1160 Ἀληθείας
2468 1087 2875 1160 προϐεϐλῆσθαι
2897 1086 3067 1155 Λόγον
3094 1084 3187 1137 καὶ
3216 1082 3390 1154 Ζωὴν,
3419 1084 3520 1136 οὐκ
3541 1081 3740 1136 ἀπίθα-

2156 1198 2245 1235 νον
2288 1181 2384 1234 καὶ
2421 1178 2593 1233 ταῦτα
2637 1180 2931 1250 ἀπορῆσαι.
2981 1177 3159 1246 Atque
3205 1176 3318 1229 haec
3362 1183 3445 1229 est
3495 1172 3739 1228 IEonum

2156 1273 2472 1343 genealogia
2505 1270 2647 1324 κατὰ
2678 1270 2776 1343 τὴν
2800 1268 3093 1341 προϐολήν,
3122 1276 3180 1321 ut
3209 1268 3452 1337 loquitur
3474 1265 3738 1322 Irenaeus.

2156 1364 2345 1435 Neque
2403 1364 2560 1419 aliter
2603 1362 3023 1417 Valentinianus
3078 1360 3205 1427 ille,
3254 1359 3414 1429 cujus
3461 1358 3742 1428 ipsissima

2157 1456 2322 1511 verba
2349 1454 2668 1510 transcribit
2694 1453 2951 1519 lrenaeus,
2984 1452 3265 1521 loquitur:
3295 1449 3547 1521 Ἰωάννης
3578 1450 3607 1503 ὁ
3638 1467 3745 1520 μα-

2157 1546 2327 1617 θητὴς
2372 1545 2467 1598 τοῦ
2517 1544 2720 1615 Κυρίου
2763 1542 3083 1614 βουλόμενος
3117 1542 3290 1595 εἰπεῖν
3320 1542 3419 1614 τὴν
3448 1540 3557 1594 τῶν
3603 1542 3743 1595 ὅλων

2156 1639 2369 1708 γένεσιν
2420 1636 2542 1690 καθ’
2587 1638 2653 1707 ἢν
2699 1635 2769 1688 τὰ
2819 1635 2996 1688 πάντα
3044 1632 3377 1706 προέϐαλλεν
3430 1633 3462 1684 ὁ
3510 1630 3743 1703 Πατὴρ,

2157 1733 2332 1806 ἀρχήν
2362 1747 2486 1784 τινα
2531 1728 2845 1784 ὑποτίθεται
2874 1728 2936 1781 τὸ
2962 1726 3179 1798 πρῶτον
3207 1724 3466 1796 γεννηθὲν
3497 1724 3604 1778 ὑπὸ
3645 1724 3745 1777 τοῦ

468 1832 898 1903 objectionibus,
936 1846 1060 1902 quae
1101 1830 1235 1885 oriri
1266 1839 1501 1900 possunt
1530 1839 1626 1883 aut
1672 1829 1879 1893 solent,
1914 1842 2057 1897 saepe

2158 1823 2314 1888 Θεοῦ,
2355 1825 2413 1875 ὲν
2443 1814 2487 1889 ᾧ
2513 1822 2692 1875 πάντα
2716 1822 2744 1872 ὁ
2773 1818 2964 1890 Πατὴρ
3008 1817 3276 1890 προέϐαλε
3320 1814 3739 1888 σπερματικῶς⁶

469 1931 794 1988 occurrunt,
823 1932 901 1989 et,
931 1932 993 1977 ut
1024 1922 1133 1977 hoc
1158 1921 1393 1987 faciant,
1435 1921 1683 1975 eamdem
1727 1919 2055 1975 sententiam

466 2017 651 2073 verbis
698 2015 820 2071 aliis
868 2013 1188 2087 proferunt?
1232 2013 1465 2068 Plurimi
1500 2015 1554 2068 in
1588 2012 1782 2069 Vetere
1812 2022 1868 2067 et
1906 2011 2058 2067 Novo

469 2109 826 2166 Testamento
874 2107 1178 2178 pleonasmi
1221 2120 1318 2176 per
1372 2120 1676 2177 synonyma
1724 2104 1973 2173 opposita
2005 2112 2059 2158 et

466 2202 723 2273 negantia
753 2217 785 2256 a
807 2200 941 2255 viris
972 2198 1199 2254 eruditis
1229 2197 1503 2253 observati
1539 2205 1670 2252 sunt
1703 2214 1717 2251 ε
1753 2196 1846 2266 qui
1876 2204 2058 2251 tamen

466 2310 578 2348 non
611 2292 792 2364 frigidi
818 2299 915 2346 aut
939 2292 1332 2361 supervacanei
1367 2298 1674 2360 putantur;
1708 2287 1805 2342 sed
1831 2287 2058 2358 empha-

467 2386 586 2443 tiei.

540 2476 649 2532 Sed
689 2476 911 2531 tandem
942 2492 961 2525 «
991 2470 1110 2543 ipsa
1148 2470 1396 2541 epistolae
1434 2468 1675 2525 elocutio
1713 2468 1781 2524 ad
1810 2466 2060 2523 Petavia-

468 2582 602 2623 num
630 2582 856 2622 sensum
886 2565 1071 2635 inepta
1102 2572 1268 2632 atque
1292 2562 1501 2616 absona
1528 2569 1688 2616 estet
1719 2560 2001 2617 inusitata.
2033 2579 2053 2613 ι

470 2661 607 2716 Mira
633 2660 750 2714 haec
779 2657 1016 2727 objectio
1048 2671 1079 2711 a
1111 2655 1313 2710 Dallaeo
1335 2692 1351 2719 ,
1382 2653 1477 2723 qui
1513 2666 1707 2707 omnes
1752 2651 1919 2722 hujus
1961 2666 2059 2705 au-

472 2752 642 2809 ctoris
664 2748 926 2821 epistolas
961 2748 1099 2803 tales
1130 2745 1470 2801 elocutiones
1495 2785 1509 2809 ,
1537 2744 1772 2812 ineptas,
1820 2742 2059 2796 absonas

472 2855 528 2899 et
547 2842 840 2898 inusitatas
864 2840 1148 2894 continere
1178 2837 1307 2892 alibi
1333 2837 1428 2890 ait.
1459 2854 1477 2888 ι
1510 2836 1579 2888 At
1607 2833 1653 2888 si
1683 2842 1930 2888 nostrum
1948 2830 2058 2886 Va-

470 2937 771 2990 lentianam
802 2931 967 3001 Sigen
1015 2928 1361 3001 significasse
1407 2926 1735 2992 admiseris,
1776 2934 1889 2980 tota
1936 2938 2061 2979 ora-

472 3030 550 3084 tio
592 3036 646 3082 et
690 3024 1001 3096 perspicua,
1050 3031 1104 3077 et
1132 3020 1336 3092 gravis,
1380 3028 1435 3075 et
1475 3018 1809 3083 necessaria,
1840 3026 1893 3070 et
1914 3016 2059 3071 clara

472 3121 638 3176 etiam
670 3126 724 3173 et
760 3115 1005 3187 legitima
1049 3113 1192 3180 erit;
1221 3131 1240 3164 ι
1272 3111 1378 3167 hoc
1424 3119 1538 3173 est,
1592 3108 1792 3165 Dallaeo
1821 3106 2056 3174 fatente,

471 3210 772 3282 lgnatianis
793 3205 1184 3262 dissimillima.
1221 3201 1294 3259 Ut
1322 3203 1488 3275 igitur
1512 3210 1707 3256 auctor
1738 3199 1823 3256 sui
1864 3198 2059 3255 similis

472 3307 570 3372 sit,
604 3313 664 3357 ut
689 3303 804 3357 haec
829 3299 1007 3355 oratio
1028 3297 1257 3367 reliquis
1287 3303 1575 3366 congruat,
1597 3302 1657 3347 ut
1682 3294 1798 3347 hare
1821 3292 2060 3347 elocutio

472 3397 687 3453 caeteris
733 3410 847 3449 non
896 3398 1201 3462 repugnet,
1257 3404 1378 3443 eam
1423 3388 1491 3443 de
1530 3386 1806 3441 Valentini
1864 3383 2060 3440 haeresi

472 3503 751 3561 exponere
813 3502 927 3541 non
976 3497 1295 3555 possumus.
1362 3481 1498 3536 Illud
1560 3480 1745 3551 potius
1796 3478 2059 3533 Dallaeum

472 3584 654 3639 dicere
669 3582 935 3651 oportuit,
958 3576 1243 3648 Expositio
1268 3574 1476 3630 Petavii
1505 3573 1681 3629 reddit
1709 3573 1893 3627 omnia
1909 3571 2058 3627 clara

474 3686 530 3732 et
564 3675 878 3746 perspicua,
908 3668 1164 3727 Salmasii
1190 3668 1375 3723 omnia
1403 3665 1619 3721 turbata
1651 3674 1815 3735 atque
1853 3663 2060 3721 absona

471 3779 529 3824 et
560 3769 735 3839 magis
768 3767 834 3821 ad
880 3763 1123 3820 auctoris
1162 3761 1329 3833 hujus
1357 3776 1568 3816 morem
1599 3759 1930 3831 geniumque
1963 3772 2059 3811 ac-

473 3861 862 3918 commodata:
891 3867 945 3913 et
977 3858 1065 3912 vel
1104 3856 1174 3912 ob
1228 3870 1351 3909 eam
1398 3855 1668 3908 rationem
1717 3849 2060 3905 Salmasiana

473 3954 744 4026 expositio
772 3951 1083 4006 Petavianaa
1140 3946 1484 4018 praeferenda
1515 3954 1617 4001 est.
1652 3944 1763 3998 Nec
1816 3943 1933 3997 haec
1976 3942 2062 3996 lu-

474 4043 610 4097 dens
665 4041 826 4105 dico,
865 4037 961 4093 sed
1009 4037 1153 4092 serio
1201 4044 1256 4089 et
1313 4051 1380 4090 ex
1427 4034 1654 4101 animo;
1712 4048 1823 4087 non
1869 4033 2061 4087 dubito

475 4136 621 4189 enim
651 4132 785 4202 quin
812 4145 941 4185 mox
966 4138 1293 4185 ostensurus
1322 4128 1425 4182 sim
1465 4126 1865 4195 expositionem
1890 4124 2058 4191 illam,

476 4241 600 4294 qua:
624 4221 1063 4277 Valentinianam
1109 4216 1275 4288 Sigen
1309 4219 1419 4271 huc
1458 4216 1723 4281 advocat,
1752 4231 1875 4270 esse
1902 4216 2062 4285 plane

476 4317 779 4379 absonam;
806 4320 861 4367 et
888 4311 1191 4365 orationem
1226 4322 1381 4373 eam,
1428 4302 1587 4377 λόγος
1612 4308 1712 4361 οὐκ
1755 4307 1863 4360 ἀπὸ
1902 4307 2061 4378 σιγῆς

374 4414 383 4421 ’
476 4406 788 4481 προελθὼν,
826 4420 892 4460 eo
942 4420 1109 4460 sensu
1154 4412 1466 4472 acceptam,
1505 4415 1608 4456 nec
1658 4415 1781 4456 esse
1809 4400 2056 4466 claram,

2161 1916 2266 1970 ὑπὸ
2294 1916 2350 1968 δὲ
2377 1915 2573 1969 τούτου
2599 1914 2732 1985 φησὶ
2755 1914 2849 1967 τὸν
2882 1914 3053 1981 Λόγον
3084 1909 3510 1983 προϐεϐλῆσθαι.
3546 1906 3748 1963 Valen-

2163 2011 2407 2065 tinianus
2434 2008 2657 2079 quidem
2689 2007 2848 2071 alter,
2882 2007 3043 2075 cujus
3076 2004 3242 2061 verba
3272 2004 3466 2057 reeitat
3507 2000 3751 2071 Epipha-

2160 2102 2283 2157 nius
2312 2143 2326 2167 ,
2374 2116 2473 2171 pro
2512 2098 2880 2171 προϐαλέσθαι
2931 2112 3143 2167 semper
3179 2104 3405 2165 usurpat
3445 2092 3745 2158 ἀναδεῖξαι,

2161 2195 2442 2268 προελθεῖν
2473 2209 2777 2265 nunquam.
2817 2192 2970 2247 Licet
3014 2192 3182 2262 igitur
3212 2190 3451 2244 lrenmus
3479 2190 3595 2257 ipse
3617 2227 3632 2251 ,
3676 2188 3749 2241 de

2160 2288 2521 2359 productione
2548 2303 2734 2341 rerum
2771 2285 3135 2340 materiaiium
3163 2299 3351 2353 agens,
3386 2298 3521 2335 voce
3554 2280 3751 2352 προελ-

2161 2382 2275 2435 θεῖν
2304 2389 2508 2446 utatur,
2546 2388 2601 2433 et
2634 2378 2800 2434 Marci
2832 2377 3157 2433 sententiam
3193 2374 3437 2430 referens
3478 2374 3746 2429 tetradem

2161 2491 2227 2530 ex
2258 2474 2489 2539 tetrade,
2512 2474 2771 2529 decadem
2796 2487 2863 2527 ex
2891 2471 3158 2543 ogdoade,
3177 2482 3229 2524 et
3253 2469 3458 2524 mones
3480 2484 3544 2524 ex
3577 2478 3752 2521 tetra—

2161 2568 2259 2635 dc,
2310 2576 2366 2621 et
2410 2565 2687 2621 Ptolemaai
2725 2566 3127 2635 discrepantem
3190 2564 3506 2633 opinionem
3552 2562 3750 2631 depin—

2162 2676 2315 2731 gens,
2341 2658 2462 2714 Nun
2489 2668 2542 2715 et
2568 2658 2839 2713 Alethiam
2867 2665 3128 2727 tanquam
3155 2656 3424 2726 imagines
3451 2654 3750 2709 affectuum

2161 2750 2338 2807 Patris
2354 2750 2685 2806 Thelematis
2708 2760 2761 2805 et
2784 2749 3009 2805 Ennaea:
3034 2749 3104 2803 ita
3129 2749 3402 2819 prodiisse
3419 2748 3586 2813 dicat,
3601 2756 3656 2801 et
3678 2761 3745 2801 ea

2160 2861 2266 2900 vox
2303 2845 2467 2899 etiam
2504 2846 2559 2899 in
2600 2844 2898 2899 Clementis
2930 2842 3289 2897 Alexandrini
3325 2840 3619 2895 Anatolicis
3661 2857 3754 2896 re-

2162 2939 2443 3008 periatur;
2470 2948 2652 2991 tamen
2680 2953 2806 2991 eum
2841 2936 3206 2991 Valentiniani
3243 2935 3348 3005 ipsi
3380 2936 3537 2989 aliter
3577 2935 3752 2990 locuti

2165 3030 2297 3097 sint,
2326 3045 2452 3085 cum
2485 3029 2724 3085 lrenazus
2754 3037 3010 3085 accurate
3046 3028 3292 3083 referens
3329 3026 3750 3083 Valentiniano-

2086 3161 2129 3220 Ο
2164 3139 2286 3177 rum
2337 3137 2592 3190 errores,
2641 3122 2773 3176 dum
2835 3122 3180 3193 singulorum
3229 3119 3470 3175 Λῐοιιυηι
3514 3135 3753 3192 genera-

2164 3215 2343 3269 tiones
2411 3221 2730 3279 enumerat,
2801 3211 3205 3285 προϐεϐλῆσθαι
3262 3220 3371 3266 tam
3428 3218 3755 3265 constanter

2163 3315 2414 3376 usurpet,
2443 3321 2568 3360 cum
2599 3303 2699 3358 SS.
2719 3303 2910 3359 Patres
2942 3312 3054 3359 tam
3084 3317 3227 3374 saepe
3248 3302 3522 3375 προϐολὰς
3544 3300 3754 3357 Valen-

2166 3398 2391 3453 tinianis
2421 3397 2719 3467 objiciant;
2748 3396 2793 3451 si
2821 3404 3016 3452 auctor
3043 3396 3289 3466 epistolze
3325 3393 3752 3450 Valentinianos

2162 3489 2368 3545 directe
2413 3488 2578 3543 ferire
2612 3498 2665 3542 et
2705 3504 2898 3543 eorum
2942 3503 3097 3543 more
3130 3487 3281 3559 loqui
3304 3489 3599 3554 voluisset,
3633 3503 3754 3542 non

2161 3580 2273 3635 ἀπὸ
2313 3580 2469 3652 σιγῆς
2511 3577 2825 3651 προελθών,
2876 3578 2971 3635 sed
3011 3580 3196 3650 potius
3237 3581 3302 3633 ὲκ
3348 3579 3507 3651 σιγῆς
3542 3578 3752 3650 προδε-

2162 3671 2262 3743 6λη
2271 3671 2430 3742 μένος
2461 3670 2713 3725 dixisset.

2232 3762 2391 3831 Quod
2444 3773 2628 3817 autem
2678 3772 2895 3817 nostros
2950 3760 3019 3816 ad
3078 3762 3482 3818 cmanationem
3535 3760 3660 3815 Filii
3714 3775 3753 3817 τι

2161 3853 2327 3910 Patre
2377 3853 2795 3924 signiﬁcandam
2844 3868 2975 3909 usos
3003 3868 3125 3909 esse
3158 3869 3291 3909 voce
3335 3854 3616 3924 προελθεῖν
3641 3853 3753 3909 ob—

2163 3957 2378 4015 servet,
2427 3947 2497 4002 ad
2532 3963 2646 4002 rem
2694 3947 2922 4003 omnino
2958 3962 3068 4001 non
3123 3947 3287 4012 facit;
3343 3948 3455 4002 imo
3486 3948 3635 4017 quod
3678 3962 3752 4003 ex

2162 4038 2374 4109 lgnatio
2414 4047 2605 4094 nostro
2654 4040 2908 4105 adducit,
2958 4039 3132 4093 multo
3166 4038 3381 4104 minus,
3429 4053 3553 4093 cum
3599 4037 3755 4093 dicat

2164 4132 2444 4186 Christum
2473 4129 2658 4186 Jesum
2688 4132 2780 4200 ἀφ’
2806 4131 2924 4194 ἐνὸς
2946 4129 3161 4202 Πατρὸς
3183 4130 3485 4201 προελθεῖν.
3515 4148 3535 4182 ‹
3560 4127 3748 4184 Unum

2164 4225 2449 4294 idemque,
2486 4225 2700 4294 inquit,
2738 4233 2972 4294 utroque
3020 4223 3141 4278 loco
3177 4224 3409 4278 verbum
3451 4231 3563 4289 est,
3596 4222 3751 4292 quod

2166 4318 2435 4386 interpres
2467 4314 2798 4372 Usserianus
2829 4316 3240 4372 vetustissimus
3288 4316 3343 4369 in
3370 4314 3543 4386 priori
3571 4314 3747 4381 exire,

2167 4408 2223 4462 in
2260 4410 2548 4478 posteriori
2582 4411 2825 4479 progredi
2889 4409 3144 4463 reddidit.
3188 4428 3209 4461 ι
3262 4407 3538 4465 Hactenus
3590 4422 3744 4463 vere.

479 4499 1028 4569 neclegitimam,nec
1047 4495 1683 4563 Gnosticis,neenostris
1708 4492 2057 4547 familiarem.
2091 4508 2135 4564 ι)
2166 4497 2305 4568 Ergo
2351 4509 2534 4555 noster
2582 4500 2782 4554 Filium
2829 4500 2980 4555 exire
3030 4508 3138 4553 iam
3205 4514 3236 4554 α
3278 4500 3501 4554 silentio
3560 4509 3748 4568 negat,

548 4595 668 4649 Jam
701 4608 831 4648 vero
861 4601 923 4647 ut
965 4607 1032 4647 ex
1082 4590 1217 4661 ipsis
1248 4590 1431 4644 verbis
1490 4604 1713 4643 sensum
1740 4602 1905 4658 quem
1943 4589 2060 4641 vult

478 4686 803 4757 exsculpat,
859 4686 1113 4739 observat
1176 4698 1302 4737 cum
1358 4681 1652 4737 Gnostieos
1709 4680 1777 4734 ad
1829 4694 2056 4733 suorum

478 4779 717 4834 Eonum
744 4778 1089 4843 emissiones,
1116 4786 1231 4830 tum
1264 4786 1482 4829 nostros
1512 4774 1578 4827 ad
1603 4773 1722 4827 Filii
1751 4782 1802 4828 et
1822 4772 2059 4842 Spiritus

479 4871 1044 4927 sanetiemanationes
1064 4869 1453 4939 signiticandas
1480 4867 1559 4921 uti
1587 4883 1721 4923 voce
1750 4866 2056 4939 προελθεῖν.

478 4963 755 5019 Fortasse.
792 4962 901 5018 Sed
934 4962 1067 5016 hinc
1095 4960 1246 5015 nullo
1287 4960 1450 5014 modo
1473 4962 1743 5030 sequitur,
1777 4967 1873 5013 aut
1901 4958 2059 5014 aliter

476 5072 597 5111 eam
635 5070 823 5110 vocem
860 5054 1112 5122 usurpari
1162 5067 1272 5106 non
1310 5066 1497 5121 posse,
1550 5060 1644 5105 aut
1674 5052 1780 5106 hoc
1827 5050 1949 5106 loco
2004 5050 2057 5104 in

474 5161 601 5201 eum
650 5147 873 5200 modum
927 5144 1098 5213 accipi
1131 5143 1349 5198 debere.
1391 5143 1504 5198 Vox
1553 5160 1661 5214 qua
1699 5144 1938 5198 maxime
1968 5144 2056 5199 usi

476 5246 608 5294 sunt
638 5239 691 5291 in
730 5240 833 5292 hac
864 5254 923 5292 re
947 5235 1315 5291 Valentiniani
1361 5237 1465 5290 alia
1500 5238 1659 5307 plane
1686 5246 1823 5305 erat,
1861 5252 2057 5306 nempe

476 5329 901 5403 προϐάλλεσθαι,
929 5331 1074 5385 unde
1106 5330 1266 5384 toties
1289 5345 1318 5383 a
1353 5328 1454 5383 SS.
1485 5328 1739 5385 Patribus
1774 5330 2056 5400 exagitan-

479 5433 589 5477 tur.
622 5424 695 5478 lta
724 5422 960 5479 fremens
993 5423 1323 5479 sententiam
1355 5421 1862 5478 Valentinianorum
1886 5439 2052 5479 accu-

477 5524 596 5569 rate
624 5514 865 5570 referens
897 5515 990 5569 lib.
1022 5532 1060 5581 ι,
1090 5530 1213 5585 cap.
1253 5517 1305 5581 1,
1341 5516 1506 5570 tradit
1541 5515 1937 5587 προϐάλλεσθαι
1966 5514 2057 5568 τὸν

478 5606 649 5660 Βυθὸν
682 5607 854 5679 ἀρχὴν
882 5608 989 5660 τῶν
1020 5607 1261 5673 πάντων,
1289 5607 1433 5673 Non,
1466 5610 1707 5675 scilicet;
1739 5606 2053 5678 συμπροὸε-

480 5698 704 5768 ϐλῆσθαι
742 5698 799 5751 δὲ
838 5700 985 5771 αὐτῴ
1024 5697 1321 5771 ’Λλήθειαν.
1356 5700 1423 5754 Ει
1458 5717 1651 5755 rursus
1679 5718 1692 5752 :
1727 5698 2057 5769 Αἰσθόμενον

478 5787 536 5841 δὲ
562 5789 648 5845 τὸν
684 5792 951 5862 μονογενῆ
985 5791 1206 5857 τοῦτον,
1241 5808 1432 5863 nempe
1474 5790 1595 5846 Nun
1620 5831 1634 5860 ,
1677 5792 1762 5861 ἐφ’
1796 5787 1877 5855 οἷς
1920 5809 2053 5863 προ-
2096 5832 2110 5845 .

2163 4606 2328 4661 quam
2358 4608 2389 4646 a
2424 4591 2586 4648 Patre
2614 4594 2709 4647 ait.
2746 4592 3040 4659 Quanam,
3073 4592 3299 4659 amabo,
3329 4592 3446 4647 haec
3490 4600 3575 4647 est
3608 4606 3750 4646 eon-

2161 4684 2488 4752 sequentia?
2514 4685 2598 4737 An
2640 4685 2734 4755 qui
2776 4684 2910 4738 dicit
2938 4682 3137 4738 Filium
3176 4699 3206 4738 a
3232 4683 3395 4739 Patre
3431 4684 3602 4749 exire,
3628 4696 3747 4738 non

2161 4784 2342 4828 autem
2388 4775 2523 4830 dicit
2574 4776 2866 4845 progredi,
2918 4785 2975 4830 et
3003 4775 3245 4830 Verbum
3301 4791 3412 4829 non
3461 4793 3491 4830 a
3522 4776 3750 4832 silentio

2162 4870 2437 4939 progredi,
2469 4884 2579 4923 non
2610 4878 2791 4924 autem
2823 4886 2931 4925 non
2966 4870 3137 4937 exire,
3156 4870 3203 4925 is
3225 4869 3424 4925 Filium
3450 4870 3600 4925 exire
3628 4877 3749 4926 tam

2162 4974 2193 5012 a
2229 4959 2445 5015 silentio
2497 4969 2660 5030 negat
2710 4976 2874 5031 quam
2923 4976 2955 5015 a
2986 4958 3148 5015 Patre
3195 4961 3313 5015 ait?
3360 4959 3523 5015 Nullo
3553 4961 3746 5018 modo.

2159 5052 2561 5121 Argumentum
2628 5053 2811 5122 itaque
2875 5054 2945 5110 ab
3006 5053 3452 5122 interpretatione
3512 5053 3747 5109 ductum

2159 5158 2388 5212 prorsus
2432 5151 2517 5197 est
2570 5142 2968 5213 frustraneum,
3010 5145 3122 5200 imo
3152 5146 3312 5215 plane
3364 5146 3600 5201 nullum.
3632 5144 3747 5201 Sed

2158 5238 2338 5306 potuit
2368 5238 2633 5307 interpres
2665 5248 2773 5294 tam
2807 5240 2959 5294 exire
2980 5239 3035 5292 in
3068 5239 3375 5309 posteriore
3402 5238 3525 5293 loco
3548 5238 3748 5294 redde—

2159 5346 2217 5383 re
2238 5370 2251 5393 ,
2278 5346 2440 5400 quam
2490 5331 2693 5399 priore.
2738 5330 2927 5386 Potuit
2955 5331 3209 5402 quidem;
3241 5332 3336 5387 sed
3369 5340 3424 5386 et
3460 5340 3569 5385 tam
3609 5345 3747 5401 pro-

2159 5421 2309 5489 gredi
2356 5421 2534 5488 potuit
2587 5421 2641 5473 in
2688 5422 2870 5490 priore
2898 5421 3021 5475 loco
3073 5420 3320 5487 reddere,
3354 5433 3518 5489 quam
3550 5426 3741 5487 poste-

2159 5513 2326 5576 riore,
2361 5514 2403 5567 si
2433 5522 2626 5567 contra
2658 5514 2827 5567 animi
2857 5514 2944 5568 sui
2978 5529 3200 5569 sensum
3231 5512 3503 5566 redderet.
3533 5509 3742 5565 Verum

2157 5604 2459 5661 ﬁdissimus
2498 5608 2767 5676 interpres
2806 5606 2936 5660 latae
2978 5606 3396 5676 significationis
3429 5618 3619 5659 vocem
3663 5604 3741 5658 ita

2156 5700 2425 5767 reddidit,
2460 5700 2925 5771 quemadmodum
2978 5701 3101 5755 loco
3140 5717 3302 5770 quem
3349 5700 3742 5769 interpretatus

2157 5809 2260 5863 est,
2285 5793 2485 5864 optime
2526 5793 2798 5864 quadrare
2846 5793 3130 5849 sentiebat.
3168 5791 3309 5850 Dicit
3339 5791 3506 5865 igitur
3540 5788 3738 5846 Filium
