4078 6388
266 460 376 516 505

1012 457 1064 516 Ι.
1104 458 1471 518 PEARSONII
1511 461 1833 519 V'INDICUE
1873 460 2298 519 ΙΕΝΑἸΊᾹΝΛΕ.
2336 495 2403 505 -
2440 463 2621 520 PARS
2657 465 2721 521 Il.

3430 472 3537 525 306'

263 571 423 626 exire
468 586 501 625 a
538 568 743 637 Patre,
794 582 961 644 negat
999 590 1031 630 a
1077 576 1298 634 silentio
1346 581 1636 652 progredi:
1686 597 1864 652 neque
1890 617 1932 673 Α
1966 597 2144 652 neque
2184 597 2386 647 causa,
2426 598 2603 652 neque
2642 580 2969 655 principium
3011 584 3449 643 constitutivum.
3479 588 3535 641 ln

265 662 581 718 Secundum
631 663 935 723 catholicos
994 670 1400 725 emanationem
1467 681 1725 728 aiternam
1774 675 1860 728 in-
1890 662 1932 673 ”
1963 674 2309 741 generatione
2336 673 2477 742 ipsa,
2518 674 2584 727 de
2616 689 2724 744 qua
2762 675 2913 746 loqui
2945 687 3195 732 nostrum
3226 679 3435 746 volunt,
3468 695 3533 735 ex

266 753 515 817 tellexit,
567 769 748 823 neque
800 755 867 810 de
902 758 1126 826 probole
1153 759 1536 819 Valentiniana
1581 767 1668 821 vel
1712 782 1862 821 som-

268 845 473 899 niavit.
503 844 823 914 Aliquando
855 846 1029 904 Grmci
1062 853 1345 923 προελθεῖν
1376 856 1448 910 ita
1481 868 1767 927 usurpant,
1804 868 1862 913 ut

266 936 381 989 vim
411 934 513 989 τοῦ
538 936 779 1002 ἐξελθεῖν
802 955 869 993 ex
892 942 1156 1010 appositis
1182 945 1379 1002 habere
1410 950 1697 1005 sentiatur.
1722 952 1860 1007 Cum

266 1025 439 1095 igitur
468 1026 727 1083 Christus
787 1029 1049 1095 dixisset,
1101 1032 1170 1088 ἐκ
1221 1036 1329 1090 τοῦ
1380 1039 1526 1092 Θεοῦ
1573 1041 1856 1110 ἐξῆλθον,

262 1116 433 1172 Joan.
473 1134 602 1185 vui,
643 1119 736 1186 42,
773 1121 917 1176 idem
957 1124 1267 1195 signiﬁcare
1315 1130 1556 1186 voluisse
1587 1135 1859 1201 putandus

261 1219 349 1263 est
393 1208 674 1280 lgnatius,
717 1228 844 1268 cum
886 1216 1079 1271 scribit
1118 1218 1210 1288 ἀφ’
1252 1220 1370 1283 ἑνὸς
1405 1222 1619 1293 Πατρὸς
1661 1224 1857 1295 προελ-

261 1299 455 1366 Θόντα,
488 1302 640 1371 quod
673 1303 945 1375 interpres
969 1309 1151 1376 vertit,
1183 1330 1201 1362 ι
1228 1311 1297 1366 ab
1325 1329 1436 1367 uno
1465 1313 1623 1371 Patre
1652 1332 1859 1371 exeun-

259 1401 397 1445 tem.
431 1410 452 1443 ι
504 1393 665 1448 Certe
701 1405 761 1449 ut
804 1400 1209 1456 emanationem
1255 1419 1286 1459 a
1334 1404 1496 1461 Patre
1558 1408 1627 1463 iis
1678 1411 1857 1467 verbis

260 1484 492 1539 denotet
541 1484 813 1556 lgnatius,
844 1492 998 1546 nulla
1045 1494 1190 1550 ratio
1232 1497 1398 1568 cogit.
1428 1497 1693 1555 Novimus
1724 1504 1855 1573 quid

258 1573 594 1632 Theodorus
624 1579 765 1636 Beza
798 1582 869 1637 ad
900 1584 1053 1640 illum
1081 1585 1307 1644 Joannis
1330 1592 1510 1647 locum
1535 1597 1813 1666 scripserit
1838 1616 1851 1653 :

263 1685 285 1717 ι
313 1665 601 1737 Loquitur
630 1670 910 1740 Christus,
944 1693 1068 1733 meo
1119 1681 1339 1749 quidem
1384 1685 1621 1754 judicio,
1647 1665 1718 1743 de
1758 1692 1854 1744 ad—

255 1768 427 1813 ventu
462 1761 523 1815 in
560 1778 787 1820 carnem
807 1806 824 1833 ,
856 1784 969 1823 non
998 1771 1066 1826 de
1094 1782 1295 1829 aeterna
1342 1782 1695 1846 generatione
1716 1825 1729 1848 ,
1762 1786 1851 1840 cui

254 1849 569 1922 improprie
596 1871 821 1927 quoque
844 1860 1174 1919 tribueretur
1201 1866 1262 1919 τὸ
1284 1868 1538 1935 ἐξελθεῖν.
1571 1890 1590 1923 ι
1620 1872 1687 1926 Ει
1714 1877 1851 1929 ratio

1963 766 2228 834 principio
2252 767 2516 835 privativo
2546 769 2727 837 potius
2750 769 2951 839 aliquid
2986 770 3100 825 ﬁeri
3126 772 3343 835 dicitur,
3368 789 3533 844 quam

1960 871 2023 909 ex
2039 857 2411 912 constitutivo.
2437 860 2515 913 Ita
2540 860 2880 925 Aristoteles,
2898 860 3111 932 Physic.
3130 864 3224 918 lib.
3252 879 3290 930 ι,
3318 880 3439 934 cap.
3466 865 3532 920 7:

1960 946 2033 998 Τὸ
2065 947 2109 1000 δ’
2136 947 2197 1000 ἐκ
2232 965 2377 1012 τινος
2408 950 2652 1017 γενεσθαί
2680 969 2752 1014 τι,
2784 952 2876 1004 καὶ
2922 953 2994 1024 μὴ
3033 953 3150 1006 τόδε
3184 954 3428 1023 γίνεσθαί
3457 973 3530 1019 τι,

1961 1038 2159 1109 μᾶλλον
2192 1040 2288 1110 μὲν
2333 1040 2550 1109 λέγεται
2593 1042 2823 1095 ἐπὶτῶν
2866 1045 2939 1114 μὴ
2983 1046 3391 1114 ὑπομενόντων,
3424 1042 3534 1099 οἷον

1957 1130 2016 1195 ἐξ
2049 1132 2287 1201 ἀμούσου
2338 1133 2593 1202 μουσικὸν
2626 1132 2908 1201 γίνεσθαι,
2940 1133 2996 1200 ἐξ
3041 1133 3328 1206 ἀνθρώπου
3376 1136 3419 1187 δ’
3447 1134 3530 1188 οὗ.

1956 1220 2023 1275 Ει
2048 1238 2166 1291 cap.
2197 1222 2261 1276 8:
2309 1224 2403 1275 Ἐκ
2428 1224 2536 1295 γὰρ
2569 1227 2893 1297 στερήσεως,
2926 1227 2953 1278 ὃ
2985 1228 3121 1291 ἐστι,
3146 1227 3265 1280 καθ’
3299 1227 3427 1280 αὐτὸ
3456 1228 3530 1298 μὴ

1955 1314 2034 1378 ὃν,
2063 1316 2161 1367 οὐκ
2194 1315 2586 1386 ἐνυπάρχοντος
2618 1318 2825 1385 γίνεταί
2856 1335 2928 1370 τι.
2959 1317 3037 1371 Ex
3064 1319 3335 1388 privativo
3367 1320 3532 1390 igitur

1956 1406 2222 1475 principio
2256 1408 2390 1461 satis
2421 1410 2636 1477 preprie
2667 1409 2816 1462 aliud
2854 1409 2970 1463 ﬁeri
3016 1419 3111 1463 aut
3151 1410 3365 1479 prodire
3394 1411 3531 1465 dici-

1958 1505 2077 1562 tur;
2118 1498 2277 1552 etde
2333 1515 2515 1553 rerum
2566 1510 2687 1554 ortu
2739 1502 2813 1555 ita
2866 1516 3008 1572 saepe
3050 1502 3347 1571 loquimur.
3396 1502 3531 1569 Quis

1952 1588 2096 1643 enim
2124 1604 2230 1643 non
2260 1590 2394 1645 dicit
2422 1591 2598 1646 lucem
2625 1609 2689 1647 ex
2720 1594 2961 1650 tenebris
2996 1596 3129 1649 oriri
3163 1595 3245 1649 vel
3275 1596 3531 1665 prodire?

1952 1678 2138 1749 Neque
2188 1682 2233 1737 si
2280 1680 2534 1737 Petavius
2582 1700 2704 1738 eam
2750 1686 2972 1753 phrasin
3020 1687 3093 1741 ita
3150 1687 3528 1757 explicandam

1953 1775 2180 1843 putavit,
2208 1775 2445 1830 Verbum
2477 1791 2584 1829 non
2610 1792 2733 1831 esse
2762 1778 3054 1847 ejusmodi,
3086 1788 3148 1833 ut
3177 1794 3243 1833 ex
3282 1779 3524 1845 silentio,

1954 1865 2037 1918 vel
2076 1875 2197 1935 post
2225 1866 2499 1920 silentium
2522 1868 2802 1936 prodierit,
2834 1870 2968 1923 adeo
2992 1868 3350 1938 exagitandus
3382 1868 3523 1934 fuit,

254 1943 561 2000 manifesta
614 1947 832 2004 eruitur
860 1966 928 2005 ex
955 1955 1135 2010 verbis
1179 1960 1429 2026 proxime
1457 1965 1835 2032 sequentibus:

1953 1958 2108 2027 quasi
2159 1959 2297 2029 μετὰ
2332 1960 2523 2028 σιγήν,
2559 1969 2611 2013 et
2643 1962 2707 2014 ἐκ
2737 1962 2892 2033 σιγῆς
2935 1971 3044 2016 tam
3078 1962 3184 2019 late
3226 1961 3524 2027 diﬂerrent,

257 2034 418 2089 οὐδὲ
446 2037 564 2107 γὰρ
591 2034 697 2094 ἀπ’
723 2042 986 2112 ἐμαυτοῦ
1011 2047 1281 2115 ἐλήλυθα
1298 2091 1313 2115 ,
1344 2054 1482 2109 ἀλλ’
1509 2057 1738 2124 ἐκεῖνός
1774 2078 1851 2131 με

254 2127 612 2186 ἀπέστειλε.
631 2133 689 2188 Si
719 2145 903 2191 autem
917 2141 1196 2208 apostolus
1212 2159 1277 2199 eo
1292 2145 1414 2201 loco
1428 2147 1494 2203 de
1506 2158 1709 2205 mterua
1724 2127 1848 2206 Filii

252 2222 623 2289 generatione
650 2224 870 2283 locutus
904 2244 1014 2285 non
1037 2243 1140 2300 est,
1167 2236 1342 2292 multo
1376 2240 1559 2296 minus
1586 2241 1846 2313 lgnatius,

252 2311 347 2380 qui
382 2312 461 2367 ita
500 2314 572 2370 de
620 2317 857 2375 adventu
894 2322 1015 2392 ejus
1042 2325 1305 2396 loquitur,
1349 2339 1409 2385 ut
1437 2332 1597 2387 etiam
1618 2311 1702 2390 vde
1726 2338 1851 2393 red-

253 2401 373 2457 itu:
410 2405 527 2459 Τὸν
566 2408 663 2477 ἀφ’
711 2411 833 2476 ἑνὸς
872 2414 1088 2487 Πατρὸς
1120 2420 1479 2491 προελθόντα,
1510 2426 1605 2478 καὶ
1641 2429 1721 2491 εἰς
1752 2429 1847 2483 ἕνα

251 2494 382 2547 εντα
413 2498 514 2551 καὶ
545 2503 891 2574 χωρήσοντα.
920 2524 940 2560 ι
973 2508 1057 2564 Ab
1088 2526 1199 2566 uno
1241 2512 1404 2572 Patre
1437 2528 1749 2588 exeuntem,
1794 2532 1849 2578 et

250 2587 306 2643 in
348 2588 551 2643 unum'
579 2595 933 2652 exsistentem
974 2608 1029 2654 et
1062 2618 1413 2661 reversurum
1444 2627 1459 2663 :
1497 2619 1557 2665 ut
1589 2611 1720 2669 illud
1753 2630 1848 2669 ex-

246 2680 458 2748 primat
482 2680 649 2737 Joan.
677 2702 790 2755 xvi,
820 2689 893 2745 28
918 2708 931 2744 :
980 2690 1271 2762 Ἐξῆλθον
1284 2700 1444 2767 παρὰ
1467 2702 1573 2757 τοῦ
1594 2706 1843 2774 Πατρός,

244 2772 347 2829 καὶ
393 2773 679 2841 ἐλήλυθα
707 2782 794 2845 εἰς
832 2782 940 2837 τόν
966 2786 1226 2855 κόσμον*
1262 2790 1448 2846 πάλιν
1482 2772 1847 2866 ἀφίημιήτὸν

244 2867 489 2934 κόσμον
511 2869 613 2923 καὶ
644 2874 967 2945 πορεύομαι
995 2879 1145 2947 πρὸς
1158 2883 1412 2953 Πατέρα.
1438 2886 1595 2944 Exivi
1621 2909 1651 2945 a
1678 2891 1842 2950 Patre

247 2963 295 3009 et
333 2959 458 3011 veni
503 2961 563 3013 in
604 2964 901 3031 mundum;
946 2970 1139 3026 iterum
1182 2975 1420 3047 relinquo
1463 2983 1751 3051 mundum,
1792 2998 1842 3043 et

244 3048 383 3103 udo
414 3050 490 3103 ad
518 3050 764 3111 Patrem.
797 3056 986 3129 Neque
1016 3062 1201 3133 igitur,
1237 3084 1360 3122 cum
1389 3069 1585 3126 Filium
1622 3090 1652 3130 a
1681 3048 1842 3133 Patre

241 3140 401 3195 exire
427 3141 572 3197 dicit
609 3156 806 3202 auctor
850 3152 1114 3221 epistolae,
1146 3163 1213 3212 de
1255 3170 1457 3216 teterna
1490 3169 1841 3235 generatione

242 3232 545 3301 cogitavit;
590 3252 770 3308 neque
814 3256 939 3296 cum
991 3243 1227 3303 Verbum
1278 3266 1309 3305 a
1356 3232 1577 3311 silentio
1622 3260 1841 3327 prodire

242 3325 504 3393 negavit,
554 3328 623 3383 de
672 3331 968 3390 emissione
998 3328 1269 3395 Valentini
1322 3325 1638 3405 somniavit;
1681 3351 1837 3407 Certe

239 3428 305 3469 ex
335 3416 510 3470 unica
560 3433 693 3474 voce
718 3424 1000 3494 προελθεῖν
1044 3429 1178 3483 nihil
1211 3434 1317 3489 tale
1349 3437 1619 3506 expiscari
1669 3442 1831 3511 licet;

240 3518 367 3571 qua:
389 3521 524 3561 cum
560 3507 845 3569 latissima“.
875 3517 1295 3588 signiﬁcationis
1332 3527 1424 3592 sit,
1459 3544 1527 3584 ex
1560 3533 1685 3589 aliis
1717 3551 1836 3590 ver-

241 3596 326 3652 bis
346 3600 563 3669 quibus
590 3603 929 3677 adjungitur,
952 3611 1072 3681 ejus
1100 3618 1323 3685 propria
1347 3620 1430 3676 vis
1451 3624 1690 3680 eruenda
1718 3638 1831 3683 est:

241 3702 342 3744 nec
376 3691 498 3746 ullo
534 3695 701 3750 modo
742 3702 1073 3759 contendere
1102 3720 1400 3775 possumus
1448 3713 1638 3768 eodem
1671 3717 1833 3785 plane

237 3795 408 3837 sensu
434 3799 563 3838 eam
600 3788 775 3859 accipi
803 3790 1022 3861 debere,
1055 3813 1180 3853 cum
1219 3802 1286 3856 ad
1316 3802 1488 3860 Deum
1517 3806 1733 3865 Patrem
1765 3812 1832 3866 de

236 3867 403 3938 Filio,
438 3882 497 3927 et
526 3889 656 3931 cum
688 3880 755 3933 ad
782 3882 1062 3940 silentium
1090 3888 1157 3953 de
1194 3890 1368 3950 Verbo
1392 3897 1650 3955 refertur.
1683 3900 1831 3958 Pue-

234 3964 433 4019 sertim
461 3984 594 4024 cum
627 3972 868 4029 sciamus
896 3976 1029 4033 illud
1066 3979 1246 4050 ipsum
1280 3988 1607 4044 vocabulum
1635 3992 1829 4063 προελ-

234 4060 347 4115 θεῖν
381 4078 417 4118 a
443 4063 658 4121 Graecis
682 4069 904 4125 attribui
935 4073 1113 4130 solere
1134 4078 1301 4133 verbo
1326 4081 1491 4136 etiam
1528 4060 1824 4152 prela-tivo,

234 4155 385 4224 quod
415 4157 813 4217 substantialis
846 4178 944 4219 seu
986 4170 1293 4235 personalis
1322 4176 1695 4242 generationis
1735 4158 1828 4235 ca-

232 4262 338 4316 pax
371 4264 489 4304 non
525 4260 632 4318 est,
655 4261 716 4308 ut
747 4254 979 4323 legimus
1004 4260 1145 4329 apud
1167 4258 1434 4319 Joannem
1462 4266 1823 4340 Philoponum

236 4338 309 4394 De
337 4342 535 4395 mundi
572 4346 837 4400 creatione
868 4347 963 4404 lib.
996 4366 1071 4414 vr,
1107 4367 1228 4422 cap.
1270 4355 1342 4409 ιιι
1379 4358 1453 4411 Οὐ
1488 4358 1595 4431 γὰρ
1621 4338 1826 4433 προφο-

232 4430 385 4498 ρεκον
415 4431 582 4500 λόγον
608 4434 702 4487 τὸν
728 4435 844 4507 ἅμα
882 4438 961 4509 τῷ
992 4441 1275 4512 προελθεῖν
1296 4430 1573 4516 λυόμενονν
1594 4430 1677 4522 τῷ
1704 4430 1824 4524 Θεῷ

228 4524 799 4612 περιάπτεινμθέμις.
844 4528 911 4583 Ει
958 4531 1245 4591 Marcellus
1296 4541 1438 4606 apud
1492 4540 1820 4612 Eusebium,

1954 2065 2077 2104 cum
2112 2049 2382 2107 Eusebius
2405 2053 2458 2106 in
2492 2053 2593 2108 hac
2638 2054 2754 2123 ipsa
2793 2070 2851 2108 re
2893 2054 3008 2110 haec
3038 2055 3147 2110 duo
3179 2055 3319 2109 idem
3347 2056 3528 2109 valere

1950 2142 2255 2197 clarissime
2286 2145 2557 2200 ostendat.
2583 2146 2821 2199 Accusat
2847 2144 2993 2199 enim
3034 2144 3348 2201 Marcellum
3380 2145 3524 2215 quod

1947 2232 2196 2289 docuerit
2226 2234 2365 2305 μετὰ
2396 2235 2495 2306 τὴν
2535 2235 2694 2307 σιγὴν
2726 2238 3006 2309 προελθεῖν
3024 2238 3115 2293 τὸν
3136 2237 3294 2307 λόγον
3314 2281 3328 2303 ,
3358 2249 3412 2292 et
3456 2240 3525 2293 ob

1948 2339 2070 2378 eam
2126 2327 2453 2380 sententiam
2508 2329 2770 2397 gnosticze
2820 2330 3012 2386 hmresi
3070 2346 3194 2385 eum
3245 2330 3521 2385 addictum

1947 2419 2288 2487 pronuntiat.
2344 2418 2546 2475 Notant
2588 2420 2941 2476 Grammatici
2974 2436 3039 2474 ea:
3084 2422 3379 2491 aliquando
3422 2438 3522 2492 pro

1946 2517 2064 2578 post
2115 2510 2404 2580 usurpari,
2444 2522 2504 2565 ut
2535 2513 2675 2582 apud
2700 2510 2990 2583 Virgilium
3015 2555 3030 2578 ,
3061 2529 3127 2568 ea:
3158 2514 3251 2567 illo
3278 2522 3524 2583 tempore

1947 2616 2047 2672 pro
2079 2611 2195 2671 post
2247 2604 2380 2658 illud
2429 2612 2670 2675 tempus,
2698 2615 2754 2660 et
2803 2607 2941 2674 apud
2992 2604 3331 2671 Ciceronem,
3363 2622 3427 2660 ex
3457 2622 3521 2658 eo

1947 2695 2036 2749 die
2065 2703 2117 2749 et
2165 2710 2229 2749 ea:
2258 2696 2579 2763 consulatu,
2622 2705 2677 2751 et
2713 2712 2778 2751 ea:
2811 2697 2916 2751 hoc
2958 2706 3220 2766 tempore.
3271 2696 3428 2762 Quod
3468 2707 3522 2751 ct

1947 2781 2151 2839 Graecis
2182 2783 2449 2841 familiare
2483 2796 2586 2841 est.
2606 2786 2678 2842 Ut
2706 2787 2774 2842 ad
2796 2786 2887 2841 illa
2914 2784 3136 2841 Homeri
3172 2786 3262 2841 Ίλ.
3295 2786 3336 2838 E
3366 2805 3379 2841 :

2048 2939 2365 3009 Καύματος
2387 2940 2457 3006 ἐξ
2487 2941 2729 3012 ἀνέμοιο
2754 2942 3018 3011 δυσαέος
3047 2941 3415 3014 ὀρνυμένοιο.

1943 3070 2105 3128 Notat
2151 3073 2483 3133 Scholiastes
2522 3086 2678 3133 vetus
2712 3096 2726 3132 :
2774 3077 2837 3132 Ἦ
2864 3078 2935 3145 ἐξ
2974 3079 3095 3133 ἀντὶ
3126 3079 3226 3150 τῆς
3251 3079 3420 3149 μετά.
3457 3077 3519 3133 Et.

1942 3160 2304 3222 Eustathius:
2353 3166 2417 3218 'H
2464 3165 2520 3218 δὲ
2547 3166 2619 3232 ἐξ
2666 3166 2925 3239 πρόθεσις
2967 3170 3029 3222 οὐ
3083 3169 3240 3240 μόνον
3288 3168 3517 3222 ἐνταῦθα

1942 3254 2195 3327 εἴληπται
2228 3258 2348 3310 ἀντὶ
2377 3257 2478 3327 τῆς
2500 3260 2650 3327 μετὰ
2685 3259 2994 3330 προθέσεως
3013 3301 3028 3324 ,
3052 3260 3188 3314 ἀλλὰ
3220 3261 3313 3314 καὶ
3353 3260 3516 3314 ἀλλα-

1940 3346 2057 3417 χοῦ,
2084 3344 2211 3400 οἷονο
2245 3349 2453 3421 πιόμεν’
2479 3351 2542 3402 ὲκ
2570 3350 2817 3421 βοτάνης,
2846 3352 2983 3423 ἤτοι,
3009 3351 3147 3424 μετὰ
3168 3352 3265 3423 τὴν
3295 3353 3514 3423 βοσκὴν,

1939 3438 2067 3503 καὶ,
2104 3439 2168 3491 ὲκ
2215 3439 2426 3493 νυκτῶν
2468 3440 2512 3492 δ’
2550 3442 2740 3513 ἄνεμοι
2784 3442 3041 3512 χαλεποὶ,
3074 3445 3213 3514 ἦτοι,
3250 3443 3387 3514 μετὰ
3417 3444 3515 3506 τὰς

1938 3528 2155 3593 νύκτας.
2201 3528 2292 3584 Sic
2334 3532 2397 3585 ad
2444 3532 2533 3585 illa
2602 3532 2692 3585 ἰλ.
2742 3531 2785 3585 Ν
2826 3550 2839 3586 :
2884 3532 3102 3603 Πιόμεν’
3139 3535 3203 3586 ὲκ
3249 3534 3510 3604 βοτάνης,

1939 3618 2123 3675 Schol.
2152 3620 2253 3676 V.:
2300 3621 2395 3675 Ἐκ
2426 3622 2673 3694 βοτάνης,
2704 3624 2824 3677 ἀντὶ
2848 3623 2964 3687 τοῦ,
2996 3623 3132 3695 μετὰ
3154 3624 3253 3696 τὴν
3285 3624 3514 3694 βοτάνην

1935 3714 2029 3768 καὶ
2053 3715 2244 3786 νομήν.
2274 3714 2338 3769 Et
2364 3715 2681 3772 Eustathius
2705 3733 2717 3769 :
2756 3717 2900 3770 Ἀντὶ
2921 3717 3035 3781 τοῦ,
3064 3715 3202 3789 μετὰ
3231 3716 3509 3788 βόσκησιν,

1935 3807 2026 3861 καί
2042 3811 2176 3871 ἐστι,
2196 3810 2375 3878 φασὶν,
2396 3810 2580 3880 ὅμοιον
2596 3811 2694 3883 τῷ,
2718 3810 2779 3876 ἐξ
2799 3811 3021 3884 ἀρίστου
3045 3810 3374 3882 παρέσομαι,
3391 3812 3512 3865 ἀντὶ

1931 3897 2049 3965 τοῦ,
2080 3898 2196 3971 μεθ’
2219 3899 2246 3953 ὃ
2276 3900 2575 3972 ἀριστήσω.
2601 3900 2676 3958 Ita
2702 3903 2851 3969 alibi,
2886 3902 3099 3974 αἰθέρος
3123 3902 3188 3954 ἐκ
3209 3901 3345 3974 δίης,
3373 3902 3511 3973 μετὰ

1931 3987 2030 4059 τὴν
2060 3990 2276 4063 αἰθρίαν
2327 3992 2659 4048 κατάστασιν
2706 3995 3094 4065 interpretatur
3140 3995 3281 4049 idem
3334 3994 3509 4051 Scho-

1930 4081 2135 4137 liastes.
2170 4082 2358 4153 Neque
2389 4095 2569 4139 tamen
2595 4095 2788 4141 auctor
2814 4087 3060 4157 epistolae
3082 4088 3216 4143 dixit
3239 4090 3302 4142 ὲκ
3325 4088 3503 4159 σιγῆς,

1930 4174 2026 4227 sed
2056 4172 2165 4226 ἀπὸ
2200 4176 2375 4247 σιγῆς,
2417 4176 2595 4246 quod,
2635 4177 2934 4232 secundum
2976 4178 3230 4247 loquendi
3281 4179 3503 4233 modum

1929 4262 2131 4318 Graecis
2166 4264 2513 4333 familiarem,
2541 4265 2734 4322 Latine
2765 4286 2784 4319 ι
2822 4277 2946 4337 post
2976 4269 3252 4323 silentium
3293 4290 3311 4323 ι
3348 4271 3505 4326 reddi

1927 4364 2126 4424 potest.
2157 4354 2228 4411 Ut
2264 4359 2406 4427 apud
2441 4355 2737 4413 llomcrum
2781 4360 3011 4428 legimus
3041 4377 3053 4413 :
3096 4362 3228 4415 Ἀπὸ
3262 4362 3305 4415 δ’
3338 4361 3504 4416 αὑτοῦ

1927 4446 2288 4519 θωρήσσοντο.
2328 4448 2431 4504 Ubi
2468 4450 2800 4507 Scholiastcs
2847 4462 3040 4517 vetus,
3077 4454 3185 4507 ἀπὸ
3224 4454 3267 4507 δ’
3303 4455 3499 4519 αὐτοῦ,

1925 4540 2033 4593 ἀπὸ
2071 4541 2127 4593 δὲ
2156 4541 2345 4593 τούτου
2390 4542 2618 4614 χρόνον,
2659 4544 2970 4615 μετέπειτα.
3026 4544 3093 4598 Ει
3138 4544 3496 4602 Eustathius:

224 4608 517 4667 Christum
543 4607 632 4667 οἷα
654 4615 811 4685 λόγον
841 4624 1171 4690 σημαντικόν
1198 4644 1340 4691 τινος
1364 4629 1394 4700 ἢ
1421 4607 1817 4703 προστακτικὸν
1849 4649 1897 4709 ι)
1926 4634 2044 4687 Ὅτι
2078 4634 2328 4705 καθάπερ
2356 4607 2588 4706 ἄλλοιχοῦ
2620 4607 2751 4708 ήτέκ
2781 4638 3035 4709 πρόθεσις
3076 4640 3195 4693 ἀντὶ
3224 4638 3327 4709 τῆς
3352 4641 3501 4709 μετὰ

222 4704 519 4773 προελθεῖν
545 4706 643 4759 τοῦ
675 4708 809 4763 Θεοῦ
844 4712 1063 4780 φάσκει.

289 4794 467 4849 Mene
500 4799 588 4851 hae
622 4809 752 4853 sunt
786 4801 1177 4874 logomachiae;
1214 4824 1387 4878 quare
1439 4813 1660 4869 tandem
1706 4815 1820 4872 foro

217 4887 333 4941 tius
357 4899 756 4958 argumentum
784 4895 1052 4964 stringere
1072 4900 1313 4956 videtur.
1343 4921 1361 4955 ι
1389 4901 1622 4975 Signant
1647 4909 1815 4976 enim,

212 4977 427 5048 inquit,
469 4980 589 5036 haec
619 4985 783 5040 verba
818 4986 975 5054 id,ex
1010 5006 1122 5061 quo
1155 4996 1286 5064 quid
1311 4998 1499 5063 exivit,
1524 4999 1643 5069 ejus
1669 5003 1815 5071 quod

211 5084 277 5123 ex
306 5086 377 5125 eo
407 5070 607 5138 exivit,
633 5076 720 5130 vel
750 5077 956 5147 locum,
983 5082 1064 5137 vel
1094 5100 1342 5153 causam,
1375 5089 1455 5142 vel
1480 5070 1813 5161 principium

210 5159 299 5227 (ut
334 5161 551 5217 schola:
583 5163 909 5238 loquuntur)
945 5172 1357 5229 constitutivum
1392 5177 1582 5234 fuisse.
1616 5199 1635 5231 ι
1664 5159 1816 5237 ’Ξυὴ-

210 5254 331 5311 tilis
358 5254 483 5310 haec
512 5257 760 5325 quidem,
805 5261 901 5316 sed
929 5263 1066 5318 mira
1100 5266 1421 5335 disputatio.
1467 5269 1586 5325 Non
1624 5289 1813 5343 quaero

205 5346 501 5413 quodnam
529 5347 663 5402 illud
705 5350 777 5404 sit
805 5351 1137 5423 principium
1184 5360 1624 5425 constitutivum,
1664 5365 1812 5433 quod

206 5450 382 5491 causa
414 5452 529 5492 non
556 5440 650 5506 sit,
676 5450 735 5495 ut
766 5442 859 5497 hic
894 5446 1039 5500 tertii
1069 5450 1299 5504 membri
1330 5452 1513 5507 locum
1556 5467 1807 5526 occupet.

202 5526 372 5585 Certe
436 5530 647 5586 scholae
683 5534 755 5588 ita
797 5552 903 5590 non
952 5538 1275 5609 loquuntur.
1318 5544 1453 5604 Illud
1499 5563 1706 5616 quaero,
1740 5566 1808 5605 an

204 5635 312 5675 vox
345 5622 643 5695 προελθεῖν
679 5630 933 5699 usurpari
960 5646 1070 5687 non
1104 5635 1297 5702 possit,
1322 5636 1430 5691 nisi
1474 5637 1542 5694 de
1599 5641 1805 5711 aliquo,

203 5714 359 5781 quod
387 5730 462 5769 ex
488 5715 615 5771 loco
639 5717 722 5772 vc!
744 5734 914 5776 causa
953 5722 1106 5777 exit?
1144 5724 1238 5778 Ἐκ
1258 5726 1353 5780 τοῦ
1379 5730 1498 5781 κατ’
1524 5730 1702 5799 ὀλίγον
1729 5734 1809 5797 εὶς

201 5804 304 5894 τὴν
353 5807 695 5881 αἰσθητικὴν
745 5811 840 5865 καὶ
886 5815 1255 5888 pateﬁanth
1293 5819 1453 5888 φύσιν
1503 5823 1803 5894 προῆλθεν,

206 5887 386 5964 inquit
413 5897 728 5958 Nemcsius.
768 5904 835 5959 At
870 5905 927 5957 τὸ
958 5909 1073 5962 κατ’
1113 5887 1493 5982 ὀλίγοννηοῳιρ
1529 5887 1679 5972 locus
1702 5928 1801 5985 est,

1922 4727 2274 4797 λαμϐάνεται,
2307 4727 2478 4794 οὕτως
2518 4729 2751 4783 ἐνταῦθα
2790 4732 2823 4802 ὴ
2854 4732 2993 4785 ἀπό.
3030 4730 3157 4786 Inde
3198 4730 3500 4802 Hesychius

1936 4818 2264 4890 Ἀπόδρομον
2296 4819 2682 4891 interpretatur
2707 4824 2822 4892 μετ’
2858 4822 3133 4877 ἐπάνοδον.
3159 4822 3303 4880 Nihil
3334 4823 3499 4892 igitur

1921 4912 2101 4966 tritius
2132 4920 2213 4967 est
2260 4913 2402 4982 apud
2455 4912 2674 4969 Grmcos
2699 4955 2713 4979 ,
2752 4930 2915 4985 quam
2954 4925 3013 4970 ut
3038 4916 3145 4969 ἀπό
3190 4926 3244 4972 et
3283 4918 3347 4970 ὲκ
3396 4934 3497 4990 pro

1922 5004 2092 5073 μετάο
2128 5005 2267 5073 apud
2320 5004 2575 5070 Latinos,
2609 5022 2774 5077 quam
2825 5017 2883 5063 ut
2930 5008 2995 5062 ab
3037 5019 3091 5062 et
3126 5026 3191 5063 ea:
3228 5026 3326 5080 pro
3377 5021 3493 5080 post

1919 5094 2278 5163 accipiantur.
2314 5094 2378 5151 Et
2436 5097 2528 5167 qui
2578 5113 2607 5151 e
2660 5098 2879 5152 silentio
2928 5100 3009 5153 vel
3058 5110 3182 5169 post
3211 5102 3491 5155 silentium

1914 5187 2135 5256 prodire
2157 5188 2383 5242 verbum
2414 5198 2597 5260 negat,
2622 5191 2757 5244 mihi
2789 5192 3035 5245 omnium
3065 5192 3346 5248 hominum
3372 5210 3489 5249 scr-

1916 5293 2132 5331 moncm
2173 5294 2369 5347 negare
2399 5281 2635 5335 videtur.

1985 5367 2097 5423 Nos
2130 5369 2293 5438 igitur
2330 5381 2384 5425 et
2412 5374 2654 5428 auctoris
2697 5384 2931 5430 mentem
2954 5418 2968 5441 ,
3001 5386 3053 5431 et
3083 5379 3285 5433 veteris
3322 5379 3490 5433 inter-

1913 5463 2082 5529 pretis
2122 5463 2428 5520 versionem
2476 5465 2871 5521 defendendam
2927 5470 3150 5523 oninino
3194 5481 3485 5540 putamus;

1912 5568 2076 5622 quam
2110 5554 2348 5623 planam,
2378 5555 2702 5625 simplicem,
2728 5561 3006 5627 propriam
3039 5571 3091 5614 ct
3116 5563 3486 5630 perspicuam,

1912 5661 2022 5699 non
2055 5644 2326 5717 frigidam,
2360 5656 2456 5702 aut
2488 5660 2759 5719 argutam,
2783 5651 3108 5706 autinaucm
3157 5669 3279 5708 esse
3319 5655 3487 5708 senti-

1911 5751 2034 5790 mus
2055 5754 2067 5789 :
2086 5750 2319 5804 eamque
2340 5738 2511 5791 solam
2532 5739 2596 5793 ad
2622 5742 2863 5796 auctoris
2888 5754 3119 5796 mentem
3148 5755 3291 5799 recte
3311 5745 3489 5815 expriv

1912 5826 2271 5891 mendam,et
2320 5830 2387 5882 ad
2426 5829 2807 5887 Ebionitarum
2848 5849 3114 5899 errorem,
3147 5852 3307 5906 quem
3355 5848 3484 5894 tunc

1916 5921 2179 5989 temporis
2205 5921 2259 5980 in
2284 5923 2468 5979 animo
2498 5941 2621 5980 cum
2651 5926 2912 5982 scriberet
2944 5938 3134 5984 auctor
3158 5929 3483 5995 habuit,ca-
