4078 6408
537 531 643 588 307

1522 512 1578 568 S.
1621 507 1966 567 IGNAT‘IUS.
2004 537 2072 546 —
2107 499 2641 561 PROLEGOMENA.

3688 489 3792 543 508

541 639 877 714 stigandum,
904 646 959 694 et
986 636 1055 692 ad
1083 632 1413 705 Magnesios,
1436 645 1505 685 ne
1529 629 1690 685 istam
1718 628 1952 683 haeresin
1982 625 2119 680 reci-
2151 628 2198 685 Α
2226 630 2394 687 stant,
2420 629 2474 675 et
2499 621 2552 673 in
2582 617 2783 688 quibus
2808 615 2932 686 quis
2961 613 3101 669 IEon
3137 629 3167 667 a
3204 610 3331 683 Sige
3362 607 3599 664 emissus
3629 606 3717 672 sit,
3743 615 3797 659 et

541 739 755 805 perent,
796 724 1240 798 praemuniendos
1274 720 1569 792 plurimum
1620 720 1799 772 valere
1839 711 2122 770 contendi-

542 840 693 882 mus.
742 822 926 877 Manet
963 820 1151 887 itaque
1189 817 1521 870 inconcussa
1570 811 1836 865 hactenus
1891 806 2123 861 assertio

542 917 763 988 prima,
815 923 1097 968 auctorem
1152 907 1398 977 epistola:
1455 904 1523 958 ad
1568 902 1875 971 Magnesios
1918 898 2123 951 nullam

542 1007 715 1061 aliam
749 1004 982 1059 hieresin
1009 1000 1194 1055 verbis
1220 1014 1287 1054 ex
1320 1012 1381 1051 ea
1428 996 1655 1067 prolatis
1686 1008 1850 1063 quam
1889 1003 2125 1045 veterem

548 1103 701 1157 illam
734 1099 1115 1154 Ebionitarum
1147 1103 1221 1149 tot
1255 1092 1435 1148 modis
1462 1092 1518 1145 in
1552 1089 1739 1145 eadem
1769 1086 1994 1155 epistola
2029 1085 2127 1139 de-

551 1194 817 1262 scriptam
846 1188 1155 1258 respexisse
1188 1204 1201 1239 :
1247 1199 1369 1255 qua:
1392 1198 1518 1238 cum
1566 1191 1721 1237 aetate
1763 1181 1950 1252 lgnatii
1983 1196 2129 1234 mar-

551 1286 690 1358 tyris
713 1284 945 1340 nimium
972 1281 1224 1350 viguerit,
1251 1277 1398 1347 quod
1423 1276 1687 1331 adversus
1717 1291 1836 1329 eam
1869 1274 2130 1343 scriptum

554 1387 660 1445 est,
684 1375 845 1431 fidem
872 1382 1180 1442 temporum
1204 1369 1427 1439 pulsare
1464 1382 1572 1421 non
1607 1374 1804 1435 potest.

1171 1480 1405 1539 CAPUT
1452 1479 1518 1534 V.

557 1582 798 1641 Assertio
827 1578 1079 1642 secunda,
1109 1575 1263 1630 verba
1307 1572 1405 1625 illa
1422 1571 1512 1624 'ad
1548 1569 1885 1642 Valentinnm
1925 1566 2137 1642 omnino

631 1670 735 1706 non
765 1659 1018 1719 spectare.
1066 1633 1424 1719 Valentiniani
1455 1656 1729 1719 nunqan
1753 1638 1999 1719 dixerunt

631 1741 729 1793 gen
768 1706 1027 1793 peperisse
1075 1716 1296 1793 Lognm.
1341 1713 1412 1793 in
1456 1706 1637 1793 δςξτοῖα
1689 1706 2138 1793 Valentiuiusolus

632 1741 729 1793 _en
768 1741 1027 1791 peperisse
1075 1741 1296 1785 Lagum.
1343 1741 1412 1766 ιιι
1456 1741 1637 1765 δωιυιιι
1697 1741 1950 1760 ramum.
1996 1741 2137 1758 συηη

632 1741 753 1847 ῗνιω
791 1808 854 1845 ea:
878 1790 1051 1859 Bytho
1073 1796 1122 1841 et
1156 1785 1298 1859 Sige,
1318 1784 1449 1859 ideo
1481 1781 1790 1859 Monggenes
1820 1776 2137 1856 appellatus.

632 1846 811 1934 togas
843 1846 1039 1934 autern,
1062 1858 1201 1928 quod
1221 1846 1495 1934 'a’Bytho‘
1520 1864 1569 1905 et
1606 1846 1727 1919 Sige
1764 1865 1867 1934 ηριι
1905 1857 2058 1934 esset,
2085 1846 2143 1897 in

633 1915 1106 1987 deihinorationent
1141 1936 1319 1986 natus,
1352 1915 1401 1977 Et
1422 1922 1567 1975 onn
1594 1915 1759 1974 aecus
1788 1918 1911 1986 fuit.
1948 1915 2143 1969 ϐοηθο-

2226 732 2291 770 ex
2320 730 2430 784 quo
2462 711 2639 766 Eone
2679 710 2915 764 emissus
2960 707 3031 761 sit
3079 705 3282 775 Logus,
3317 702 3519 755 diserte
3551 699 3795 752 docetur.

2228 805 2409 862 Unum
2437 820 2503 859 ex
2532 802 2619 857 his
2645 801 2785 870 apud
2810 798 3095 863 Irenaeum,
3127 797 3359 850 alterum
3390 790 3530 861 apud
3560 789 3800 858 Epipha-

2228 899 2381 952 nium
2420 905 2601 950 exstat
2632 913 2644 948 :
2679 895 2732 947 in
2764 893 2944 962 priore
2966 889 3145 958 Logus
3188 894 3272 940 est
3300 900 3363 940 ex
3402 883 3601 944 Arche,
3631 880 3683 933 id
3721 886 3806 933 est

2229 992 2335 1057 Nu,
2368 1006 2459 1045 scu
2503 988 2823 1057 Monogene,
2862 993 2916 1037 et
2949 980 3227 1043 Alethcia;
3274 964 3327 1031 in
3361 974 3680 1045 posteriore,
3712 983 3808 1025 aut

2233 1099 2301 1138 ex
2354 1081 2571 1145 iisdem,
2606 1074 2975 1132 mediantibus
3004 1072 3289 1138 Anthropo
3332 1076 3386 1121 et
3427 1064 3689 1127 Ecclesia,
3714 1068 3811 1114 aut

2232 1191 2299 1229 ex
2346 1172 2627 1240 Anthropo
2681 1177 2735 1223 et
2788 1164 3070 1221 Ecclesia:
3099 1163 3153 1215 in
3198 1168 3392 1213 neutro
3432 1172 3499 1211 ex
3540 1154 3715 1225 Bytho
3757 1160 3813 1206 et

2237 1264 2363 1335 Sige
2390 1263 2624 1317 emissus
2666 1274 2787 1314 esse
2820 1257 3039 1312 dicitur.
3072 1253 3347 1317 Secundo,
3391 1248 3661 1303 sententia
3700 1244 3812 1300 Va-

2237 1354 2665 1410 lcntinianorum
2702 1349 2915 1419 prolixe
2954 1346 3248 1415 exponitur
3290 1344 3359 1396 ab
3403 1340 3609 1394 Irenaeo
3648 1338 3743 1391 lib.
3776 1354 3817 1402 ι,

2238 1460 2357 1512 cap.
2410 1442 2462 1507 1,
2504 1452 2560 1495 et
2601 1440 2875 1495 Valentini
2929 1437 3105 1505 ipsius
3147 1434 3421 1504 praecipue
3460 1446 3583 1499 cap.
3622 1430 3677 1495 5,
3718 1428 3818 1482 sed

2240 1536 2433 1590 nullibi
2481 1533 2716 1587 lrenmus
2763 1530 3014 1586 meminit
3050 1526 3181 1593 Logi
3214 1542 3243 1579 a
3274 1524 3398 1595 Sige
3438 1522 3668 1593 prolati;
3704 1534 3821 1573 non

2241 1635 2365 1694 post
2395 1638 2520 1679 eum
2550 1621 2940 1685 Tertullianus,
2970 1633 3080 1672 non
3128 1614 3492 1685 Epiphanius,
3520 1620 3614 1665 aut
3642 1609 3825 1663 Phila-

2243 1715 2434 1781 strius,
2474 1712 2835 1782 Augustinus,
2866 1709 3260 1772 Theodoretus,
3290 1721 3399 1759 non
3445 1718 3637 1759 eorum
3664 1703 3823 1771 quis-

2244 1820 2405 1875 quam
2438 1803 2531 1873 qui
2559 1803 2625 1857 de
2658 1799 2929 1855 industria
2958 1796 3229 1851 Valentini
3271 1792 3526 1848 delirium
3553 1804 3830 1860 exposue-

2245 1904 2392 1949 runt.
2439 1894 2705 1948 Praeterea
2733 1892 2838 1947 hoc
2869 1889 3074 1945 dictum
3108 1901 3392 1956 nunquam
3428 1900 3457 1937 a
3484 1881 3831 1936 Valentinia-

633 2005 776 2071 logia
804 2002 1105 2071 ίΕοηιιτηέι
1140 1974 1416 2071 βιοτιάίείιρ
1443 2007 1715 2071 pernegat
1745 1974 2142 2071 réprwserzlatg.
2178 2002 2219 2055 Β
2249 1988 2334 2042 nis
2359 1987 2443 2041 vel
2472 1987 2595 2041 inde
2629 1994 2793 2055 patet,
2815 1985 2943 2053 quia
2990 1981 3099 2035 dici
3128 1981 3182 2033 in
3207 1978 3395 2033 schola
3419 1974 3692 2029 Valentini
3721 1988 3834 2026 non

636 2056 1021 2143 Fragmentum
1052 2066 1412 2143 velentiniqni
1436 2056 1576 2143 apud
1602 2059 1955 2143 Epiphaniam
1979 2056 2146 2137 arpli-

637 2129 812 2198 catu‘r.
857 2141 1024 2195 Locus
1079 2136 1269 2206 Cyrilli
1322 2129 1792 2206 Hierosolymitani
1839 2129 2144 2206 discutitnr.

637 2197 835 2268 Dallwi
877 2197 1147 2265 distinctio
1192 2208 1252 2259 de
1293 2206 1525 2258 mediata
1565 2197 1613 2255 et
1659 2197 2149 2268 immediata__cdu-

638 2266 809 2339 ctione
830 2282 1154 2351 exploditur.
1188 2274 1579 2351 Verbqlgnatii
1603 2269 1950 2351 cnntpl‘qcitis
1966 2266 2152 2351 Vellen-

764 2337 906 2406 male
923 2358 1325 2419 componuntur.
1342 2337 1681 2419 Ar'gttnwntis
1700 2340 1890 2419 υᾳιιιεὶ
1907 2337 2149 2419 omnibus

638 2423 1006 2497 particulqtim
1023 2410 1436 2497 n'respoudeturf
1467 2413 1705 2494 (.u'enuina
1742 2410 2153 2497 Ignoatiartorum

638 2479 926 2563 explicatio
946 2479 1529 2544 redditnr.Adversario
1539 2500 1653 2536 rum
1670 2480 1929 2549 expositio
1945 2479 2154 2531 detorta

645 2564 965 2621 ostenditur.

647 2675 897 2729 Stabilita
930 2672 1104 2743 prima
1137 2667 1464 2728 assertione,
1498 2662 1750 2733 sequitur
1798 2658 2029 2715 assertio
2068 2671 2155 2710 se-

574 2770 777 2832 cunda,
810 2767 1019 2823 scilicet
1052 2764 1212 2817 verba
1245 2762 1360 2831 ipsa
1391 2760 1490 2811 οὐκ
1523 2757 1631 2809 ἀπὸ
1666 2754 1824 2823 σιγῆς
1858 2747 2155 2823 προελθών,

576 2875 640 2919 ut
670 2870 798 2919 sunt
840 2860 909 2914 ab
951 2867 1175 2912 auctore
1205 2852 1450 2923 epistola“:
1492 2850 1559 2902 ad
1589 2846 1897 2917 Magnesios
1927 2841 2159 2912 prolata,

578 2957 650 3012 ad
685 2952 1033 3010 Valentinum
1066 2948 1291 3002 omnino
1325 2959 1432 2999 non
1458 2950 1727 3011 spectare,
1767 2950 1869 2990 nec
1895 2935 2015 2989 sine
2045 2932 2163 2985 vio-

577 3051 728 3105 lenta
773 3043 1090 3102 detorsione
1137 3040 1205 3093 ad
1246 3037 1369 3108 ejus
1410 3033 1645 3089 haeresin
1692 3026 2069 3097 exponendam
2111 3032 2165 3076 et

582 3136 1006 3210 oppugnandam
1058 3131 1323 3203 applicari
1371 3141 1553 3197 posse.
1607 3121 1667 3176 Si
1699 3121 1846 3175 enim
1889 3114 2165 3169 Valentini

582 3232 837 3287 delirium
878 3228 945 3282 de
979 3225 1276 3279 emissione
1318 3219 1474 3289 Logi,
1505 3223 1697 3271 auctor
1726 3209 1972 3280 epistolae
2002 3205 2167 3260 ferire

582 3324 869 3389 voluisset,
902 3329 956 3375 et
986 3319 1161 3372 tribus
1192 3324 1404 3370 tantum
1430 3310 1610 3366 verbis
1640 3307 1692 3361 id
1718 3304 1897 3359 facere
1925 3300 2165 3369 cogitas-

584 3427 688 3485 set,
730 3417 908 3485 iisque
940 3412 1188 3483 negative
1219 3408 1433 3478 positis,
1462 3414 1516 3459 et
1539 3402 1714 3456 obiter
1742 3394 2015 3458 adductis,
2035 3393 2166 3446 dum

587 3519 781 3565 contra
813 3508 950 3562 alios
974 3516 1028 3561 et
1063 3504 1300 3558 maxime
1334 3498 1618 3569 oppositos
1665 3491 1951 3548 haereticos
1982 3486 2171 3555 dispu-

585 3612 753 3669 taret,
785 3610 975 3657 contra
1022 3613 1161 3667 quos
1192 3594 1384 3650 eadem
1429 3590 1595 3645 verba
1639 3601 1750 3641 non
1786 3585 1971 3639 minus
2002 3594 2168 3651 quam

588 3697 855 3752 adversus
902 3690 1257 3746 Valentinum
1306 3685 1581 3749 facerent;
1631 3679 1749 3735 lieri
1793 3677 2020 3733 omnino
2061 3688 2170 3727 non

587 3790 788 3861 potuit,
816 3786 923 3842 nisi
970 3783 1101 3838 illud
1152 3782 1333 3851 ipsum
1367 3778 1570 3832 diserte
1609 3779 1852 3843 negaret,
1888 3767 2035 3839 quod
2064 3764 2175 3819 Va-

589 3883 833 3938 lentinus
855 3879 1000 3935 clare
1023 3893 1084 3931 ac
1110 3874 1337 3928 totidem
1361 3870 1544 3924 verbis
1573 3872 1905 3921 asseruerat.
1941 3860 2177 3914 Senten-

590 3976 668 4029 tia
693 3973 841 4029 enim
878 3969 1127 4039 negativa
1157 3964 1293 4020 nihil
1329 3962 1475 4017 aliud
1515 3959 1679 4013 ferire
1708 3962 1922 4025 potest,
1943 3950 2054 4004 nisi
2081 3963 2177 4017 0p-

590 4066 830 4137 positam
881 4059 1331 4121 allirmationem;
1370 4064 1452 4119 ut,
1498 4053 1543 4106 si
1594 4050 1716 4119 quis
1750 4054 1908 4117 neget
1934 4045 1989 4097 id
2032 4039 2179 4111 quod

593 4158 688 4213 ille
738 4168 1019 4224 nunquam
1065 4146 1375 4210 ailirmavit,
1411 4144 1533 4212 ejus
1572 4138 1786 4210 negatio
1826 4133 2179 4189 Valentinum

595 4250 805 4304 directe
849 4222 960 4299 non
1002 4242 1183 4297 feriat.
1232 4238 1359 4292 llaec
1408 4235 1544 4288 adeo
1586 4239 1735 4285 certa
1791 4235 1941 4289 sunt,
1985 4233 2044 4277 ut
2093 4222 2182 4275 hic

598 4344 782 4412 ipsum
815 4338 1076 4392 Dallzeum
1107 4333 1406 4387 habeamus
1433 4325 1803 4379 confitentem.
1841 4339 1858 4369 ς
1890 4316 2004 4385 Ego
2030 4328 2179 4378 vero,

598 4433 801 4501 inquit,
829 4425 1136 4498 respondeo
1167 4423 1325 4493 plane
1348 4430 1573 4472 necesse
1600 4427 1723 4468 esse
1751 4418 1809 4464 ut
1837 4410 1905 4472 is,
1938 4407 2003 4460 ad
2021 4420 2183 4475 quem

554 4558 557 4559 ν
600 4524 839 4594 scriptor
894 4516 1236 4588 respexerit,
1276 4508 1528 4582 quisquis
1574 4506 1665 4560 ille
1708 4504 1777 4557 de
1835 4509 2033 4555 caetero
2083 4496 2183 4561 sit,

602 4590 880 4673 lloccerte
903 4610 1149 4667 docuerit
1169 4631 1179 4661 ;
1197 4606 1290 4659 τὸν
1314 4603 1485 4671 Λόγον
1510 4599 1617 4654 ἀπὸ
1649 4596 1815 4666 Σιγῆς
1846 4590 2180 4664 προελθεῖν.»

2248 2079 2444 2151 potuit.
2478 2077 2558 2131 Ex
2594 2078 2713 2148 ejus
2739 2078 2882 2131 enim
2915 2073 3165 2129 doctrina
3196 2070 3340 2125 [Eon
3376 2086 3407 2124 a
3442 2069 3570 2138 Sige
3598 2066 3837 2120 emissus

2250 2175 2394 2231 intra
2424 2175 2657 2244 primam
2684 2171 3029 2242 quadrigam,
3071 2182 3237 2238 quam
3288 2160 3698 2235 primordialem
3747 2167 3833 2212 te-

2251 2277 2465 2339 tractyn
2497 2276 2551 2321 et
2585 2264 2956 2319 autenthicam
3001 2258 3388 2323 nominabant,
3428 2253 3840 2318 continebatur,

2254 2374 2285 2413 a
2313 2374 2421 2428 qua
2456 2356 2640 2426 Logus
2662 2355 2920 2409 exclusus
2947 2362 3048 2407 est.
3078 2350 3221 2405 lEon
3249 2358 3429 2403 autem
3460 2346 3549 2400 ille
3571 2361 3636 2400 ex
3667 2343 3843 2415 Bytho

2254 2460 2310 2507 et
2340 2449 2466 2520 Sige
2512 2458 2834 2518 prognatus,
2865 2446 3068 2499 virtute
3120 2459 3235 2499 sua:
3276 2438 3644 2512 generationis
3686 2451 3845 2491 eom-

2256 2542 2557 2601 municavit
2593 2556 2717 2595 cum
2762 2538 2924 2593 Patre
2965 2551 3223 2606 supremo
3252 2553 3265 2588 :
3299 2534 3377 2587 illi
3412 2531 3619 2603 Bythus
3650 2530 3846 2597 cogni-

2258 2642 2348 2687 tus
2388 2632 2509 2697 fuit,
2547 2630 2771 2700 reliquis
2822 2643 2931 2682 non
2977 2628 3128 2680 item.
3178 2625 3256 2679 lta
3300 2623 3540 2677 lrenazus
3567 2639 3580 2673 :
3606 2619 3710 2672 Τὸν
3751 2619 3849 2689 μὲν

2260 2720 2352 2777 οὖν
2402 2723 2727 2794 προπάτορα
2774 2717 3138 2787 γινώσκεσθαι
3195 2718 3341 2787 μόνῳ
3389 2714 3609 2782 λέγουσι
3658 2710 3741 2781 τῷ
3794 2710 3853 2774 ἐξ

2262 2815 2425 2870 αὐτοῦ
2474 2814 2720 2883 γεγονότι
2768 2813 3074 2881 μονογενεῖ,
3104 2809 3353 2863 τουτέστι
3385 2805 3464 2876 τῷ
3498 2804 3612 2874 Νῷ,
3648 2806 3767 2865 τοῖς
3799 2801 3853 2853 δὲ

2261 2910 2467 2971 λοιποῖς
2511 2908 2677 2959 πᾶσιν
2725 2906 2956 2977 ἀόρατον
2990 2903 3083 2954 καὶ
3130 2900 3522 2970 ἀκατάληπτον
3563 2896 3854 2965 ὑπάρχειν.

2272 3020 2290 3051 ι
2324 3000 2388 3053 Ει
2432 3007 2778 3068 propatorem
2808 2996 3029 3065 quidem
3063 3008 3253 3048 eorum
3299 2989 3585 3060 cognitum
3635 2986 3741 3039 soli
3779 2982 3858 3037 di-

2268 3101 2399 3146 cunt
2423 3091 2495 3157 ei,
2521 3089 2615 3159 qui
2635 3104 2702 3142 ex
2733 3104 2798 3141 eo
2828 3096 2989 3141 natus
3017 3094 3102 3140 est
3130 3082 3442 3151 Monogeni,
3474 3079 3581 3132 hoc
3616 3086 3701 3132 est
3739 3073 3857 3129 No:

2269 3183 2497 3252 reliquis
2522 3197 2651 3235 vero
2679 3178 2936 3233 omnibus
2968 3176 3304 3231 invisibilem
3335 3183 3392 3227 et
3431 3170 3861 3240 incomprehen-

2274 3276 2487 3333 sibilcm
2522 3290 2665 3329 esse.
2692 3292 2710 3324 ι
2744 3271 2859 3327 Nus
2908 3272 3073 3339 igitur
3114 3268 3465 3338 Monogenes,
3509 3264 3626 3318 sive
3666 3262 3864 3329 unige-

2273 3368 2421 3423 nitus
2464 3366 2644 3420 dictus
2674 3371 2778 3429 est,
2814 3362 2963 3431 quod
3000 3360 3091 3413 ille
3124 3358 3277 3413 solus
3318 3371 3382 3410 ex
3426 3354 3602 3426 Bytho
3635 3360 3690 3406 et
3735 3350 3865 3420 Sige

2275 3469 2436 3513 natus
2460 3466 2562 3512 est.
2613 3454 2769 3510 Unde
2798 3453 3172 3508 Tertullianus
3199 3447 3342 3501 Νοῦν
3369 3455 3529 3502 vocat
3569 3445 3727 3498 illum
3763 3442 3867 3498 Va-

2264 3550 2469 3627 .lentini
2510 3548 2868 3617 Monogenem
2903 3560 2970 3598 ex
3007 3549 3163 3613 patre
3188 3540 3363 3610 Bytho
3396 3547 3452 3592 et
3482 3544 3657 3590 matre
3689 3532 3863 3603 Sige:

2276 3652 2330 3701 et
2363 3641 2613 3713 quamvis
2640 3636 2881 3707 excipiat
2908 3650 3099 3689 contra
3129 3648 3329 3686 nomen
3363 3626 3705 3697 Monogenis,
3733 3622 3869 3678 illud

2277 3748 2459 3793 tamen
2504 3733 2633 3787 facit
2670 3745 2777 3784 non
2825 3735 3078 3797 respectu
3130 3724 3284 3793 Logi,
3328 3729 3424 3776 aut
3468 3717 3696 3773 alterius
3748 3723 3872 3785 post

2279 3830 2487 3900 Legum
2518 3826 2733 3890 IEonis,
2763 3821 2855 3877 sed
2882 3820 3141 3874 Aletheiae
3162 3826 3395 3879 tantum,
3424 3826 3545 3882 quae
3571 3826 3639 3863 ex
3669 3809 3871 3863 iisdem

2279 3922 2601 3995 parentibus
2629 3927 2746 3972 orta
2777 3924 2877 3969 est.
2918 3932 2935 3963 ‹
2960 3911 3037 3964 lta
3061 3921 3113 3966 et
3147 3910 3283 3979 ipse,
3315 3905 3511 3977 inquit,
3542 3901 3704 3956 Pater
3731 3899 3872 3954 diei-

2285 3991 2372 4072 tur
2394 4027 2447 4070 et
2467 4013 2682 4068 initium
2703 4007 2971 4070 omnium,
2993 4014 3047 4059 et
3075 4000 3291 4072 proprie
3318 3997 3667 4067 Monogenes.
3700 3991 3875 4061 Atqui

2283 4124 2394 4163 non
2420 4105 2660 4177 proprie,
2692 4101 2821 4171 quia
2854 4112 2961 4153 non
3000 4096 3152 4151 solus
3177 4091 3528 4162 agnoscitur;
3564 4100 3692 4139 nam
3747 4097 3875 4137 cum

2285 4204 2379 4258 illo
2423 4197 2690 4271 processit
2724 4206 2779 4250 et
2827 4191 3031 4246 femina
3078 4186 3301 4241 veritas.
3350 4181 3699 4250 Monogencs,
3745 4176 3877 4246 quia

2286 4296 2438 4365 prior
2468 4291 2707 4363 genitus,
2746 4293 2954 4356 quanto
2986 4276 3381 4350 congruentius
3410 4273 3748 4341 Protogenes
3780 4282 3880 4320 voc

2287 4385 2538 4443 caretur?
2562 4404 2580 4435 ι
2606 4383 2875 4451 Respectu
2899 4376 3180 4438 Alelheiae,
3206 4371 3417 4426 scilicet
3439 4382 3559 4438 qua:
3577 4374 3699 4435 post
3720 4377 3877 4427 eum,

2289 4482 2383 4535 sed
2413 4496 2475 4533 ex
2511 4477 2703 4532 iisdem
2740 4472 2914 4543 Bytho
2943 4479 2997 4525 et
3028 4467 3156 4537 Sige
3191 4462 3491 4535 processit;
3527 4459 3745 4512 ratione
3776 4472 3881 4509 au-

2290 4585 2400 4631 tem
2438 4572 2506 4627 ad
2549 4570 2793 4639 reliquos
2827 4564 3033 4619 IEones
3068 4559 3254 4613 habita
3288 4554 3509 4626 proprie
3536 4550 3880 4618 Monogenes

602 4649 708 4673 ιιυι
732 4649 880 4671 υῦιιυ
903 4649 1385 4667 υυυυνιιυ--ν---ν
1433 4649 1477 4654 ν-
1514 4649 1610 4654 --νη
1653 4649 1737 4665 ἢν,
1773 4649 1812 4666 ⁸,
1894 4649 1905 4664 ι

601 4711 747 4778 Quid
782 4714 943 4778 neget
968 4703 1209 4775 lgnatius
1234 4649 1588 4769 perspicuum
1616 4700 1699 4747 est
1723 4706 1791 4745 ex
1823 4702 1889 4743 eo
1918 4683 2063 4756 quod
2107 4680 2188 4735 af-
2219 4690 2263 4744 ι)
2292 4667 2596 4728 dicebatur,
2615 4660 2761 4731 quod
2785 4658 2938 4713 solus
2971 4654 3078 4719 ille,
3105 4649 3441 4778 rcliqufprum
3473 4651 3655 4698 autem
3687 4655 3882 4778 110111;),

1967 4776 2016 4778 -γ
2048 4776 2055 4778 Α
2144 4774 2154 4778 -
2305 4777 2309 4778 ν
2394 4757 2562 4778 n__.|-..
2601 4763 2646 4778 Α.
2684 4751 2809 4778 cz..-
2853 4757 3012 4778 unum
3058 4751 3201 4778 occat
3315 4737 3405 4778 Illn
3453 4734 3616 4778 aliam
3659 4733 3769 4778 lmn

601 4774 819 4865 firmat;
855 4774 1089 4851 afﬁrmat
1131 4791 1301 4858 Λόγον
1345 4802 1466 4843 esse
1495 4784 1688 4847 ἀΐδιον,
1718 4788 1911 4836 contra
1962 4774 2188 4830 Ebioni-

604 4907 711 4961 tas,
744 4898 909 4963 negat
952 4887 1060 4943 ἀπὸ
1096 4883 1255 4954 σιγῆς
1290 4876 1593 4953 προελθεῖν.
1644 4873 1703 4928 Si
1738 4867 2013 4925 Valentini
2053 4865 2190 4921 deli-

604 4986 754 5039 rium
795 4961 852 5035 in
883 4977 1071 5033 animo
1113 4973 1307 5029 habuit
1343 4979 1535 5025 notare
1574 4975 1628 5021 et
1666 4961 1937 5025 refellere,
1972 4962 2190 5027 oportet

606 5084 756 5130 certe
769 5089 801 5127 a
821 5068 1113 5143 Valentino
1132 5064 1338 5119 dictum
1360 5070 1414 5117 et
1434 5066 1703 5115 assertum
1721 5068 1863 5119 esse,
1888 5051 2058 5118 Λόγον
2083 5046 2190 5099 ἀπὸ

607 5164 779 5234 Σιγῆς
812 5140 1119 5233 προελθεῖν.
1155 5155 1270 5211 Hoc
1322 5161 1505 5207 autem
1558 5160 1803 5217 unquam
1845 5142 2048 5197 diserte
2085 5137 2189 5190 (ιο-

610 5225 795 5313 cuisse
820 5225 1171 5307 Valentinum
1208 5260 1368 5315 nego.
1422 5241 1480 5296 Si
1514 5240 1818 5310 fragmenta
1853 5230 2037 5287 omnia
2083 5225 2192 5279 Va-

611 5345 1039 5403 lentinianorum
1081 5339 1348 5402 excutias,
1387 5334 1433 5391 si
1475 5330 1845 5401 expositiones
1879 5335 2072 5379 omnes
2100 5333 2185 5373 eo-

612 5458 738 5497 rum
784 5439 1063 5496 sententiae
1100 5435 1339 5496 evolvas,
1380 5432 1427 5487 si
1457 5429 1673 5499 objecta
1707 5440 1738 5478 a
1780 5421 1880 5477 SS.
1910 5416 2191 5478 Patribus,

615 5533 890 5589 Valentini
918 5529 1148 5586 haeresin
1172 5543 1238 5582 ex
1267 5522 1516 5596 professo
1538 5529 1593 5575 et
1624 5518 1746 5573 fuse
1767 5507 2192 5583 exponentibus,

617 5628 831 5699 singula
858 5638 1167 5696 percurras,
1197 5632 1480 5687 nunquam
1508 5615 1611 5667 hoc
1634 5611 1718 5664 vel
1758 5610 1826 5662 ab
1862 5604 1997 5674 ipsis
2020 5602 2193 5654 hatre-

617 5694 744 5776 ticis
771 5694 1059 5786 scriptum,
1096 5713 1181 5767 vel
1209 5711 1349 5779 apud
1379 5709 1504 5763 illos
1529 5704 1722 5758 Patres
1752 5698 2063 5771 expositum
2099 5694 2197 5748 aut

600 5810 892 5879 ‘objectum
925 5805 1186 5875 reperies.

691 5878 829 5955 Nam
865 5899 1042 5968 primo
1076 5910 1185 5948 non
1220 5890 1489 5962 reperitur
1526 5887 1649 5942 talis
1692 5880 2007 5957 genealogia
2043 5880 2098 5933 in
2130 5878 2198 5932 iis

620 5992 940 6065 fragmentis
996 5984 1527 6050 Valentinianorum,
1582 5995 1703 6049 qua:
1759 5976 2056 6031 etiamnum
2107 5987 2185 6026 ex-

2291 4777 2359 4816 ex
2394 4757 2567 4829 Bytho
2598 4730 2653 4809 et
2684 4751 2810 4822 Sige
2853 4757 3017 4803 natus
3057 4751 3223 4798 esset.
3263 4737 3407 4805 Quin
3453 4734 3617 4789 etiam
3659 4733 3769 4786 hoc
3805 4730 3884 4783 illi

2292 4824 2584 4919 blonogeni
2615 4845 2751 4900 adeo
2798 4837 3082 4911 proprium
3114 4843 3169 4889 et
3209 4830 3483 4902 peculiare
3528 4826 3655 4891 fuit,
3700 4839 3762 4878 ut
3807 4824 3886 4875 illi

2291 4959 2404 5016 prae
2443 4940 2700 4997 omnibus
2742 4935 2865 4990 aliis
2911 4929 3185 4986 Eonibus
3214 4923 3413 4980 exinde
3443 4918 3682 4974 maxima
3714 4915 3889 4987 privi-

2294 5010 2434 5106 legia
2490 5030 2842 5088 accesserint.
2892 5024 3100 5094 Bythus
3146 5019 3224 5073 illi
3275 5016 3400 5081 soli,
3444 5011 3593 5095 quod
3642 5010 3713 5064 ab
3762 5010 3893 5077 ipso

2294 5092 2459 5183 natus
2495 5132 2661 5187 esset,
2688 5128 2854 5175 notus
2886 5092 3009 5171 fuit.
3062 5113 3265 5181 Logus,
3292 5115 3481 5177 utpote
3508 5092 3604 5174 qui
3640 5103 3711 5157 ab
3764 5103 3890 5171 ipso

2294 5235 2407 5275 non
2439 5217 2677 5272 emissus
2719 5221 2823 5277 est,
2849 5219 2909 5265 ut
2937 5223 3037 5263 nec
3060 5222 3092 5261 a
3119 5205 3265 5276 Sige,
3297 5201 3601 5270 PrOpatora
3646 5213 3759 5253 non
3794 5212 3893 5251 co-

2296 5312 2505 5385 gnovit,
2527 5310 2650 5362 ideo
2671 5305 2799 5377 quia
2828 5304 2897 5357 ab
2923 5301 3042 5372 ipso
3071 5306 3234 5353 natus
3260 5311 3369 5349 non
3404 5303 3490 5349 est
3513 5312 3527 5347 :
3549 5301 3894 5363 quapropter

2297 5382 2477 5460 camus
2522 5400 2667 5457 Eon
2716 5399 2898 5452 dictus
2946 5402 3052 5458 est,
3082 5391 3263 5463 qualis
3295 5405 3325 5444 a
3359 5386 3486 5457 Sige
3516 5384 3692 5441 emitti
3722 5382 3894 5454 Bythi

2300 5496 2519 5566 σνζύγῳ
2552 5510 2662 5548 non
2689 5491 2888 5562 potuit.
2924 5488 3183 5550 lrcnzeus,
3228 5482 3323 5536 lib.
3356 5497 3419 5546 ll,
3447 5494 3569 5548 cap.
3599 5476 3706 5531 48:
3742 5494 3760 5524 ι
3797 5474 3892 5527 Si-

2300 5591 2503 5646 militer
2521 5597 2703 5642 autem
2729 5598 2924 5639 rursus
2953 5589 3007 5635 et
3025 5580 3092 5634 de
3113 5576 3263 5647 Logo
3285 5573 3499 5628 tertiam
3524 5567 3895 5639 prolationem

2301 5685 2353 5738 ei
2385 5699 2416 5736 a
2472 5681 2632 5734 Patre
2667 5678 2900 5739 donans,
2950 5673 3094 5728 unde
3122 5680 3177 5725 et
3208 5669 3423 5738 ignorat
3454 5658 3894 5734 magnitudinem

2300 5776 2476 5847 ejus.»
2512 5771 2906 5833 Tertullianus,
2934 5780 3053 5834 cap.
3086 5763 3153 5818 9:
3194 5779 3213 5811 σ
3244 5758 3351 5813 Sed
3399 5765 3455 5810 et
3496 5756 3600 5810 hoc
3637 5750 3900 5819 exceptio

2302 5880 2665 5940 personarum
2705 5872 2807 5929 est,
2851 5858 2997 5931 quod
3044 5856 3195 5912 solus
3240 5853 3330 5906 ille
3364 5848 3481 5903 Nus
3516 5863 3583 5902 ex
3624 5844 3899 5900 omnibus

2305 5961 2558 6021 immensi
2611 5957 2792 6014 Patris
2824 5954 3023 6011 fruitur
3061 5949 3315 6013 notione,
3346 5943 3589 6016 gaudens
3617 5948 3667 5997 et
3699 5935 3903 5993 exsul-
