  <div class='ocr_page' id='page_1' title='image "/cluster/home/n/w/nwhite01/storage/ocr_20150623/5/coo.31924054872845/162.png"; bbox 0 0 4078 6454; ppageno 0'>
   <div class='ocr_carea' id='block_1_1' title="bbox 347 375 1907 443">
    <p class='ocr_par' dir='ltr' id='par_1_1' title="bbox 347 383 1907 443">
     <span class='ocr_line' id='line_1_1' title="bbox 347 383 1907 443; baseline 0 0"><span class='ocrx_word' id='word_1_1' title='bbox 347 388 458 443; x_wconf 73' lang='lat'><strong>309</strong></span> <span class='ocrx_word' id='word_1_2' title='bbox 1106 384 1156 439; x_wconf 83' lang='lat' dir='ltr'><strong>J.</strong></span> <span class='ocrx_word' id='word_1_3' title='bbox 1192 383 1560 441; x_wconf 82' lang='lat' dir='ltr'><strong>PEARSONH</strong></span> <span class='ocrx_word' id='word_1_4' title='bbox 1595 383 1907 443; x_wconf 67' lang='lat' dir='ltr'><strong>\ilNDlClﬂi</strong></span> 
     </span>
    </p>
   </div>
   <div class='ocr_carea' id='block_1_2' title="bbox 2008 375 3611 443">
    <p class='ocr_par' dir='ltr' id='par_1_2' title="bbox 2008 375 3611 441">
     <span class='ocr_line' id='line_1_2' title="bbox 2008 375 3611 441; baseline -0.008 0"><span class='ocrx_word' id='word_1_5' title='bbox 2008 382 2388 441; x_wconf 67' lang='grc' dir='ltr'><strong>ΞΝΑΤΙΑΝᾸΞ.</strong></span> <span class='ocrx_word' id='word_1_6' title='bbox 2431 416 2496 425; x_wconf 89' lang='lat'><strong>-—</strong></span> <span class='ocrx_word' id='word_1_7' title='bbox 2522 380 2704 438; x_wconf 78' lang='lat' dir='ltr'><strong>BARS</strong></span> <span class='ocrx_word' id='word_1_8' title='bbox 2739 379 2804 436; x_wconf 91' lang='lat' dir='ltr'><strong>ll.</strong></span> <span class='ocrx_word' id='word_1_9' title='bbox 3508 375 3611 429; x_wconf 75' lang='grc'><strong>510</strong></span> 
     </span>
    </p>
   </div>
   <div class='ocr_carea' id='block_1_3' title="bbox 344 500 3624 578">
    <p class='ocr_par' dir='ltr' id='par_1_3' title="bbox 344 500 3624 578">
     <span class='ocr_line' id='line_1_3' title="bbox 344 500 3624 578; baseline 0.001 -21"><span class='ocrx_word' id='word_1_10' title='bbox 344 511 494 567; x_wconf 80' lang='lat' dir='ltr'><strong>tans,</strong></span> <span class='ocrx_word' id='word_1_11' title='bbox 527 500 630 558; x_wconf 82' lang='lat' dir='ltr'><strong>illis</strong></span> <span class='ocrx_word' id='word_1_12' title='bbox 658 500 857 573; x_wconf 88' lang='lat' dir='ltr'><strong>utique</strong></span> <span class='ocrx_word' id='word_1_13' title='bbox 884 504 1265 560; x_wconf 64' lang='lat' dir='ltr'><strong>merentibus.</strong></span> <span class='ocrx_word' id='word_1_14' title='bbox 1289 525 1307 557; x_wconf 72' lang='grc' dir='ltr'><strong>ι</strong></span> <span class='ocrx_word' id='word_1_15' title='bbox 1330 504 1435 572; x_wconf 84' lang='lat' dir='ltr'><strong>Qui</strong></span> <span class='ocrx_word' id='word_1_16' title='bbox 1465 522 1495 560; x_wconf 90' lang='lat' dir='ltr'><strong>a</strong></span> <span class='ocrx_word' id='word_1_17' title='bbox 1526 505 1699 578; x_wconf 82' lang='lat' dir='ltr'><strong>Bythn</strong></span> <span class='ocrx_word' id='word_1_18' title='bbox 1725 515 1779 561; x_wconf 84' lang='lat' dir='ltr'><strong>et</strong></span> <span class='ocrx_word' id='word_1_19' title='bbox 1800 505 1924 576; x_wconf 87' lang='lat' dir='ltr'><strong>Sige</strong></span> <span class='ocrx_word' id='word_1_20' title='bbox 1951 520 1999 577; x_wconf 78' lang='grc' dir='ltr'><strong>Α</strong></span> <span class='ocrx_word' id='word_1_21' title='bbox 2035 504 2319 572; x_wconf 85' lang='lat' dir='ltr'><strong>magistro,</strong></span> <span class='ocrx_word' id='word_1_22' title='bbox 2348 511 2463 558; x_wconf 92' lang='lat' dir='ltr'><strong>tum</strong></span> <span class='ocrx_word' id='word_1_23' title='bbox 2493 519 2524 559; x_wconf 89' lang='lat' dir='ltr'><strong>a</strong></span> <span class='ocrx_word' id='word_1_24' title='bbox 2552 505 2747 574; x_wconf 90' lang='lat' dir='ltr'><strong>seipsis</strong></span> <span class='ocrx_word' id='word_1_25' title='bbox 2772 516 2914 575; x_wconf 71' lang='lat' dir='ltr'><strong>szepe</strong></span> <span class='ocrx_word' id='word_1_26' title='bbox 2942 503 3274 561; x_wconf 77' lang='lat' dir='ltr'><strong>dissensisse</strong></span> <span class='ocrx_word' id='word_1_27' title='bbox 3303 518 3493 562; x_wconf 92' lang='lat' dir='ltr'><strong>omnes</strong></span> <span class='ocrx_word' id='word_1_28' title='bbox 3525 524 3624 561; x_wconf 88' lang='lat' dir='ltr'><strong>no-</strong></span> 
     </span>
    </p>
   </div>
   <div class='ocr_carea' id='block_1_4' title="bbox 338 592 3623 669">
    <p class='ocr_par' dir='ltr' id='par_1_4' title="bbox 338 592 3623 669">
     <span class='ocr_line' id='line_1_4' title="bbox 338 592 3623 669; baseline 0.002 -24"><span class='ocrx_word' id='word_1_29' title='bbox 338 598 581 651; x_wconf 79' lang='lat' dir='ltr'><strong>emissus</strong></span> <span class='ocrx_word' id='word_1_30' title='bbox 624 599 729 661; x_wconf 79' lang='lat' dir='ltr'><strong>est,</strong></span> <span class='ocrx_word' id='word_1_31' title='bbox 778 597 889 667; x_wconf 77' lang='lat' dir='ltr'><strong>ipsi</strong></span> <span class='ocrx_word' id='word_1_32' title='bbox 939 596 1116 668; x_wconf 69' lang='lat' dir='ltr'><strong>Bytho</strong></span> <span class='ocrx_word' id='word_1_33' title='bbox 1160 599 1355 654; x_wconf 74' lang='lat' dir='ltr'><strong>similis</strong></span> <span class='ocrx_word' id='word_1_34' title='bbox 1406 609 1461 653; x_wconf 72' lang='grc' dir='ltr'>ει</span> <span class='ocrx_word' id='word_1_35' title='bbox 1502 601 1729 669; x_wconf 65' lang='lat' dir='ltr'><strong>mqualis</strong></span> <span class='ocrx_word' id='word_1_36' title='bbox 1788 599 1928 654; x_wconf 66' lang='lat' dir='ltr'><strong>fuit;</strong></span> <span class='ocrx_word' id='word_1_37' title='bbox 2038 604 2182 647; x_wconf 91' lang='lat' dir='ltr'><strong>runt.</strong></span> <span class='ocrx_word' id='word_1_38' title='bbox 2219 592 2492 662; x_wconf 87' lang='lat' dir='ltr'><strong>Secundo,</strong></span> <span class='ocrx_word' id='word_1_39' title='bbox 2521 594 2760 650; x_wconf 68' lang='lat' dir='ltr'><strong>Aionum</strong></span> <span class='ocrx_word' id='word_1_40' title='bbox 2788 595 3126 667; x_wconf 84' lang='lat' dir='ltr'><strong>genealogia,</strong></span> <span class='ocrx_word' id='word_1_41' title='bbox 3158 612 3323 666; x_wconf 89' lang='lat' dir='ltr'><strong>quam</strong></span> <span class='ocrx_word' id='word_1_42' title='bbox 3364 595 3623 651; x_wconf 82' lang='lat' dir='ltr'><strong>Blondel-</strong></span> 
     </span>
    </p>
   </div>
   <div class='ocr_carea' id='block_1_5' title="bbox 336 685 3621 761">
    <p class='ocr_par' dir='ltr' id='par_1_5' title="bbox 336 685 3621 761">
     <span class='ocr_line' id='line_1_5' title="bbox 336 685 3621 761; baseline 0 -19"><span class='ocrx_word' id='word_1_43' title='bbox 336 687 527 759; x_wconf 68' lang='lat' dir='ltr'><strong>Logus</strong></span> <span class='ocrx_word' id='word_1_44' title='bbox 555 698 733 743; x_wconf 86' lang='lat' dir='ltr'><strong>autem</strong></span> <span class='ocrx_word' id='word_1_45' title='bbox 777 691 1033 756; x_wconf 88' lang='lat' dir='ltr'><strong>minime,</strong></span> <span class='ocrx_word' id='word_1_46' title='bbox 1056 691 1151 761; x_wconf 90' lang='lat' dir='ltr'><strong>qui</strong></span> <span class='ocrx_word' id='word_1_47' title='bbox 1194 691 1300 746; x_wconf 85' lang='lat' dir='ltr'><strong>fuit</strong></span> <span class='ocrx_word' id='word_1_48' title='bbox 1342 692 1395 746; x_wconf 92' lang='lat' dir='ltr'><strong>in</strong></span> <span class='ocrx_word' id='word_1_49' title='bbox 1440 694 1930 748; x_wconf 85' lang='lat' dir='ltr'><strong>deminorationem</strong></span> <span class='ocrx_word' id='word_1_50' title='bbox 2033 685 2536 757; x_wconf 73' lang='lat' dir='ltr'><strong>lus‘repl‘aesentat,</strong></span> <span class='ocrx_word' id='word_1_51' title='bbox 2576 690 2631 743; x_wconf 91' lang='lat' dir='ltr'><strong>in</strong></span> <span class='ocrx_word' id='word_1_52' title='bbox 2676 705 2743 745; x_wconf 88' lang='lat' dir='ltr'><strong>eo</strong></span> <span class='ocrx_word' id='word_1_53' title='bbox 2777 688 3081 760; x_wconf 79' lang='lat' dir='ltr'><strong>fragmento</strong></span> <span class='ocrx_word' id='word_1_54' title='bbox 3121 688 3346 747; x_wconf 89' lang='lat' dir='ltr'><strong>minime</strong></span> <span class='ocrx_word' id='word_1_55' title='bbox 3374 690 3621 746; x_wconf 77' lang='lat' dir='ltr'><strong>contine-</strong></span> 
     </span>
    </p>
   </div>
   <div class='ocr_carea' id='block_1_6' title="bbox 331 781 2906 855">
    <p class='ocr_par' dir='ltr' id='par_1_6' title="bbox 331 781 2906 855">
     <span class='ocr_line' id='line_1_6' title="bbox 331 781 2906 855; baseline 0.004 -20"><span class='ocrx_word' id='word_1_56' title='bbox 331 782 601 837; x_wconf 81' lang='lat' dir='ltr'><strong>emissus.</strong></span> <span class='ocrx_word' id='word_1_57' title='bbox 623 781 1025 850; x_wconf 86' lang='lat' dir='ltr'><strong>Tertullianus,</strong></span> <span class='ocrx_word' id='word_1_58' title='bbox 1056 800 1175 854; x_wconf 90' lang='lat' dir='ltr'><strong>cap.</strong></span> <span class='ocrx_word' id='word_1_59' title='bbox 1207 785 1239 837; x_wconf 88' lang='lat'><strong>&#39;7</strong></span> <span class='ocrx_word' id='word_1_60' title='bbox 1266 803 1278 839; x_wconf 89' lang='lat'><strong>:</strong></span> <span class='ocrx_word' id='word_1_61' title='bbox 1309 804 1327 837; x_wconf 88' lang='grc'><strong><em>‹</em></strong></span> <span class='ocrx_word' id='word_1_62' title='bbox 1356 786 1594 855; x_wconf 74' lang='lat' dir='ltr'><strong>Suscipit</strong></span> <span class='ocrx_word' id='word_1_63' title='bbox 1630 787 1720 841; x_wconf 92' lang='lat' dir='ltr'><strong>illa</strong></span> <span class='ocrx_word' id='word_1_64' title='bbox 1748 788 1931 841; x_wconf 89' lang='lat' dir='ltr'><strong>statim</strong></span> <span class='ocrx_word' id='word_1_65' title='bbox 2034 788 2147 845; x_wconf 66' lang='grc' dir='ltr'><strong>ωτι</strong></span> <span class='ocrx_word' id='word_1_66' title='bbox 2180 781 2274 837; x_wconf 73' lang='lat' dir='ltr'><strong>sed</strong></span> <span class='ocrx_word' id='word_1_67' title='bbox 2309 782 2471 853; x_wconf 77' lang='lat' dir='ltr'><strong>plane</strong></span> <span class='ocrx_word' id='word_1_68' title='bbox 2505 782 2633 850; x_wconf 76' lang='lat' dir='ltr'><strong>alia,</strong></span> <span class='ocrx_word' id='word_1_69' title='bbox 2666 798 2859 853; x_wconf 77' lang='lat' dir='ltr'><strong>nempe</strong></span> <span class='ocrx_word' id='word_1_70' title='bbox 2894 801 2906 835; x_wconf 78' lang='grc' dir='ltr'><strong>ε</strong></span> 
     </span>
    </p>
   </div>
   <div class='ocr_carea' id='block_1_7' title="bbox 330 876 3045 967">
    <p class='ocr_par' dir='ltr' id='par_1_7' title="bbox 330 876 3045 967">
     <span class='ocr_line' id='line_1_7' title="bbox 330 876 3045 967; baseline 0.003 -39"><span class='ocrx_word' id='word_1_71' title='bbox 330 883 393 928; x_wconf 81' lang='lat' dir='ltr'><strong>et</strong></span> <span class='ocrx_word' id='word_1_72' title='bbox 416 890 713 944; x_wconf 57' lang='lat' dir='ltr'><strong>pregnans</strong></span> <span class='ocrx_word' id='word_1_73' title='bbox 744 876 982 932; x_wconf 82' lang='lat' dir='ltr'><strong>elIicitur</strong></span> <span class='ocrx_word' id='word_1_74' title='bbox 1014 888 1067 933; x_wconf 89' lang='lat' dir='ltr'><strong>et</strong></span> <span class='ocrx_word' id='word_1_75' title='bbox 1095 878 1237 949; x_wconf 91' lang='lat' dir='ltr'><strong>parit</strong></span> <span class='ocrx_word' id='word_1_76' title='bbox 1281 880 1471 949; x_wconf 90' lang='lat' dir='ltr'><strong>utique</strong></span> <span class='ocrx_word' id='word_1_77' title='bbox 1517 880 1736 933; x_wconf 90' lang='lat' dir='ltr'><strong>silentio</strong></span> <span class='ocrx_word' id='word_1_78' title='bbox 1770 877 1927 950; x_wconf 86' lang='lat' dir='ltr'><strong>Sige;</strong></span> <span class='ocrx_word' id='word_1_79' title='bbox 2617 893 3045 967; x_wconf 24' lang='lat' dir='ltr'><strong>BmeSESige</strong></span> 
     </span>
    </p>
   </div>
   <div class='ocr_carea' id='block_1_8' title="bbox 326 966 2868 1040">
    <p class='ocr_par' dir='ltr' id='par_1_8' title="bbox 326 966 2868 1040">
     <span class='ocr_line' id='line_1_8' title="bbox 326 966 2868 1040; baseline 0.006 -22"><span class='ocrx_word' id='word_1_80' title='bbox 326 975 385 1019; x_wconf 87' lang='lat' dir='ltr'><strong>et</strong></span> <span class='ocrx_word' id='word_1_81' title='bbox 413 981 585 1034; x_wconf 86' lang='lat' dir='ltr'><strong>quem</strong></span> <span class='ocrx_word' id='word_1_82' title='bbox 632 968 800 1036; x_wconf 90' lang='lat' dir='ltr'><strong>parit,</strong></span> <span class='ocrx_word' id='word_1_83' title='bbox 827 967 944 1025; x_wconf 84' lang='lat' dir='ltr'><strong>Nus</strong></span> <span class='ocrx_word' id='word_1_84' title='bbox 969 978 1070 1034; x_wconf 92' lang='lat' dir='ltr'><strong>est,</strong></span> <span class='ocrx_word' id='word_1_85' title='bbox 1101 971 1443 1025; x_wconf 88' lang='lat' dir='ltr'><strong>simillimum</strong></span> <span class='ocrx_word' id='word_1_86' title='bbox 1475 970 1619 1025; x_wconf 85' lang='lat' dir='ltr'><strong>Patri</strong></span> <span class='ocrx_word' id='word_1_87' title='bbox 1645 980 1700 1025; x_wconf 90' lang='lat' dir='ltr'><strong>et</strong></span> <span class='ocrx_word' id='word_1_88' title='bbox 1742 986 1929 1040; x_wconf 89' lang='lat' dir='ltr'><strong>parem</strong></span> <span class='ocrx_word' id='word_1_89' title='bbox 2664 966 2673 967; x_wconf 22' lang='grc' dir='ltr'><strong>ί</strong></span> <span class='ocrx_word' id='word_1_90' title='bbox 2782 1035 2814 1040; x_wconf 86' lang='lat'><strong><em>_</em></strong></span> <span class='ocrx_word' id='word_1_91' title='bbox 2860 966 2868 1034; x_wconf 85' lang='grc' dir='ltr'><strong>Ι</strong></span> 
     </span>
    </p>
   </div>
   <div class='ocr_carea' id='block_1_9' title="bbox 325 1035 1907 1163">
    <p class='ocr_par' dir='ltr' id='par_1_9' title="bbox 325 1057 1905 1135">
     <span class='ocr_line' id='line_1_9' title="bbox 325 1057 1905 1135; baseline 0.007 -26"><span class='ocrx_word' id='word_1_92' title='bbox 325 1071 428 1123; x_wconf 88' lang='lat' dir='ltr'><strong>per</strong></span> <span class='ocrx_word' id='word_1_93' title='bbox 454 1057 669 1113; x_wconf 84' lang='lat' dir='ltr'><strong>omnia.</strong></span> <span class='ocrx_word' id='word_1_94' title='bbox 691 1078 709 1110; x_wconf 76' lang='grc' dir='ltr'><strong>ι</strong></span> <span class='ocrx_word' id='word_1_95' title='bbox 745 1059 1005 1127; x_wconf 65' lang='lat' dir='ltr'><strong>Irenazus,</strong></span> <span class='ocrx_word' id='word_1_96' title='bbox 1037 1063 1129 1116; x_wconf 87' lang='lat' dir='ltr'><strong>lib.</strong></span> <span class='ocrx_word' id='word_1_97' title='bbox 1157 1078 1219 1129; x_wconf 86' lang='grc' dir='ltr'>ιι,</span> <span class='ocrx_word' id='word_1_98' title='bbox 1246 1078 1367 1133; x_wconf 91' lang='lat' dir='ltr'><strong>cap.</strong></span> <span class='ocrx_word' id='word_1_99' title='bbox 1390 1064 1460 1118; x_wconf 72' lang='grc'><strong>24</strong></span> <span class='ocrx_word' id='word_1_100' title='bbox 1479 1084 1491 1117; x_wconf 88' lang='lat'><strong>:</strong></span> <span class='ocrx_word' id='word_1_101' title='bbox 1513 1084 1531 1115; x_wconf 87' lang='grc'><strong>‹</strong></span> <span class='ocrx_word' id='word_1_102' title='bbox 1555 1064 1692 1119; x_wconf 91' lang='lat' dir='ltr'><strong>Eum</strong></span> <span class='ocrx_word' id='word_1_103' title='bbox 1723 1065 1817 1135; x_wconf 88' lang='lat' dir='ltr'><strong>qui</strong></span> <span class='ocrx_word' id='word_1_104' title='bbox 1846 1081 1905 1120; x_wconf 89' lang='lat' dir='ltr'><strong>es</strong></span> 
     </span>
    </p>
   </div>
   <div class='ocr_carea' id='block_1_10' title="bbox 2008 1035 3027 1163">
    <p class='ocr_par' dir='ltr' id='par_1_10' title="bbox 2634 1035 3027 1163">
     <span class='ocr_line' id='line_1_10' title="bbox 2782 1035 2943 1092; baseline -0.006 -2"><span class='ocrx_word' id='word_1_105' title='bbox 2782 1035 2943 1092; x_wconf 87' lang='lat' dir='ltr'><strong>Pater</strong></span> 
     </span>
     <span class='ocr_line' id='line_1_11' title="bbox 2634 1106 3027 1163; baseline 0.005 -2"><span class='ocrx_word' id='word_1_106' title='bbox 2634 1106 2796 1163; x_wconf 87' lang='lat' dir='ltr'><strong>Pater</strong></span> <span class='ocrx_word' id='word_1_107' title='bbox 2814 1139 2886 1147; x_wconf 90' lang='lat'><strong><em>—</em></strong></span> <span class='ocrx_word' id='word_1_108' title='bbox 2902 1108 3027 1163; x_wconf 64' lang='lat' dir='ltr'><strong>Siue</strong></span> 
     </span>
    </p>
   </div>
   <div class='ocr_carea' id='block_1_11' title="bbox 321 1126 2994 1247">
    <p class='ocr_par' dir='ltr' id='par_1_11' title="bbox 321 1126 2994 1247">
     <span class='ocr_line' id='line_1_12' title="bbox 418 1126 2994 1180; baseline -0.002 -13"><span class='ocrx_word' id='word_1_109' title='bbox 418 1148 433 1167; x_wconf 77' lang='grc' dir='ltr'><strong>γ</strong></span> <span class='ocrx_word' id='word_1_110' title='bbox 790 1153 801 1163; x_wconf 92' lang='grc'><strong>.</strong></span> <span class='ocrx_word' id='word_1_111' title='bbox 895 1155 906 1165; x_wconf 93' lang='grc'><strong>.</strong></span> <span class='ocrx_word' id='word_1_112' title='bbox 992 1126 997 1127; x_wconf 67' lang='lat'><strong><em>&#39;</em></strong></span> <span class='ocrx_word' id='word_1_113' title='bbox 1178 1126 1214 1167; x_wconf 83' lang='lat'><strong>.&#39;</strong></span> <span class='ocrx_word' id='word_1_114' title='bbox 1314 1126 1329 1133; x_wconf 84' lang='lat'><strong>&#39;</strong></span> <span class='ocrx_word' id='word_1_115' title='bbox 1556 1158 1568 1168; x_wconf 92' lang='lat'><strong>.</strong></span> <span class='ocrx_word' id='word_1_116' title='bbox 1740 1126 1756 1135; x_wconf 90' lang='grc'><strong>·</strong></span> <span class='ocrx_word' id='word_1_117' title='bbox 2634 1126 2994 1180; x_wconf 74' lang='lat' dir='ltr'><strong>rater—mg</strong></span> 
     </span>
     <span class='ocr_line' id='line_1_13' title="bbox 321 1148 2851 1247; baseline 0.008 -47"><span class='ocrx_word' id='word_1_118' title='bbox 321 1165 355 1247; x_wconf 56' lang='grc' dir='ltr'>ξι</span> <span class='ocrx_word' id='word_1_119' title='bbox 385 1148 474 1247; x_wconf 60' lang='lat' dir='ltr'><strong>l\_u</strong></span> <span class='ocrx_word' id='word_1_120' title='bbox 510 1149 836 1247; x_wconf 81' lang='lat' dir='ltr'><strong>Propatons</strong></span> <span class='ocrx_word' id='word_1_121' title='bbox 870 1153 968 1224; x_wconf 75' lang='lat' dir='ltr'><strong>(ita</strong></span> <span class='ocrx_word' id='word_1_122' title='bbox 1007 1155 1147 1227; x_wconf 89' lang='lat' dir='ltr'><strong>lego)</strong></span> <span class='ocrx_word' id='word_1_123' title='bbox 1176 1172 1423 1226; x_wconf 78' lang='lat' dir='ltr'><strong>ipsorum</strong></span> <span class='ocrx_word' id='word_1_124' title='bbox 1464 1172 1700 1212; x_wconf 79' lang='lat' dir='ltr'><strong>emissus</strong></span> <span class='ocrx_word' id='word_1_125' title='bbox 1736 1158 1928 1215; x_wconf 88' lang='lat' dir='ltr'><strong>Sermo</strong></span> <span class='ocrx_word' id='word_1_126' title='bbox 2842 1179 2851 1247; x_wconf 75' lang='grc' dir='ltr'>ι</span> 
     </span>
    </p>
   </div>
   <div class='ocr_carea' id='block_1_12' title="bbox 318 1240 2955 1319">
    <p class='ocr_par' dir='ltr' id='par_1_12' title="bbox 318 1240 2955 1319">
     <span class='ocr_line' id='line_1_14' title="bbox 318 1240 2955 1319; baseline 0.003 -22"><span class='ocrx_word' id='word_1_127' title='bbox 318 1240 378 1297; x_wconf 86' lang='lat' dir='ltr'><strong>in</strong></span> <span class='ocrx_word' id='word_1_128' title='bbox 408 1242 916 1300; x_wconf 85' lang='lat' dir='ltr'><strong>deminorationem</strong></span> <span class='ocrx_word' id='word_1_129' title='bbox 943 1248 1206 1303; x_wconf 90' lang='lat' dir='ltr'><strong>emissum</strong></span> <span class='ocrx_word' id='word_1_130' title='bbox 1235 1247 1445 1303; x_wconf 89' lang='lat' dir='ltr'><strong>dicunt.</strong></span> <span class='ocrx_word' id='word_1_131' title='bbox 1478 1247 1601 1304; x_wconf 86' lang='lat' dir='ltr'><strong>Nun</strong></span> <span class='ocrx_word' id='word_1_132' title='bbox 1630 1249 1774 1304; x_wconf 90' lang='lat' dir='ltr'><strong>enim</strong></span> <span class='ocrx_word' id='word_1_133' title='bbox 1806 1266 1929 1319; x_wconf 86' lang='lat' dir='ltr'><strong>per-</strong></span> <span class='ocrx_word' id='word_1_134' title='bbox 2740 1240 2955 1305; x_wconf 82' lang='lat' dir='ltr'><strong>Veritas</strong></span> 
     </span>
    </p>
   </div>
   <div class='ocr_carea' id='block_1_13' title="bbox 2648 1319 3112 1375">
    <p class='ocr_par' dir='ltr' id='par_1_13' title="bbox 2648 1319 3112 1375">
     <span class='ocr_line' id='line_1_15' title="bbox 2648 1319 3112 1375; baseline 0.006 -3"><span class='ocrx_word' id='word_1_135' title='bbox 2648 1319 2887 1375; x_wconf 88' lang='lat' dir='ltr'><strong>Pater—</strong></span> <span class='ocrx_word' id='word_1_136' title='bbox 2900 1320 3112 1375; x_wconf 81' lang='lat' dir='ltr'><strong>Veritas</strong></span> 
     </span>
    </p>
   </div>
   <div class='ocr_carea' id='block_1_14' title="bbox 2631 1462 3113 1523">
    <p class='ocr_par' dir='ltr' id='par_1_14' title="bbox 2631 1462 3113 1523">
     <span class='ocr_line' id='line_1_16' title="bbox 2631 1462 3113 1523; baseline 0.002 -7"><span class='ocrx_word' id='word_1_137' title='bbox 2631 1462 2807 1516; x_wconf 85' lang='lat' dir='ltr'><strong>Homo</strong></span> <span class='ocrx_word' id='word_1_138' title='bbox 2824 1462 2849 1523; x_wconf 61' lang='grc'><strong>,⁷</strong></span> <span class='ocrx_word' id='word_1_139' title='bbox 2873 1462 3113 1517; x_wconf 81' lang='lat' dir='ltr'><strong>Ecclesia</strong></span> 
     </span>
    </p>
   </div>
   <div class='ocr_carea' id='block_1_15' title="bbox 2670 1532 3071 1598">
    <p class='ocr_par' dir='ltr' id='par_1_15' title="bbox 2670 1532 3071 1598">
     <span class='ocr_line' id='line_1_17' title="bbox 2670 1532 3071 1598; baseline -0.002 -12"><span class='ocrx_word' id='word_1_140' title='bbox 2670 1534 2863 1588; x_wconf 83' lang='lat' dir='ltr'><strong>Sermo</strong></span> <span class='ocrx_word' id='word_1_141' title='bbox 2885 1577 2899 1598; x_wconf 89' lang='lat'><strong>,</strong></span> <span class='ocrx_word' id='word_1_142' title='bbox 2930 1532 3071 1587; x_wconf 83' lang='lat' dir='ltr'><strong>Vita.</strong></span> 
     </span>
    </p>
   </div>
   <div class='ocr_carea' id='block_1_16' title="bbox 318 1333 1926 1411">
    <p class='ocr_par' dir='ltr' id='par_1_16' title="bbox 318 1333 1926 1411">
     <span class='ocr_line' id='line_1_18' title="bbox 318 1333 1926 1411; baseline 0.006 -25"><span class='ocrx_word' id='word_1_143' title='bbox 318 1333 536 1388; x_wconf 79' lang='lat' dir='ltr'><strong>fectum</strong></span> <span class='ocrx_word' id='word_1_144' title='bbox 573 1352 603 1390; x_wconf 90' lang='lat' dir='ltr'><strong>a</strong></span> <span class='ocrx_word' id='word_1_145' title='bbox 636 1337 881 1406; x_wconf 80' lang='lat' dir='ltr'><strong>perfecto</strong></span> <span class='ocrx_word' id='word_1_146' title='bbox 911 1339 1086 1410; x_wconf 87' lang='lat' dir='ltr'><strong>Bytho</strong></span> <span class='ocrx_word' id='word_1_147' title='bbox 1111 1350 1530 1411; x_wconf 88' lang='lat' dir='ltr'><strong>progeneratum</strong></span> <span class='ocrx_word' id='word_1_148' title='bbox 1553 1342 1666 1410; x_wconf 86' lang='lat' dir='ltr'><strong>jam</strong></span> <span class='ocrx_word' id='word_1_149' title='bbox 1692 1356 1802 1395; x_wconf 90' lang='lat' dir='ltr'><strong>non</strong></span> <span class='ocrx_word' id='word_1_150' title='bbox 1838 1358 1926 1411; x_wconf 94' lang='lat' dir='ltr'><strong>po-</strong></span> 
     </span>
    </p>
   </div>
   <div class='ocr_carea' id='block_1_17' title="bbox 316 1425 1923 1503">
    <p class='ocr_par' dir='ltr' id='par_1_17' title="bbox 316 1425 1923 1503">
     <span class='ocr_line' id='line_1_19' title="bbox 316 1425 1923 1503; baseline 0.006 -25"><span class='ocrx_word' id='word_1_151' title='bbox 316 1425 505 1481; x_wconf 83' lang='lat' dir='ltr'><strong>tuisse</strong></span> <span class='ocrx_word' id='word_1_152' title='bbox 549 1443 676 1482; x_wconf 88' lang='lat' dir='ltr'><strong>eam</strong></span> <span class='ocrx_word' id='word_1_153' title='bbox 707 1445 831 1499; x_wconf 71' lang='lat' dir='ltr'><strong>qua:</strong></span> <span class='ocrx_word' id='word_1_154' title='bbox 863 1445 928 1484; x_wconf 83' lang='lat' dir='ltr'><strong>ex</strong></span> <span class='ocrx_word' id='word_1_155' title='bbox 967 1446 1034 1486; x_wconf 91' lang='lat' dir='ltr'><strong>eo</strong></span> <span class='ocrx_word' id='word_1_156' title='bbox 1069 1440 1152 1487; x_wconf 89' lang='lat' dir='ltr'><strong>est</strong></span> <span class='ocrx_word' id='word_1_157' title='bbox 1190 1430 1544 1489; x_wconf 85' lang='lat' dir='ltr'><strong>emissionem</strong></span> <span class='ocrx_word' id='word_1_158' title='bbox 1585 1432 1766 1489; x_wconf 83' lang='lat' dir='ltr'><strong>facere</strong></span> <span class='ocrx_word' id='word_1_159' title='bbox 1798 1450 1923 1503; x_wconf 86' lang='lat' dir='ltr'><strong>per-</strong></span> 
     </span>
    </p>
   </div>
   <div class='ocr_carea' id='block_1_18' title="bbox 311 1514 1923 1597">
    <p class='ocr_par' dir='ltr' id='par_1_18' title="bbox 311 1514 1923 1597">
     <span class='ocr_line' id='line_1_20' title="bbox 311 1514 1923 1597; baseline 0.006 -26"><span class='ocrx_word' id='word_1_160' title='bbox 311 1514 555 1585; x_wconf 76' lang='lat' dir='ltr'><strong>fectam,</strong></span> <span class='ocrx_word' id='word_1_161' title='bbox 592 1520 691 1575; x_wconf 88' lang='lat' dir='ltr'><strong>sed</strong></span> <span class='ocrx_word' id='word_1_162' title='bbox 722 1522 1055 1579; x_wconf 73' lang='lat' dir='ltr'><strong>obcaecatam</strong></span> <span class='ocrx_word' id='word_1_163' title='bbox 1083 1525 1229 1579; x_wconf 85' lang='lat' dir='ltr'><strong>circa</strong></span> <span class='ocrx_word' id='word_1_164' title='bbox 1259 1525 1594 1595; x_wconf 81' lang='lat' dir='ltr'><strong>agnitionem</strong></span> <span class='ocrx_word' id='word_1_165' title='bbox 1624 1533 1676 1580; x_wconf 87' lang='lat' dir='ltr'><strong>et</strong></span> <span class='ocrx_word' id='word_1_166' title='bbox 1707 1527 1923 1597; x_wconf 89' lang='lat' dir='ltr'><strong>magni-</strong></span> 
     </span>
    </p>
   </div>
   <div class='ocr_carea' id='block_1_19' title="bbox 309 1610 1918 1691">
    <p class='ocr_par' dir='ltr' id='par_1_19' title="bbox 309 1610 1918 1691">
     <span class='ocr_line' id='line_1_21' title="bbox 309 1610 1918 1691; baseline 0.007 -29"><span class='ocrx_word' id='word_1_167' title='bbox 309 1610 582 1666; x_wconf 78' lang='lat' dir='ltr'><strong>tudinem</strong></span> <span class='ocrx_word' id='word_1_168' title='bbox 626 1611 829 1681; x_wconf 82' lang='lat' dir='ltr'><strong>Patris,</strong></span> <span class='ocrx_word' id='word_1_169' title='bbox 860 1627 915 1669; x_wconf 90' lang='lat' dir='ltr'><strong>et</strong></span> <span class='ocrx_word' id='word_1_170' title='bbox 948 1614 1285 1672; x_wconf 89' lang='lat' dir='ltr'><strong>Salvatorem</strong></span> <span class='ocrx_word' id='word_1_171' title='bbox 1331 1620 1642 1690; x_wconf 87' lang='lat' dir='ltr'><strong>symbolum</strong></span> <span class='ocrx_word' id='word_1_172' title='bbox 1676 1621 1918 1691; x_wconf 80' lang='lat' dir='ltr'><strong>mysterii</strong></span> 
     </span>
    </p>
   </div>
   <div class='ocr_carea' id='block_1_20' title="bbox 305 1702 1913 1779">
    <p class='ocr_par' dir='ltr' id='par_1_20' title="bbox 305 1702 1913 1779">
     <span class='ocr_line' id='line_1_22' title="bbox 305 1702 1913 1779; baseline 0.005 -24"><span class='ocrx_word' id='word_1_173' title='bbox 305 1702 495 1771; x_wconf 85' lang='lat' dir='ltr'><strong>hujus</strong></span> <span class='ocrx_word' id='word_1_174' title='bbox 524 1706 845 1762; x_wconf 76' lang='lat' dir='ltr'><strong>ostendisse</strong></span> <span class='ocrx_word' id='word_1_175' title='bbox 873 1707 930 1762; x_wconf 88' lang='lat' dir='ltr'><strong>in</strong></span> <span class='ocrx_word' id='word_1_176' title='bbox 959 1724 1026 1763; x_wconf 92' lang='lat' dir='ltr'><strong>eo</strong></span> <span class='ocrx_word' id='word_1_177' title='bbox 1051 1710 1197 1779; x_wconf 88' lang='lat' dir='ltr'><strong>quia</strong></span> <span class='ocrx_word' id='word_1_178' title='bbox 1224 1710 1511 1765; x_wconf 88' lang='lat' dir='ltr'><strong>nativitate</strong></span> <span class='ocrx_word' id='word_1_179' title='bbox 1539 1726 1718 1766; x_wconf 69' lang='lat' dir='ltr'><strong>czecus</strong></span> <span class='ocrx_word' id='word_1_180' title='bbox 1750 1710 1872 1767; x_wconf 79' lang='lat' dir='ltr'><strong>fuit.</strong></span> <span class='ocrx_word' id='word_1_181' title='bbox 1895 1731 1913 1763; x_wconf 72' lang='grc' dir='ltr'><strong>ι</strong></span> 
     </span>
    </p>
   </div>
   <div class='ocr_carea' id='block_1_21' title="bbox 304 1792 1917 1867">
    <p class='ocr_par' dir='ltr' id='par_1_21' title="bbox 304 1792 1917 1867">
     <span class='ocr_line' id='line_1_23' title="bbox 304 1792 1917 1867; baseline 0.008 -19"><span class='ocrx_word' id='word_1_182' title='bbox 304 1792 449 1850; x_wconf 78' lang='lat' dir='ltr'><strong>Haec</strong></span> <span class='ocrx_word' id='word_1_183' title='bbox 500 1797 680 1867; x_wconf 79' lang='lat' dir='ltr'><strong>igitur</strong></span> <span class='ocrx_word' id='word_1_184' title='bbox 738 1808 869 1855; x_wconf 91' lang='lat' dir='ltr'><strong>sunt</strong></span> <span class='ocrx_word' id='word_1_185' title='bbox 926 1800 983 1854; x_wconf 90' lang='lat' dir='ltr'><strong>in</strong></span> <span class='ocrx_word' id='word_1_186' title='bbox 1038 1800 1313 1858; x_wconf 80' lang='lat' dir='ltr'><strong>Valentini</strong></span> <span class='ocrx_word' id='word_1_187' title='bbox 1366 1804 1555 1858; x_wconf 84' lang='lat' dir='ltr'><strong>schola</strong></span> <span class='ocrx_word' id='word_1_188' title='bbox 1614 1805 1917 1861; x_wconf 90' lang='lat' dir='ltr'><strong>certissima</strong></span> 
     </span>
    </p>
   </div>
   <div class='ocr_carea' id='block_1_22' title="bbox 302 1888 1914 1967">
    <p class='ocr_par' dir='ltr' id='par_1_22' title="bbox 302 1888 1914 1967">
     <span class='ocr_line' id='line_1_24' title="bbox 302 1888 1914 1967; baseline 0.007 -25"><span class='ocrx_word' id='word_1_189' title='bbox 302 1888 606 1959; x_wconf 76' lang='lat' dir='ltr'><strong>dogmata.</strong></span> <span class='ocrx_word' id='word_1_190' title='bbox 656 1890 781 1946; x_wconf 82' lang='lat' dir='ltr'><strong>Nun</strong></span> <span class='ocrx_word' id='word_1_191' title='bbox 801 1935 817 1958; x_wconf 87' lang='lat'><strong>,</strong></span> <span class='ocrx_word' id='word_1_192' title='bbox 848 1894 979 1963; x_wconf 88' lang='lat' dir='ltr'><strong>quia</strong></span> <span class='ocrx_word' id='word_1_193' title='bbox 1006 1910 1036 1949; x_wconf 90' lang='lat' dir='ltr'><strong>a</strong></span> <span class='ocrx_word' id='word_1_194' title='bbox 1061 1894 1237 1967; x_wconf 86' lang='lat' dir='ltr'><strong>Bytho</strong></span> <span class='ocrx_word' id='word_1_195' title='bbox 1279 1905 1333 1951; x_wconf 90' lang='lat' dir='ltr'><strong>et</strong></span> <span class='ocrx_word' id='word_1_196' title='bbox 1369 1895 1495 1967; x_wconf 87' lang='lat' dir='ltr'><strong>Sige</strong></span> <span class='ocrx_word' id='word_1_197' title='bbox 1542 1897 1780 1953; x_wconf 90' lang='lat' dir='ltr'><strong>emissus</strong></span> <span class='ocrx_word' id='word_1_198' title='bbox 1812 1907 1914 1965; x_wconf 86' lang='lat' dir='ltr'><strong>est,</strong></span> 
     </span>
    </p>
   </div>
   <div class='ocr_carea' id='block_1_23' title="bbox 300 1981 1917 2061">
    <p class='ocr_par' dir='ltr' id='par_1_23' title="bbox 300 1981 1917 2061">
     <span class='ocr_line' id='line_1_25' title="bbox 300 1981 1917 2061; baseline 0.009 -26"><span class='ocrx_word' id='word_1_199' title='bbox 300 1981 559 2052; x_wconf 79' lang='lat' dir='ltr'><strong>Bythum</strong></span> <span class='ocrx_word' id='word_1_200' title='bbox 606 1984 931 2053; x_wconf 86' lang='lat' dir='ltr'><strong>plenissime</strong></span> <span class='ocrx_word' id='word_1_201' title='bbox 973 1990 1317 2059; x_wconf 78' lang='lat' dir='ltr'><strong>cognovisse,</strong></span> <span class='ocrx_word' id='word_1_202' title='bbox 1347 1991 1537 2061; x_wconf 89' lang='lat' dir='ltr'><strong>illique</strong></span> <span class='ocrx_word' id='word_1_203' title='bbox 1565 1992 1833 2061; x_wconf 69' lang='lat' dir='ltr'><strong>tequalem</strong></span> <span class='ocrx_word' id='word_1_204' title='bbox 1864 2003 1917 2049; x_wconf 90' lang='lat' dir='ltr'><strong>et</strong></span> 
     </span>
    </p>
   </div>
   <div class='ocr_carea' id='block_1_24' title="bbox 298 2076 1916 2153">
    <p class='ocr_par' dir='ltr' id='par_1_24' title="bbox 298 2076 1916 2153">
     <span class='ocr_line' id='line_1_26' title="bbox 298 2076 1916 2153; baseline 0.007 -25"><span class='ocrx_word' id='word_1_205' title='bbox 298 2090 508 2146; x_wconf 82' lang='lat' dir='ltr'><strong>parem</strong></span> <span class='ocrx_word' id='word_1_206' title='bbox 546 2090 715 2131; x_wconf 88' lang='lat' dir='ltr'><strong>esse:</strong></span> <span class='ocrx_word' id='word_1_207' title='bbox 744 2076 981 2148; x_wconf 83' lang='lat' dir='ltr'><strong>Bythum</strong></span> <span class='ocrx_word' id='word_1_208' title='bbox 1026 2090 1208 2135; x_wconf 91' lang='lat' dir='ltr'><strong>autem</strong></span> <span class='ocrx_word' id='word_1_209' title='bbox 1239 2091 1292 2136; x_wconf 88' lang='lat' dir='ltr'><strong>et</strong></span> <span class='ocrx_word' id='word_1_210' title='bbox 1327 2082 1490 2153; x_wconf 89' lang='lat' dir='ltr'><strong>Sigen</strong></span> <span class='ocrx_word' id='word_1_211' title='bbox 1534 2085 1673 2139; x_wconf 90' lang='lat' dir='ltr'><strong>alios</strong></span> <span class='ocrx_word' id='word_1_212' title='bbox 1708 2084 1916 2141; x_wconf 63' lang='lat' dir='ltr'><strong>Eonas</strong></span> 
     </span>
    </p>
   </div>
   <div class='ocr_carea' id='block_1_25' title="bbox 299 2168 1915 2244">
    <p class='ocr_par' dir='ltr' id='par_1_25' title="bbox 299 2168 1915 2244">
     <span class='ocr_line' id='line_1_27' title="bbox 299 2168 1915 2244; baseline 0.009 -26"><span class='ocrx_word' id='word_1_213' title='bbox 299 2180 692 2236; x_wconf 81' lang='lat' dir='ltr'><strong>progenerare</strong></span> <span class='ocrx_word' id='word_1_214' title='bbox 724 2168 991 2235; x_wconf 84' lang='lat' dir='ltr'><strong>noluisse,</strong></span> <span class='ocrx_word' id='word_1_215' title='bbox 1021 2170 1255 2241; x_wconf 90' lang='lat' dir='ltr'><strong>ideoque</strong></span> <span class='ocrx_word' id='word_1_216' title='bbox 1284 2170 1406 2227; x_wconf 85' lang='lat' dir='ltr'><strong>Nun</strong></span> <span class='ocrx_word' id='word_1_217' title='bbox 1440 2172 1800 2244; x_wconf 82' lang='lat' dir='ltr'><strong>Monogenem</strong></span> <span class='ocrx_word' id='word_1_218' title='bbox 1832 2178 1915 2231; x_wconf 84' lang='lat' dir='ltr'><strong>di-</strong></span> 
     </span>
    </p>
   </div>
   <div class='ocr_carea' id='block_1_26' title="bbox 295 2259 1911 2338">
    <p class='ocr_par' dir='ltr' id='par_1_26' title="bbox 295 2259 1911 2338">
     <span class='ocr_line' id='line_1_28' title="bbox 295 2259 1911 2338; baseline 0.004 -25"><span class='ocrx_word' id='word_1_219' title='bbox 295 2269 461 2313; x_wconf 80' lang='lat' dir='ltr'><strong>ctum</strong></span> <span class='ocrx_word' id='word_1_220' title='bbox 512 2259 713 2315; x_wconf 81' lang='lat' dir='ltr'><strong>fuisse.</strong></span> <span class='ocrx_word' id='word_1_221' title='bbox 765 2260 838 2316; x_wconf 88' lang='lat' dir='ltr'><strong>Ut</strong></span> <span class='ocrx_word' id='word_1_222' title='bbox 885 2272 1066 2317; x_wconf 90' lang='lat' dir='ltr'><strong>autem</strong></span> <span class='ocrx_word' id='word_1_223' title='bbox 1108 2265 1199 2319; x_wconf 91' lang='lat' dir='ltr'><strong>alii</strong></span> <span class='ocrx_word' id='word_1_224' title='bbox 1244 2264 1449 2322; x_wconf 65' lang='lat' dir='ltr'><strong>Aiones</strong></span> <span class='ocrx_word' id='word_1_225' title='bbox 1497 2268 1911 2338; x_wconf 83' lang='lat' dir='ltr'><strong>emitterentur,</strong></span> 
     </span>
    </p>
   </div>
   <div class='ocr_carea' id='block_1_27' title="bbox 296 2350 1913 2431">
    <p class='ocr_par' dir='ltr' id='par_1_27' title="bbox 296 2350 1913 2431">
     <span class='ocr_line' id='line_1_29' title="bbox 296 2350 1913 2431; baseline 0.009 -28"><span class='ocrx_word' id='word_1_226' title='bbox 296 2350 433 2406; x_wconf 85' lang='lat' dir='ltr'><strong>Nun</strong></span> <span class='ocrx_word' id='word_1_227' title='bbox 476 2353 654 2407; x_wconf 90' lang='lat' dir='ltr'><strong>etiam</strong></span> <span class='ocrx_word' id='word_1_228' title='bbox 692 2355 909 2410; x_wconf 80' lang='lat' dir='ltr'><strong>Archen</strong></span> <span class='ocrx_word' id='word_1_229' title='bbox 944 2364 997 2411; x_wconf 89' lang='lat' dir='ltr'><strong>et</strong></span> <span class='ocrx_word' id='word_1_230' title='bbox 1039 2354 1258 2412; x_wconf 83' lang='lat' dir='ltr'><strong>Patrem</strong></span> <span class='ocrx_word' id='word_1_231' title='bbox 1300 2357 1529 2413; x_wconf 81' lang='lat' dir='ltr'><strong>factum.</strong></span> <span class='ocrx_word' id='word_1_232' title='bbox 1567 2359 1779 2431; x_wconf 91' lang='lat' dir='ltr'><strong>Logum</strong></span> <span class='ocrx_word' id='word_1_233' title='bbox 1815 2379 1913 2417; x_wconf 82' lang='lat' dir='ltr'><strong>au-</strong></span> 
     </span>
    </p>
   </div>
   <div class='ocr_carea' id='block_1_28' title="bbox 298 2446 1911 2518">
    <p class='ocr_par' dir='ltr' id='par_1_28' title="bbox 298 2446 1911 2518">
     <span class='ocr_line' id='line_1_30' title="bbox 298 2446 1911 2518; baseline 0.008 -18"><span class='ocrx_word' id='word_1_234' title='bbox 298 2446 560 2514; x_wconf 68' lang='grc' dir='ltr'><strong>ωτι),ᾳυὶ</strong></span> <span class='ocrx_word' id='word_1_235' title='bbox 586 2446 660 2499; x_wconf 88' lang='lat' dir='ltr'><strong>ab</strong></span> <span class='ocrx_word' id='word_1_236' title='bbox 688 2461 754 2501; x_wconf 92' lang='lat' dir='ltr'><strong>eo</strong></span> <span class='ocrx_word' id='word_1_237' title='bbox 784 2458 1180 2518; x_wconf 82' lang='lat' dir='ltr'><strong>progeneratus</strong></span> <span class='ocrx_word' id='word_1_238' title='bbox 1209 2459 1313 2517; x_wconf 90' lang='lat' dir='ltr'><strong>est,</strong></span> <span class='ocrx_word' id='word_1_239' title='bbox 1339 2452 1395 2505; x_wconf 93' lang='lat' dir='ltr'><strong>in</strong></span> <span class='ocrx_word' id='word_1_240' title='bbox 1420 2452 1911 2513; x_wconf 89' lang='lat' dir='ltr'><strong>deminorationem</strong></span> 
     </span>
    </p>
   </div>
   <div class='ocr_carea' id='block_1_29' title="bbox 295 2541 1909 2614">
    <p class='ocr_par' dir='ltr' id='par_1_29' title="bbox 295 2541 1909 2614">
     <span class='ocr_line' id='line_1_31' title="bbox 295 2541 1909 2614; baseline 0.007 -22"><span class='ocrx_word' id='word_1_241' title='bbox 295 2541 601 2609; x_wconf 85' lang='lat' dir='ltr'><strong>generari,</strong></span> <span class='ocrx_word' id='word_1_242' title='bbox 633 2556 703 2595; x_wconf 90' lang='lat' dir='ltr'><strong>eo</strong></span> <span class='ocrx_word' id='word_1_243' title='bbox 752 2542 902 2610; x_wconf 92' lang='lat' dir='ltr'><strong>quod</strong></span> <span class='ocrx_word' id='word_1_244' title='bbox 945 2556 1013 2597; x_wconf 77' lang='lat' dir='ltr'><strong>ex</strong></span> <span class='ocrx_word' id='word_1_245' title='bbox 1056 2541 1232 2613; x_wconf 86' lang='lat' dir='ltr'><strong>Bytho</strong></span> <span class='ocrx_word' id='word_1_246' title='bbox 1260 2555 1315 2598; x_wconf 93' lang='lat' dir='ltr'><strong>et</strong></span> <span class='ocrx_word' id='word_1_247' title='bbox 1348 2544 1477 2614; x_wconf 78' lang='lat' dir='ltr'><strong>Sige</strong></span> <span class='ocrx_word' id='word_1_248' title='bbox 1506 2546 1746 2603; x_wconf 89' lang='lat' dir='ltr'><strong>emissus</strong></span> <span class='ocrx_word' id='word_1_249' title='bbox 1800 2565 1909 2604; x_wconf 91' lang='lat' dir='ltr'><strong>non</strong></span> 
     </span>
    </p>
   </div>
   <div class='ocr_carea' id='block_1_30' title="bbox 293 2632 1908 2706">
    <p class='ocr_par' dir='ltr' id='par_1_30' title="bbox 293 2632 1908 2706">
     <span class='ocr_line' id='line_1_32' title="bbox 293 2632 1908 2706; baseline 0.007 -21"><span class='ocrx_word' id='word_1_250' title='bbox 293 2642 476 2698; x_wconf 81' lang='lat' dir='ltr'><strong>esset,</strong></span> <span class='ocrx_word' id='word_1_251' title='bbox 498 2632 744 2702; x_wconf 89' lang='lat' dir='ltr'><strong>ideoque</strong></span> <span class='ocrx_word' id='word_1_252' title='bbox 774 2634 1009 2704; x_wconf 87' lang='lat' dir='ltr'><strong>Bythum</strong></span> <span class='ocrx_word' id='word_1_253' title='bbox 1032 2650 1261 2704; x_wconf 89' lang='lat' dir='ltr'><strong>prorsus</strong></span> <span class='ocrx_word' id='word_1_254' title='bbox 1293 2637 1569 2706; x_wconf 90' lang='lat' dir='ltr'><strong>ignorare,</strong></span> <span class='ocrx_word' id='word_1_255' title='bbox 1592 2650 1647 2695; x_wconf 91' lang='lat' dir='ltr'><strong>et</strong></span> <span class='ocrx_word' id='word_1_256' title='bbox 1674 2638 1908 2697; x_wconf 73' lang='lat' dir='ltr'><strong>Eonem</strong></span> 
     </span>
    </p>
   </div>
   <div class='ocr_carea' id='block_1_31' title="bbox 292 2724 1908 2796">
    <p class='ocr_par' dir='ltr' id='par_1_31' title="bbox 292 2724 1908 2796">
     <span class='ocr_line' id='line_1_33' title="bbox 292 2724 1908 2796; baseline 0.007 -18"><span class='ocrx_word' id='word_1_257' title='bbox 292 2740 518 2791; x_wconf 68' lang='lat' dir='ltr'><strong>caecum</strong></span> <span class='ocrx_word' id='word_1_258' title='bbox 556 2724 693 2779; x_wconf 90' lang='lat' dir='ltr'><strong>dici.</strong></span> <span class='ocrx_word' id='word_1_259' title='bbox 724 2724 883 2779; x_wconf 85' lang='lat' dir='ltr'><strong>Patet</strong></span> <span class='ocrx_word' id='word_1_260' title='bbox 927 2727 1111 2796; x_wconf 88' lang='lat' dir='ltr'><strong>itaque</strong></span> <span class='ocrx_word' id='word_1_261' title='bbox 1137 2727 1192 2781; x_wconf 88' lang='lat' dir='ltr'><strong>in</strong></span> <span class='ocrx_word' id='word_1_262' title='bbox 1233 2729 1443 2783; x_wconf 87' lang='lat' dir='ltr'><strong>scholia</strong></span> <span class='ocrx_word' id='word_1_263' title='bbox 1496 2728 1774 2786; x_wconf 86' lang='lat' dir='ltr'><strong>Valentini</strong></span> <span class='ocrx_word' id='word_1_264' title='bbox 1801 2732 1908 2790; x_wconf 81' lang='lat' dir='ltr'><strong>Lo-</strong></span> 
     </span>
    </p>
   </div>
   <div class='ocr_carea' id='block_1_32' title="bbox 292 2818 1835 2893">
    <p class='ocr_par' dir='ltr' id='par_1_32' title="bbox 292 2818 1835 2893">
     <span class='ocr_line' id='line_1_34' title="bbox 292 2818 1835 2893; baseline 0.003 -18"><span class='ocrx_word' id='word_1_265' title='bbox 292 2836 438 2890; x_wconf 72' lang='lat' dir='ltr'><strong>gum</strong></span> <span class='ocrx_word' id='word_1_266' title='bbox 469 2836 502 2874; x_wconf 88' lang='lat' dir='ltr'><strong>a</strong></span> <span class='ocrx_word' id='word_1_267' title='bbox 526 2819 709 2890; x_wconf 83' lang='lat' dir='ltr'><strong>Bytho</strong></span> <span class='ocrx_word' id='word_1_268' title='bbox 737 2820 822 2873; x_wconf 85' lang='lat' dir='ltr'><strong>vel</strong></span> <span class='ocrx_word' id='word_1_269' title='bbox 852 2818 978 2888; x_wconf 87' lang='lat' dir='ltr'><strong>Sige</strong></span> <span class='ocrx_word' id='word_1_270' title='bbox 1003 2820 1265 2874; x_wconf 90' lang='lat' dir='ltr'><strong>emissum</strong></span> <span class='ocrx_word' id='word_1_271' title='bbox 1299 2821 1409 2875; x_wconf 90' lang='lat' dir='ltr'><strong>dici</strong></span> <span class='ocrx_word' id='word_1_272' title='bbox 1438 2837 1546 2877; x_wconf 90' lang='lat' dir='ltr'><strong>non</strong></span> <span class='ocrx_word' id='word_1_273' title='bbox 1569 2825 1835 2893; x_wconf 88' lang='lat' dir='ltr'><strong>potuisse.</strong></span> 
     </span>
    </p>
   </div>
   <div class='ocr_carea' id='block_1_33' title="bbox 371 2913 1907 2979">
    <p class='ocr_par' dir='ltr' id='par_1_33' title="bbox 371 2913 1907 2979">
     <span class='ocr_line' id='line_1_35' title="bbox 371 2913 1907 2979; baseline 0.004 -13"><span class='ocrx_word' id='word_1_274' title='bbox 371 2914 731 2979; x_wconf 89' lang='lat' dir='ltr'><strong>Blondellus,</strong></span> <span class='ocrx_word' id='word_1_275' title='bbox 755 2922 816 2967; x_wconf 93' lang='lat' dir='ltr'><strong>ut</strong></span> <span class='ocrx_word' id='word_1_276' title='bbox 840 2913 956 2967; x_wconf 70' lang='lat' dir='ltr'><strong>haec</strong></span> <span class='ocrx_word' id='word_1_277' title='bbox 975 2914 1225 2977; x_wconf 85' lang='lat' dir='ltr'><strong>evitaret,</strong></span> <span class='ocrx_word' id='word_1_278' title='bbox 1254 2915 1451 2970; x_wconf 86' lang='lat' dir='ltr'><strong>miram</strong></span> <span class='ocrx_word' id='word_1_279' title='bbox 1482 2917 1640 2971; x_wconf 89' lang='lat' dir='ltr'><strong>nobis</strong></span> <span class='ocrx_word' id='word_1_280' title='bbox 1665 2916 1907 2973; x_wconf 62' lang='lat' dir='ltr'><strong>IEonum</strong></span> 
     </span>
    </p>
   </div>
   <div class='ocr_carea' id='block_1_34' title="bbox 2026 1652 3602 1729">
    <p class='ocr_par' dir='ltr' id='par_1_34' title="bbox 2026 1652 3602 1729">
     <span class='ocr_line' id='line_1_36' title="bbox 2026 1652 3602 1729; baseline 0.004 -24"><span class='ocrx_word' id='word_1_281' title='bbox 2026 1652 2336 1710; x_wconf 68' lang='lat' dir='ltr'><strong>Blondullns</strong></span> <span class='ocrx_word' id='word_1_282' title='bbox 2376 1656 2596 1725; x_wconf 83' lang='lat' dir='ltr'><strong>quidem</strong></span> <span class='ocrx_word' id='word_1_283' title='bbox 2625 1660 2789 1712; x_wconf 90' lang='lat' dir='ltr'><strong>verba</strong></span> <span class='ocrx_word' id='word_1_284' title='bbox 2822 1660 3070 1729; x_wconf 86' lang='lat' dir='ltr'><strong>quaedam</strong></span> <span class='ocrx_word' id='word_1_285' title='bbox 3100 1674 3167 1713; x_wconf 79' lang='lat' dir='ltr'><strong>ex</strong></span> <span class='ocrx_word' id='word_1_286' title='bbox 3196 1673 3262 1712; x_wconf 88' lang='lat' dir='ltr'><strong>eo</strong></span> <span class='ocrx_word' id='word_1_287' title='bbox 3299 1658 3602 1726; x_wconf 82' lang='lat' dir='ltr'><strong>fragmento</strong></span> 
     </span>
    </p>
   </div>
   <div class='ocr_carea' id='block_1_35' title="bbox 2022 1745 3603 1817">
    <p class='ocr_par' dir='ltr' id='par_1_35' title="bbox 2022 1745 3603 1817">
     <span class='ocr_line' id='line_1_37' title="bbox 2022 1745 3603 1817; baseline 0.003 -21"><span class='ocrx_word' id='word_1_288' title='bbox 2022 1745 2088 1797; x_wconf 85' lang='lat' dir='ltr'><strong>ad</strong></span> <span class='ocrx_word' id='word_1_289' title='bbox 2114 1760 2267 1799; x_wconf 89' lang='lat' dir='ltr'><strong>suam</strong></span> <span class='ocrx_word' id='word_1_290' title='bbox 2296 1748 2665 1817; x_wconf 81' lang='lat' dir='ltr'><strong>genealogiam</strong></span> <span class='ocrx_word' id='word_1_291' title='bbox 2694 1748 3013 1803; x_wconf 77' lang='lat' dir='ltr'><strong>ﬁrmandam</strong></span> <span class='ocrx_word' id='word_1_292' title='bbox 3048 1748 3259 1812; x_wconf 89' lang='lat' dir='ltr'><strong>recitat,</strong></span> <span class='ocrx_word' id='word_1_293' title='bbox 3293 1748 3387 1803; x_wconf 89' lang='lat' dir='ltr'><strong>sed</strong></span> <span class='ocrx_word' id='word_1_294' title='bbox 3410 1747 3603 1801; x_wconf 65' lang='lat' dir='ltr'><strong>admoo</strong></span> 
     </span>
    </p>
   </div>
   <div class='ocr_carea' id='block_1_36' title="bbox 1949 1837 3603 1921">
    <p class='ocr_par' dir='ltr' id='par_1_36' title="bbox 1949 1837 3603 1921">
     <span class='ocr_line' id='line_1_38' title="bbox 1949 1837 3603 1921; baseline 0.004 -33"><span class='ocrx_word' id='word_1_295' title='bbox 1949 1867 1990 1921; x_wconf 78' lang='grc' dir='ltr'>Β</span> <span class='ocrx_word' id='word_1_296' title='bbox 2022 1837 2149 1890; x_wconf 85' lang='lat' dir='ltr'><strong>dum</strong></span> <span class='ocrx_word' id='word_1_297' title='bbox 2181 1838 2401 1892; x_wconf 88' lang='lat' dir='ltr'><strong>dolose:</strong></span> <span class='ocrx_word' id='word_1_298' title='bbox 2435 1854 2499 1894; x_wconf 90' lang='lat' dir='ltr'><strong>ca</strong></span> <span class='ocrx_word' id='word_1_299' title='bbox 2527 1841 2671 1894; x_wconf 90' lang='lat' dir='ltr'><strong>enim</strong></span> <span class='ocrx_word' id='word_1_300' title='bbox 2698 1842 2917 1906; x_wconf 90' lang='lat' dir='ltr'><strong>omittit,</strong></span> <span class='ocrx_word' id='word_1_301' title='bbox 2950 1856 3071 1913; x_wconf 83' lang='lat' dir='ltr'><strong>quae</strong></span> <span class='ocrx_word' id='word_1_302' title='bbox 3100 1841 3167 1895; x_wconf 91' lang='lat' dir='ltr'><strong>ad</strong></span> <span class='ocrx_word' id='word_1_303' title='bbox 3202 1856 3319 1895; x_wconf 90' lang='lat' dir='ltr'><strong>rem</strong></span> <span class='ocrx_word' id='word_1_304' title='bbox 3363 1840 3603 1895; x_wconf 71' lang='lat' dir='ltr'><strong>maxime</strong></span> 
     </span>
    </p>
   </div>
   <div class='ocr_carea' id='block_1_37' title="bbox 2021 1929 3601 2003">
    <p class='ocr_par' dir='ltr' id='par_1_37' title="bbox 2021 1929 3601 2003">
     <span class='ocr_line' id='line_1_39' title="bbox 2021 1929 3601 2003; baseline 0.004 -22"><span class='ocrx_word' id='word_1_305' title='bbox 2021 1929 2263 1995; x_wconf 85' lang='lat' dir='ltr'><strong>faciunt;</strong></span> <span class='ocrx_word' id='word_1_306' title='bbox 2294 1938 2478 1984; x_wconf 89' lang='lat' dir='ltr'><strong>nostra</strong></span> <span class='ocrx_word' id='word_1_307' title='bbox 2506 1939 2686 1985; x_wconf 90' lang='lat' dir='ltr'><strong>autem</strong></span> <span class='ocrx_word' id='word_1_308' title='bbox 2731 1947 2798 1986; x_wconf 84' lang='lat' dir='ltr'><strong>ex</strong></span> <span class='ocrx_word' id='word_1_309' title='bbox 2828 1933 2961 2001; x_wconf 86' lang='lat' dir='ltr'><strong>ipsis</strong></span> <span class='ocrx_word' id='word_1_310' title='bbox 2986 1932 3276 2003; x_wconf 84' lang='lat' dir='ltr'><strong>fragmenti</strong></span> <span class='ocrx_word' id='word_1_311' title='bbox 3309 1933 3491 1997; x_wconf 82' lang='lat' dir='ltr'><strong>verbis</strong></span> <span class='ocrx_word' id='word_1_312' title='bbox 3520 1934 3601 1987; x_wconf 89' lang='lat' dir='ltr'><strong>sio</strong></span> 
     </span>
    </p>
   </div>
   <div class='ocr_carea' id='block_1_38' title="bbox 2019 2008 3597 2095">
    <p class='ocr_par' dir='ltr' id='par_1_38' title="bbox 2019 2008 3597 2095">
     <span class='ocr_line' id='line_1_40' title="bbox 2019 2008 3597 2095; baseline 0.006 -22"><span class='ocrx_word' id='word_1_313' title='bbox 2019 2020 2255 2074; x_wconf 89' lang='lat' dir='ltr'><strong>dilucide</strong></span> <span class='ocrx_word' id='word_1_314' title='bbox 2272 2022 2568 2091; x_wconf 88' lang='lat' dir='ltr'><strong>colligitur.</strong></span> <span class='ocrx_word' id='word_1_315' title='bbox 2588 2008 3015 2080; x_wconf 76' lang='lat' dir='ltr'><strong>Valentinianus</strong></span> <span class='ocrx_word' id='word_1_316' title='bbox 3044 2026 3133 2079; x_wconf 92' lang='lat' dir='ltr'><strong>ille</strong></span> <span class='ocrx_word' id='word_1_317' title='bbox 3160 2025 3337 2095; x_wconf 92' lang='lat' dir='ltr'><strong>primo</strong></span> <span class='ocrx_word' id='word_1_318' title='bbox 3362 2024 3597 2095; x_wconf 83' lang='lat' dir='ltr'><strong>Bythum</strong></span> 
     </span>
    </p>
   </div>
   <div class='ocr_carea' id='block_1_39' title="bbox 2017 2112 3599 2189">
    <p class='ocr_par' dir='ltr' id='par_1_39' title="bbox 2017 2112 3599 2189">
     <span class='ocr_line' id='line_1_41' title="bbox 2017 2112 3599 2189; baseline 0.003 -22"><span class='ocrx_word' id='word_1_319' title='bbox 2017 2122 2072 2167; x_wconf 92' lang='lat' dir='ltr'><strong>et</strong></span> <span class='ocrx_word' id='word_1_320' title='bbox 2124 2112 2285 2182; x_wconf 85' lang='lat' dir='ltr'><strong>Sigen</strong></span> <span class='ocrx_word' id='word_1_321' title='bbox 2331 2115 2666 2182; x_wconf 85' lang='lat' dir='ltr'><strong>describens,</strong></span> <span class='ocrx_word' id='word_1_322' title='bbox 2719 2117 2896 2186; x_wconf 90' lang='lat' dir='ltr'><strong>inquit</strong></span> <span class='ocrx_word' id='word_1_323' title='bbox 2938 2137 2950 2171; x_wconf 90' lang='lat'>:</span> <span class='ocrx_word' id='word_1_324' title='bbox 2992 2119 3103 2171; x_wconf 77' lang='grc' dir='ltr'>Καὶ</span> <span class='ocrx_word' id='word_1_325' title='bbox 3146 2117 3283 2189; x_wconf 81' lang='grc' dir='ltr'>αὑτὴ</span> <span class='ocrx_word' id='word_1_326' title='bbox 3328 2117 3478 2188; x_wconf 86' lang='grc' dir='ltr'>αὐτῷ</span> <span class='ocrx_word' id='word_1_327' title='bbox 3512 2136 3599 2189; x_wconf 72' lang='grc' dir='ltr'><strong>μια-</strong></span> 
     </span>
    </p>
   </div>
   <div class='ocr_carea' id='block_1_40' title="bbox 2018 2206 3600 2280">
    <p class='ocr_par' dir='ltr' id='par_1_40' title="bbox 2018 2206 3600 2280">
     <span class='ocr_line' id='line_1_42' title="bbox 2018 2206 3600 2280; baseline 0.005 -23"><span class='ocrx_word' id='word_1_328' title='bbox 2018 2207 2172 2273; x_wconf 84' lang='grc' dir='ltr'><strong>γεῖσα</strong></span> <span class='ocrx_word' id='word_1_329' title='bbox 2194 2206 2534 2260; x_wconf 83' lang='grc' dir='ltr'>ἀναδείκνυσι</span> <span class='ocrx_word' id='word_1_330' title='bbox 2557 2208 2776 2280; x_wconf 79' lang='grc' dir='ltr'><strong>Πατέρα</strong></span> <span class='ocrx_word' id='word_1_331' title='bbox 2789 2210 2889 2279; x_wconf 84' lang='grc' dir='ltr'><strong>τῆς</strong></span> <span class='ocrx_word' id='word_1_332' title='bbox 2916 2208 3216 2280; x_wconf 79' lang='grc' dir='ltr'><strong>Ἀληθείας,</strong></span> <span class='ocrx_word' id='word_1_333' title='bbox 3246 2230 3264 2261; x_wconf 86' lang='grc'><em>‹</em></span> <span class='ocrx_word' id='word_1_334' title='bbox 3292 2209 3359 2264; x_wconf 82' lang='grc' dir='ltr'>Ει</span> <span class='ocrx_word' id='word_1_335' title='bbox 3379 2211 3496 2265; x_wconf 71' lang='lat' dir='ltr'><strong>haec</strong></span> <span class='ocrx_word' id='word_1_336' title='bbox 3522 2212 3600 2265; x_wconf 84' lang='lat' dir='ltr'><strong>illi</strong></span> 
     </span>
    </p>
   </div>
   <div class='ocr_carea' id='block_1_41' title="bbox 2017 2298 3599 2372">
    <p class='ocr_par' dir='ltr' id='par_1_41' title="bbox 2017 2298 3599 2372">
     <span class='ocr_line' id='line_1_43' title="bbox 2017 2298 3599 2372; baseline 0.004 -22"><span class='ocrx_word' id='word_1_337' title='bbox 2017 2298 2307 2353; x_wconf 88' lang='lat' dir='ltr'><strong>commista</strong></span> <span class='ocrx_word' id='word_1_338' title='bbox 2351 2300 2495 2368; x_wconf 88' lang='lat' dir='ltr'><strong>parit</strong></span> <span class='ocrx_word' id='word_1_339' title='bbox 2549 2298 2765 2354; x_wconf 88' lang='lat' dir='ltr'><strong>Patrem</strong></span> <span class='ocrx_word' id='word_1_340' title='bbox 2818 2302 3086 2356; x_wconf 89' lang='lat' dir='ltr'><strong>veritatis.</strong></span> <span class='ocrx_word' id='word_1_341' title='bbox 3118 2321 3136 2352; x_wconf 75' lang='grc' dir='ltr'><strong>ι</strong></span> <span class='ocrx_word' id='word_1_342' title='bbox 3190 2301 3373 2356; x_wconf 89' lang='lat' dir='ltr'><strong>Prima</strong></span> <span class='ocrx_word' id='word_1_343' title='bbox 3434 2302 3599 2372; x_wconf 82' lang='lat' dir='ltr'><strong>igitur</strong></span> 
     </span>
    </p>
   </div>
   <div class='ocr_carea' id='block_1_42' title="bbox 2015 2389 3597 2465">
    <p class='ocr_par' dir='ltr' id='par_1_42' title="bbox 2015 2389 3597 2465">
     <span class='ocr_line' id='line_1_44' title="bbox 2015 2389 3597 2465; baseline 0.004 -22"><span class='ocrx_word' id='word_1_344' title='bbox 2015 2389 2240 2445; x_wconf 86' lang='lat' dir='ltr'><strong>emissio</strong></span> <span class='ocrx_word' id='word_1_345' title='bbox 2264 2399 2347 2445; x_wconf 90' lang='lat' dir='ltr'><strong>est</strong></span> <span class='ocrx_word' id='word_1_346' title='bbox 2370 2406 2474 2459; x_wconf 88' lang='lat' dir='ltr'><strong>qua</strong></span> <span class='ocrx_word' id='word_1_347' title='bbox 2512 2389 2673 2444; x_wconf 90' lang='lat' dir='ltr'><strong>Pater</strong></span> <span class='ocrx_word' id='word_1_348' title='bbox 2702 2393 2945 2447; x_wconf 87' lang='lat' dir='ltr'><strong>veritatis</strong></span> <span class='ocrx_word' id='word_1_349' title='bbox 2971 2408 3034 2447; x_wconf 83' lang='lat' dir='ltr'><strong>ex</strong></span> <span class='ocrx_word' id='word_1_350' title='bbox 3060 2394 3233 2463; x_wconf 75' lang='lat' dir='ltr'><strong>Bytho</strong></span> <span class='ocrx_word' id='word_1_351' title='bbox 3262 2404 3317 2448; x_wconf 89' lang='lat' dir='ltr'><strong>et</strong></span> <span class='ocrx_word' id='word_1_352' title='bbox 3348 2392 3474 2463; x_wconf 87' lang='lat' dir='ltr'><strong>Sige</strong></span> <span class='ocrx_word' id='word_1_353' title='bbox 3499 2410 3597 2465; x_wconf 83' lang='lat' dir='ltr'><strong>ge-</strong></span> 
     </span>
    </p>
   </div>
   <div class='ocr_carea' id='block_1_43' title="bbox 2017 2483 3598 2556">
    <p class='ocr_par' dir='ltr' id='par_1_43' title="bbox 2017 2483 3598 2556">
     <span class='ocr_line' id='line_1_45' title="bbox 2017 2483 3598 2556; baseline 0.004 -22"><span class='ocrx_word' id='word_1_354' title='bbox 2017 2490 2269 2548; x_wconf 78' lang='lat' dir='ltr'><strong>neratur,</strong></span> <span class='ocrx_word' id='word_1_355' title='bbox 2297 2498 2461 2553; x_wconf 90' lang='lat' dir='ltr'><strong>quem</strong></span> <span class='ocrx_word' id='word_1_356' title='bbox 2491 2492 2545 2538; x_wconf 89' lang='lat' dir='ltr'><strong>et</strong></span> <span class='ocrx_word' id='word_1_357' title='bbox 2576 2483 2862 2556; x_wconf 83' lang='grc' dir='ltr'>ἄνθρωπον</span> <span class='ocrx_word' id='word_1_358' title='bbox 2904 2488 3197 2541; x_wconf 87' lang='lat' dir='ltr'><strong>vocabant.</strong></span> <span class='ocrx_word' id='word_1_359' title='bbox 3246 2487 3403 2541; x_wconf 84' lang='grc' dir='ltr'><strong>Μετὰ</strong></span> <span class='ocrx_word' id='word_1_360' title='bbox 3436 2488 3598 2541; x_wconf 81' lang='grc' dir='ltr'>τοῦτο</span> 
     </span>
    </p>
   </div>
   <div class='ocr_carea' id='block_1_44' title="bbox 2012 2573 3597 2652">
    <p class='ocr_par' dir='ltr' id='par_1_44' title="bbox 2012 2573 3597 2652">
     <span class='ocr_line' id='line_1_46' title="bbox 2012 2573 3597 2652; baseline 0.004 -25"><span class='ocrx_word' id='word_1_361' title='bbox 2012 2574 2067 2628; x_wconf 83' lang='grc' dir='ltr'>δὲ</span> <span class='ocrx_word' id='word_1_362' title='bbox 2101 2578 2133 2646; x_wconf 80' lang='grc' dir='ltr'>ἡ</span> <span class='ocrx_word' id='word_1_363' title='bbox 2168 2573 2305 2645; x_wconf 85' lang='grc' dir='ltr'><strong>Σιγῆ</strong></span> <span class='ocrx_word' id='word_1_364' title='bbox 2357 2577 2594 2648; x_wconf 75' lang='grc' dir='ltr'>φυσικὴν</span> <span class='ocrx_word' id='word_1_365' title='bbox 2645 2578 2871 2647; x_wconf 78' lang='grc' dir='ltr'><strong>ἑνότητα</strong></span> <span class='ocrx_word' id='word_1_366' title='bbox 2924 2578 3100 2647; x_wconf 76' lang='grc' dir='ltr'>φωτὸς</span> <span class='ocrx_word' id='word_1_367' title='bbox 3150 2581 3597 2652; x_wconf 80' lang='grc' dir='ltr'>προενεγκαμένη</span> 
     </span>
    </p>
   </div>
   <div class='ocr_carea' id='block_1_45' title="bbox 2015 2665 3599 2743">
    <p class='ocr_par' dir='ltr' id='par_1_45' title="bbox 2015 2665 3599 2743">
     <span class='ocr_line' id='line_1_47' title="bbox 2015 2665 3599 2743; baseline 0.004 -23"><span class='ocrx_word' id='word_1_368' title='bbox 2015 2668 2110 2721; x_wconf 77' lang='grc' dir='ltr'><strong>σὺν</strong></span> <span class='ocrx_word' id='word_1_369' title='bbox 2154 2668 2234 2739; x_wconf 83' lang='grc' dir='ltr'><strong>τῷ</strong></span> <span class='ocrx_word' id='word_1_370' title='bbox 2280 2667 2554 2741; x_wconf 80' lang='grc' dir='ltr'>ἀνθρώπῳ</span> <span class='ocrx_word' id='word_1_371' title='bbox 2601 2665 2691 2740; x_wconf 78' lang='grc' dir='ltr'>(ἦν</span> <span class='ocrx_word' id='word_1_372' title='bbox 2722 2670 2981 2735; x_wconf 81' lang='grc' dir='ltr'>δἀὺταῖς</span> <span class='ocrx_word' id='word_1_373' title='bbox 3014 2673 3047 2743; x_wconf 83' lang='grc' dir='ltr'>ἡ</span> <span class='ocrx_word' id='word_1_374' title='bbox 3083 2673 3389 2737; x_wconf 78' lang='grc' dir='ltr'>συνέλευσις</span> <span class='ocrx_word' id='word_1_375' title='bbox 3419 2675 3480 2725; x_wconf 84' lang='grc' dir='ltr'>τὸ</span> <span class='ocrx_word' id='word_1_376' title='bbox 3513 2673 3599 2727; x_wconf 81' lang='grc' dir='ltr'><strong>θέ-</strong></span> 
     </span>
    </p>
   </div>
   <div class='ocr_carea' id='block_1_46' title="bbox 2010 2758 3598 2835">
    <p class='ocr_par' dir='ltr' id='par_1_46' title="bbox 2010 2758 3598 2835">
     <span class='ocr_line' id='line_1_48' title="bbox 2010 2758 3598 2835; baseline 0.006 -24"><span class='ocrx_word' id='word_1_377' title='bbox 2010 2758 2140 2831; x_wconf 85' lang='grc' dir='ltr'>λειν)</span> <span class='ocrx_word' id='word_1_378' title='bbox 2176 2763 2266 2813; x_wconf 78' lang='grc' dir='ltr'><strong>καὶ</strong></span> <span class='ocrx_word' id='word_1_379' title='bbox 2297 2760 2639 2814; x_wconf 79' lang='grc' dir='ltr'>ἀναδείκνυσι</span> <span class='ocrx_word' id='word_1_380' title='bbox 2670 2762 2769 2832; x_wconf 81' lang='grc' dir='ltr'>τὴν</span> <span class='ocrx_word' id='word_1_381' title='bbox 2816 2763 3117 2835; x_wconf 82' lang='grc' dir='ltr'>Ἀλήθειαν.</span> <span class='ocrx_word' id='word_1_382' title='bbox 3140 2782 3160 2816; x_wconf 82' lang='grc'>‹</span> <span class='ocrx_word' id='word_1_383' title='bbox 3190 2764 3379 2820; x_wconf 88' lang='lat' dir='ltr'><strong>Postea</strong></span> <span class='ocrx_word' id='word_1_384' title='bbox 3413 2775 3598 2820; x_wconf 88' lang='lat' dir='ltr'><strong>autem</strong></span> 
     </span>
    </p>
   </div>
   <div class='ocr_carea' id='block_1_47' title="bbox 2012 2850 3597 2926">
    <p class='ocr_par' dir='ltr' id='par_1_47' title="bbox 2012 2850 3597 2926">
     <span class='ocr_line' id='line_1_49' title="bbox 2012 2850 3597 2926; baseline 0.004 -20"><span class='ocrx_word' id='word_1_385' title='bbox 2012 2850 2137 2924; x_wconf 84' lang='lat' dir='ltr'><strong>Sige</strong></span> <span class='ocrx_word' id='word_1_386' title='bbox 2182 2854 2489 2907; x_wconf 87' lang='lat' dir='ltr'><strong>naturalem</strong></span> <span class='ocrx_word' id='word_1_387' title='bbox 2524 2855 2788 2909; x_wconf 90' lang='lat' dir='ltr'><strong>unitatem</strong></span> <span class='ocrx_word' id='word_1_388' title='bbox 2835 2855 2976 2911; x_wconf 91' lang='lat' dir='ltr'><strong>lucis</strong></span> <span class='ocrx_word' id='word_1_389' title='bbox 3007 2855 3294 2926; x_wconf 81' lang='lat' dir='ltr'><strong>proferens</strong></span> <span class='ocrx_word' id='word_1_390' title='bbox 3338 2872 3462 2911; x_wconf 91' lang='lat' dir='ltr'><strong>cum</strong></span> <span class='ocrx_word' id='word_1_391' title='bbox 3496 2858 3597 2913; x_wconf 92' lang='lat' dir='ltr'><strong>ho-</strong></span> 
     </span>
    </p>
   </div>
   <div class='ocr_carea' id='block_1_48' title="bbox 2008 2947 3595 3020">
    <p class='ocr_par' dir='ltr' id='par_1_48' title="bbox 2008 2947 3595 3020">
     <span class='ocr_line' id='line_1_50' title="bbox 2008 2947 3595 3020; baseline 0.002 -20"><span class='ocrx_word' id='word_1_392' title='bbox 2008 2948 2154 3001; x_wconf 91' lang='lat' dir='ltr'><strong>mine</strong></span> <span class='ocrx_word' id='word_1_393' title='bbox 2178 2948 2315 3016; x_wconf 87' lang='lat' dir='ltr'><strong>(erat</strong></span> <span class='ocrx_word' id='word_1_394' title='bbox 2340 2959 2522 3002; x_wconf 88' lang='lat' dir='ltr'><strong>autem</strong></span> <span class='ocrx_word' id='word_1_395' title='bbox 2554 2947 2660 3003; x_wconf 91' lang='lat' dir='ltr'><strong>illis</strong></span> <span class='ocrx_word' id='word_1_396' title='bbox 2698 2948 2834 3002; x_wconf 88' lang='lat' dir='ltr'><strong>velle</strong></span> <span class='ocrx_word' id='word_1_397' title='bbox 2866 2950 3244 3020; x_wconf 84' lang='lat' dir='ltr'><strong>congressus),</strong></span> <span class='ocrx_word' id='word_1_398' title='bbox 3266 2949 3410 3019; x_wconf 90' lang='lat' dir='ltr'><strong>parit</strong></span> <span class='ocrx_word' id='word_1_399' title='bbox 3431 2950 3595 3004; x_wconf 90' lang='lat' dir='ltr'><strong>etiam</strong></span> 
     </span>
    </p>
   </div>
   <div class='ocr_carea' id='block_1_49' title="bbox 291 3004 1907 3112">
    <p class='ocr_par' dir='ltr' id='par_1_49' title="bbox 291 3004 1907 3077">
     <span class='ocr_line' id='line_1_51' title="bbox 291 3004 1907 3077; baseline 0.002 -17"><span class='ocrx_word' id='word_1_400' title='bbox 291 3007 698 3077; x_wconf 83' lang='lat' dir='ltr'><strong>genealogiam</strong></span> <span class='ocrx_word' id='word_1_401' title='bbox 746 3006 1004 3075; x_wconf 76' lang='lat' dir='ltr'><strong>pertexit,</strong></span> <span class='ocrx_word' id='word_1_402' title='bbox 1043 3014 1099 3061; x_wconf 91' lang='lat' dir='ltr'><strong>et</strong></span> <span class='ocrx_word' id='word_1_403' title='bbox 1136 3004 1649 3063; x_wconf 87' lang='lat' dir='ltr'><strong>Valentinianorum</strong></span> <span class='ocrx_word' id='word_1_404' title='bbox 1684 3018 1907 3066; x_wconf 89' lang='lat' dir='ltr'><strong>senten-</strong></span> 
     </span>
    </p>
   </div>
   <div class='ocr_carea' id='block_1_50' title="bbox 2008 3004 3597 3112">
    <p class='ocr_par' dir='ltr' id='par_1_50' title="bbox 2009 3035 3597 3112">
     <span class='ocr_line' id='line_1_52' title="bbox 2009 3035 3597 3112; baseline 0.006 -25"><span class='ocrx_word' id='word_1_405' title='bbox 2009 3035 2327 3094; x_wconf 85' lang='lat' dir='ltr'><strong>Veritatem.</strong></span> <span class='ocrx_word' id='word_1_406' title='bbox 2348 3059 2368 3092; x_wconf 75' lang='grc' dir='ltr'><strong>ι</strong></span> <span class='ocrx_word' id='word_1_407' title='bbox 2405 3038 2656 3095; x_wconf 89' lang='lat' dir='ltr'><strong>Secunda</strong></span> <span class='ocrx_word' id='word_1_408' title='bbox 2689 3041 2855 3112; x_wconf 85' lang='lat' dir='ltr'><strong>igitur</strong></span> <span class='ocrx_word' id='word_1_409' title='bbox 2884 3041 3111 3096; x_wconf 90' lang='lat' dir='ltr'><strong>emissio</strong></span> <span class='ocrx_word' id='word_1_410' title='bbox 3138 3051 3354 3111; x_wconf 90' lang='lat' dir='ltr'><strong>est.qua</strong></span> <span class='ocrx_word' id='word_1_411' title='bbox 3379 3038 3597 3097; x_wconf 86' lang='lat' dir='ltr'><strong>Veritas</strong></span> 
     </span>
    </p>
   </div>
   <div class='ocr_carea' id='block_1_51' title="bbox 291 3093 3598 3204">
    <p class='ocr_par' dir='ltr' id='par_1_51' title="bbox 291 3093 3598 3204">
     <span class='ocr_line' id='line_1_53' title="bbox 291 3093 3598 3204; baseline 0.004 -27"><span class='ocrx_word' id='word_1_412' title='bbox 291 3100 439 3204; x_wconf 48' lang='grc' dir='ltr'><strong>’ξω</strong></span> <span class='ocrx_word' id='word_1_413' title='bbox 474 3095 588 3151; x_wconf 72' lang='lat' dir='ltr'><strong>hoc</strong></span> <span class='ocrx_word' id='word_1_414' title='bbox 620 3095 787 3201; x_wconf 73' lang='lat' dir='ltr'><strong>m°d_°</strong></span> <span class='ocrx_word' id='word_1_415' title='bbox 817 3093 1058 3204; x_wconf 34' lang='lat' dir='ltr'><strong>animi“</strong></span> <span class='ocrx_word' id='word_1_416' title='bbox 1102 3095 1362 3166; x_wconf 52' lang='lat' dir='ltr'><strong>exprimit</strong></span> <span class='ocrx_word' id='word_1_417' title='bbox 1386 3115 1399 3150; x_wconf 77' lang='grc'><strong><em>⁵</em></strong></span> <span class='ocrx_word' id='word_1_418' title='bbox 1425 3117 1442 3148; x_wconf 75' lang='grc'>⁸</span> <span class='ocrx_word' id='word_1_419' title='bbox 1475 3095 1802 3204; x_wconf 44' lang='grc' dir='ltr'><strong>ξυρτθηξΡω</strong></span> <span class='ocrx_word' id='word_1_420' title='bbox 1828 3100 1905 3154; x_wconf 67' lang='lat' dir='ltr'><strong>mi</strong></span> <span class='ocrx_word' id='word_1_421' title='bbox 2007 3144 2073 3185; x_wconf 82' lang='lat' dir='ltr'><strong>ex</strong></span> <span class='ocrx_word' id='word_1_422' title='bbox 2120 3093 2314 3196; x_wconf 78' lang='lat' dir='ltr'><strong>Patre,</strong></span> <span class='ocrx_word' id='word_1_423' title='bbox 2364 3093 2467 3186; x_wconf 77' lang='lat' dir='ltr'><strong>seu</strong></span> <span class='ocrx_word' id='word_1_424' title='bbox 2490 3093 2863 3199; x_wconf 40' lang='lat' dir='ltr'><strong>homin—cret</strong></span> <span class='ocrx_word' id='word_1_425' title='bbox 2893 3093 3382 3204; x_wconf 21' lang='lat' dir='ltr'><strong>Sigei—generatur.</strong></span> 
     </span>
    </p>
   </div>
   <div class='ocr_carea' id='block_1_52' title="bbox 289 3188 1907 3301">
    <p class='ocr_par' dir='ltr' id='par_1_52' title="bbox 289 3188 1902 3301">
     <span class='ocr_line' id='line_1_54' title="bbox 289 3188 1902 3263; baseline 0.001 -17"><span class='ocrx_word' id='word_1_426' title='bbox 289 3190 544 3246; x_wconf 60' lang='lat' dir='ltr'><strong>Eonem</strong></span> <span class='ocrx_word' id='word_1_427' title='bbox 574 3190 918 3246; x_wconf 84' lang='lat' dir='ltr'><strong>somniantes</strong></span> <span class='ocrx_word' id='word_1_428' title='bbox 934 3188 1155 3245; x_wconf 71' lang='lat' dir='ltr'><strong>Bufibva</strong></span> <span class='ocrx_word' id='word_1_429' title='bbox 1180 3204 1238 3246; x_wconf 93' lang='lat' dir='ltr'><strong>se</strong></span> <span class='ocrx_word' id='word_1_430' title='bbox 1262 3200 1316 3245; x_wconf 91' lang='lat' dir='ltr'><strong>et</strong></span> <span class='ocrx_word' id='word_1_431' title='bbox 1333 3192 1654 3263; x_wconf 78' lang='grc' dir='ltr'>προπάτορα</span> <span class='ocrx_word' id='word_1_432' title='bbox 1676 3193 1902 3257; x_wconf 90' lang='lat' dir='ltr'><strong>dictum,</strong></span> 
     </span>
     <span class='ocr_line' id='line_1_55' title="bbox 300 3279 1745 3301; baseline 0.001 3"><span class='ocrx_word' id='word_1_433' title='bbox 300 3282 388 3301; x_wconf 31' lang='lat'><strong>7.7!</strong></span> <span class='ocrx_word' id='word_1_434' title='bbox 440 3297 501 3301; x_wconf 56' lang='grc' dir='ltr'><strong>Α-</strong></span> <span class='ocrx_word' id='word_1_435' title='bbox 538 3279 579 3301; x_wconf 56' lang='grc' dir='ltr'><strong>ιτ</strong></span> <span class='ocrx_word' id='word_1_436' title='bbox 608 3282 675 3301; x_wconf 59' lang='grc' dir='ltr'><strong>--τι</strong></span> <span class='ocrx_word' id='word_1_437' title='bbox 702 3299 714 3301; x_wconf 87' lang='grc'><strong>-</strong></span> <span class='ocrx_word' id='word_1_438' title='bbox 757 3283 1036 3301; x_wconf 45' lang='grc' dir='ltr'><strong>--4--1-,,,Α</strong></span> <span class='ocrx_word' id='word_1_439' title='bbox 1086 3283 1345 3301; x_wconf 37' lang='grc' dir='ltr'><strong>--ᾼ-Ρ“-κμ</strong></span> <span class='ocrx_word' id='word_1_440' title='bbox 1412 3299 1419 3301; x_wconf 42' lang='grc' dir='ltr'>μ</span> <span class='ocrx_word' id='word_1_441' title='bbox 1475 3285 1537 3301; x_wconf 55' lang='lat' dir='ltr'><strong>-I,</strong></span> <span class='ocrx_word' id='word_1_442' title='bbox 1636 3284 1682 3301; x_wconf 67' lang='grc' dir='ltr'><strong>ἰγ</strong></span> <span class='ocrx_word' id='word_1_443' title='bbox 1720 3283 1745 3293; x_wconf 66' lang='grc'><strong><em>⁸</em></strong></span> 
     </span>
    </p>
   </div>
   <div class='ocr_carea' id='block_1_53' title="bbox 2008 3188 3596 3301">
    <p class='ocr_par' dir='ltr' id='par_1_53' title="bbox 2008 3188 3596 3301">
     <span class='ocr_line' id='line_1_56' title="bbox 2008 3188 3596 3301; baseline 0.003 -26"><span class='ocrx_word' id='word_1_444' title='bbox 2008 3224 2165 3276; x_wconf 74' lang='grc' dir='ltr'>τοῦτο</span> <span class='ocrx_word' id='word_1_445' title='bbox 2197 3227 2230 3296; x_wconf 83' lang='grc' dir='ltr'>ἡ</span> <span class='ocrx_word' id='word_1_446' title='bbox 2259 3188 2511 3295; x_wconf 63' lang='grc' dir='ltr'>’Λλήθεια</span> <span class='ocrx_word' id='word_1_447' title='bbox 2547 3188 2817 3297; x_wconf 35' lang='grc' dir='ltr'>μητρικιὴν</span> <span class='ocrx_word' id='word_1_448' title='bbox 2863 3188 3307 3299; x_wconf 45' lang='grc' dir='ltr'>προένεξκαμένη</span> <span class='ocrx_word' id='word_1_449' title='bbox 3341 3244 3596 3301; x_wconf 83' lang='grc' dir='ltr'>προυνει-</span> 
     </span>
    </p>
   </div>
   <div class='ocr_carea' id='block_1_54' title="bbox 289 3279 1907 3353">
    <p class='ocr_par' dir='ltr' id='par_1_54' title="bbox 289 3279 1907 3353">
     <span class='ocr_line' id='line_1_57' title="bbox 289 3279 1907 3353; baseline 0.004 -18"><span class='ocrx_word' id='word_1_450' title='bbox 289 3282 393 3351; x_wconf 88' lang='lat' dir='ltr'><strong>qui</strong></span> <span class='ocrx_word' id='word_1_451' title='bbox 431 3297 505 3336; x_wconf 80' lang='lat' dir='ltr'><strong>ex</strong></span> <span class='ocrx_word' id='word_1_452' title='bbox 538 3279 716 3350; x_wconf 78' lang='grc' dir='ltr'><strong>Σιγῆς</strong></span> <span class='ocrx_word' id='word_1_453' title='bbox 748 3283 1041 3351; x_wconf 79' lang='lat' dir='ltr'><strong>complexu</strong></span> <span class='ocrx_word' id='word_1_454' title='bbox 1080 3283 1353 3352; x_wconf 88' lang='lat' dir='ltr'><strong>geminam</strong></span> <span class='ocrx_word' id='word_1_455' title='bbox 1397 3285 1603 3353; x_wconf 92' lang='lat' dir='ltr'><strong>prolem</strong></span> <span class='ocrx_word' id='word_1_456' title='bbox 1634 3283 1779 3339; x_wconf 86' lang='grc' dir='ltr'>Νοῦν</span> <span class='ocrx_word' id='word_1_457' title='bbox 1811 3300 1907 3341; x_wconf 90' lang='lat' dir='ltr'><strong>seu</strong></span> 
     </span>
    </p>
   </div>
   <div class='ocr_carea' id='block_1_55' title="bbox 292 3368 1906 3448">
    <p class='ocr_par' dir='ltr' id='par_1_55' title="bbox 292 3368 1906 3448">
     <span class='ocr_line' id='line_1_58' title="bbox 292 3368 1906 3448; baseline 0.004 -21"><span class='ocrx_word' id='word_1_458' title='bbox 292 3374 532 3448; x_wconf 76' lang='grc' dir='ltr'>Πατέρα</span> <span class='ocrx_word' id='word_1_459' title='bbox 569 3384 625 3429; x_wconf 92' lang='lat' dir='ltr'><strong>et</strong></span> <span class='ocrx_word' id='word_1_460' title='bbox 659 3368 949 3437; x_wconf 86' lang='grc' dir='ltr'><strong>Ἀλήθειαν</strong></span> <span class='ocrx_word' id='word_1_461' title='bbox 984 3374 1354 3444; x_wconf 88' lang='lat' dir='ltr'><strong>suscepisset;</strong></span> <span class='ocrx_word' id='word_1_462' title='bbox 1388 3392 1585 3431; x_wconf 91' lang='lat' dir='ltr'><strong>rursus</strong></span> <span class='ocrx_word' id='word_1_463' title='bbox 1630 3377 1775 3431; x_wconf 83' lang='grc' dir='ltr'>Νοῦν</span> <span class='ocrx_word' id='word_1_464' title='bbox 1810 3396 1906 3434; x_wconf 89' lang='lat' dir='ltr'><strong>seu</strong></span> 
     </span>
    </p>
   </div>
   <div class='ocr_carea' id='block_1_56' title="bbox 293 3466 1907 3543">
    <p class='ocr_par' dir='ltr' id='par_1_56' title="bbox 293 3466 1907 3543">
     <span class='ocr_line' id='line_1_59' title="bbox 293 3466 1907 3543; baseline 0.004 -24"><span class='ocrx_word' id='word_1_465' title='bbox 293 3467 531 3538; x_wconf 78' lang='grc' dir='ltr'>Πατέρα</span> <span class='ocrx_word' id='word_1_466' title='bbox 566 3468 702 3537; x_wconf 85' lang='grc' dir='ltr'>Σιγῇ</span> <span class='ocrx_word' id='word_1_467' title='bbox 736 3466 898 3521; x_wconf 82' lang='lat' dir='ltr'><strong>matri</strong></span> <span class='ocrx_word' id='word_1_468' title='bbox 926 3467 1277 3521; x_wconf 89' lang='lat' dir='ltr'><strong>eommistum</strong></span> <span class='ocrx_word' id='word_1_469' title='bbox 1302 3468 1475 3536; x_wconf 83' lang='grc' dir='ltr'>Λόγον</span> <span class='ocrx_word' id='word_1_470' title='bbox 1508 3469 1602 3521; x_wconf 79' lang='grc' dir='ltr'><strong>καὶ</strong></span> <span class='ocrx_word' id='word_1_471' title='bbox 1635 3466 1789 3537; x_wconf 79' lang='grc' dir='ltr'><strong>Ζωὴν</strong></span> <span class='ocrx_word' id='word_1_472' title='bbox 1817 3488 1907 3543; x_wconf 89' lang='lat' dir='ltr'><strong>ge-</strong></span> 
     </span>
    </p>
   </div>
   <div class='ocr_carea' id='block_1_57' title="bbox 294 3558 1906 3636">
    <p class='ocr_par' dir='ltr' id='par_1_57' title="bbox 294 3558 1906 3636">
     <span class='ocr_line' id='line_1_60' title="bbox 294 3558 1906 3636; baseline 0.005 -24"><span class='ocrx_word' id='word_1_473' title='bbox 294 3561 498 3613; x_wconf 80' lang='lat' dir='ltr'><strong>nuisse</strong></span> <span class='ocrx_word' id='word_1_474' title='bbox 528 3561 832 3629; x_wconf 85' lang='lat' dir='ltr'><strong>tingebant.</strong></span> <span class='ocrx_word' id='word_1_475' title='bbox 862 3579 881 3611; x_wconf 74' lang='grc' dir='ltr'><strong>ι</strong></span> <span class='ocrx_word' id='word_1_476' title='bbox 912 3558 1039 3615; x_wconf 64' lang='lat' dir='ltr'><strong>Haec</strong></span> <span class='ocrx_word' id='word_1_477' title='bbox 1069 3560 1234 3631; x_wconf 89' lang='lat' dir='ltr'><strong>igitur</strong></span> <span class='ocrx_word' id='word_1_478' title='bbox 1264 3576 1453 3616; x_wconf 86' lang='lat' dir='ltr'><strong>eorum</strong></span> <span class='ocrx_word' id='word_1_479' title='bbox 1482 3564 1818 3636; x_wconf 87' lang='lat' dir='ltr'><strong>genealogia,</strong></span> <span class='ocrx_word' id='word_1_480' title='bbox 1840 3582 1906 3620; x_wconf 79' lang='lat' dir='ltr'><strong>ex</strong></span> 
     </span>
    </p>
   </div>
   <div class='ocr_carea' id='block_1_58' title="bbox 294 3653 928 3707">
    <p class='ocr_par' dir='ltr' id='par_1_58' title="bbox 294 3653 928 3707">
     <span class='ocr_line' id='line_1_61' title="bbox 294 3653 928 3707; baseline -0.003 0"><span class='ocrx_word' id='word_1_481' title='bbox 294 3653 581 3707; x_wconf 77' lang='lat' dir='ltr'><strong>Blondelli</strong></span> <span class='ocrx_word' id='word_1_482' title='bbox 613 3653 889 3707; x_wconf 88' lang='lat' dir='ltr'><strong>sententia</strong></span> <span class='ocrx_word' id='word_1_483' title='bbox 917 3671 928 3705; x_wconf 93' lang='lat'>:</span> 
     </span>
    </p>
   </div>
   <div class='ocr_carea' id='block_1_59' title="bbox 870 3761 1328 3903">
    <p class='ocr_par' dir='ltr' id='par_1_59' title="bbox 870 3761 1328 3903">
     <span class='ocr_line' id='line_1_62' title="bbox 870 3761 1328 3903; baseline 0.004 -87"><span class='ocrx_word' id='word_1_484' title='bbox 870 3762 1078 3835; x_wconf 83' lang='lat' dir='ltr'><strong>Bythus</strong></span> <span class='ocrx_word' id='word_1_485' title='bbox 1096 3761 1328 3903; x_wconf 77' lang='lat' dir='ltr'><strong>I—Sige.</strong></span> 
     </span>
    </p>
   </div>
   <div class='ocr_carea' id='block_1_60' title="bbox 960 3900 1376 3966">
    <p class='ocr_par' dir='ltr' id='par_1_60' title="bbox 960 3900 1376 3966">
     <span class='ocr_line' id='line_1_63' title="bbox 960 3900 1376 3966; baseline 0.007 -9"><span class='ocrx_word' id='word_1_486' title='bbox 960 3900 1074 3958; x_wconf 84' lang='lat' dir='ltr'><strong>Nus</strong></span> <span class='ocrx_word' id='word_1_487' title='bbox 1091 3900 1138 3966; x_wconf 51' lang='grc' dir='ltr'>,λ</span> <span class='ocrx_word' id='word_1_488' title='bbox 1158 3901 1376 3960; x_wconf 87' lang='lat' dir='ltr'><strong>Veritas</strong></span> 
     </span>
    </p>
   </div>
   <div class='ocr_carea' id='block_1_61' title="bbox 954 3972 1307 4043">
    <p class='ocr_par' dir='ltr' id='par_1_61' title="bbox 954 3972 1307 4043">
     <span class='ocr_line' id='line_1_64' title="bbox 954 3972 1307 4043; baseline 0.006 -17"><span class='ocrx_word' id='word_1_489' title='bbox 954 3972 1158 4027; x_wconf 87' lang='lat' dir='ltr'><strong>Nus—</strong></span> <span class='ocrx_word' id='word_1_490' title='bbox 1184 3973 1307 4043; x_wconf 86' lang='lat' dir='ltr'><strong>Sige</strong></span> 
     </span>
    </p>
   </div>
   <div class='ocr_carea' id='block_1_62' title="bbox 931 4042 1320 4110">
    <p class='ocr_par' dir='ltr' id='par_1_62' title="bbox 931 4042 1320 4110">
     <span class='ocr_line' id='line_1_65' title="bbox 931 4042 1320 4110; baseline -0.003 -12"><span class='ocrx_word' id='word_1_491' title='bbox 931 4043 1148 4110; x_wconf 85' lang='lat' dir='ltr'><strong>Sermo,</strong></span> <span class='ocrx_word' id='word_1_492' title='bbox 1174 4042 1320 4098; x_wconf 82' lang='lat' dir='ltr'><strong>Vita.</strong></span> 
     </span>
    </p>
   </div>
   <div class='ocr_carea' id='block_1_63' title="bbox 297 4144 1902 4228">
    <p class='ocr_par' dir='ltr' id='par_1_63' title="bbox 297 4144 1902 4228">
     <span class='ocr_line' id='line_1_66' title="bbox 297 4144 1902 4228; baseline 0.002 -17"><span class='ocrx_word' id='word_1_493' title='bbox 297 4161 482 4221; x_wconf 69' lang='lat' dir='ltr'><strong>Aliam</strong></span> <span class='ocrx_word' id='word_1_494' title='bbox 522 4157 730 4217; x_wconf 80' lang='lat' dir='ltr'><strong>fatetur</strong></span> <span class='ocrx_word' id='word_1_495' title='bbox 759 4159 1085 4228; x_wconf 78' lang='lat' dir='ltr'><strong>exposuisse</strong></span> <span class='ocrx_word' id='word_1_496' title='bbox 1106 4157 1325 4224; x_wconf 73' lang='lat' dir='ltr'><strong>Patres;</strong></span> <span class='ocrx_word' id='word_1_497' title='bbox 1354 4159 1500 4219; x_wconf 83' lang='lat' dir='ltr'><strong>hanc</strong></span> <span class='ocrx_word' id='word_1_498' title='bbox 1532 4144 1716 4213; x_wconf 71' lang='lat' dir='ltr'><strong>autem</strong></span> <span class='ocrx_word' id='word_1_499' title='bbox 1743 4173 1902 4215; x_wconf 88' lang='lat' dir='ltr'><strong>acce-</strong></span> 
     </span>
    </p>
   </div>
   <div class='ocr_carea' id='block_1_64' title="bbox 297 4249 1899 4323">
    <p class='ocr_par' dir='ltr' id='par_1_64' title="bbox 297 4249 1899 4323">
     <span class='ocr_line' id='line_1_67' title="bbox 297 4249 1899 4323; baseline 0.001 -18"><span class='ocrx_word' id='word_1_500' title='bbox 297 4255 453 4323; x_wconf 88' lang='lat' dir='ltr'><strong>pisse</strong></span> <span class='ocrx_word' id='word_1_501' title='bbox 502 4266 567 4307; x_wconf 89' lang='lat' dir='ltr'><strong>se</strong></span> <span class='ocrx_word' id='word_1_502' title='bbox 615 4251 693 4304; x_wconf 91' lang='lat' dir='ltr'><strong>ait</strong></span> <span class='ocrx_word' id='word_1_503' title='bbox 740 4265 807 4303; x_wconf 84' lang='lat' dir='ltr'><strong>ex</strong></span> <span class='ocrx_word' id='word_1_504' title='bbox 850 4250 1161 4319; x_wconf 76' lang='lat' dir='ltr'><strong>fragmento</strong></span> <span class='ocrx_word' id='word_1_505' title='bbox 1196 4251 1320 4305; x_wconf 87' lang='lat' dir='ltr'><strong>libri</strong></span> <span class='ocrx_word' id='word_1_506' title='bbox 1365 4249 1899 4319; x_wconf 87' lang='lat' dir='ltr'><strong>Valentinianorum,</strong></span> 
     </span>
    </p>
   </div>
   <div class='ocr_carea' id='block_1_65' title="bbox 298 4339 1902 4411">
    <p class='ocr_par' dir='ltr' id='par_1_65' title="bbox 298 4339 1902 4411">
     <span class='ocr_line' id='line_1_68' title="bbox 298 4339 1902 4411; baseline 0.002 -16"><span class='ocrx_word' id='word_1_507' title='bbox 298 4341 452 4411; x_wconf 91' lang='lat' dir='ltr'><strong>quod</strong></span> <span class='ocrx_word' id='word_1_508' title='bbox 484 4341 560 4395; x_wconf 92' lang='lat' dir='ltr'><strong>ab</strong></span> <span class='ocrx_word' id='word_1_509' title='bbox 600 4340 910 4410; x_wconf 88' lang='lat' dir='ltr'><strong>Epiphanio</strong></span> <span class='ocrx_word' id='word_1_510' title='bbox 941 4339 1180 4399; x_wconf 80' lang='lat' dir='ltr'><strong>Panario</strong></span> <span class='ocrx_word' id='word_1_511' title='bbox 1212 4358 1315 4397; x_wconf 92' lang='lat' dir='ltr'><strong>suo</strong></span> <span class='ocrx_word' id='word_1_512' title='bbox 1346 4342 1610 4397; x_wconf 85' lang='lat' dir='ltr'><strong>insertum</strong></span> <span class='ocrx_word' id='word_1_513' title='bbox 1639 4351 1739 4398; x_wconf 91' lang='lat' dir='ltr'><strong>est.</strong></span> <span class='ocrx_word' id='word_1_514' title='bbox 1775 4342 1902 4399; x_wconf 81' lang='lat' dir='ltr'><strong>Haec</strong></span> 
     </span>
    </p>
   </div>
   <div class='ocr_carea' id='block_1_66' title="bbox 298 4430 1899 4503">
    <p class='ocr_par' dir='ltr' id='par_1_66' title="bbox 298 4430 1899 4503">
     <span class='ocr_line' id='line_1_69' title="bbox 298 4430 1899 4503; baseline 0.002 -16"><span class='ocrx_word' id='word_1_515' title='bbox 298 4433 390 4493; x_wconf 81' lang='lat' dir='ltr'><strong>ille</strong></span> <span class='ocrx_word' id='word_1_516' title='bbox 420 4434 479 4487; x_wconf 88' lang='lat' dir='ltr'><strong>in</strong></span> <span class='ocrx_word' id='word_1_517' title='bbox 514 4430 843 4502; x_wconf 69' lang='lat' dir='ltr'><strong>praefatione</strong></span> <span class='ocrx_word' id='word_1_518' title='bbox 879 4432 944 4486; x_wconf 91' lang='lat' dir='ltr'><strong>ad</strong></span> <span class='ocrx_word' id='word_1_519' title='bbox 978 4432 1322 4503; x_wconf 83' lang='lat' dir='ltr'><strong>Apologiam.</strong></span> <span class='ocrx_word' id='word_1_520' title='bbox 1354 4432 1412 4487; x_wconf 90' lang='lat' dir='ltr'><strong>In</strong></span> <span class='ocrx_word' id='word_1_521' title='bbox 1440 4435 1586 4489; x_wconf 87' lang='lat' dir='ltr'><strong>notis</strong></span> <span class='ocrx_word' id='word_1_522' title='bbox 1620 4444 1801 4490; x_wconf 90' lang='lat' dir='ltr'><strong>autem</strong></span> <span class='ocrx_word' id='word_1_523' title='bbox 1831 4436 1899 4491; x_wconf 90' lang='lat' dir='ltr'><strong>ad</strong></span> 
     </span>
    </p>
   </div>
   <div class='ocr_carea' id='block_1_67' title="bbox 296 4524 1974 4615">
    <p class='ocr_par' dir='ltr' id='par_1_67' title="bbox 296 4524 1974 4615">
     <span class='ocr_line' id='line_1_70' title="bbox 296 4524 1974 4615; baseline 0.002 -34"><span class='ocrx_word' id='word_1_524' title='bbox 296 4526 597 4595; x_wconf 82' lang='lat' dir='ltr'><strong>epistolam</strong></span> <span class='ocrx_word' id='word_1_525' title='bbox 648 4524 822 4579; x_wconf 85' lang='lat' dir='ltr'><strong>lsaaci</strong></span> <span class='ocrx_word' id='word_1_526' title='bbox 869 4524 1051 4580; x_wconf 87' lang='lat' dir='ltr'><strong>Vossii</strong></span> <span class='ocrx_word' id='word_1_527' title='bbox 1096 4527 1295 4581; x_wconf 84' lang='lat' dir='ltr'><strong>asserit</strong></span> <span class='ocrx_word' id='word_1_528' title='bbox 1346 4527 1546 4581; x_wconf 88' lang='lat' dir='ltr'><strong>librum</strong></span> <span class='ocrx_word' id='word_1_529' title='bbox 1604 4544 1728 4583; x_wconf 87' lang='lat' dir='ltr'><strong>eum</strong></span> <span class='ocrx_word' id='word_1_530' title='bbox 1774 4544 1897 4584; x_wconf 91' lang='lat' dir='ltr'><strong>esse</strong></span> <span class='ocrx_word' id='word_1_531' title='bbox 1930 4560 1974 4615; x_wconf 68' lang='grc' dir='ltr'><strong>Β</strong></span> 
     </span>
    </p>
   </div>
   <div class='ocr_carea' id='block_1_68' title="bbox 299 4616 1900 4688">
    <p class='ocr_par' dir='ltr' id='par_1_68' title="bbox 299 4616 1900 4688">
     <span class='ocr_line' id='line_1_71' title="bbox 299 4616 1900 4688; baseline 0.002 -18"><span class='ocrx_word' id='word_1_532' title='bbox 299 4619 482 4688; x_wconf 80' lang='lat' dir='ltr'><strong>ipsius</strong></span> <span class='ocrx_word' id='word_1_533' title='bbox 531 4616 830 4683; x_wconf 82' lang='lat' dir='ltr'><strong>Valentini,</strong></span> <span class='ocrx_word' id='word_1_534' title='bbox 861 4627 915 4672; x_wconf 89' lang='lat' dir='ltr'><strong>et</strong></span> <span class='ocrx_word' id='word_1_535' title='bbox 946 4617 1249 4672; x_wconf 81' lang='lat' dir='ltr'><strong>secundum</strong></span> <span class='ocrx_word' id='word_1_536' title='bbox 1297 4634 1422 4672; x_wconf 88' lang='lat' dir='ltr'><strong>eum</strong></span> <span class='ocrx_word' id='word_1_537' title='bbox 1466 4619 1637 4687; x_wconf 84' lang='grc' dir='ltr'>Λόγον</span> <span class='ocrx_word' id='word_1_538' title='bbox 1670 4635 1701 4672; x_wconf 88' lang='lat' dir='ltr'><strong>a</strong></span> <span class='ocrx_word' id='word_1_539' title='bbox 1732 4617 1813 4673; x_wconf 83' lang='lat' dir='ltr'><strong>Nu</strong></span> <span class='ocrx_word' id='word_1_540' title='bbox 1846 4630 1900 4674; x_wconf 88' lang='lat' dir='ltr'><strong>et</strong></span> 
     </span>
    </p>
   </div>
   <div class='ocr_carea' id='block_1_69' title="bbox 300 4709 1902 4781">
    <p class='ocr_par' dir='ltr' id='par_1_69' title="bbox 300 4709 1902 4781">
     <span class='ocr_line' id='line_1_72' title="bbox 300 4709 1902 4781; baseline 0.002 -17"><span class='ocrx_word' id='word_1_541' title='bbox 300 4709 435 4781; x_wconf 88' lang='lat' dir='ltr'><strong>Sige</strong></span> <span class='ocrx_word' id='word_1_542' title='bbox 470 4710 794 4767; x_wconf 88' lang='lat' dir='ltr'><strong>immediate</strong></span> <span class='ocrx_word' id='word_1_543' title='bbox 838 4711 1197 4778; x_wconf 82' lang='lat' dir='ltr'><strong>processisse.</strong></span> <span class='ocrx_word' id='word_1_544' title='bbox 1251 4710 1356 4764; x_wconf 85' lang='lat' dir='ltr'><strong>Sed</strong></span> <span class='ocrx_word' id='word_1_545' title='bbox 1403 4711 1579 4779; x_wconf 89' lang='lat' dir='ltr'><strong>primo</strong></span> <span class='ocrx_word' id='word_1_546' title='bbox 1625 4712 1764 4765; x_wconf 87' lang='lat' dir='ltr'><strong>liber</strong></span> <span class='ocrx_word' id='word_1_547' title='bbox 1811 4712 1902 4767; x_wconf 91' lang='lat' dir='ltr'><strong>ille</strong></span> 
     </span>
    </p>
   </div>
   <div class='ocr_carea' id='block_1_70' title="bbox 300 4800 1898 4868">
    <p class='ocr_par' dir='ltr' id='par_1_70' title="bbox 300 4800 1898 4868">
     <span class='ocr_line' id='line_1_73' title="bbox 300 4800 1898 4868; baseline 0.003 -15"><span class='ocrx_word' id='word_1_548' title='bbox 300 4800 607 4855; x_wconf 82' lang='lat' dir='ltr'><strong>Valentino</strong></span> <span class='ocrx_word' id='word_1_549' title='bbox 636 4801 741 4868; x_wconf 87' lang='lat' dir='ltr'><strong>ipsi</strong></span> <span class='ocrx_word' id='word_1_550' title='bbox 768 4800 887 4854; x_wconf 91' lang='lat' dir='ltr'><strong>sine</strong></span> <span class='ocrx_word' id='word_1_551' title='bbox 921 4800 1031 4854; x_wconf 90' lang='lat' dir='ltr'><strong>ullo</strong></span> <span class='ocrx_word' id='word_1_552' title='bbox 1049 4801 1405 4857; x_wconf 75' lang='lat' dir='ltr'><strong>fundamento</strong></span> <span class='ocrx_word' id='word_1_553' title='bbox 1424 4802 1736 4856; x_wconf 87' lang='lat' dir='ltr'><strong>ascribitnr.</strong></span> <span class='ocrx_word' id='word_1_554' title='bbox 1762 4801 1898 4857; x_wconf 89' lang='lat' dir='ltr'><strong>Nam</strong></span> 
     </span>
    </p>
   </div>
   <div class='ocr_carea' id='block_1_71' title="bbox 296 4891 1899 4964">
    <p class='ocr_par' dir='ltr' id='par_1_71' title="bbox 296 4891 1899 4964">
     <span class='ocr_line' id='line_1_74' title="bbox 296 4891 1899 4964; baseline 0.001 -16"><span class='ocrx_word' id='word_1_555' title='bbox 296 4894 656 4964; x_wconf 79' lang='lat' dir='ltr'><strong>Epiphanius</strong></span> <span class='ocrx_word' id='word_1_556' title='bbox 688 4902 882 4948; x_wconf 90' lang='lat' dir='ltr'><strong>contra</strong></span> <span class='ocrx_word' id='word_1_557' title='bbox 916 4891 1326 4951; x_wconf 86' lang='lat' dir='ltr'><strong>Valentinianos</strong></span> <span class='ocrx_word' id='word_1_558' title='bbox 1367 4894 1654 4962; x_wconf 80' lang='lat' dir='ltr'><strong>disputans</strong></span> <span class='ocrx_word' id='word_1_559' title='bbox 1691 4904 1745 4950; x_wconf 91' lang='lat' dir='ltr'><strong>et</strong></span> <span class='ocrx_word' id='word_1_560' title='bbox 1787 4893 1899 4950; x_wconf 80' lang='lat' dir='ltr'><strong>fra-</strong></span> 
     </span>
    </p>
   </div>
   <div class='ocr_carea' id='block_1_72' title="bbox 294 4974 1902 5058">
    <p class='ocr_par' dir='ltr' id='par_1_72' title="bbox 294 4974 1902 5058">
     <span class='ocr_line' id='line_1_75' title="bbox 294 4974 1902 5058; baseline 0.001 -19"><span class='ocrx_word' id='word_1_561' title='bbox 294 4995 591 5057; x_wconf 79' lang='lat' dir='ltr'><strong>gmentum</strong></span> <span class='ocrx_word' id='word_1_562' title='bbox 624 4974 789 5054; x_wconf 76' lang='lat' dir='ltr'><strong>hujus</strong></span> <span class='ocrx_word' id='word_1_563' title='bbox 816 4985 941 5039; x_wconf 89' lang='lat' dir='ltr'><strong>libri</strong></span> <span class='ocrx_word' id='word_1_564' title='bbox 970 4986 1229 5051; x_wconf 72' lang='lat' dir='ltr'><strong>recitatis,</strong></span> <span class='ocrx_word' id='word_1_565' title='bbox 1259 5001 1383 5040; x_wconf 90' lang='lat' dir='ltr'><strong>eum</strong></span> <span class='ocrx_word' id='word_1_566' title='bbox 1418 4995 1579 5041; x_wconf 87' lang='lat' dir='ltr'><strong>vocat</strong></span> <span class='ocrx_word' id='word_1_567' title='bbox 1604 4987 1702 5058; x_wconf 83' lang='grc' dir='ltr'>τὴν</span> <span class='ocrx_word' id='word_1_568' title='bbox 1723 4987 1902 5041; x_wconf 83' lang='grc' dir='ltr'>αὐτῶν</span> 
     </span>
    </p>
   </div>
   <div class='ocr_carea' id='block_1_73' title="bbox 296 5077 1902 5149">
    <p class='ocr_par' dir='ltr' id='par_1_73' title="bbox 296 5077 1902 5149">
     <span class='ocr_line' id='line_1_76' title="bbox 296 5077 1902 5149; baseline 0.002 -18"><span class='ocrx_word' id='word_1_569' title='bbox 296 5077 511 5149; x_wconf 74' lang='grc' dir='ltr'>βίϐλον·</span> <span class='ocrx_word' id='word_1_570' title='bbox 549 5093 659 5131; x_wconf 88' lang='lat' dir='ltr'><strong>non</strong></span> <span class='ocrx_word' id='word_1_571' title='bbox 691 5078 826 5147; x_wconf 82' lang='lat' dir='ltr'><strong>ejus,</strong></span> <span class='ocrx_word' id='word_1_572' title='bbox 857 5078 950 5133; x_wconf 87' lang='lat' dir='ltr'><strong>sed</strong></span> <span class='ocrx_word' id='word_1_573' title='bbox 986 5093 1166 5131; x_wconf 86' lang='lat' dir='ltr'><strong>eorum</strong></span> <span class='ocrx_word' id='word_1_574' title='bbox 1206 5079 1428 5147; x_wconf 87' lang='lat' dir='ltr'><strong>librum,</strong></span> <span class='ocrx_word' id='word_1_575' title='bbox 1467 5079 1701 5149; x_wconf 86' lang='lat' dir='ltr'><strong>alicujus</strong></span> <span class='ocrx_word' id='word_1_576' title='bbox 1749 5081 1902 5135; x_wconf 84' lang='lat' dir='ltr'><strong>scili-</strong></span> 
     </span>
    </p>
   </div>
   <div class='ocr_carea' id='block_1_74' title="bbox 296 5170 1899 5243">
    <p class='ocr_par' dir='ltr' id='par_1_74' title="bbox 296 5170 1899 5243">
     <span class='ocr_line' id='line_1_77' title="bbox 296 5170 1899 5243; baseline 0.002 -19"><span class='ocrx_word' id='word_1_577' title='bbox 296 5182 387 5225; x_wconf 73' lang='lat' dir='ltr'><strong>cet</strong></span> <span class='ocrx_word' id='word_1_578' title='bbox 420 5170 825 5239; x_wconf 75' lang='lat' dir='ltr'><strong>Valentiniani,</strong></span> <span class='ocrx_word' id='word_1_579' title='bbox 855 5187 964 5225; x_wconf 89' lang='lat' dir='ltr'><strong>non</strong></span> <span class='ocrx_word' id='word_1_580' title='bbox 1006 5172 1181 5243; x_wconf 84' lang='lat' dir='ltr'><strong>ipsius</strong></span> <span class='ocrx_word' id='word_1_581' title='bbox 1211 5172 1518 5240; x_wconf 88' lang='lat' dir='ltr'><strong>Valentini;</strong></span> <span class='ocrx_word' id='word_1_582' title='bbox 1546 5184 1599 5228; x_wconf 90' lang='lat' dir='ltr'><strong>et</strong></span> <span class='ocrx_word' id='word_1_583' title='bbox 1633 5174 1700 5229; x_wconf 86' lang='lat' dir='ltr'><strong>ad</strong></span> <span class='ocrx_word' id='word_1_584' title='bbox 1734 5173 1899 5230; x_wconf 84' lang='lat' dir='ltr'><strong>ﬁnem</strong></span> 
     </span>
    </p>
   </div>
   <div class='ocr_carea' id='block_1_75' title="bbox 295 5264 1902 5339">
    <p class='ocr_par' dir='ltr' id='par_1_75' title="bbox 295 5264 1902 5339">
     <span class='ocr_line' id='line_1_78' title="bbox 295 5264 1902 5339; baseline 0.001 -20"><span class='ocrx_word' id='word_1_585' title='bbox 295 5265 605 5336; x_wconf 78' lang='lat' dir='ltr'><strong>fragmenti</strong></span> <span class='ocrx_word' id='word_1_586' title='bbox 651 5265 977 5323; x_wconf 72' lang='lat' dir='ltr'><strong>additzKal.</strong></span> <span class='ocrx_word' id='word_1_587' title='bbox 1023 5264 1201 5321; x_wconf 73' lang='grc' dir='ltr'>ταῦτα</span> <span class='ocrx_word' id='word_1_588' title='bbox 1255 5266 1352 5335; x_wconf 80' lang='grc' dir='ltr'>μὲν</span> <span class='ocrx_word' id='word_1_589' title='bbox 1403 5266 1511 5320; x_wconf 86' lang='grc' dir='ltr'><strong>ἀπὸ</strong></span> <span class='ocrx_word' id='word_1_590' title='bbox 1559 5268 1761 5339; x_wconf 79' lang='grc' dir='ltr'>μέρους</span> <span class='ocrx_word' id='word_1_591' title='bbox 1792 5265 1902 5323; x_wconf 85' lang='grc' dir='ltr'>τῶν</span> 
     </span>
    </p>
   </div>
   <div class='ocr_carea' id='block_1_76' title="bbox 298 5344 1903 5435">
    <p class='ocr_par' dir='ltr' id='par_1_76' title="bbox 298 5344 1903 5435">
     <span class='ocr_line' id='line_1_79' title="bbox 298 5344 1903 5435; baseline 0.003 -24"><span class='ocrx_word' id='word_1_592' title='bbox 298 5358 531 5427; x_wconf 68' lang='grc' dir='ltr'>βιϐλίων</span> <span class='ocrx_word' id='word_1_593' title='bbox 564 5358 744 5413; x_wconf 76' lang='grc' dir='ltr'>αὐτῶν</span> <span class='ocrx_word' id='word_1_594' title='bbox 778 5358 1098 5431; x_wconf 81' lang='grc' dir='ltr'>παραθέντα</span> <span class='ocrx_word' id='word_1_595' title='bbox 1130 5344 1237 5423; x_wconf 66' lang='grc' dir='ltr'><strong>ἕως</strong></span> <span class='ocrx_word' id='word_1_596' title='bbox 1269 5353 1373 5412; x_wconf 78' lang='grc' dir='ltr'><strong>ὧδέ</strong></span> <span class='ocrx_word' id='word_1_597' title='bbox 1410 5378 1499 5431; x_wconf 77' lang='grc' dir='ltr'>μοι</span> <span class='ocrx_word' id='word_1_598' title='bbox 1532 5359 1828 5435; x_wconf 81' lang='grc' dir='ltr'>εἰρήσθω,‹</span> <span class='ocrx_word' id='word_1_599' title='bbox 1849 5371 1903 5418; x_wconf 85' lang='lat' dir='ltr'><strong>et</strong></span> 
     </span>
    </p>
   </div>
   <div class='ocr_carea' id='block_1_77' title="bbox 299 5451 1903 5523">
    <p class='ocr_par' dir='ltr' id='par_1_77' title="bbox 299 5451 1903 5523">
     <span class='ocr_line' id='line_1_80' title="bbox 299 5451 1903 5523; baseline 0.004 -20"><span class='ocrx_word' id='word_1_600' title='bbox 299 5452 421 5506; x_wconf 70' lang='lat' dir='ltr'><strong>haec</strong></span> <span class='ocrx_word' id='word_1_601' title='bbox 452 5451 679 5520; x_wconf 88' lang='lat' dir='ltr'><strong>quidem</strong></span> <span class='ocrx_word' id='word_1_602' title='bbox 711 5466 778 5506; x_wconf 84' lang='lat' dir='ltr'><strong>ex</strong></span> <span class='ocrx_word' id='word_1_603' title='bbox 825 5460 982 5523; x_wconf 89' lang='lat' dir='ltr'><strong>parte</strong></span> <span class='ocrx_word' id='word_1_604' title='bbox 1026 5452 1293 5507; x_wconf 87' lang='lat' dir='ltr'><strong>librorum</strong></span> <span class='ocrx_word' id='word_1_605' title='bbox 1327 5467 1516 5508; x_wconf 90' lang='lat' dir='ltr'><strong>eorum</strong></span> <span class='ocrx_word' id='word_1_606' title='bbox 1561 5454 1763 5507; x_wconf 90' lang='lat' dir='ltr'><strong>inserta</strong></span> <span class='ocrx_word' id='word_1_607' title='bbox 1794 5455 1903 5509; x_wconf 90' lang='lat' dir='ltr'><strong>huc</strong></span> 
     </span>
    </p>
   </div>
   <div class='ocr_carea' id='block_1_78' title="bbox 296 5543 1903 5615">
    <p class='ocr_par' dir='ltr' id='par_1_78' title="bbox 296 5543 1903 5615">
     <span class='ocr_line' id='line_1_81' title="bbox 296 5543 1903 5615; baseline 0.002 -18"><span class='ocrx_word' id='word_1_608' title='bbox 296 5558 483 5613; x_wconf 89' lang='lat' dir='ltr'><strong>usque</strong></span> <span class='ocrx_word' id='word_1_609' title='bbox 517 5544 651 5596; x_wconf 88' lang='lat' dir='ltr'><strong>mihi</strong></span> <span class='ocrx_word' id='word_1_610' title='bbox 678 5544 825 5599; x_wconf 88' lang='lat' dir='ltr'><strong>dicta</strong></span> <span class='ocrx_word' id='word_1_611' title='bbox 856 5556 1040 5600; x_wconf 90' lang='lat' dir='ltr'><strong>sunto.</strong></span> <span class='ocrx_word' id='word_1_612' title='bbox 1069 5563 1087 5596; x_wconf 72' lang='grc' dir='ltr'><strong>ι</strong></span> <span class='ocrx_word' id='word_1_613' title='bbox 1108 5543 1224 5599; x_wconf 91' lang='lat' dir='ltr'><strong>lmo</strong></span> <span class='ocrx_word' id='word_1_614' title='bbox 1249 5543 1547 5600; x_wconf 81' lang='lat' dir='ltr'><strong>falsissimo</strong></span> <span class='ocrx_word' id='word_1_615' title='bbox 1570 5546 1676 5615; x_wconf 87' lang='lat' dir='ltr'><strong>ipsi</strong></span> <span class='ocrx_word' id='word_1_616' title='bbox 1703 5544 1903 5600; x_wconf 90' lang='lat' dir='ltr'><strong>Valen-</strong></span> 
     </span>
    </p>
   </div>
   <div class='ocr_carea' id='block_1_79' title="bbox 296 5635 1899 5707">
    <p class='ocr_par' dir='ltr' id='par_1_79' title="bbox 296 5635 1899 5707">
     <span class='ocr_line' id='line_1_82' title="bbox 296 5635 1899 5707; baseline 0 -16"><span class='ocrx_word' id='word_1_617' title='bbox 296 5638 424 5691; x_wconf 87' lang='lat' dir='ltr'><strong>tino</strong></span> <span class='ocrx_word' id='word_1_618' title='bbox 456 5638 730 5707; x_wconf 87' lang='lat' dir='ltr'><strong>assignari</strong></span> <span class='ocrx_word' id='word_1_619' title='bbox 769 5646 983 5692; x_wconf 90' lang='lat' dir='ltr'><strong>certum</strong></span> <span class='ocrx_word' id='word_1_620' title='bbox 1013 5646 1117 5692; x_wconf 89' lang='lat' dir='ltr'><strong>est.</strong></span> <span class='ocrx_word' id='word_1_621' title='bbox 1157 5635 1290 5707; x_wconf 85' lang='lat' dir='ltr'><strong>Ejus</strong></span> <span class='ocrx_word' id='word_1_622' title='bbox 1322 5636 1469 5691; x_wconf 91' lang='lat' dir='ltr'><strong>enim</strong></span> <span class='ocrx_word' id='word_1_623' title='bbox 1515 5637 1733 5706; x_wconf 87' lang='lat' dir='ltr'><strong>propria</strong></span> <span class='ocrx_word' id='word_1_624' title='bbox 1770 5653 1899 5691; x_wconf 83' lang='lat' dir='ltr'><strong>scn-</strong></span> 
     </span>
    </p>
   </div>
   <div class='ocr_carea' id='block_1_80' title="bbox 294 5728 1902 5799">
    <p class='ocr_par' dir='ltr' id='par_1_80' title="bbox 294 5728 1902 5799">
     <span class='ocr_line' id='line_1_83' title="bbox 294 5728 1902 5799; baseline 0.001 -15"><span class='ocrx_word' id='word_1_625' title='bbox 294 5731 473 5784; x_wconf 83' lang='lat' dir='ltr'><strong>tentia</strong></span> <span class='ocrx_word' id='word_1_626' title='bbox 500 5730 569 5785; x_wconf 85' lang='lat' dir='ltr'><strong>ab</strong></span> <span class='ocrx_word' id='word_1_627' title='bbox 595 5729 803 5785; x_wconf 63' lang='lat' dir='ltr'><strong>Irenaeo</strong></span> <span class='ocrx_word' id='word_1_628' title='bbox 830 5728 1088 5795; x_wconf 81' lang='lat' dir='ltr'><strong>refertur,</strong></span> <span class='ocrx_word' id='word_1_629' title='bbox 1115 5745 1237 5799; x_wconf 73' lang='lat' dir='ltr'><strong>qua:</strong></span> <span class='ocrx_word' id='word_1_630' title='bbox 1262 5730 1331 5785; x_wconf 88' lang='lat' dir='ltr'><strong>ab</strong></span> <span class='ocrx_word' id='word_1_631' title='bbox 1360 5729 1523 5799; x_wconf 82' lang='lat' dir='ltr'><strong>hujus</strong></span> <span class='ocrx_word' id='word_1_632' title='bbox 1556 5730 1678 5785; x_wconf 88' lang='lat' dir='ltr'><strong>libri</strong></span> <span class='ocrx_word' id='word_1_633' title='bbox 1706 5729 1902 5786; x_wconf 88' lang='lat' dir='ltr'><strong>delirio</strong></span> 
     </span>
    </p>
   </div>
   <div class='ocr_carea' id='block_1_81' title="bbox 296 5820 1901 5894">
    <p class='ocr_par' dir='ltr' id='par_1_81' title="bbox 296 5820 1901 5894">
     <span class='ocr_line' id='line_1_84' title="bbox 296 5820 1901 5894; baseline 0.001 -17"><span class='ocrx_word' id='word_1_634' title='bbox 296 5824 541 5878; x_wconf 86' lang='lat' dir='ltr'><strong>multum</strong></span> <span class='ocrx_word' id='word_1_635' title='bbox 592 5823 907 5894; x_wconf 83' lang='lat' dir='ltr'><strong>discrepat;</strong></span> <span class='ocrx_word' id='word_1_636' title='bbox 958 5831 1012 5878; x_wconf 91' lang='lat' dir='ltr'><strong>ct</strong></span> <span class='ocrx_word' id='word_1_637' title='bbox 1068 5820 1333 5877; x_wconf 82' lang='lat' dir='ltr'><strong>Valentini</strong></span> <span class='ocrx_word' id='word_1_638' title='bbox 1383 5823 1679 5893; x_wconf 82' lang='lat' dir='ltr'><strong>discipulos</strong></span> <span class='ocrx_word' id='word_1_639' title='bbox 1724 5832 1837 5877; x_wconf 91' lang='lat' dir='ltr'><strong>tum</strong></span> <span class='ocrx_word' id='word_1_640' title='bbox 1871 5840 1901 5878; x_wconf 90' lang='lat' dir='ltr'><strong>a</strong></span> 
     </span>
    </p>
   </div>
   <div class='ocr_carea' id='block_1_82' title="bbox 2013 3316 3597 3391">
    <p class='ocr_par' dir='ltr' id='par_1_82' title="bbox 2013 3316 3597 3391">
     <span class='ocr_line' id='line_1_85' title="bbox 2013 3316 3597 3391; baseline 0.002 -20"><span class='ocrx_word' id='word_1_641' title='bbox 2013 3316 2135 3372; x_wconf 80' lang='grc' dir='ltr'>κίαν</span> <span class='ocrx_word' id='word_1_642' title='bbox 2182 3316 2407 3388; x_wconf 79' lang='grc' dir='ltr'>ἐθήλυνε</span> <span class='ocrx_word' id='word_1_643' title='bbox 2454 3318 2546 3371; x_wconf 85' lang='grc' dir='ltr'><strong>τὸν</strong></span> <span class='ocrx_word' id='word_1_644' title='bbox 2579 3319 2797 3390; x_wconf 83' lang='grc' dir='ltr'>Πατέρα</span> <span class='ocrx_word' id='word_1_645' title='bbox 2848 3320 3050 3390; x_wconf 80' lang='grc' dir='ltr'>ἑαυτῆς</span> <span class='ocrx_word' id='word_1_646' title='bbox 3101 3322 3181 3383; x_wconf 82' lang='grc' dir='ltr'><strong>εἰς</strong></span> <span class='ocrx_word' id='word_1_647' title='bbox 3232 3320 3452 3391; x_wconf 76' lang='grc' dir='ltr'>ἑαυτὴν,</span> <span class='ocrx_word' id='word_1_648' title='bbox 3502 3322 3597 3374; x_wconf 78' lang='grc' dir='ltr'><strong>καὶ</strong></span> 
     </span>
    </p>
   </div>
   <div class='ocr_carea' id='block_1_83' title="bbox 2012 3407 3594 3489">
    <p class='ocr_par' dir='ltr' id='par_1_83' title="bbox 2012 3407 3594 3489">
     <span class='ocr_line' id='line_1_86' title="bbox 2012 3407 3594 3489; baseline 0.004 -25"><span class='ocrx_word' id='word_1_649' title='bbox 2012 3407 2277 3478; x_wconf 80' lang='grc' dir='ltr'>συνῄεσαν</span> <span class='ocrx_word' id='word_1_650' title='bbox 2310 3412 2523 3476; x_wconf 81' lang='grc' dir='ltr'>ἑαυτοῖς</span> <span class='ocrx_word' id='word_1_651' title='bbox 2554 3413 2817 3484; x_wconf 74' lang='grc' dir='ltr'>ἀφθάρτῳ</span> <span class='ocrx_word' id='word_1_652' title='bbox 2854 3414 2998 3484; x_wconf 82' lang='grc' dir='ltr'>μίξει</span> <span class='ocrx_word' id='word_1_653' title='bbox 3032 3417 3127 3467; x_wconf 70' lang='grc' dir='ltr'>καὶ</span> <span class='ocrx_word' id='word_1_654' title='bbox 3158 3414 3416 3489; x_wconf 81' lang='grc' dir='ltr'>ἀγηράτῳ</span> <span class='ocrx_word' id='word_1_655' title='bbox 3439 3415 3594 3488; x_wconf 77' lang='lat' dir='ltr'><strong>[lego</strong></span> 
     </span>
    </p>
   </div>
   <div class='ocr_carea' id='block_1_84' title="bbox 2010 3503 3593 3578">
    <p class='ocr_par' dir='ltr' id='par_1_84' title="bbox 2010 3503 3593 3578">
     <span class='ocr_line' id='line_1_87' title="bbox 2010 3503 3593 3578; baseline 0.001 -22"><span class='ocrx_word' id='word_1_656' title='bbox 2010 3503 2633 3578; x_wconf 83' lang='grc' dir='ltr'>ἀκηράτῳ]συγκράσει,</span> <span class='ocrx_word' id='word_1_657' title='bbox 2660 3507 2751 3559; x_wconf 75' lang='grc' dir='ltr'><strong>καὶ</strong></span> <span class='ocrx_word' id='word_1_658' title='bbox 2783 3505 3127 3559; x_wconf 84' lang='grc' dir='ltr'>ἀναδείκνυσι</span> <span class='ocrx_word' id='word_1_659' title='bbox 3159 3504 3393 3575; x_wconf 87' lang='grc' dir='ltr'>τετράδα</span> <span class='ocrx_word' id='word_1_660' title='bbox 3426 3522 3593 3558; x_wconf 84' lang='grc' dir='ltr'>πνευ-</span> 
     </span>
    </p>
   </div>
   <div class='ocr_carea' id='block_1_85' title="bbox 2012 3595 3595 3672">
    <p class='ocr_par' dir='ltr' id='par_1_85' title="bbox 2012 3595 3595 3672">
     <span class='ocr_line' id='line_1_88' title="bbox 2012 3595 3595 3672; baseline 0.001 -23"><span class='ocrx_word' id='word_1_661' title='bbox 2012 3595 2247 3667; x_wconf 83' lang='grc' dir='ltr'>ματικὴν</span> <span class='ocrx_word' id='word_1_662' title='bbox 2294 3596 2681 3669; x_wconf 74' lang='grc' dir='ltr'>ἀρρενόθηλυν,</span> <span class='ocrx_word' id='word_1_663' title='bbox 2717 3598 3014 3651; x_wconf 86' lang='grc' dir='ltr'>ἀντίτυπον</span> <span class='ocrx_word' id='word_1_664' title='bbox 3054 3599 3155 3669; x_wconf 80' lang='grc' dir='ltr'>τῆς</span> <span class='ocrx_word' id='word_1_665' title='bbox 3200 3597 3475 3672; x_wconf 81' lang='grc' dir='ltr'>προθύσης</span> <span class='ocrx_word' id='word_1_666' title='bbox 3505 3615 3595 3651; x_wconf 75' lang='grc' dir='ltr'>τε-</span> 
     </span>
    </p>
   </div>
   <div class='ocr_carea' id='block_1_86' title="bbox 2006 3687 3594 3759">
    <p class='ocr_par' dir='ltr' id='par_1_86' title="bbox 2006 3687 3594 3759">
     <span class='ocr_line' id='line_1_89' title="bbox 2006 3687 3594 3759; baseline 0.004 -20"><span class='ocrx_word' id='word_1_667' title='bbox 2006 3688 2219 3759; x_wconf 83' lang='grc' dir='ltr'>τράδος.</span> <span class='ocrx_word' id='word_1_668' title='bbox 2261 3706 2279 3739; x_wconf 74' lang='grc' dir='ltr'><strong>ι</strong></span> <span class='ocrx_word' id='word_1_669' title='bbox 2310 3687 2503 3744; x_wconf 84' lang='lat' dir='ltr'><strong>Postea</strong></span> <span class='ocrx_word' id='word_1_670' title='bbox 2534 3688 2746 3744; x_wconf 80' lang='lat' dir='ltr'><strong>Veritas</strong></span> <span class='ocrx_word' id='word_1_671' title='bbox 2776 3699 3081 3744; x_wconf 88' lang='lat' dir='ltr'><strong>maternam</strong></span> <span class='ocrx_word' id='word_1_672' title='bbox 3115 3692 3399 3759; x_wconf 77' lang='lat' dir='ltr'><strong>proferens</strong></span> <span class='ocrx_word' id='word_1_673' title='bbox 3428 3691 3594 3745; x_wconf 89' lang='lat' dir='ltr'><strong>lasci-</strong></span> 
     </span>
    </p>
   </div>
   <div class='ocr_carea' id='block_1_87' title="bbox 2008 3780 3592 3851">
    <p class='ocr_par' dir='ltr' id='par_1_87' title="bbox 2008 3780 3592 3851">
     <span class='ocr_line' id='line_1_90' title="bbox 2008 3780 3592 3851; baseline 0.003 -20"><span class='ocrx_word' id='word_1_674' title='bbox 2008 3781 2173 3845; x_wconf 86' lang='lat' dir='ltr'><strong>viam,</strong></span> <span class='ocrx_word' id='word_1_675' title='bbox 2207 3780 2543 3844; x_wconf 74' lang='lat' dir='ltr'><strong>eﬂ‘eminavit</strong></span> <span class='ocrx_word' id='word_1_676' title='bbox 2592 3780 2810 3835; x_wconf 86' lang='lat' dir='ltr'><strong>Patrem</strong></span> <span class='ocrx_word' id='word_1_677' title='bbox 2867 3796 3028 3836; x_wconf 88' lang='lat' dir='ltr'><strong>suum</strong></span> <span class='ocrx_word' id='word_1_678' title='bbox 3082 3782 3149 3836; x_wconf 90' lang='lat' dir='ltr'><strong>ad</strong></span> <span class='ocrx_word' id='word_1_679' title='bbox 3212 3782 3486 3851; x_wconf 90' lang='lat' dir='ltr'><strong>seipsam,</strong></span> <span class='ocrx_word' id='word_1_680' title='bbox 3536 3791 3592 3837; x_wconf 90' lang='lat' dir='ltr'><strong>et</strong></span> 
     </span>
    </p>
   </div>
   <div class='ocr_carea' id='block_1_88' title="bbox 2006 3873 3592 3943">
    <p class='ocr_par' dir='ltr' id='par_1_88' title="bbox 2006 3873 3592 3943">
     <span class='ocr_line' id='line_1_91' title="bbox 2006 3873 3592 3943; baseline 0.002 -18"><span class='ocrx_word' id='word_1_681' title='bbox 2006 3873 2286 3942; x_wconf 85' lang='lat' dir='ltr'><strong>congressi</strong></span> <span class='ocrx_word' id='word_1_682' title='bbox 2318 3882 2446 3927; x_wconf 89' lang='lat' dir='ltr'><strong>sunt</strong></span> <span class='ocrx_word' id='word_1_683' title='bbox 2480 3874 2710 3927; x_wconf 86' lang='lat' dir='ltr'><strong>invicem</strong></span> <span class='ocrx_word' id='word_1_684' title='bbox 2746 3873 3065 3943; x_wconf 91' lang='lat' dir='ltr'><strong>incorrupta</strong></span> <span class='ocrx_word' id='word_1_685' title='bbox 3098 3874 3375 3941; x_wconf 89' lang='lat' dir='ltr'><strong>mistione,</strong></span> <span class='ocrx_word' id='word_1_686' title='bbox 3401 3883 3455 3928; x_wconf 89' lang='lat' dir='ltr'><strong>et</strong></span> <span class='ocrx_word' id='word_1_687' title='bbox 3486 3875 3592 3928; x_wconf 84' lang='lat' dir='ltr'><strong>im-</strong></span> 
     </span>
    </p>
   </div>
   <div class='ocr_carea' id='block_1_89' title="bbox 2006 3965 3591 4036">
    <p class='ocr_par' dir='ltr' id='par_1_89' title="bbox 2006 3965 3591 4036">
     <span class='ocr_line' id='line_1_92' title="bbox 2006 3965 3591 4036; baseline 0.003 -19"><span class='ocrx_word' id='word_1_688' title='bbox 2006 3965 2221 4017; x_wconf 90' lang='lat' dir='ltr'><strong>mortali</strong></span> <span class='ocrx_word' id='word_1_689' title='bbox 2256 3966 2424 4031; x_wconf 90' lang='lat' dir='ltr'><strong>coitu,</strong></span> <span class='ocrx_word' id='word_1_690' title='bbox 2456 3975 2510 4020; x_wconf 88' lang='lat' dir='ltr'><strong>et</strong></span> <span class='ocrx_word' id='word_1_691' title='bbox 2538 3967 2681 4036; x_wconf 89' lang='lat' dir='ltr'><strong>parit</strong></span> <span class='ocrx_word' id='word_1_692' title='bbox 2710 3967 2972 4021; x_wconf 89' lang='lat' dir='ltr'><strong>tetradem</strong></span> <span class='ocrx_word' id='word_1_693' title='bbox 3005 3967 3343 4035; x_wconf 87' lang='lat' dir='ltr'><strong>spiritualem</strong></span> <span class='ocrx_word' id='word_1_694' title='bbox 3391 3967 3591 4036; x_wconf 86' lang='lat' dir='ltr'><strong>prioris</strong></span> 
     </span>
    </p>
   </div>
   <div class='ocr_carea' id='block_1_90' title="bbox 2006 4040 3591 4131">
    <p class='ocr_par' dir='ltr' id='par_1_90' title="bbox 2006 4040 3591 4131">
     <span class='ocr_line' id='line_1_93' title="bbox 2006 4040 3591 4131; baseline 0.003 -23"><span class='ocrx_word' id='word_1_695' title='bbox 2006 4058 2234 4111; x_wconf 87' lang='lat' dir='ltr'><strong>tetradis</strong></span> <span class='ocrx_word' id='word_1_696' title='bbox 2283 4040 2808 4131; x_wconf 70' lang='lat' dir='ltr'><strong>reprtesentativam.</strong></span> <span class='ocrx_word' id='word_1_697' title='bbox 2847 4078 2864 4110; x_wconf 73' lang='grc' dir='ltr'><strong>ι</strong></span> <span class='ocrx_word' id='word_1_698' title='bbox 2921 4057 3104 4114; x_wconf 90' lang='lat' dir='ltr'><strong>Tertia</strong></span> <span class='ocrx_word' id='word_1_699' title='bbox 3153 4060 3319 4129; x_wconf 87' lang='lat' dir='ltr'><strong>igitur</strong></span> <span class='ocrx_word' id='word_1_700' title='bbox 3362 4059 3591 4113; x_wconf 82' lang='lat' dir='ltr'><strong>emissio</strong></span> 
     </span>
    </p>
   </div>
   <div class='ocr_carea' id='block_1_91' title="bbox 2005 4150 3591 4223">
    <p class='ocr_par' dir='ltr' id='par_1_91' title="bbox 2005 4150 3591 4223">
     <span class='ocr_line' id='line_1_94' title="bbox 2005 4150 3591 4223; baseline 0.002 -20"><span class='ocrx_word' id='word_1_701' title='bbox 2005 4158 2107 4213; x_wconf 91' lang='lat' dir='ltr'><strong>est,</strong></span> <span class='ocrx_word' id='word_1_702' title='bbox 2140 4166 2248 4219; x_wconf 89' lang='lat' dir='ltr'><strong>qua</strong></span> <span class='ocrx_word' id='word_1_703' title='bbox 2285 4152 2523 4213; x_wconf 84' lang='lat' dir='ltr'><strong>secunda</strong></span> <span class='ocrx_word' id='word_1_704' title='bbox 2558 4160 2726 4211; x_wconf 81' lang='lat' dir='ltr'><strong>tetras</strong></span> <span class='ocrx_word' id='word_1_705' title='bbox 2757 4150 2957 4223; x_wconf 84' lang='lat' dir='ltr'><strong>(Homo</strong></span> <span class='ocrx_word' id='word_1_706' title='bbox 3001 4161 3056 4207; x_wconf 91' lang='lat' dir='ltr'><strong>et</strong></span> <span class='ocrx_word' id='word_1_707' title='bbox 3092 4151 3359 4217; x_wconf 83' lang='lat' dir='ltr'><strong>Ecclesia,</strong></span> <span class='ocrx_word' id='word_1_708' title='bbox 3395 4152 3591 4207; x_wconf 87' lang='lat' dir='ltr'><strong>Sermo</strong></span> 
     </span>
    </p>
   </div>
   <div class='ocr_carea' id='block_1_92' title="bbox 2005 4242 3593 4316">
    <p class='ocr_par' dir='ltr' id='par_1_92' title="bbox 2005 4242 3593 4316">
     <span class='ocr_line' id='line_1_95' title="bbox 2005 4242 3593 4316; baseline 0.001 -18"><span class='ocrx_word' id='word_1_709' title='bbox 2005 4252 2059 4299; x_wconf 88' lang='lat' dir='ltr'><strong>et</strong></span> <span class='ocrx_word' id='word_1_710' title='bbox 2097 4242 2263 4315; x_wconf 82' lang='lat' dir='ltr'><strong>Vita),</strong></span> <span class='ocrx_word' id='word_1_711' title='bbox 2292 4260 2358 4298; x_wconf 79' lang='lat' dir='ltr'><strong>ex</strong></span> <span class='ocrx_word' id='word_1_712' title='bbox 2391 4244 2551 4300; x_wconf 88' lang='lat' dir='ltr'><strong>Patre</strong></span> <span class='ocrx_word' id='word_1_713' title='bbox 2580 4254 2634 4299; x_wconf 89' lang='lat' dir='ltr'><strong>et</strong></span> <span class='ocrx_word' id='word_1_714' title='bbox 2656 4244 2898 4304; x_wconf 85' lang='lat' dir='ltr'><strong>Veritate</strong></span> <span class='ocrx_word' id='word_1_715' title='bbox 2930 4257 3184 4316; x_wconf 80' lang='lat' dir='ltr'><strong>generata</strong></span> <span class='ocrx_word' id='word_1_716' title='bbox 3214 4255 3317 4301; x_wconf 86' lang='lat' dir='ltr'><strong>est.</strong></span> <span class='ocrx_word' id='word_1_717' title='bbox 3350 4245 3475 4302; x_wconf 62' lang='lat' dir='ltr'><strong>Haec</strong></span> <span class='ocrx_word' id='word_1_718' title='bbox 3506 4254 3593 4301; x_wconf 87' lang='lat' dir='ltr'><strong>est</strong></span> 
     </span>
    </p>
   </div>
   <div class='ocr_carea' id='block_1_93' title="bbox 2006 4337 3592 4411">
    <p class='ocr_par' dir='ltr' id='par_1_93' title="bbox 2006 4337 3592 4411">
     <span class='ocr_line' id='line_1_96' title="bbox 2006 4337 3592 4411; baseline 0.004 -20"><span class='ocrx_word' id='word_1_719' title='bbox 2006 4339 2324 4409; x_wconf 87' lang='lat' dir='ltr'><strong>genealogia</strong></span> <span class='ocrx_word' id='word_1_720' title='bbox 2357 4337 2598 4403; x_wconf 62' lang='lat' dir='ltr'><strong>Aﬁonum</strong></span> <span class='ocrx_word' id='word_1_721' title='bbox 2631 4340 2822 4408; x_wconf 64' lang='lat' dir='ltr'><strong>primae</strong></span> <span class='ocrx_word' id='word_1_722' title='bbox 2875 4340 3137 4410; x_wconf 84' lang='lat' dir='ltr'><strong>ogdoadis</strong></span> <span class='ocrx_word' id='word_1_723' title='bbox 3179 4341 3233 4394; x_wconf 89' lang='lat' dir='ltr'><strong>in</strong></span> <span class='ocrx_word' id='word_1_724' title='bbox 3283 4338 3592 4411; x_wconf 77' lang='lat' dir='ltr'><strong>fragmento</strong></span> 
     </span>
    </p>
   </div>
   <div class='ocr_carea' id='block_1_94' title="bbox 2002 4428 3587 4503">
    <p class='ocr_par' dir='ltr' id='par_1_94' title="bbox 2002 4428 3587 4503">
     <span class='ocr_line' id='line_1_97' title="bbox 2002 4428 3587 4503; baseline 0.004 -22"><span class='ocrx_word' id='word_1_725' title='bbox 2002 4429 2127 4482; x_wconf 91' lang='lat' dir='ltr'><strong>libri</strong></span> <span class='ocrx_word' id='word_1_726' title='bbox 2164 4428 2676 4485; x_wconf 89' lang='lat' dir='ltr'><strong>Valentinianorum</strong></span> <span class='ocrx_word' id='word_1_727' title='bbox 2706 4431 2849 4503; x_wconf 92' lang='lat' dir='ltr'><strong>apud</strong></span> <span class='ocrx_word' id='word_1_728' title='bbox 2880 4430 3246 4503; x_wconf 89' lang='lat' dir='ltr'><strong>Epiphanium</strong></span> <span class='ocrx_word' id='word_1_729' title='bbox 3280 4433 3587 4502; x_wconf 86' lang='lat' dir='ltr'><strong>descripta;</strong></span> 
     </span>
    </p>
   </div>
   <div class='ocr_carea' id='block_1_95' title="bbox 2003 4522 3593 4592">
    <p class='ocr_par' dir='ltr' id='par_1_95' title="bbox 2003 4522 3593 4592">
     <span class='ocr_line' id='line_1_98' title="bbox 2003 4522 3593 4592; baseline 0 -16"><span class='ocrx_word' id='word_1_730' title='bbox 2003 4538 2069 4576; x_wconf 75' lang='lat' dir='ltr'><strong>ex</strong></span> <span class='ocrx_word' id='word_1_731' title='bbox 2094 4537 2205 4591; x_wconf 91' lang='lat' dir='ltr'><strong>quo</strong></span> <span class='ocrx_word' id='word_1_732' title='bbox 2236 4537 2430 4575; x_wconf 76' lang='lat' dir='ltr'><strong>novam</strong></span> <span class='ocrx_word' id='word_1_733' title='bbox 2479 4523 2643 4592; x_wconf 87' lang='lat' dir='ltr'><strong>plane</strong></span> <span class='ocrx_word' id='word_1_734' title='bbox 2672 4531 2727 4577; x_wconf 89' lang='lat' dir='ltr'><strong>et</strong></span> <span class='ocrx_word' id='word_1_735' title='bbox 2777 4524 3040 4582; x_wconf 89' lang='lat' dir='ltr'><strong>hactenus</strong></span> <span class='ocrx_word' id='word_1_736' title='bbox 3082 4523 3383 4578; x_wconf 89' lang='lat' dir='ltr'><strong>inauditam</strong></span> <span class='ocrx_word' id='word_1_737' title='bbox 3433 4522 3593 4576; x_wconf 89' lang='lat' dir='ltr'><strong>Blon-</strong></span> 
     </span>
    </p>
   </div>
   <div class='ocr_carea' id='block_1_96' title="bbox 2004 4613 3589 4684">
    <p class='ocr_par' dir='ltr' id='par_1_96' title="bbox 2004 4613 3589 4684">
     <span class='ocr_line' id='line_1_99' title="bbox 2004 4613 3589 4684; baseline 0 -15"><span class='ocrx_word' id='word_1_738' title='bbox 2004 4614 2180 4669; x_wconf 87' lang='lat' dir='ltr'><strong>dellus</strong></span> <span class='ocrx_word' id='word_1_739' title='bbox 2224 4613 2373 4679; x_wconf 85' lang='lat' dir='ltr'><strong>fecit,</strong></span> <span class='ocrx_word' id='word_1_740' title='bbox 2401 4630 2567 4684; x_wconf 90' lang='lat' dir='ltr'><strong>quam</strong></span> <span class='ocrx_word' id='word_1_741' title='bbox 2613 4630 2714 4669; x_wconf 89' lang='lat' dir='ltr'><strong>nec</strong></span> <span class='ocrx_word' id='word_1_742' title='bbox 2757 4614 2811 4675; x_wconf 87' lang='lat' dir='ltr'><strong>in</strong></span> <span class='ocrx_word' id='word_1_743' title='bbox 2842 4629 2908 4668; x_wconf 87' lang='lat' dir='ltr'><strong>eo</strong></span> <span class='ocrx_word' id='word_1_744' title='bbox 2947 4615 3278 4683; x_wconf 78' lang='lat' dir='ltr'><strong>fragmento,</strong></span> <span class='ocrx_word' id='word_1_745' title='bbox 3311 4629 3412 4669; x_wconf 85' lang='lat' dir='ltr'><strong>nec</strong></span> <span class='ocrx_word' id='word_1_746' title='bbox 3459 4615 3589 4669; x_wconf 88' lang='lat' dir='ltr'><strong>alibi</strong></span> 
     </span>
    </p>
   </div>
   <div class='ocr_carea' id='block_1_97' title="bbox 2006 4705 3589 4777">
    <p class='ocr_par' dir='ltr' id='par_1_97' title="bbox 2006 4705 3589 4777">
     <span class='ocr_line' id='line_1_100' title="bbox 2006 4705 3589 4777; baseline -0.001 -18"><span class='ocrx_word' id='word_1_747' title='bbox 2006 4706 2266 4777; x_wconf 91' lang='lat' dir='ltr'><strong>reperias.</strong></span> <span class='ocrx_word' id='word_1_748' title='bbox 2294 4705 2445 4761; x_wconf 82' lang='lat' dir='ltr'><strong>Hanc</strong></span> <span class='ocrx_word' id='word_1_749' title='bbox 2467 4719 2649 4763; x_wconf 88' lang='lat' dir='ltr'><strong>autem</strong></span> <span class='ocrx_word' id='word_1_750' title='bbox 2680 4707 2793 4777; x_wconf 90' lang='lat' dir='ltr'><strong>ipse</strong></span> <span class='ocrx_word' id='word_1_751' title='bbox 2822 4717 3167 4772; x_wconf 84' lang='lat' dir='ltr'><strong>commentus</strong></span> <span class='ocrx_word' id='word_1_752' title='bbox 3188 4716 3290 4773; x_wconf 87' lang='lat' dir='ltr'><strong>cst,</strong></span> <span class='ocrx_word' id='word_1_753' title='bbox 3324 4718 3379 4762; x_wconf 91' lang='lat' dir='ltr'><strong>ut</strong></span> <span class='ocrx_word' id='word_1_754' title='bbox 3416 4707 3589 4774; x_wconf 84' lang='grc' dir='ltr'>Λόγον</span> 
     </span>
    </p>
   </div>
   <div class='ocr_carea' id='block_1_98' title="bbox 2006 4790 3588 4874">
    <p class='ocr_par' dir='ltr' id='par_1_98' title="bbox 2006 4790 3588 4874">
     <span class='ocr_line' id='line_1_101' title="bbox 2006 4790 3588 4874; baseline -0.001 -20"><span class='ocrx_word' id='word_1_755' title='bbox 2006 4815 2168 4854; x_wconf 89' lang='lat' dir='ltr'><strong>suum</strong></span> <span class='ocrx_word' id='word_1_756' title='bbox 2199 4816 2264 4855; x_wconf 74' lang='lat' dir='ltr'><strong>ex</strong></span> <span class='ocrx_word' id='word_1_757' title='bbox 2290 4800 2416 4871; x_wconf 85' lang='lat' dir='ltr'><strong>Sige</strong></span> <span class='ocrx_word' id='word_1_758' title='bbox 2440 4800 2752 4855; x_wconf 87' lang='lat' dir='ltr'><strong>immediate</strong></span> <span class='ocrx_word' id='word_1_759' title='bbox 2775 4790 3128 4874; x_wconf 88' lang='lat' dir='ltr'><strong>produceret;</strong></span> <span class='ocrx_word' id='word_1_760' title='bbox 3156 4798 3301 4867; x_wconf 87' lang='lat' dir='ltr'><strong>quod</strong></span> <span class='ocrx_word' id='word_1_761' title='bbox 3331 4799 3588 4853; x_wconf 91' lang='lat' dir='ltr'><strong>omnibus</strong></span> 
     </span>
    </p>
   </div>
   <div class='ocr_carea' id='block_1_99' title="bbox 2005 4888 3588 4966">
    <p class='ocr_par' dir='ltr' id='par_1_99' title="bbox 2005 4888 3588 4966">
     <span class='ocr_line' id='line_1_102' title="bbox 2005 4888 3588 4966; baseline -0.003 -20"><span class='ocrx_word' id='word_1_762' title='bbox 2005 4890 2514 4954; x_wconf 83' lang='lat' dir='ltr'><strong>Valentinianorum</strong></span> <span class='ocrx_word' id='word_1_763' title='bbox 2548 4892 2881 4966; x_wconf 88' lang='lat' dir='ltr'><strong>genealogiis</strong></span> <span class='ocrx_word' id='word_1_764' title='bbox 2933 4899 3219 4959; x_wconf 76' lang='lat' dir='ltr'><strong>repugnat.</strong></span> <span class='ocrx_word' id='word_1_765' title='bbox 3264 4888 3329 4943; x_wconf 86' lang='lat' dir='ltr'><strong>Et</strong></span> <span class='ocrx_word' id='word_1_766' title='bbox 3369 4898 3588 4943; x_wconf 83' lang='lat' dir='ltr'><strong>senten—</strong></span> 
     </span>
    </p>
   </div>
   <div class='ocr_carea' id='block_1_100' title="bbox 2003 4983 3585 5052">
    <p class='ocr_par' dir='ltr' id='par_1_100' title="bbox 2003 4983 3585 5052">
     <span class='ocr_line' id='line_1_103' title="bbox 2003 4983 3585 5052; baseline -0.002 -14"><span class='ocrx_word' id='word_1_767' title='bbox 2003 4983 2136 5038; x_wconf 87' lang='lat' dir='ltr'><strong>tiam</strong></span> <span class='ocrx_word' id='word_1_768' title='bbox 2162 5000 2318 5040; x_wconf 90' lang='lat' dir='ltr'><strong>suam</strong></span> <span class='ocrx_word' id='word_1_769' title='bbox 2341 4984 2563 5049; x_wconf 83' lang='lat' dir='ltr'><strong>ﬁrmare</strong></span> <span class='ocrx_word' id='word_1_770' title='bbox 2586 4984 2799 5039; x_wconf 91' lang='lat' dir='ltr'><strong>videtur</strong></span> <span class='ocrx_word' id='word_1_771' title='bbox 2820 4999 2888 5038; x_wconf 85' lang='lat' dir='ltr'><strong>ex</strong></span> <span class='ocrx_word' id='word_1_772' title='bbox 2914 4983 3096 5039; x_wconf 80' lang='lat' dir='ltr'><strong>verbis</strong></span> <span class='ocrx_word' id='word_1_773' title='bbox 3114 4997 3235 5052; x_wconf 69' lang='lat' dir='ltr'><strong>qua:</strong></span> <span class='ocrx_word' id='word_1_774' title='bbox 3258 4992 3585 5051; x_wconf 88' lang='lat' dir='ltr'><strong>sequuntur,</strong></span> 
     </span>
    </p>
   </div>
   <div class='ocr_carea' id='block_1_101' title="bbox 2003 5064 3588 5153">
    <p class='ocr_par' dir='ltr' id='par_1_101' title="bbox 2003 5064 3588 5153">
     <span class='ocr_line' id='line_1_104' title="bbox 2003 5064 3588 5153; baseline -0.002 -22"><span class='ocrx_word' id='word_1_775' title='bbox 2003 5077 2126 5150; x_wconf 71' lang='grc' dir='ltr'>ἥτις</span> <span class='ocrx_word' id='word_1_776' title='bbox 2155 5073 2223 5151; x_wconf 80' lang='grc' dir='ltr'>ἦν</span> <span class='ocrx_word' id='word_1_777' title='bbox 2255 5064 2447 5141; x_wconf 56' lang='lat' dir='ltr'><strong>Boebe,</strong></span> <span class='ocrx_word' id='word_1_778' title='bbox 2480 5076 2862 5153; x_wconf 46' lang='lat' dir='ltr'><strong>hymnum-np,</strong></span> <span class='ocrx_word' id='word_1_779' title='bbox 2885 5073 3158 5145; x_wconf 78' lang='grc' dir='ltr'>Ἀλήθεια’</span> <span class='ocrx_word' id='word_1_780' title='bbox 3193 5072 3333 5144; x_wconf 78' lang='grc' dir='ltr'>αὕτη</span> <span class='ocrx_word' id='word_1_781' title='bbox 3364 5074 3421 5125; x_wconf 84' lang='grc' dir='ltr'><strong>δὲ</strong></span> <span class='ocrx_word' id='word_1_782' title='bbox 3453 5076 3485 5143; x_wconf 84' lang='grc' dir='ltr'>ἡ</span> <span class='ocrx_word' id='word_1_783' title='bbox 3522 5077 3588 5128; x_wconf 82' lang='grc' dir='ltr'>ἐκ</span> 
     </span>
    </p>
   </div>
   <div class='ocr_carea' id='block_1_102' title="bbox 2004 5164 3588 5249">
    <p class='ocr_par' dir='ltr' id='par_1_102' title="bbox 2004 5164 3588 5249">
     <span class='ocr_line' id='line_1_105' title="bbox 2004 5164 3588 5249; baseline -0.011 -24"><span class='ocrx_word' id='word_1_784' title='bbox 2004 5171 2099 5225; x_wconf 82' lang='grc' dir='ltr'>τοῦ</span> <span class='ocrx_word' id='word_1_785' title='bbox 2135 5172 2348 5245; x_wconf 81' lang='grc' dir='ltr'>Πατρὸς</span> <span class='ocrx_word' id='word_1_786' title='bbox 2383 5172 2475 5225; x_wconf 79' lang='grc' dir='ltr'>καὶ</span> <span class='ocrx_word' id='word_1_787' title='bbox 2507 5172 2605 5242; x_wconf 84' lang='grc' dir='ltr'><strong>τῆς</strong></span> <span class='ocrx_word' id='word_1_788' title='bbox 2638 5171 2803 5241; x_wconf 81' lang='grc' dir='ltr'>Σιγῆς</span> <span class='ocrx_word' id='word_1_789' title='bbox 2834 5169 3054 5241; x_wconf 85' lang='grc' dir='ltr'>τετρὰς,</span> <span class='ocrx_word' id='word_1_790' title='bbox 3094 5166 3434 5249; x_wconf 77' lang='grc' dir='ltr'>Ἀνθρωπος,</span> <span class='ocrx_word' id='word_1_791' title='bbox 3456 5164 3588 5222; x_wconf 62' lang='lat' dir='ltr'><strong>&quot;Ex.</strong></span> 
     </span>
    </p>
   </div>
   <div class='ocr_carea' id='block_1_103' title="bbox 2005 5261 3585 5337">
    <p class='ocr_par' dir='ltr' id='par_1_103' title="bbox 2005 5261 3585 5337">
     <span class='ocr_line' id='line_1_106' title="bbox 2005 5261 3585 5337; baseline -0.003 -18"><span class='ocrx_word' id='word_1_792' title='bbox 2005 5264 2224 5337; x_wconf 82' lang='grc' dir='ltr'>κλησία,</span> <span class='ocrx_word' id='word_1_793' title='bbox 2259 5266 2452 5334; x_wconf 84' lang='grc' dir='ltr'><strong>Λόγος,</strong></span> <span class='ocrx_word' id='word_1_794' title='bbox 2486 5265 2630 5335; x_wconf 86' lang='grc' dir='ltr'><strong>Ζωή.</strong></span> <span class='ocrx_word' id='word_1_795' title='bbox 2662 5263 2765 5318; x_wconf 90' lang='lat' dir='ltr'><strong>Sed</strong></span> <span class='ocrx_word' id='word_1_796' title='bbox 2801 5263 2845 5317; x_wconf 91' lang='lat' dir='ltr'><strong>si</strong></span> <span class='ocrx_word' id='word_1_797' title='bbox 2876 5264 2993 5318; x_wconf 58' lang='lat' dir='ltr'><strong>haec</strong></span> <span class='ocrx_word' id='word_1_798' title='bbox 3022 5262 3186 5317; x_wconf 82' lang='lat' dir='ltr'><strong>verba</strong></span> <span class='ocrx_word' id='word_1_799' title='bbox 3218 5261 3421 5330; x_wconf 87' lang='lat' dir='ltr'><strong>aliquid</strong></span> <span class='ocrx_word' id='word_1_800' title='bbox 3454 5276 3585 5329; x_wconf 87' lang='lat' dir='ltr'><strong>pro-</strong></span> 
     </span>
    </p>
   </div>
   <div class='ocr_carea' id='block_1_104' title="bbox 2003 5354 3583 5430">
    <p class='ocr_par' dir='ltr' id='par_1_104' title="bbox 2003 5354 3583 5430">
     <span class='ocr_line' id='line_1_107' title="bbox 2003 5354 3583 5430; baseline -0.004 -17"><span class='ocrx_word' id='word_1_801' title='bbox 2003 5358 2232 5422; x_wconf 91' lang='lat' dir='ltr'><strong>barent,</strong></span> <span class='ocrx_word' id='word_1_802' title='bbox 2275 5359 2448 5427; x_wconf 87' lang='grc' dir='ltr'>Λόγον</span> <span class='ocrx_word' id='word_1_803' title='bbox 2489 5372 2521 5411; x_wconf 91' lang='lat' dir='ltr'><strong>a</strong></span> <span class='ocrx_word' id='word_1_804' title='bbox 2570 5356 2696 5430; x_wconf 84' lang='lat' dir='ltr'><strong>Sige</strong></span> <span class='ocrx_word' id='word_1_805' title='bbox 2737 5371 2848 5411; x_wconf 91' lang='lat' dir='ltr'><strong>non</strong></span> <span class='ocrx_word' id='word_1_806' title='bbox 2900 5355 3212 5411; x_wconf 89' lang='lat' dir='ltr'><strong>immediate</strong></span> <span class='ocrx_word' id='word_1_807' title='bbox 3260 5354 3583 5424; x_wconf 88' lang='lat' dir='ltr'><strong>productam</strong></span> 
     </span>
    </p>
   </div>
   <div class='ocr_carea' id='block_1_105' title="bbox 2003 5442 3586 5516">
    <p class='ocr_par' dir='ltr' id='par_1_105' title="bbox 2003 5442 3586 5516">
     <span class='ocr_line' id='line_1_108' title="bbox 2003 5442 3586 5516; baseline -0.004 -10"><span class='ocrx_word' id='word_1_808' title='bbox 2003 5452 2294 5516; x_wconf 88' lang='lat' dir='ltr'><strong>docerent;</strong></span> <span class='ocrx_word' id='word_1_809' title='bbox 2335 5459 2460 5506; x_wconf 92' lang='lat' dir='ltr'><strong>sunt</strong></span> <span class='ocrx_word' id='word_1_810' title='bbox 2495 5451 2640 5505; x_wconf 91' lang='lat' dir='ltr'><strong>enim</strong></span> <span class='ocrx_word' id='word_1_811' title='bbox 2669 5451 3047 5507; x_wconf 87' lang='lat' dir='ltr'><strong>tantummodo</strong></span> <span class='ocrx_word' id='word_1_812' title='bbox 3076 5448 3321 5516; x_wconf 89' lang='lat' dir='ltr'><strong>priorum</strong></span> <span class='ocrx_word' id='word_1_813' title='bbox 3346 5442 3586 5514; x_wconf 79' lang='lat' dir='ltr'><strong>explica—</strong></span> 
     </span>
    </p>
   </div>
   <div class='ocr_carea' id='block_1_106' title="bbox 2006 5539 3585 5611">
    <p class='ocr_par' dir='ltr' id='par_1_106' title="bbox 2006 5539 3585 5611">
     <span class='ocr_line' id='line_1_109' title="bbox 2006 5539 3585 5611; baseline -0.004 -13"><span class='ocrx_word' id='word_1_814' title='bbox 2006 5545 2110 5609; x_wconf 91' lang='lat' dir='ltr'><strong>tio;</strong></span> <span class='ocrx_word' id='word_1_815' title='bbox 2149 5543 2202 5596; x_wconf 89' lang='lat' dir='ltr'><strong>in</strong></span> <span class='ocrx_word' id='word_1_816' title='bbox 2236 5542 2515 5611; x_wconf 87' lang='lat' dir='ltr'><strong>prioribus</strong></span> <span class='ocrx_word' id='word_1_817' title='bbox 2555 5552 2736 5596; x_wconf 88' lang='lat' dir='ltr'><strong>autem</strong></span> <span class='ocrx_word' id='word_1_818' title='bbox 2771 5540 3010 5595; x_wconf 87' lang='lat' dir='ltr'><strong>secunda</strong></span> <span class='ocrx_word' id='word_1_819' title='bbox 3048 5548 3215 5593; x_wconf 83' lang='lat' dir='ltr'><strong>tetras</strong></span> <span class='ocrx_word' id='word_1_820' title='bbox 3245 5555 3353 5592; x_wconf 72' lang='lat' dir='ltr'><strong>non</strong></span> <span class='ocrx_word' id='word_1_821' title='bbox 3386 5539 3585 5592; x_wconf 59' lang='lat' dir='ltr'><strong>innne»</strong></span> 
     </span>
    </p>
   </div>
   <div class='ocr_carea' id='block_1_107' title="bbox 2004 5633 3586 5706">
    <p class='ocr_par' dir='ltr' id='par_1_107' title="bbox 2004 5633 3586 5706">
     <span class='ocr_line' id='line_1_110' title="bbox 2004 5633 3586 5706; baseline -0.003 -14"><span class='ocrx_word' id='word_1_822' title='bbox 2004 5638 2152 5692; x_wconf 90' lang='lat' dir='ltr'><strong>diate</strong></span> <span class='ocrx_word' id='word_1_823' title='bbox 2186 5652 2216 5691; x_wconf 89' lang='lat' dir='ltr'><strong>a</strong></span> <span class='ocrx_word' id='word_1_824' title='bbox 2248 5636 2392 5706; x_wconf 89' lang='lat' dir='ltr'><strong>Sige,</strong></span> <span class='ocrx_word' id='word_1_825' title='bbox 2427 5637 2521 5692; x_wconf 91' lang='lat' dir='ltr'><strong>sed</strong></span> <span class='ocrx_word' id='word_1_826' title='bbox 2552 5652 2582 5691; x_wconf 88' lang='lat' dir='ltr'><strong>a</strong></span> <span class='ocrx_word' id='word_1_827' title='bbox 2610 5635 2849 5690; x_wconf 88' lang='lat' dir='ltr'><strong>Veritate</strong></span> <span class='ocrx_word' id='word_1_828' title='bbox 2874 5635 3194 5705; x_wconf 87' lang='lat' dir='ltr'><strong>producitur</strong></span> <span class='ocrx_word' id='word_1_829' title='bbox 3222 5652 3235 5687; x_wconf 93' lang='lat'>:</span> <span class='ocrx_word' id='word_1_830' title='bbox 3261 5633 3376 5687; x_wconf 59' lang='lat' dir='ltr'><strong>haec</strong></span> <span class='ocrx_word' id='word_1_831' title='bbox 3418 5633 3586 5704; x_wconf 80' lang='lat' dir='ltr'><strong>igitur</strong></span> 
     </span>
    </p>
   </div>
   <div class='ocr_carea' id='block_1_108' title="bbox 2008 5725 3583 5786">
    <p class='ocr_par' dir='ltr' id='par_1_108' title="bbox 2008 5725 3583 5786">
     <span class='ocr_line' id='line_1_111' title="bbox 2008 5725 3583 5786; baseline -0.003 -1"><span class='ocrx_word' id='word_1_832' title='bbox 2008 5729 2076 5786; x_wconf 85' lang='lat' dir='ltr'><strong>ad</strong></span> <span class='ocrx_word' id='word_1_833' title='bbox 2107 5729 2433 5783; x_wconf 90' lang='lat' dir='ltr'><strong>sententiam</strong></span> <span class='ocrx_word' id='word_1_834' title='bbox 2472 5727 2734 5782; x_wconf 90' lang='lat' dir='ltr'><strong>Blondelli</strong></span> <span class='ocrx_word' id='word_1_835' title='bbox 2782 5727 2915 5780; x_wconf 89' lang='lat' dir='ltr'><strong>nihil</strong></span> <span class='ocrx_word' id='word_1_836' title='bbox 2946 5726 3172 5781; x_wconf 90' lang='lat' dir='ltr'><strong>omnino</strong></span> <span class='ocrx_word' id='word_1_837' title='bbox 3202 5725 3429 5781; x_wconf 79' lang='lat' dir='ltr'><strong>faciunt.</strong></span> <span class='ocrx_word' id='word_1_838' title='bbox 3476 5726 3583 5781; x_wconf 85' lang='lat' dir='ltr'><strong>Sed</strong></span> 
     </span>
    </p>
   </div>
   <div class='ocr_carea' id='block_1_109' title="bbox 2010 5818 3584 5892">
    <p class='ocr_par' dir='ltr' id='par_1_109' title="bbox 2010 5818 3584 5892">
     <span class='ocr_line' id='line_1_112' title="bbox 2010 5818 3584 5892; baseline -0.003 -16"><span class='ocrx_word' id='word_1_839' title='bbox 2010 5831 2066 5877; x_wconf 87' lang='lat' dir='ltr'><strong>ut</strong></span> <span class='ocrx_word' id='word_1_840' title='bbox 2106 5820 2160 5876; x_wconf 94' lang='lat' dir='ltr'><strong>in</strong></span> <span class='ocrx_word' id='word_1_841' title='bbox 2194 5820 2285 5877; x_wconf 90' lang='lat' dir='ltr'><strong>illo</strong></span> <span class='ocrx_word' id='word_1_842' title='bbox 2328 5819 2634 5892; x_wconf 83' lang='lat' dir='ltr'><strong>fragmento</strong></span> <span class='ocrx_word' id='word_1_843' title='bbox 2678 5818 2849 5875; x_wconf 86' lang='lat' dir='ltr'><strong>multa</strong></span> <span class='ocrx_word' id='word_1_844' title='bbox 2896 5826 3151 5890; x_wconf 79' lang='lat' dir='ltr'><strong>corrupta</strong></span> <span class='ocrx_word' id='word_1_845' title='bbox 3199 5829 3345 5885; x_wconf 84' lang='lat' dir='ltr'><strong>sunt,</strong></span> <span class='ocrx_word' id='word_1_846' title='bbox 3376 5818 3447 5871; x_wconf 81' lang='lat' dir='ltr'><strong>ita</strong></span> <span class='ocrx_word' id='word_1_847' title='bbox 3498 5819 3584 5872; x_wconf 86' lang='lat' dir='ltr'><strong>hic</strong></span> 
     </span>
    </p>
   </div>
  </div>
