4078 6412
534 364 634 420 3M

534 480 703 535 etiam
732 480 889 537 locus
914 478 1051 535 mihi
1085 495 1256 536 sanus
1294 496 1403 537 non
1435 481 1680 549 videtur;
1711 500 1837 538 nam
1870 485 1953 540 vel
1982 484 2117 556 αὕτη

534 572 594 625 δὲ
627 572 661 643 ἠ
694 574 760 625 ὲκ
788 571 881 625 τοῦ
915 570 1127 643 Πατρός
1160 572 1253 626 καὶ
1282 572 1383 641 τῆς
1414 574 1580 644 Σιγῆς
1608 573 1892 646 Ἀλήθειαν
1924 577 2116 629 imme~

536 661 687 717 diate
730 662 1125 731 praecedentem
1171 673 1401 732 spectat,
1449 680 1571 734 quae
1620 666 1923 721 secundum
1966 666 2115 719 hunc

544 751 984 809 Valentinianum
1026 769 1093 809 ex
1128 752 1290 809 Patre
1336 764 1390 809 et
1436 754 1562 827 Sige
1602 765 1867 827 prognata
1913 766 2017 822 est,
2062 764 2119 810 et

536 853 670 900 tunc
709 846 917 916 aliquid
961 857 1087 902 ante
1117 857 1433 916 sequentem
1476 864 1668 904 vocem
1700 850 1897 921 τετράς
1928 849 2113 915 deest;

536 938 623 991 vel
649 953 748 1008 pro
776 940 944 1009 Σιγῆς
989 940 1217 994 omnino
1255 939 1541 1009 legendum
1587 949 1672 995 est
1721 941 2025 1012 Ἀληθείας,
2058 951 2118 996 υι

538 1029 655 1084 haec
688 1031 1118 1099 prtecedentibus
1161 1032 1506 1085 conveniant.
1540 1031 1765 1087 Frustra
1794 1035 1958 1087 etiam
2007 1033 2116 1088 huc

537 1120 770 1176 advocat
814 1121 1130 1176 Blondellus
1176 1131 1435 1191 corrupta
1485 1122 1577 1176 illa
1622 1123 1786 1177 verba
1824 1124 2014 1195 Cyrilli
2059 1124 2115 1177 in

536 1215 809 1270 catechesi
840 1216 873 1269 6
900 1235 911 1269 :
937 1216 1224 1286 Ἐγὲννησε
1250 1214 1436 1286 Σιγὴν,
1462 1217 1553 1268 καὶ
1585 1215 1692 1268 ἀπὸ
1714 1217 1881 1286 Σιγῆς
1910 1220 2119 1271 ἐτεκνο-

534 1307 681 1361 ποίει
713 1308 905 1376 Λόγου.
941 1306 1121 1362 Locus
1149 1307 1237 1361 ille
1273 1307 1452 1362 adhuc
1481 1307 1536 1359 in
1565 1309 1764 1361 mendo
1794 1310 1978 1374 cubat,
2016 1325 2117 1365 nec

536 1403 608 1457 ab
641 1402 936 1470 interprete
969 1400 1275 1455 intellectus
1302 1407 1407 1453 est.
1444 1400 1567 1451 Ὅτι
1596 1401 1624 1451 ὁ
1658 1399 1827 1464 Βυθὸς
1860 1402 2115 1473 ἐγέννησε

535 1493 737 1565 Σιγὴν,
768 1496 863 1547 καὶ
913 1495 1019 1547 ἀπὸ
1065 1495 1164 1564 τῆς
1207 1495 1374 1564 Σιγῆς
1423 1495 1755 1549 ὲτεκνοποίει
1794 1496 1987 1563 Λόγου,
2021 1495 2115 1548 τοῦ

535 1586 950 1657 παρ’Ἕλληο-ιν
999 1587 1139 1649 Διός·
1192 1580 1349 1650 οὗτος
1410 1588 1607 1659 χείρων
1654 1586 1748 1640 τοῦ
1794 1590 1861 1657 τῇ
1912 1587 2112 1657 ἀδελφῇ

536 1678 885 1749 μιγνυμένου·
922 1678 1109 1732 τέκνον
1142 1679 1250 1751 γὰρ
1296 1676 1435 1733 εἶναι
1474 1680 1568 1733 τοῦ
1612 1680 1783 1734 Βυθοῦ
1835 1681 2050 1749 ἐλέγετο
2080 1681 2115 1750 ὴ

534 1773 741 1844 Σιωπή.
779 1771 854 1827 lta
883 1772 1070 1827 Graeca
1097 1774 1259 1828 verba
1289 1774 1432 1829 edita
1457 1782 1511 1828 et
1535 1775 1791 1829 distincta
1820 1784 1969 1837 sunt,
1991 1791 2113 1844 qua:

530 1864 770 1922 Joannes
808 1865 1111 1921 Grodecius
1172 1866 1253 1922 sic
1300 1867 1688 1936 interpretatus
1734 1875 1819 1922 est
1854 1886 1867 1920 :
1910 1886 1927 1917 ι
1957 1867 2112 1932 Quod

531 1956 770 2028 Bytbos,
802 1958 857 2012 id
899 1966 985 2011 est
1030 1956 1392 2027 profundum,
1423 1957 1672 2027 genuerit
1719 1958 1913 2025 Sigen,
1948 1958 1998 2011 id
2033 1967 2116 2013 est

533 2045 844 2113 Silentium,
861 2049 995 2104 etde
1019 2048 1147 2120 Sige
1170 2049 1469 2119 procrearit
1485 2048 1690 2119 Logon,
1706 2047 2027 2118 quiJupiter
2047 2050 2118 2104 sit

530 2140 849 2209 gentilibus,
876 2150 931 2195 et
956 2142 1195 2197 deterior
1219 2156 1282 2196 ac
1308 2141 1538 2196 inferior
1557 2157 1623 2196 eo
1652 2141 1745 2210 qui
1770 2156 1895 2195 cum
1927 2155 2117 2196 sorore

529 2233 603 2288 sit
636 2234 853 2289 mistus.
900 2232 1026 2303 Sige
1055 2234 1201 2289 enim
1240 2233 1399 2305 Bythi
1446 2234 1555 2287 ﬁlia
1596 2233 1901 2287 dicebatur.
1926 2252 1944 2284 ι
1975 2231 2113 2287 Mira

528 2326 621 2380 hic
670 2326 835 2380 tradit
875 2325 1147 2396 interpres
1197 2326 1264 2381 de
1307 2325 1457 2397 Logo
1496 2325 1880 2382 Valentiniano
1908 2328 1999 2397 qui
2043 2328 2117 2383 sit

527 2414 741 2487 Jupiter
782 2421 1097 2488 gentilibus.
1144 2417 1298 2489 Legit
1342 2420 1624 2474 enimvero
1656 2419 1712 2474 in
1745 2436 1851 2477 ms.
1884 2436 1985 2476 suo
2012 2435 2112 2475 vo-

528 2524 650 2564 cem
671 2510 978 2579 Λόγου,εε‹1
1005 2519 1263 2581 corrupte
1286 2519 1591 2577 exaratam,
1617 2526 1789 2582 quare
1813 2520 1869 2567 et
1899 2528 1930 2566 a
1960 2512 2113 2582 prio-

528 2602 684 2657 ribus
711 2610 764 2656 et
785 2617 815 2656 a
839 2603 1195 2672 sequentibus
1219 2602 1276 2657 in
1302 2601 1507 2658 Graacis
1530 2604 1801 2667 distinxit,
1822 2603 1877 2656 in
1903 2603 2114 2659 Latinis

528 2704 714 2750 autem
761 2696 981 2764 utrique
1022 2698 1308 2751 sententia:
1351 2695 1677 2767 conjunxit,
1729 2712 1853 2751 cum
1902 2698 2115 2750 ἐτεκνο-

528 2784 675 2838 ποιει
702 2785 1007 2855 componit,
1034 2801 1100 2840 ac
1141 2786 1189 2841 si
1219 2786 1484 2855 scriptum
1512 2798 1659 2841 esset
1688 2786 1861 2855 Λόγον
1894 2788 2111 2858 (quem-

527 2874 826 2930 admodum
858 2877 913 2931 in
950 2892 1054 2931 ms.
1102 2874 1401 2932 Oxoniensi
1447 2878 1671 2947 -egitur)
1702 2892 1828 2931 cum
1863 2876 1957 2931 τοῦ
1991 2877 2113 2941 Διός

531 2968 838 3039 coniungit,
871 2986 936 3024 ac
980 2971 1028 3024 si
1073 2969 1269 3024 eodem
1319 2984 1448 3025 casu
1495 2970 1787 3040 legeretur,
1824 2980 1989 3040 atque
2037 2971 2109 3026 ita

530 3060 717 3116 omnia
747 3061 1051 3117 confundit.
1070 3061 1127 3116 Si
1154 3062 1326 3130 Λόγον
1358 3061 1582 3132 quidem
1616 3063 1883 3132 legamus,
1913 3079 2111 3119 sensus

526 3153 819 3208 verborum
842 3154 932 3209 hic
956 3154 1278 3224 perspicuus
1298 3163 1383 3210 est
1406 3172 1418 3208 :
1444 3173 1464 3205 ι
1487 3153 1695 3225 Bythus
1711 3155 1901 3224 genuit
1924 3153 2113 3226 Sigen,

526 3252 583 3298 et
600 3258 630 3297 e
654 3242 783 3314 Sige
809 3244 1087 3314 generavit
1113 3242 1343 3315 Legum.
1374 3241 1508 3299 Jove
1533 3244 1817 3314 gentilium
1844 3246 1935 3301 hic
1960 3247 2114 3317 pejor

526 3346 635 3403 εει,
671 3338 766 3407 qui
797 3353 921 3392 cum
970 3352 1163 3393 sorore
1210 3338 1406 3393 mistus
1443 3346 1546 3393 est.
1584 3337 1724 3392 Filia
1753 3340 1901 3394 enim
1952 3339 2113 3411 Bytbi

526 3430 811 3487 dicebatur
835 3428 1018 3501 Siope.
1048 3450 1067 3484 ι
1103 3429 1208 3486 Sed
1239 3431 1330 3486 illa
1362 3446 1468 3486 vox
1498 3431 1677 3500 Λόγου
1706 3448 1829 3503 qua:
1852 3432 1999 3487 hunc
2032 3434 2113 3487 loc

526 3540 654 3578 cum
685 3523 822 3579 adeo
855 3523 1094 3579 turbavit
1124 3524 1349 3579 omnino
1380 3524 1692 3580 necessaria
1724 3541 1834 3580 non
1866 3534 1970 3591 est,
1998 3526 2113 3582 sive

523 3615 734 3685 priora,
765 3614 880 3670 sive
911 3615 1217 3685 posteriora
1243 3616 1411 3671 verba
1441 3616 1731 3686 respicias.
1781 3616 2113 3673 Posteriori-

523 3706 630 3761 bus
664 3720 775 3761 non
803 3708 1083 3775 competit,
1116 3706 1261 3775 quod
1306 3705 1608 3763 Grodecius
1650 3706 1844 3762 voluit.
1875 3707 2112 3777 Cyrillus

526 3800 673 3854 enim
703 3814 811 3854 non
845 3798 1055 3869 Logon,
1087 3800 1181 3855 sed
1214 3798 1448 3870 Bythum
1472 3797 1592 3855 Jovi
1619 3808 1920 3869 comparat.
1954 3799 2112 3855 Prio-

526 3890 682 3944 ribus
715 3904 891 3959 neque
933 3888 1111 3957 Λόγου
1142 3889 1424 3959 competit,
1457 3905 1635 3961 neque
1656 3890 1828 3959 Λόγον
1858 3905 2112 3947 necessa-

524 3982 671 4036 rium
721 3990 841 4047 est;
882 3996 1013 4035 nam
1052 3980 1616 4041 τεκνοποιεῖνλίὸετοε
1654 3997 1953 4049 procreare,
1985 3982 2111 4052 qui-

526 4087 743 4142 cunque
772 4072 988 4127 tandem
1016 4072 1091 4125 illi
1118 4071 1249 4134 sint,
1280 4072 1415 4126 satis
1449 4071 1516 4126 ad
1550 4071 1716 4140 hujus
1742 4072 1848 4126 loci
1885 4088 2109 4127 sensum

525 4162 945 4232 exprimendum
1006 4162 1170 4215 valet.
1221 4160 1388 4215 Docet
1434 4160 1582 4215 enim
1634 4160 1877 4232 Cyrillus
1919 4159 2110 4216 Jovem

527 4253 708 4308 sorori
762 4252 987 4307 mistum
1032 4251 1233 4317 fuisse,
1275 4251 1510 4322 Bythum
1556 4267 1624 4305 ex
1674 4252 1788 4306 ﬁlia
1831 4267 1931 4307 sua
1983 4267 2113 4321 pro-

525 4357 747 4399 creasse
792 4343 994 4397 liberos
1033 4343 1222 4413 :quod
1262 4342 1479 4411 turpius
1515 4351 1617 4397 est.
1665 4340 1930 4410 Quamvis
1974 4345 2111 4398 mihi

525 4434 829 4489 etiamnum
879 4433 1117 4487 maxime
1164 4433 1427 4498 arrideat,
1456 4434 1605 4502 quod
1657 4434 1787 4487 olim
1828 4435 1959 4488 mihi
2005 4434 2109 4504 ipsi

524 4526 582 4582 in
608 4534 845 4583 mentem
882 4528 1048 4593 venit,
1078 4527 1368 4595 legendum
1406 4526 1616 4581 scilicet
1646 4542 1767 4581 esse
1794 4543 1902 4580 non
1932 4528 2109 4596 Λόγου

523 4619 609 4674 vel
636 4619 831 4689 Λόγον,
867 4619 959 4673 sed
982 4618 1127 4690 λόγῳ
1160 4616 1257 4672 τοῦ
1290 4619 1434 4683 Διός,
1468 4616 1534 4671 ad
1570 4619 1813 4683 modum,
1843 4618 1927 4673 vel
1955 4618 2109 4679 simi-

524 4713 814 4769 litudinem
856 4710 1031 4779 Jovis,
1060 4728 1122 4768 ea
1168 4711 1380 4768 ratione
1411 4726 1521 4781 qua
1555 4709 1768 4781 Jupiter
1803 4710 2110 4780 procreavit

523 4803 747 4869 liberos,
778 4813 839 4858 ut
878 4803 1023 4883 λόγῳ
1064 4802 1450 4857 adverbialiter
1499 4810 1781 4865 sumatur,
1815 4815 1993 4871 neque
2038 4800 2106 4857 ad

523 4895 760 4953 Eonem
808 4894 1254 4950 Valentinianum
1306 4895 1535 4949 omnino
1565 4901 1797 4963 spectet.
1844 4893 2005 4948 Certe
2058 4892 2107 4948 si

520 4988 679 5057 λόγον
711 4989 1085 5053 admittamus,
1117 4988 1382 5059 Cyrillum
1412 4987 1668 5058 dogmata
1697 4984 1969 5040 Valentini
2002 4985 2107 5038 mi-

520 5080 674 5137 rifice
725 5078 1062 5136 confundere
1104 5080 1395 5135 dicendum
1442 5088 1563 5146 est;
1595 5094 1770 5149 neque
1817 5078 2105 5134 excusatio

520 5170 786 5228 Blondelli
830 5172 1131 5241 quidquam
1168 5173 1333 5236 valet,
1366 5172 1525 5240 quasi
1560 5171 1792 5242 Bythum
1826 5186 1923 5226 seu
1971 5170 2107 5225 Pro-

522 5274 766 5336 patorem
793 5279 918 5318 cum
944 5262 1025 5315 Nu
1051 5280 1147 5319 seu
1172 5263 1333 5319 Patre
1354 5262 1764 5319 Valentinianos
1787 5262 2105 5319 ronfudisse

520 5365 749 5415 statuat.
779 5355 915 5411 Nam
947 5358 992 5411 si
1028 5373 1303 5428 supponas
1332 5357 1421 5412 hic
1445 5356 1685 5423 Patrem,
1710 5373 1806 5412 seu
1831 5354 1975 5419 Nun,
2004 5369 2104 5424 pro

520 5449 694 5520 Bytbo
714 5458 768 5504 et
791 5448 1089 5519 Propatorc
1112 5452 1253 5506 sumi
1285 5451 1501 5511 debere,
1524 5452 1709 5505 omnia
1736 5451 1917 5504 adhuc
1939 5457 2106 5503 erunt

522 5557 546 5594 τι
584 5541 770 5595 schola
809 5540 1081 5596 Valentini
1121 5558 1348 5612 prorsus
1379 5544 1576 5597 aliena.
1616 5542 1820 5613 Bythus
1847 5543 1935 5595 hic
1967 5541 2104 5595 dici-

514 5635 607 5681 tur
634 5628 888 5693 genuisse
920 5628 1105 5700 Sigen,
1131 5642 1185 5685 at
1214 5631 1375 5701 Sigen
1405 5648 1432 5686 a
1462 5632 1544 5687 Nu
1572 5642 1881 5703 generatam
1907 5630 2100 5695 fuisse,

517 5730 681 5768 nemo
717 5732 959 5786 unquam
1006 5716 1510 5775 Valentinianorum
1544 5722 1855 5785 somniavit.
1895 5721 2101 5792 Bythus

514 5807 717 5863 dicitur
745 5823 813 5864 ex
863 5808 989 5880 Sige
1021 5813 1281 5880 genuisse
1312 5812 1519 5883 Logon.
1556 5813 1924 5869 Valentiniani
1977 5814 2101 5868 licet

1912 6019 2000 6047 \.._q

1566 363 1624 420 S.
1668 362 2015 423 lGNATlUS.
2054 397 2124 409 —
2161 366 2697 424 PROLEGOMENA.

3684 370 3787 426 512

2150 490 2192 545 Α
2222 483 2342 539 Nun
2374 488 2540 541 velint
2569 486 2755 558 Logon
2793 485 3080 556 genuisse;
3111 497 3392 554 nunquam
3436 490 3617 539 tamen
3662 499 3783 541 eum

2218 580 2399 649 Logon
2438 596 2503 634 ex
2552 581 2676 651 Sige
2720 580 2985 635 emissum
3030 579 3408 633 admittebant.
3447 576 3652 648 Bythus
3699 580 3787 633 hic

2217 685 2285 725 ex
2328 669 2455 741 Sige
2491 679 2754 739 tanquam
2782 684 2847 723 ex
2876 670 2986 723 lilia
3018 683 3118 723 sua
3147 675 3371 738 generat
3400 666 3604 721 liberos
3626 684 3638 721 :
3659 678 3713 721 at
3740 671 3785 723 si

2219 763 2637 818 Valentinianus
2664 762 2937 832 quispiam
2980 761 3128 816 dicat
3180 758 3302 814 Nun
3344 774 3439 814 seu
3466 758 3682 813 Patrem
3723 777 3787 815 ex

2220 856 2346 928 Sige
2393 856 2626 912 Eonem
2667 856 2905 926 aliquem
2946 868 3286 925 procreasse,
3325 852 3378 906 id
3426 850 3630 906 factum
3680 870 3785 907 non

2216 963 2284 1003 ex
2314 949 2445 1013 tilia,
2480 948 2576 1003 sed
2610 963 2679 1003 ex
2710 956 2885 1002 matre
2910 946 3199 1001 docebant.
3234 944 3382 1014 Logo
3408 943 3573 1015 igitur
3602 943 3787 1015 Cyrilli

2218 1039 2593 1096 infelicissime
2637 1054 2775 1094 usus
2824 1048 2907 1093 est
2947 1037 3293 1103 Blondellus;
3343 1044 3397 1090 et
3439 1036 3574 1090 satis
3611 1035 3789 1088 adhuc

2217 1133 2569 1189 manifestum
2593 1142 2675 1189 est
2709 1148 2739 1187 a
2760 1130 3051 1185 Valentino
3079 1144 3359 1198 nunquam
3390 1127 3593 1182 dictum
3620 1125 3792 1180 fuisse

2217 1227 2388 1292 Λόγον
2420 1225 2527 1279 ἀπὸ
2558 1226 2723 1295 Σιγῆς
2755 1222 3058 1293 προελθεῖν.

2290 1316 2553 1385 Exposita
2607 1317 2900 1381 sententia,
2957 1313 3372 1381 rationibusque
3429 1308 3636 1364 nostris
3691 1308 3789 1361 ad-

2216 1424 2407 1464 versus
2459 1409 2719 1463 Blondelli
2754 1407 2988 1464 astutias
3037 1405 3296 1469 defensis,
3336 1403 3624 1458 videamus
3664 1402 3791 1468 quid

2219 1501 2477 1556 Dallaeum
2496 1500 2726 1554 moverit
2752 1510 2811 1555 ut
2839 1500 2997 1554 aliter
3025 1497 3285 1553 sentiret:
3314 1514 3332 1547 ι
3355 1495 3471 1566 Ipsa
3490 1496 3607 1549 haac
3626 1495 3791 1548 verba

2218 1591 2274 1645 in
2317 1590 2666 1647 Valentinum
2716 1590 2870 1656 ferri,
2904 1591 3133 1659 ejusque
3179 1587 3432 1644 delirium
3472 1586 3653 1651 ferire,
3684 1602 3792 1639 non

2216 1693 2321 1747 est,
2362 1685 2559 1754 inquit,
2597 1694 2656 1739 ut
2687 1686 2905 1754 opinor,
2931 1684 3242 1738 obscurius.
3283 1700 3302 1734 ι
3340 1680 3582 1734 Primum
3627 1693 3793 1748 quam

2218 1779 2437 1841 timide,
2476 1787 2537 1833 ut
2568 1778 2819 1847 «opinor,
2854 1797 2874 1829 ι
2901 1785 2975 1840 ει,
3016 1794 3034 1827 ι
3092 1790 3200 1829 non
3257 1774 3579 1829 obscurius!
3620 1793 3639 1825 ›
3682 1772 3795 1828 lmo

2216 1887 2346 1926 vero
2374 1872 2684 1925 certissime
2709 1870 3021 1933 obscurius,
3046 1876 3118 1933 et,
3137 1876 3196 1921 ut
3224 1866 3440 1936 opinor,
3462 1864 3793 1929 absurdius;

2217 1964 2365 2033 quod
2393 1977 2461 2015 ex
2492 1962 2592 2013 viri
2626 1960 2930 2015 doctissimi
2960 1958 3280 2028 probatione
3305 1955 3511 2026 patebit
3541 1955 3797 2009 luculen-

2216 2056 2346 2110 tius.
2388 2053 2468 2107 Ex
2504 2052 2711 2107 lrenaao
2754 2054 2973 2121 quidem
3011 2050 3317 2105 fabulosam
3348 2048 3621 2103 Valentini
3661 2047 3798 2101 divi-

2214 2149 2444 2202 nitatem
2492 2144 3053 2216 exponit,eademque
3091 2141 3514 2205 Tertullianum,
3558 2138 3799 2209 Epipha-

2216 2239 2367 2292 nium
2390 2250 2444 2292 et
2462 2236 2599 2291 alios
2620 2235 2834 2290 tradere
2860 2232 3079 2289 asserit.
3097 2230 3223 2286 Haec
3243 2246 3391 2285 nunc
3414 2244 3524 2285 non
3542 2230 3795 2295 excutio;

2216 2331 2309 2385 sed
2338 2346 2467 2384 num
2501 2331 2761 2394 Irenaaus,
2779 2328 2859 2383 vel
2891 2327 3034 2381 alius
3060 2326 3355 2396 quisquam
3393 2324 3447 2378 in
3478 2323 3797 2378 enarranda

2216 2421 2491 2478 Valentini
2540 2421 2824 2478 divinitate
2871 2420 3039 2475 tradit
3066 2419 3229 2489 Sigen
3275 2418 3551 2489 peperisse
3582 2416 3796 2486 LOgon,

2215 2522 2311 2567 aut
2331 2511 2518 2583 Logon
2547 2528 2655 2567 non
2681 2511 2818 2566 dicit
2846 2512 2915 2565 ab
2939 2511 3047 2565 alia
3069 2526 3234 2579 quam
3273 2510 3398 2578 Sige
3429 2508 3604 2564 fuisse
3631 2508 3801 2562 emis-

2215 2606 2380 2659 sum?
2415 2602 2530 2659 Hoc
2554 2619 2663 2658 non
2695 2604 2850 2669 dicit,
2877 2604 3023 2673 quod
3050 2602 3277 2657 omnino
3306 2601 3490 2655 dicere
3516 2599 3730 2663 debuit,
3753 2599 3801 2653 si

2216 2697 2425 2766 aliquid
2478 2696 2623 2765 quod
2678 2694 2762 2749 ad.
2808 2710 2965 2749 suam
3004 2694 3333 2750 sententiam
3359 2689 3802 2747 conﬁrmandam

2215 2792 2442 2855 valeret,
2476 2790 2671 2844 all‘erre
2716 2789 2896 2843 vellet.
2932 2787 3037 2843 Sed
3083 2786 3205 2857 ejus
3254 2786 3377 2840 loco
3426 2787 3531 2838 hoc
3581 2793 3800 2839 tantum

2216 2883 2383 2939 dixit:
2416 2899 2435 2933 ι
2477 2881 2722 2947 Quorum
2748 2895 2909 2935 nemo
2940 2890 3024 2935 est
3050 2880 3148 2949 qui
3185 2892 3294 2932 non
3320 2893 3351 2931 a
3388 2875 3513 2946 Sige
3536 2876 3802 2930 eductum

2215 2989 2246 3027 a
2262 2973 2551 3029 Valentino
2566 2972 2774 3043 Logon,
2802 2973 2885 3026 vel
2910 2972 3223 3026 immaliate
3252 2978 3313 3024 ut
3337 2984 3367 3023 a
3400 2976 3572 3023 matre
3596 2967 3801 3027 ﬁlium,

2215 3066 2301 3120 vel
2349 3074 2497 3121 certe
2559 3066 2793 3119 mediate
2839 3073 2903 3119 ut
2965 3063 3036 3119 ab
3078 3062 3201 3117 avia
3252 3068 3507 3129 nepotem
3551 3074 3806 3115 comme-

2139 3166 2182 3224 ο
2217 3165 2414 3212 moret.
2452 3176 2472 3209 ι
2510 3158 2627 3210 lmo
2658 3171 2788 3210 vero
2814 3155 2930 3210 hate
2956 3155 3010 3209 in
3042 3155 3145 3209 hac
3174 3169 3235 3208 re
3268 3152 3551 3208 distinctio
3585 3153 3660 3207 de
3693 3169 3806 3206 me-

2216 3249 2361 3303 diata
2395 3256 2451 3302 et
2485 3248 2798 3302 immediata
2824 3246 3115 3301 eductione
3142 3255 3229 3300 est
3256 3244 3344 3299 vel
3366 3245 3435 3299 ab
3459 3244 3605 3314 ipso,
3642 3242 3733 3297 vel
3775 3259 3805 3295 a

2215 3340 2497 3396 Blondello
2542 3340 2879 3409 excogitata;
2926 3352 3107 3407 neque
3150 3337 3276 3393 talis
3328 3336 3547 3392 eductio
3581 3335 3658 3391 ab
3694 3334 3808 3389 ullo

2215 3434 2448 3488 istorum
2506 3428 2735 3486 Patrum
2795 3440 2883 3485 est
2930 3430 3215 3499 exposita;
3250 3443 3413 3484 nemo
3466 3443 3669 3484 eorum
3721 3426 3811 3482 vel

2213 3524 2449 3580 mediate
2488 3524 2575 3580 vel
2624 3522 2937 3578 immediate
2990 3521 3179 3591 Logon
3210 3521 3295 3575 vel
3327 3536 3396 3575 ex
3451 3517 3580 3589 Sige
3611 3518 3704 3573 vel
3740 3533 3810 3573 cx

2212 3614 2325 3669 alio
2357 3612 2535 3669 Eone
2582 3613 2839 3668 eductum
2872 3611 3045 3667 fuisse
3074 3612 3229 3665 dixit.
3253 3609 3381 3665 Haec
3423 3606 3811 3678 distinguendi

2213 3702 2491 3758 subtilitas
2519 3712 2571 3757 et
2604 3700 2875 3756 Valentini
2902 3712 2955 3756 et
2984 3700 3208 3755 Patrum
3233 3714 3349 3754 aevo
3379 3699 3539 3769 longe
3566 3696 3814 3752 inferior

2212 3810 2335 3850 esse
2382 3796 2771 3865 cognoscitur;
2801 3808 2902 3849 nec
2940 3793 3016 3847 ibi
3056 3792 3304 3847 adhiberi
3349 3790 3562 3855 debuit,
3602 3789 3704 3844 ubi
3742 3788 3814 3843 de

2214 3885 2361 3941 nuda
2393 3900 2585 3941 eorum
2618 3885 2888 3941 sententia
2920 3884 3205 3954 quaeritur.
3234 3881 3501 3937 Praeterea
3527 3896 3811 3951 quorsum

2213 3979 2331 4034 haec
2383 3978 2664 4033 distinctio
2719 3979 2777 4032 in
2826 3978 2936 4033 duo
2994 3977 3263 4041 membra,
3296 3984 3356 4028 ut
3384 3974 3455 4028 sit
3482 3971 3680 4043 Logus
3719 3972 3813 4027 vel

2213 4070 2360 4125 ﬁlius
2402 4070 2578 4139 Siges,
2608 4071 2693 4127 vel
2725 4070 2934 4141 nepos?
2964 4068 3048 4123 An
3097 4068 3388 4138 quisquam
3433 4081 3633 4122 eorum
3664 4082 3816 4137 quos

2213 4170 2630 4230 commemorat,
2678 4162 2868 4233 Logon
2911 4162 3069 4231 Siges
3095 4162 3268 4214 lilium
3295 4160 3567 4223 nominat,
3608 4167 3710 4212 aut
3742 4173 3814 4211 ex

2215 4252 2343 4325 Sige
2371 4255 2686 4310 immediate
2709 4256 2912 4323 educit,
2941 4266 3003 4310 ut
3032 4254 3265 4309 Dallarus
3298 4269 3424 4308 eum
3455 4262 3607 4308 recte
3643 4250 3814 4322 Siges

2212 4346 2386 4403 ﬁlium
2434 4363 2633 4404 vocare
2666 4348 2877 4419 possit?
2906 4347 3056 4402 Dixit
3087 4346 3311 4418 quidem
3350 4347 3593 4401 Irenaaus
3623 4344 3813 4413 Λόγον

2204 4443 2338 4497 Υῐδν
2370 4439 2713 4513 μονογενοῦς,
2741 4460 2759 4492 ‹
2787 4438 3023 4494 Verbum
3048 4436 3323 4508 Unigcniti
3350 4436 3573 4503 Filium,
3600 4456 3623 4488 ›
3652 4435 3827 4506 Sigea

2140 4512 2187 4568 Β
2208 4512 2381 4588 lilium
2402 4547 2514 4587 non
2538 4532 2695 4586 dixit.
2718 4530 2836 4601 Ipse
2856 4527 3123 4583 Irenaeum
3147 4528 3367 4582 adducit
3386 4536 3444 4581 ut
3460 4526 3730 4582 ostendat
3751 4533 3835 4580 ex‘

2208 4625 2334 4697 Sige
2372 4624 2644 4697 prodiisse
2667 4622 2813 4688 Nun,
2844 4620 2967 4677 Nun
2992 4630 3173 4676 autem
3204 4629 3259 4674 et
3296 4635 3452 4675 suam
3494 4619 3825 4674 Aletheiam

2204 4720 2460 4776 emisisse
2489 4718 2701 4789 Logon,
2730 4726 2783 4772 et
2822 4717 3015 4771 eadem
3040 4715 3441 4769 Tertullianum
3467 4723 3521 4768 et
3560 4712 3826 4784 Epipha-

2206 4812 2359 4866 nium
2381 4809 2639 4865 docuisse
2669 4810 2885 4862 asserit.
2910 4805 2967 4861 Si
3004 4816 3190 4861 autem
3235 4806 3350 4860 hac
3371 4820 3499 4859 vera
3525 4804 3666 4867 sint,
3696 4813 3827 4858 tum

2205 4917 2397 4957 eorum
2422 4916 2586 4956 nemo
2609 4900 2795 4970 Logon
2822 4915 2851 4953 a
2878 4898 3005 4967 Sige
3046 4897 3362 4952 immediate
3400 4906 3513 4951 uta
3535 4906 3729 4951 matre
3761 4896 3831 4950 [i-

2204 4996 2337 5051 lium
2364 4995 2622 5050 eductum
2651 4999 3064 5047 commemorat.
3090 4989 3156 5046 Et
3192 4999 3373 5045 tamen
3396 5005 3521 5044 cum
3558 4988 3675 5043 ista
3705 4997 3831 5043 tam

2205 5085 2501 5143 infeliciter
2529 5084 2779 5147 dixisset,
2808 5096 2873 5137 ac
2900 5082 2946 5136 si
2977 5096 3066 5136 res
3094 5080 3209 5149 jam
3239 5079 3489 5135 confecta
3518 5090 3704 5143 esset,
3746 5080 3833 5134 in-

2205 5174 2326 5244 quit
2363 5192 2377 5227 :
2419 5193 2438 5226 ι
2478 5172 2606 5229 Haec
2648 5172 2809 5230 nobis
2859 5172 3131 5229 delibasse
3180 5169 3316 5227 satis
3353 5176 3458 5236 est,
3494 5176 3554 5222 ut
3611 5169 3821 5239 quivis

2205 5260 2472 5331 intelligat
2516 5260 2585 5316 de
2641 5261 2746 5315 hac
2794 5260 3071 5316 Valentini
3122 5259 3463 5329 mataeologia
3516 5260 3820 5327 cogitasse

2204 5353 2451 5422 epistola;
2486 5352 2555 5407 ad
2595 5353 2977 5425 Magnesianos
3031 5355 3379 5423 scriptorem.
3430 5370 3449 5404 ›
3487 5350 3816 5420 Cogitavit,

2205 5443 2433 5510 scilicet,
2464 5445 2554 5500 ille
2600 5448 2862 5517 antiquus
2904 5447 3140 5514 scriptor
3180 5446 3343 5515 prius
3366 5446 3433 5500 de
3464 5444 3721 5498 mediata
3758 5452 3821 5498 et

2204 5534 2517 5591 immediata
2550 5539 2839 5593 eductione
2870 5536 3141 5603 Eonum;
3180 5538 3311 5591 vidit
3339 5535 3650 5591 secundum
3690 5533 3817 5588 Va-

2204 5625 2395 5681 lentini
2430 5632 2755 5684 sententiam
2784 5646 2814 5684 a
2840 5631 2973 5683 viris
2997 5631 3185 5683 eadem
3212 5628 3579 5683 scribentibus
3600 5624 3819 5696 Logon

2203 5733 2233 5771 e
2270 5720 2396 5789 Sige
2428 5721 2512 5773 vel
2540 5730 2599 5775 ut
2628 5731 2803 5774 matre
2825 5761 2838 5785 ,
2878 5723 2964 5775 vel
2991 5730 3049 5775 ut
3079 5724 3197 5775 avia
3240 5721 3520 5784 eductum,
3552 5717 3820 5788 ideoque

2202 5814 2524 5882 simpliciter
2552 5823 2710 5885 negat
2734 5813 2973 5869 Verbum
3002 5830 3064 5869 ex
3092 5814 3307 5871 silentio
3339 5813 3640 5885 prodiisse.
3670 5812 3818 5870 Haec
