4078 6430
344 423 462 478 515

1105 420 1160 478 J.
1196 420 1566 478 PEARSONII
1606 421 1929 479 VINDICUE
1970 419 2396 478 lCNA'l'lANjE.
2438 453 2506 462 —-
2541 394 2837 475 PARS‘II:

3527 423 3633 479 3H

342 534 593 592 rationis
639 534 927 594 Dallaeame
982 550 1221 601 summa,
1274 553 1439 609 quam
1495 539 1719 607 absona,
1764 555 1927 610 quam
1958 543 2006 600 Α
2034 535 2278 590 Nemone
2306 535 2360 589 id
2391 550 2637 591 asserere
2669 536 2844 606 potuit
2882 534 2974 607 qui
3020 536 3140 606 ejus
3172 535 3359 591 deliria
3396 552 3502 591 non
3532 552 3633 592 au-

340 627 579 683 detorta
613 628 738 697 quis
775 642 887 682 non
925 628 1109 683 videt?

424 717 711 774 Hactenus
759 717 1041 774 Valentini
1100 720 1425 776 sententiam
1485 723 1755 791 exposuit,
1802 740 1950 780 nunc

342 811 606 865 auctoris
656 811 821 865 verba
850 827 977 867 cum
1021 812 1140 882 ejus
1167 812 1383 881 placitis
1407 816 1704 883 componit,
1730 825 1790 869 ut
1821 832 1946 872 eum

338 900 417 954 de
448 899 764 967 Valentino,
780 918 906 956 cum
932 903 1505 974 scriberet,cogitasse
1527 908 1736 975 probet.
1760 906 1947 963 Primo

340 990 455 1044 hoc
469 991 676 1047 exinde
689 992 918 1063 colligit,
934 993 1082 1063 quod
1098 994 1171 1048 ait
1193 1012 1212 1045 ι
1238 992 1407 1049 Deum
1422 1011 1543 1051 esse
1558 1013 1749 1053 unum.
1767 1017 1784 1048 ι
1809 996 1945 1054 Mira

338 1080 465 1134 haec
517 1082 800 1150 probatio.
833 1080 1031 1137 Nonne
1079 1097 1306 1139 causam
1355 1085 1493 1141 satis
1518 1085 1724 1155 justam
1752 1086 1947 1144 imbuit

337 1182 546 1228 auctor
604 1175 992 1244 epistolarum,
1040 1184 1103 1231 ut
1154 1174 1326 1231 Deum
1374 1193 1548 1231 unum
1597 1179 1824 1247 diceret,
1847 1180 1943 1251 qui

336 1282 491 1335 sepe
544 1266 833 1322 Christum
888 1268 1061 1321 Deum
1110 1283 1232 1324 esse
1286 1270 1458 1325 dixit?
1508 1268 1699 1326 Nonne
1750 1289 1943 1329 omnes

332 1357 609 1413 catholici
654 1368 782 1412 ante
838 1358 1191 1413 Valentinum
1241 1360 1411 1415 Deum
1448 1378 1570 1417 esse
1597 1380 1766 1417 unum
1800 1380 1943 1433 saepe

334 1446 736 1502 aﬂirmarunt?
762 1447 823 1501 Si
876 1448 1130 1517 quisquis
1166 1449 1305 1503 dixit
1333 1466 1502 1504 unum
1533 1465 1655 1504 esse
1680 1450 1846 1504 Deum
1875 1452 1943 1506 de

333 1535 649 1592 Valentino
685 1539 967 1608 cogitavit,
1002 1554 1167 1593 nemo
1202 1549 1331 1596 ante
1365 1541 1716 1595 Valentinum
1752 1544 1942 1597 catho-

330 1629 443 1683 lice
479 1629 735 1698 scripsit.
766 1629 872 1685 Sed
905 1631 1150 1685 nondum
1179 1633 1345 1686 etiam
1386 1632 1557 1701 liquet
1588 1631 1938 1687 Valentinum

329 1719 432 1776 Dei
484 1721 761 1776 unitatem
822 1737 1073 1792 negasse.
1108 1721 1245 1777 Nam
1294 1740 1417 1779 cum
1466 1727 1705 1780 lrenzeus
1734 1726 1853 1794 ejus
1886 1733 1941 1780 et

328 1813 673 1884 sequacium
705 1815 955 1869 omnium
996 1815 1189 1870 deliria
1214 1817 1578 1886 exposuisset,
1611 1819 1723 1872 hmc
1753 1818 1934 1885 habet,

2050 630 2299 683 diverat?
2346 629 2416 682 At
2471 629 2578 683 hoc
2623 644 2746 682 cum
2798 627 3071 683 Valentini
3123 627 3327 684 fabulis
3355 645 3464 683 non
3495 645 3634 684 con-

2050 722 2237 775 sentit.
2278 720 2441 775 Recte
2481 738 2495 774 :
2538 728 2702 789 atque
2734 719 2861 775 hinc
2883 719 3123 776 fortasse
3152 720 3406 790 colligere
3434 736 3633 791 possu-

2049 827 2191 877 mus,
2223 820 2503 866 auctorem
2538 809 2781 880 epistolae
2805 825 2914 864 non
2937 809 3108 865 fuisse
3138 811 3579 865 Valentinianum
3608 829 3625 865 :

2048 917 2149 956 nec
2196 902 2342 956 aliud
2388 901 2684 970 quidquam
2712 900 2835 955 inde
2862 902 3131 971 sequitur.
3155 900 3383 967 Quarto,
3420 920 3439 953 ι
3478 901 3631 955 addit

2045 992 2325 1047 Christum
2361 991 2458 1047 Dei
2497 991 2696 1045 Filium
2723 1007 2843 1047 esse
2865 992 2983 1061 ejus
3032 992 3225 1060 Λόγον.
3263 1011 3281 1044 ι
3318 990 3456 1047 Hinc
3484 1000 3630 1047 recte

2044 1082 2279 1138 fortasse
2302 1083 2592 1153 colligatur
2618 1094 2894 1137 auctorem
2927 1093 3175 1138 nostrum
3210 1092 3330 1153 post
3368 1081 3425 1138 S.
3455 1082 3629 1136 Joan-

2044 1191 2171 1230 nem
2202 1175 2591 1245 evangelistam
2617 1175 2925 1244 scripsisse,
2962 1184 3086 1244 post
3108 1174 3455 1229 Valentinum
3493 1191 3628 1227 neu-

2043 1265 2272 1335 tiquam.
2320 1283 2339 1316 ‹
2382 1264 2566 1318 Jesum
2597 1266 2814 1333 quidem
2842 1274 2895 1319 et
2934 1265 3216 1319 Christum
3244 1282 3273 1319 a
3306 1266 3486 1319 Verbo
3518 1263 3629 1319 Va-

2042 1356 2286 1410 lentinus
2312 1356 2516 1410 divisit.
2560 1375 2579 1407 »
2611 1355 2716 1409 Sed
2745 1372 2814 1409 an
2857 1357 2972 1411 haec
3008 1361 3193 1410 omnia
3227 1356 3391 1410 simul
3420 1357 3624 1421 dicere,

2041 1454 2125 1501 est
2184 1445 2529 1500 Valentinum
2584 1446 2852 1500 refutare?
2896 1446 2978 1500 An
3032 1449 3286 1501 eumdem
3342 1446 3527 1501 Iesum
3571 1457 3627 1501 et

2041 1536 2319 1593 Christum
2345 1545 2397 1591 et
2420 1538 2592 1605 Λόγον
2618 1538 2903 1591 nominare
2935 1548 3019 1592 est
3051 1538 3196 1593 illius
3237 1538 3463 1607 impium
3491 1538 3626 1591 deli-

2041 1627 2184 1681 rium
2211 1627 2505 1697 disjicere?
2529 1628 2646 1682 Non
2677 1639 2829 1699 puto.
2873 1628 3007 1683 Nam
3039 1639 3091 1683 et
3120 1630 3223 1698 ipsi
3254 1628 3626 1683 Valentiniani

2040 1720 2293 1775 eumdem
2347 1732 2401 1774 et
2452 1719 2639 1775 Iesum
2685 1730 2740 1776 et
2768 1721 3047 1777 Christum
3085 1734 3137 1776 et
3174 1721 3344 1789 Λόγον
3371 1722 3627 1775 nomina-

2040 1811 2191 1867 bant.
2219 1810 2334 1867 Hoc
2354 1812 2553 1867 diserte
2578 1813 2744 1867 tradit
2764 1812 3163 1877 Theodoretus,
3202 1813 3297 1867 lib.
3325 1829 3363 1877 ι,
3406 1829 3525 1882 cap.
3549 1813 3579 1865 7
3606 1832 3619 1867 :

326 1880 429 1957 lib:
465 1919 506 1968 t,
560 1919 688 1973 cap.
734 1906 802 1960 19
832 1924 845 1960 :
882 1925 901 1958 ‹
936 1904 1142 1962 Omnes
1168 1880 1313 1962 enim
1355 1907 1470 1964 fere
1508 1880 1780 1979 quotquot
1809 1926 1920 1965 sum

2038 1903 2440 1974 Προϐάλλονται
2473 1903 2563 1958 διὰ
2592 1903 2797 1957 τούτων
2828 1905 2920 1958 τὸν
2937 1904 3163 1974 Ἰησοῦν,
3186 1904 3245 1957 ὃν
3274 1904 3369 1957 καὶ
3393 1880 3626 1975 Σωσῆρσι

328 1993 583 2051 hereses
616 1996 791 2051 Deum
820 1998 1044 2067 quidem
1091 2015 1260 2054 unum
1305 2001 1517 2063 dicunt,
1555 2004 1649 2057 sed
1683 2019 1779 2072 per
1808 2020 1934 2059 sen-

324 2087 561 2140 tentiam
586 2089 733 2141 mala
764 2089 1076 2145 immutant.
1100 2110 1119 2142 ι
1151 2090 1213 2144 Et
1238 2109 1432 2149 rursus
1462 2094 1557 2148 lib.
1580 2110 1634 2148 ιν
1652 2110 1803 2165 ,cap.
1827 2096 1928 2153 58:

326 2194 349 2231 ι
404 2175 703 2233 Judicabit
749 2189 933 2234 autem
997 2191 1052 2235 et
1105 2197 1201 2237 eos
1249 2184 1341 2253 qui
1390 2193 1520 2238 sunt
1559 2201 1588 2239 a
1642 2184 1932 2242 Valentino

323 2284 552 2335 omnes,
577 2272 715 2340 quia
752 2272 939 2342 lingua
963 2274 1181 2342 quidem
1207 2278 1540 2331 conlitentur
1562 2294 1733 2332 unum
1758 2277 1930 2334 Deum

320 2360 579 2428 Patrem,
608 2377 664 2417 et
699 2380 767 2417 ex
802 2365 908 2419 hoc
934 2366 1153 2433 omnia;
1188 2367 1364 2436 ipsum
1394 2378 1578 2424 autem
1613 2371 1707 2441 qui
1744 2370 1933 2427 fecerit

320 2455 544 2517 omnia,
582 2453 915 2511 defectionis
953 2459 1070 2514 sive
1099 2460 1237 2515 labis
1278 2460 1517 2516 fructum
1558 2478 1681 2518 esse
1708 2464 1861 2520 dicit.
1906 2484 1926 2517 ι

318 2544 527 2614 Aperte
558 2546 740 2616 igitur
780 2548 1065 2617 professus
1103 2561 1188 2606 est
1214 2552 1542 2609 Valentinus
1593 2570 1766 2609 unum
1805 2571 1929 2612 esse

318 2634 525 2704 Deum,
597 2648 654 2692 et
708 2640 834 2694 licet
880 2640 1255 2698 Tertullianus
1302 2659 1428 2699 eum
1480 2655 1561 2700 tot
1615 2647 1750 2703 deos
1796 2657 1933 2718 quot

316 2727 540 2785 Eonas
595 2729 799 2786 fecisse
854 2733 1124 2789 rhetorice
1178 2738 1518 2805 pronuntiet,
1568 2738 1684 2808 ipse
1746 2747 1929 2795 tamen

317 2820 543 2878 Eonas
577 2821 853 2878 Valentini
889 2826 1025 2879 nihil
1062 2828 1208 2882 aliud
1243 2828 1416 2883 fuisse
1454 2845 1622 2899 quam
1646 2846 1843 2888 sensus
1875 2842 1931 2889 et

314 2924 544 2977 motus;
580 2923 638 2968 et
697 2915 752 2968 in
804 2917 1124 2984 personales
1181 2920 1519 2977 substantias
1563 2937 1595 2975 a
1625 2920 1922 2979 Ptolemaeo

312 3014 571 3059 mutatos
635 3019 761 3059 esse
790 3008 1007 3062 asserit.
1038 3006 1304 3064 Prteterea
1332 3012 1576 3080 epistolae
1603 3022 1795 3069 auctor
1825 3015 1930 3071 hoc

310 3096 439 3165 ipso
485 3097 618 3152 loco
666 3099 879 3154 unitate
934 3099 1030 3154 Dei
1060 3117 1320 3172 expresse
1346 3105 1609 3159 adversus
1640 3103 1928 3164 Ebionteos

2036 1992 2502 2064 προσαγορεύουσι
2543 1993 2637 2046 καὶ
2690 1994 2925 2063 Χριστὸν
2971 1996 3159 2064 Λόγον.
3206 2013 3226 2046 t
3267 1994 3455 2050 Jesum
3498 1996 3625 2050 inde

2031 2083 2431 2153 produxerunt,
2474 2100 2638 2154 quem
2706 2093 2761 2141 et
2807 2084 3153 2140 Servatorem
3205 2087 3504 2156 appellant,
3552 2096 3609 2141 et

2032 2174 2315 2230 Christum
2368 2172 2631 2228 Verbum.
2693 2193 2712 2226 ι
2755 2174 2876 2245 Ipse
2924 2175 3089 2230 etiam
3152 2176 3394 2231 lrenaeus
3449 2177 3623 2231 tradit

2034 2265 2197 2321 nobis
2243 2263 2544 2335 perfectum
2603 2265 2843 2320 fructum
2893 2266 3126 2338 Ἰησοῦν,
3161 2267 3219 2320 ὃν
3261 2268 3354 2320 καὶ
3388 2268 3621 2339 Σωτῆρα.

2032 2355 2541 2429 προσαγορευθῆναι
2593 2358 2687 2410 καὶ
2729 2357 2965 2429 Χριστὸν
2994 2358 3090 2410 καὶ
3122 2358 3294 2427 Λόγον
3328 2376 3618 2432 πατρωνυ-

2035 2448 2237 2519 μικῶς,
2292 2450 2391 2506 καὶ
2425 2448 2623 2514 πάντα,
2661 2468 2681 2503 t
2730 2449 2940 2517 Jesum,
2975 2466 3136 2521 quem
3179 2460 3233 2507 et
3279 2450 3621 2509 Salvatorem

2031 2542 2219 2597 Vocari
2242 2540 2584 2597 etChristum
2601 2551 2654 2597 et
2678 2540 2865 2612 Logon
2885 2543 3280 2614 patronymice,
3295 2552 3349 2597 et
3364 2544 3569 2599 omnia.
3593 2564 3612 2596 ι

2032 2633 2258 2701 Quinto,
2289 2652 2307 2683 ι
2350 2633 2523 2702 Λόγον
2554 2648 2864 2689 sermonem
2897 2644 3160 2690 aeternum
3180 2635 3340 2690 dixit.
3371 2654 3390 2687 ι
3412 2634 3619 2706 Nempe

2031 2726 2301 2782 catholice
2334 2743 2349 2781 :
2380 2736 2603 2781 secutus
2639 2738 2721 2782 est
2746 2725 3095 2797 Apostolum,
3128 2727 3387 2783 Ecclesiae
3421 2744 3616 2785 vocem

2030 2821 2220 2886 edidit,
2246 2828 2302 2875 et
2342 2820 2608 2875 adversus
2649 2817 2916 2875 Ebionem
2944 2820 3251 2890 usurpavit.
3274 2820 3330 2874 Si
3366 2811 3615 2875 Valenti-

2029 2930 2138 2969 nus
2189 2922 2456 2969 aaternum
2502 2928 2625 2969 esse
2667 2927 2777 2966 non
2823 2912 3075 2979 credidit,
3108 2921 3233 2967 ante
3270 2928 3395 2967 eum
3442 2912 3616 2968 Ebion

2028 3013 2295 3060 aeternum
2342 3019 2468 3060 esse
2509 3005 2748 3075 negavit.
2782 3002 3059 3071 Quorsum
3095 3004 3259 3074 igitur
3292 3002 3616 3060 Valentinus

2030 3099 2140 3156 huc
2191 3099 2512 3165 advocatur,
2556 3113 2683 3153 cum
2714 3098 2783 3153 ad
2824 3113 3050 3153 manum
3083 3099 3154 3153 sit
3193 3096 3388 3165 Ebion,
3422 3108 3617 3154 contra

313 3189 519 3252 utitur,
571 3200 770 3245 contra
824 3207 966 3261 quos
1021 3208 1090 3247 ex
1125 3194 1378 3264 professo
1430 3194 1721 3265 disputans
1761 3197 1920 3254 docet
1947 3222 1994 3286 α
2029 3208 2192 3267 quem
2231 3201 2424 3248 auctor
2461 3193 2708 3262 epistolae
2738 3207 2806 3247 ex
2836 3191 3089 3262 professo
3109 3191 3394 3261 disputat?
3421 3190 3612 3258 Sexto,

308 3282 629 3351 prophetas
662 3285 963 3339 secundum
982 3284 1261 3341 Christum
1288 3288 1512 3356 vixisse,
1547 3298 1601 3344 et
1640 3290 1762 3345 ideo
1790 3306 1914 3361 per-

309 3374 672 3439 secutionem
728 3391 921 3445 passos
966 3393 1111 3443 esse,
1159 3380 1290 3433 dum
1346 3380 1470 3449 ejus
1504 3383 1683 3453 gratia
1717 3384 1914 3440 imbuti

307 3475 526 3533 essent,
566 3476 628 3521 ut
685 3483 880 3524 omnes
937 3480 1304 3540 agnoscerent
1345 3491 1363 3523 ι
1400 3474 1547 3542 quod
1585 3490 1728 3531 unus
1768 3474 1914 3532 Deus

307 3571 396 3615 est
426 3561 529 3632 qui
571 3560 950 3617 manifestavit
979 3564 1219 3633 seipsum
1255 3580 1356 3635 per
1398 3565 1587 3621 Jesum
1630 3566 1912 3623 Christum

307 3650 521 3707 Filium
560 3652 758 3722 ipsius.
794 3672 812 3705 ι
866 3653 1140 3723 Secundo,
1189 3675 1206 3707 ι
1248 3656 1401 3711 addit
1432 3674 1605 3712 unum
1647 3657 1843 3726 Deum,
1887 3679 1906 3712 ι

310 3744 529 3815 inquit,
570 3745 819 3815 seipsum
884 3747 1268 3804 manifestasse
1315 3764 1411 3819 per
1455 3748 1663 3806 Jesum.
1688 3752 1771 3806 An
1809 3752 1914 3807 hoc

307 3835 508 3889 dicere
560 3849 672 3888 non
734 3836 915 3905 potuit
966 3836 1072 3891 nisi
1116 3837 1184 3891 de
1241 3835 1533 3892 Valentino
1590 3838 1915 3908 cogitasset?

306 3924 585 3992 Quaenam
612 3927 760 3982 ratio
789 3928 937 3999 cogit
961 3928 1051 3983 hic
1076 3944 1179 3985 nos
1214 3931 1280 3984 ad
1314 3930 1463 3985 illius
1498 3930 1691 3986 deliria
1719 3929 1914 3986 confu-

304 4018 478 4089 gere?
524 4017 726 4074 Nonne
774 4020 890 4075 haec
938 4022 1071 4077 satis
1104 4023 1394 4092 perspicua
1424 4032 1555 4078 sunt
1584 4032 1638 4080 et
1664 4025 1731 4079 ad
1749 4023 1914 4079 Ebio-

305 4127 466 4168 naeos
498 4109 874 4168 confutandos
911 4112 1126 4179 idonea,
1164 4115 1211 4169 si
1258 4114 1582 4170 Valentinus
1629 4132 1913 4186 nunquam

306 4205 659 4261 exstitisset?
705 4202 899 4260 Nonne
943 4221 1040 4275 per
1096 4222 1155 4261 se
1193 4207 1327 4263 satis
1378 4218 1525 4262 recte
1564 4208 1710 4263 dicta
1762 4220 1912 4277 sunt,

303 4293 440 4349 licet
499 4293 718 4348 nullum
786 4296 1016 4350 omnino
1083 4297 1400 4352 haereticum
1453 4298 1915 4370 perstringerent?

304 4384 801 4452 Quemadmodum
858 4384 1115 4443 Clemens
1182 4387 1592 4445 Alexandrinus
1645 4388 1912 4444 Admoni-

303 4482 450 4534 tione
482 4479 558 4531 ad
590 4490 767 4549 gentes
797 4480 1016 4536 locutus
1047 4490 1131 4537 est
1156 4482 1222 4537 de
1251 4481 1472 4537 Christo
1487 4480 1634 4553 Lego
1668 4501 1683 4537 :
1721 4482 1914 4547 Ἀἲδιος

2025 3305 2047 3340 ι
2086 3287 2153 3342 de
2178 3300 2309 3340 vero
2333 3284 2426 3339 Dei
2452 3284 2609 3355 Λόγῳ
2635 3293 2915 3355 postremo
2947 3284 3170 3354 subjieit
3188 3285 3287 3337 οὐκ
3314 3284 3422 3337 ἀπὸ
3444 3285 3615 3355 Σιγῆς

2024 3378 2330 3450 προελθεῖν.
2367 3396 2386 3429 ι
2432 3376 2616 3443 Recte,
2647 3377 2728 3433 sic
2769 3376 2918 3432 enim
2959 3376 3234 3448 exegetice
3269 3376 3422 3444 dicit,
3463 3377 3613 3447 quod

2016 3479 2143 3525 ante
2168 3470 2401 3535 dixerat,
2454 3484 2580 3524 cum
2616 3484 2743 3524 eum
2767 3468 2941 3537 Λόγον
2970 3469 3141 3523 ἀΐδιον
3180 3469 3609 3539 pronuntiasset.

2014 3561 2094 3618 lta
2141 3562 2462 3633 Apostolum
2490 3561 2744 3632 explicat,
2789 3559 3057 3616 Ebionem
3107 3560 3336 3629 refutat,
3389 3560 3607 3631 Magne-

2015 3657 2203 3712 sianos
2230 3654 2555 3726 praemunit;
2586 3669 2652 3709 ac
2681 3652 2728 3709 si
2760 3651 2969 3708 diceret
3011 3669 3025 3707 :
3060 3651 3301 3707 Verbum
3330 3644 3610 3722 hoc’quod

2013 3750 2083 3805 de
2127 3749 2346 3805 Christo
2388 3746 2611 3812 dicitur,
2642 3754 2907 3799 aeternum
2956 3752 3072 3813 est,
3115 3761 3226 3800 non
3288 3745 3606 3815 temporale,

2017 3841 2182 3911 quale
2203 3855 2271 3896 ex
2294 3839 2516 3895 silentio
2537 3839 2673 3893 oriri
2704 3838 2864 3905 solet,
2900 3852 3002 3893 nec
3038 3838 3146 3892 nisi
3175 3846 3299 3906 post
3324 3837 3606 3893 silentium

2015 3931 2262 4001 prodire;
2284 3929 2432 4001 quod
2468 3928 2731 3984 adversus
2758 3925 3024 3982 Ebionem
3057 3927 3289 3997 ejusque
3337 3942 3607 3996 sequaces

2014 4038 2229 4093 semper
2258 4020 2561 4092 urgendum
2595 4028 2709 4086 est;
2737 4032 2847 4074 non
2879 4034 2944 4073 ac
2983 4019 3031 4073 si
3069 4020 3277 4074 diceret
3314 4036 3390 4074 τι
3425 4018 3607 4087 Λόγον

2014 4117 2163 4173 hunc
2221 4116 2361 4171 nihil
2413 4115 2615 4170 habere
2667 4129 2794 4168 cum
2847 4112 3229 4169 Valentiniano
3255 4113 3415 4184 Λόγῳ
3445 4128 3601 4168 cont-

2014 4225 2203 4276 mune,
2228 4224 2392 4280 quem
2422 4208 2736 4278 impostora
2752 4205 2878 4276 Sige
2902 4205 3054 4260 exire
3083 4205 3342 4276 ﬁngebat.
3369 4226 3389 4259 ι
3414 4204 3606 4276 Neque

2013 4304 2162 4359 enim
2206 4304 2295 4357 hic
2324 4302 2393 4358 de
2427 4301 2712 4357 Valentino
2756 4302 2960 4371 agitur,
3003 4301 3099 4356 sed
3130 4301 3196 4356 de
3225 4299 3462 4367 Ebione;
3500 4301 3603 4355 im-

2014 4404 2245 4466 portune
2279 4394 2445 4465 igitur
2481 4394 2572 4449 ille
2615 4395 2722 4449 hoc
2754 4394 2879 4449 loco
2908 4392 3208 4447 advocatur
3241 4409 3257 4447 :
3291 4407 3469 4464 neque
3497 4391 3602 4447 im—

2014 4498 2203 4557 poster
2230 4487 2321 4542 ille
2348 4503 2590 4557 unquam
2608 4487 2747 4542 dixit
2766 4487 2939 4555 Λόγον
2963 4501 2995 4541 a
3014 4485 3142 4557 Sige
3163 4486 3425 4542 emissum
3456 4500 3602 4554 esse,

296 4567 487 4635 οὗτος,
531 4571 743 4641 Ἰησοῦς
775 4567 877 4637 εἷς,
912 4576 941 4627 ό
976 4574 1149 4645 μέγας
1188 4576 1479 4647 ἀρχιερεὺς
1508 4574 1644 4629 Θεοῦ
1702 4593 1764 4630 τε
1795 4576 1913 4641 ἑνὸς

2023 4581 2113 4637 sed
2155 4595 2223 4636 ex
2269 4578 2590 4651 Monogene,
2640 4580 2801 4652 Bythi
2852 4588 2907 4635 et
2955 4577 3111 4650 Siges
3148 4579 3259 4633 lilio
3294 4578 3597 4648 unigenito.

294 4663 398 4717 τοῦ
445 4662 623 4717 αὐτοῦ
656 4666 750 4718 καὶ
783 4665 1017 4737 Πατρός,
1048 4668 1248 4736 quibus
1285 4669 1468 4723 verbis
1505 4670 1678 4738 ipsam
1710 4667 1905 4739 lgnatii

294 4758 603 4826 epistolam
638 4756 695 4810 in
725 4757 911 4811 animo
943 4759 1150 4814 habens
1170 4777 1314 4816 usus
1343 4776 1465 4816 esse
1489 4761 1904 4817 videatur?Non

291 4858 440 4917 puto
471 4846 659 4901 virum
706 4847 1091 4903 doctissimum
1122 4850 1175 4904 id
1206 4851 1364 4916 velle,
1391 4860 1452 4906 ut
1476 4853 1631 4907 aliter
1660 4853 1778 4908 haec
1816 4853 1905 4907 in-

292 4939 476 5012 telligi
511 4953 623 4995 non
656 4940 893 5009 possint,
930 4940 1037 4995 nisi
1064 4949 1122 4996 ut
1145 4940 1495 4997 Valentinum
1518 4941 1720 4998 feriant
1751 4959 1767 4998 :
1799 4942 1903 4998 hoc

291 5042 548 5100 tantum,
622 5033 840 5101 Opinor,
888 5033 1027 5100 vult,
1084 5035 1201 5090 haec
1255 5035 1423 5091 verba
1470 5053 1490 5087 ‹
1544 5050 1737 5092 omnes
1781 5036 1902 5106 ejus

289 5141 483 5197 nugas
535 5124 815 5195 disjicere.
856 5144 875 5178 ι
913 5124 1023 5181 Sed
1081 5128 1208 5199 quis
1253 5127 1303 5183 ei
1338 5127 1425 5181 vel
1458 5127 1568 5183 hoc
1604 5127 1903 5184 concedet?

289 5218 379 5272 An
414 5218 516 5288 qui
548 5218 686 5274 dicit
713 5216 887 5273 Deum
924 5234 1097 5273 unum
1150 5235 1209 5275 se
1258 5235 1356 5289 per
1405 5218 1685 5275 Christum
1718 5220 1898 5274 mani-

290 5310 542 5368 festasse
574 5313 710 5369 satis
737 5315 925 5369 omnia
961 5312 1233 5370 Valentini
1272 5316 1526 5387 dogmata
1562 5314 1900 5371 confutavit?

288 5401 498 5459 Nonne
559 5404 703 5459 idem
755 5408 944 5476 potius
994 5406 1129 5462 dicit
1169 5406 1317 5477 quod
1362 5407 1501 5461 dixit
1547 5406 1893 5471 Valentinus,

290 5498 389 5566 qui
425 5496 559 5551 ideo
586 5497 851 5553 emissum
877 5497 1160 5553 Christum
1193 5497 1400 5565 docuit,
1431 5508 1492 5553 ut
1524 5499 1898 5554 innominabi-

292 5589 403 5644 lem
448 5597 507 5643 et
551 5590 1169 5660 incomprehensibilem
1213 5590 1454 5658 Patrem,
1508 5605 1674 5661 quem
1722 5606 1897 5648 unum

293 5678 472 5735 Deum
500 5680 785 5750 professus
808 5690 914 5747 est,
933 5683 1272 5737 declararet?
1290 5681 1493 5749 Tertio,
1516 5684 1675 5738 docet
1702 5691 1896 5738 auctor

292 5771 487 5828 Iesum
535 5772 816 5829 Christum
864 5789 987 5829 esse
1015 5774 1106 5829 Dei
1137 5776 1284 5830 iilius
1309 5778 1404 5846 qui
1431 5791 1490 5830 se
1522 5775 1896 5830 manifestavit

296 5864 523 5922 Filium.
583 5864 796 5937 Ergone
842 5867 1195 5922 Valentinum
1252 5868 1563 5924 necessario
1620 5869 1892 5940 respexit?

2008 4671 2243 4728 Dallteus
2268 4672 2385 4742 ipse
2416 4673 2747 4729 sententiam
2781 4672 2907 4742 ejus
2936 4686 3005 4726 ex
3046 4672 3253 4725 Irenaeo
3283 4670 3599 4735 delineavit,

2004 4765 2361 4835 reliquosque
2394 4778 2525 4819 eum
2570 4762 2726 4835 sequi
2765 4762 2844 4817 ait
2876 4779 2893 4818 :
2938 4762 3089 4816 nulla
3125 4761 3199 4815 ibi
3242 4760 3377 4832 Logi
3407 4776 3438 4816 e
3470 4760 3600 4830 Sige

2004 4857 2427 4929 progeneratio;
2457 4856 2605 4911 nulla
2640 4856 2825 4927 itaque
2857 4854 2949 4911 hic
2976 4855 3045 4910 ad
3069 4853 3418 4910 Valentinum
3448 4853 3594 4908 alla-

2004 4948 2108 5002 sio.
2151 4945 2218 5001 Et
2251 4960 2347 5002 sex
2379 4955 2700 5017 argumenta
2735 4962 2804 5001 ex
2839 4961 2949 5000 una
2979 4946 3247 5000 sententia
3278 4947 3418 5001 mire
3462 4959 3596 5002 con-

2004 5035 2132 5092 llata
2159 5052 2229 5092 ne
2266 5037 2431 5093 unius
2462 5037 2682 5108 quidem
2711 5036 2822 5091 vim
2854 5037 3079 5091 habent.

2073 5129 2257 5196 Quare
2309 5130 2416 5184 hoc
2451 5128 2572 5184 loco
2611 5129 2747 5184 satis
2773 5127 2887 5199 jam
2935 5136 3130 5184 vexato
3165 5136 3328 5198 atque
3356 5127 3588 5191 detorto,

1999 5234 2064 5275 ea
2093 5221 2307 5275 tandem
2340 5220 2555 5286 recolit,
2585 5235 2707 5288 quae
2733 5220 2980 5289 proxima
2998 5220 3160 5289 paulo
3188 5228 3311 5273 ante
3332 5216 3592 5287 periocha

1998 5314 2065 5368 de
2094 5313 2312 5368 Christo
2344 5321 2535 5367 auctor
2564 5313 2805 5381 epistolae
2846 5313 3061 5366 dixerat
3095 5352 3110 5377 ,
3141 5319 3200 5364 ut
3238 5326 3304 5364 eo
3334 5310 3457 5365 loco
3480 5310 3592 5364 luna

1998 5406 2168 5462 resim
2202 5404 2480 5460 Valentini
2511 5405 2805 5461 refutatam
2842 5406 3105 5470 inveniat,
3132 5406 3185 5459 in
3214 5421 3323 5474 quo
3346 5403 3591 5475 Ignatius

1998 5495 2065 5551 de
2108 5498 2255 5551 nulla
2300 5498 2498 5554 haeresi
2524 5498 2790 5568 disputat,
2824 5498 2917 5552 sed
2961 5506 3172 5551 tantum
3203 5495 3587 5565 Magnesiauos

1998 5601 2203 5655 monet,
2261 5599 2323 5645 ut
2379 5606 2411 5645 a
2470 5592 2771 5646 schismate
2828 5599 3079 5653 caveant,
3114 5597 3169 5643 et
3215 5586 3586 5643 Christianam

1998 5682 2289 5737 veritatem
2338 5692 2489 5739 arcte
2545 5683 2947 5753 amplexentur,
2993 5696 3157 5751 quam
3215 5680 3583 5752 particulatim

1995 5774 2251 5845 explicat,
2291 5774 2416 5830 dein
2466 5784 2791 5847 argumento
2836 5775 2903 5831 ab
2933 5774 3144 5831 unitate
3175 5773 3269 5831 Dei
3300 5784 3355 5830 et
3379 5773 3582 5828 Christi

1995 5869 2159 5927 ducto
2199 5879 2427 5932 exornat
2463 5888 2474 5925 :
2509 5869 2655 5941 quod
2690 5877 2743 5926 et
2778 5884 2873 5940 per
2903 5884 2961 5927 se
3002 5870 3136 5927 satis
3166 5869 3447 5942 proprium
3477 5881 3580 5935 est,
