4078 6416
467 412 576 470 315

1454 404 1512 460 S.
1545 402 1893 461 lCNATlliS.
1931 436 1999 445 —
2037 401 2570 461 PROLEGOMENA.

3617 408 3735 464 316

467 539 525 585 et
546 523 934 582 vetustissimis
956 521 1318 592 scriptoribus
1343 519 1632 576 familiare.
1653 520 1730 576 ita
1755 521 2052 577 Clementis
2080 526 2127 582 Α
2145 514 2369 580 dicitur,
2394 525 2448 570 et
2479 516 2694 570 initium
2720 517 2985 585 omnium,
3013 525 3074 574 et-
3094 519 3312 590 proprie
3334 519 3733 591 Monogenes»

470 613 824 668 Alexandrini
874 611 1250 665 Admonitione
1326 611 1395 663 ad
1468 619 1644 680 gentes
1700 618 2057 679 repraesentat

469 705 753 760 Christum
783 704 967 774 Logon
996 701 1424 758 innumerabiles
1447 704 1676 771 populos
1699 704 1764 756 ad
1791 702 2055 756 unitatem

472 797 733 852 Ecclesia:
765 796 818 849 in
863 797 1009 849 hunc
1047 795 1270 848 modum
1311 806 1723 857 convocantem,
1754 795 1952 846 Ἥκετε
1981 793 2058 856 ὡς

469 890 594 960 ἐμὲ,
629 888 720 958 ὑφ’
748 889 844 941 ἕνα
886 886 1282 957 ταχθησόμενοι
1314 885 1466 950 Θεὸν,
1503 887 1598 940 καὶ
1637 885 1728 939 τὸν
1759 886 1857 939 ἕνα
1887 885 2059 953 Λόγον

470 980 568 1034 τοῦ
618 977 774 1033 Θεοῦ.
810 980 885 1033 lta
934 979 1223 1048 Pwdagog.
1257 978 1353 1032 lib.
1403 994 1442 1044 ι,
1484 978 1747 1033 unitatem
1801 977 2060 1032 Ecclesia:

469 1072 703 1127 miriﬁce
738 1071 1014 1141 depingit:
1051 1067 1121 1122 ’Ὦ
1172 1069 1450 1140 Θαύματος
1501 1068 1798 1140 μυστικοῦῑ
1844 1065 1925 1132 εἷς
1961 1068 2060 1140 μὲν

469 1167 502 1220 ὁ
532 1165 641 1220 τῶν
673 1165 811 1219 ὅλων
847 1166 1038 1234 Πατήρ
1057 1180 1072 1193 ⁸
1107 1159 1187 1226 εἷς
1218 1163 1274 1215 δὲ
1309 1163 1403 1217 καὶ
1431 1163 1538 1217 τῶν
1565 1164 1701 1216 ὅλων
1731 1163 1931 1230 Λόγος·
1967 1161 2061 1214 καὶ

471 1256 536 1311 τὸ
581 1241 806 1326 Πνεῦμα
839 1255 900 1308 τὸ
931 1255 1085 1323 ἅγιον
1126 1253 1185 1306 ἒν
1218 1255 1311 1308 καὶ
1342 1254 1402 1308 τὸ
1434 1253 1564 1307 αὐτὸ
1603 1252 1899 1324 πανταχοῦ.
1945 1252 2063 1306 Μία

471 1347 531 1400 δὲ
568 1345 703 1416 μόνη
737 1345 946 1413 γίνεται
1009 1344 1191 1414 μήτηρ
1230 1343 1540 1416 Παρθένοςο
1579 1342 1904 1414 Ἐκκλησίαν
1938 1340 2062 1412 ἐμοὶ

473 1438 629 1508 φίλον
687 1437 862 1508 αὐτὴν
919 1437 1126 1490 καλεῖν.
1183 1455 1200 1488 ι
1251 1434 1294 1490 Ο
1351 1436 1678 1490 miraculum
1729 1435 2056 1505 mysticum!

475 1529 633 1584 Unus
680 1530 898 1600 quidem
947 1529 1326 1584 universorum
1367 1527 1558 1588 Pater;
1595 1544 1762 1583 unum
1800 1538 1978 1581 autem
2009 1534 2064 1580 et

475 1624 861 1677 universorum
910 1621 1178 1687 Verbum;
1207 1633 1260 1676 et
1292 1619 1530 1689 Spiritus
1569 1629 1792 1676 sanctus
1823 1635 1966 1675 unus
1999 1635 2064 1674 ac

476 1713 622 1768 idem
647 1713 870 1782 ubique.
897 1710 1016 1766 Una
1046 1722 1232 1765 autem
1260 1710 1376 1765 sola
1404 1719 1490 1765 est
1520 1719 1693 1765 mater
1710 1714 1863 1777 virgo
1890 1729 1901 1763 :
1928 1710 2063 1763 mihi

476 1814 658 1860 autem
692 1805 870 1874 placet
916 1820 1037 1858 eam
1091 1820 1290 1858 vocare
1339 1802 1663 1858 Ecclesiam.
1699 1819 1717 1853 ι
1771 1801 1838 1854 Ει
1873 1810 2063 1870 gentes

475 1897 643 1951 etiam
700 1896 896 1950 invitat
946 1897 1012 1950 ad
1069 1895 1211 1950 hanc
1255 1896 1541 1957 unitatem,
1576 1902 1835 1963 tanquam
1869 1892 2064 1946 unitati
2096 1891 2140 1946 Β

476 1989 682 2045 divina:
716 1987 1054 2044 conformem
1107 1998 1158 2042 et
1191 1988 1258 2042 ad
1297 1987 1442 2041 illam
1493 1985 1710 2059 tandem
1755 1985 2062 2054 perducen-

475 2093 586 2139 tem
619 2101 631 2137 :
661 2080 993 2153 Σπεύσωμεν
1050 2083 1131 2145 εἰς
1183 2080 1310 2152 μίαν
1362 2080 1584 2150 ἀγάπην
1633 2079 1965 2150 συναχθῆναι
2013 2080 2063 2131 οἱ

475 2175 662 2230 πολλοὶ
695 2175 837 2228 κατὰ
868 2176 966 2246 τὴν
1000 2174 1098 2244 τῆς
1134 2174 1428 2246 μοναδικῆς
1461 2172 1649 2236 οὐσίας
1679 2173 1871 2226 ἕνωσιν
1897 2190 1908 2202 ο
1945 2173 2068 2225 ἀνα-

474 2268 651 2338 λόγως
699 2268 928 2339 ἑνότητα
981 2267 1268 2338 διώκωμεν
1317 2267 1417 2337 τὴν
1460 2264 1674 2336 ἀγαθὴν
1707 2263 2067 2336 ἐπιζητοῦντες

480 2359 702 2432 μονάδα.
739 2360 803 2413 Ἦ
834 2347 890 2412 δὲ
925 2361 988 2412 ἐκ
1023 2357 1232 2412 πολλῶν
1267 2358 1461 2420 ἓνωσις
1496 2358 1559 2410 ὲκ
1593 2356 1938 2425 πολυφωνίας
1973 2357 2068 2409 καὶ

476 2453 779 2524 διασπορᾶς
813 2451 1078 2523 ἁρμονίαν
1102 2449 1341 2504 λαϐοῦσα
1363 2449 1547 2520 θεῖκὴν
1583 2450 1680 2520 μία
1698 2449 1906 2518 γίνεται
1933 2467 2069 2519 συμ-

477 2544 770 2614 φωνία,ὲνὶ
801 2545 1034 2614 χορευτῇ
1070 2543 1164 2595 καὶ
1195 2540 1501 2610 διδασκάλῳ
1527 2540 1606 2610 τῷ
1628 2539 1782 2609 Λόγῳ
1805 2540 2065 2610 ἑπομένη,

477 2637 564 2689 ἔπ’
585 2635 755 2705 αὐτὴν
775 2635 873 2705 τὴν
902 2634 1158 2705 ἀλήθειαν
1181 2631 1592 2702 ἀναπαυομένη,
1620 2629 1787 2684 Ἀὅδᾶ
1815 2631 2065 2698 λέγουσα,

480 2731 512 2782 ὁ
566 2729 777 2799 Πατήρ.
821 2747 839 2778 ι
900 2727 1245 2782 Festinemus
1297 2736 1359 2780 ut
1412 2726 1468 2780 in
1512 2741 1677 2780 unam
1723 2724 2068 2780 dilectionem

480 2820 644 2876 multi
676 2834 958 2890 cogamur,
989 2819 1289 2875 secundum
1314 2819 1614 2874 monadica:
1641 2819 1890 2874 essentia:
1909 2818 2070 2872 unio-

478 2929 642 2979 nem;
688 2912 972 2979 analogice
1021 2911 1283 2966 unionem
1336 2926 1733 2981 persequamur
1756 2913 1954 2965 bonam
1977 2927 2072 2965 ex-

480 3003 766 3074 quirentes
795 3003 1079 3057 unitatem.
1112 3001 1246 3066 Quae
1280 3013 1366 3057 est
1403 3011 1585 3056 autem
1620 3018 1683 3056 ex
1721 3003 1910 3057 multis
1941 3002 2071 3057 unio

478 3115 549 3154 ex
602 3113 798 3153 vocum
845 3097 1197 3152 multitudine
1229 3107 1285 3152 et
1315 3097 1660 3166 dispersione
1699 3097 1940 3151 divinam
1975 3113 2072 3151 ca-

481 3189 640 3259 piens
689 3185 1033 3242 harmoniam
1072 3203 1215 3242 unus
1255 3188 1315 3241 fit
1343 3197 1668 3254 concentus,
1699 3202 1871 3240 unum
1917 3187 2072 3242 chori

481 3282 677 3336 ducem
731 3296 966 3350 sequens
1011 3289 1064 3336 et
1109 3280 1433 3349 magistrum
1467 3277 1728 3346 Verbum,
1757 3279 1809 3333 in
1838 3279 1952 3350 ipsa
1980 3293 2075 3333 ac-

483 3375 774 3444 quiescens
836 3374 1092 3441 veritate,
1144 3374 1334 3429 dicens
1386 3373 1586 3428 :Abba
1641 3372 1823 3428 Pater.
1869 3392 1888 3426 ι
1949 3372 2075 3429 llaac

484 3465 652 3534 igitur
686 3465 754 3520 de
786 3481 896 3520 uno
933 3465 1046 3520 Deo
1081 3464 1265 3532 Patre,
1301 3475 1356 3519 et
1397 3480 1508 3520 uno
1546 3465 1768 3521 Christo
1793 3465 1942 3536 Logo
1971 3466 2074 3520 do-

483 3557 683 3624 ctrina,
720 3573 938 3627 semper
984 3558 1170 3614 habita
1210 3568 1295 3613 est
1324 3573 1422 3628 per
1456 3573 1516 3613 se
1544 3558 1678 3613 satis
1713 3558 1780 3613 ad
1809 3559 2075 3612 unitatem

484 3650 916 3706 ecclesiasticam
959 3651 1312 3720 premendam
1369 3651 1584 3706 idonea.
1634 3649 1753 3705 Non
1797 3650 1953 3705 aliter
1988 3649 2078 3704 hic

487 3741 736 3811 Ignatius
789 3760 805 3796 :
844 3761 863 3795 ι
903 3740 1129 3809 Omnes,
1162 3742 1359 3812 inquit,
1381 3743 1435 3796 in
1461 3758 1629 3796 unum
1659 3743 1916 3811 templum
1945 3759 2079 3797 con-

485 3834 712 3899 currite,
750 3841 811 3888 ut
859 3835 914 3889 in
957 3851 1127 3889 unum
1169 3835 1366 3901 altare,
1402 3835 1457 3888 in
1484 3849 1654 3887 unum
1692 3831 1876 3887 Jesum
1919 3832 2082 3886 Chri-

487 3933 656 3993 stum,
683 3926 750 3981 ab
779 3941 892 3980 uno
923 3926 1083 3982 Patre
1104 3935 1416 3990 exeuntem,
1435 3936 1490 3980 et
1514 3926 1567 3978 in
1601 3941 1772 3980 unum
1807 3925 2080 3979 exsisten-

486 4027 598 4072 tem
629 4026 684 4072 et
709 4018 1223 4073 revertentemnllic
1250 4018 1437 4088 Logon
1468 4017 1741 4071 Valentini
1772 4017 2080 4085 respexisse

496 4117 784 4164 auctorem
815 4109 928 4164 vult
960 4108 1227 4174 Dallzeus,
1252 4125 1378 4164 cum
1408 4119 1590 4162 tamen
1623 4110 1690 4163 de
1719 4107 1894 4162 Verbo
1942 4109 2081 4162 nihil

494 4201 679 4267 dicat;
715 4202 1051 4272 conjungere
1081 4202 1268 4272 itaque
1293 4217 1418 4256 cum
1460 4201 1686 4270 reliquis
1712 4201 1845 4256 satis
1880 4201 1949 4254 ab
1979 4200 2084 4254 hoc

491 4293 615 4348 loco
680 4293 972 4363 disjunctis
1035 4301 1088 4348 et
1148 4294 1203 4347 in
1247 4294 1357 4347 alio
1415 4303 1742 4363 argumento
1800 4291 2083 4360 occupatis

501 4399 726 4441 coactus
767 4393 871 4450 est,
903 4395 961 4439 ut
985 4385 1190 4456 aliquid
1221 4401 1286 4439 ex
1317 4395 1551 4454 utroque
1573 4385 1847 4454 exculpat.
1872 4402 1889 4433 ι
1915 4381 2084 4452 Negat

501 4479 653 4534 exire
679 4495 709 4532 a
742 4477 889 4548 Sige,
913 4478 1045 4533 dicit
1076 4479 1228 4532 exire
1247 4493 1278 4532 a
1308 4476 1502 4531 Patre:
1535 4497 1554 4529 ι
1578 4491 1708 4546 ergo
1735 4476 2082 4532 Valentinum

2101 3246 2144 3304 C

2146 605 2329 660 Prima
2385 617 2550 663 tetras
2607 625 2672 662 ex
2712 609 2845 679 ipsis
2886 610 3383 668 Valentinianorum
3423 614 3578 668 libris
3629 615 3729 669 de-

2149 709 2366 768 sumpta
2401 700 2542 769 apud
2582 700 2947 771 Epiphaniam
2988 704 3103 760 hac
3151 715 3268 769 est,
3308 705 3512 774 Βυθὸς,
3553 708 3684 777 Σιγὴ
3710 749 3726 774 ,

2150 788 2362 862 Πατὴρ,
2398 791 2666 862 Ἀλήθεια,
2700 793 2791 846 ubi
2817 809 2883 848 ex
2912 793 3068 849 Patre
3092 805 3149 851 et
3175 794 3414 850 Veritate
3438 810 3730 865 generatur

2160 884 2358 955 Logos.
2393 883 2572 938 Exivit
2603 885 2766 955 igitur
2784 883 2962 953 Logos
2993 884 3294 938 secundum
3328 883 3744 940 Valentinianos

2161 993 2272 1032 non
2307 994 2337 1032 a
2371 976 2516 1048 Sige,
2549 978 2643 1033 sed
2681 994 2709 1030 a
2756 975 2938 1030 Patre.
2969 967 3150 1042 Quare
3189 977 3234 1030 si
3272 985 3464 1030 auctor
3498 977 3747 1045 epistola:

2163 1070 2288 1124 illos
2344 1070 2632 1123 haereticos
2667 1070 2721 1122 in
2764 1069 2951 1122 animo
2987 1068 3293 1131 habuisset,
3329 1084 3607 1137 nunquam
3643 1084 3746 1122 ne-

2163 1169 2346 1231 gasset
2372 1161 2518 1230 quod
2550 1161 2626 1214 illi
2661 1177 2771 1215 non
2798 1160 3168 1227 aﬂirmarunt;
3205 1177 3486 1231 nunquam
3513 1161 3752 1217 dixisset

2163 1252 2309 1323 quod
2343 1252 2419 1306 illi
2449 1253 2724 1307 dixerunt.

2240 1345 2345 1400 Sed
2381 1346 2429 1401 si
2459 1344 2809 1401 Valentinum
2840 1361 2948 1400 non
2978 1343 3162 1410 feriat,
3188 1358 3311 1397 cum
3350 1343 3500 1398 exire
3527 1359 3556 1396 a
3584 1341 3752 1398 Patre

2167 1439 2378 1506 scribit,
2409 1439 2474 1493 ad
2519 1455 2642 1494 eum
2685 1448 2833 1494 certe
2870 1437 3148 1502 collineat,
3180 1437 3323 1506 quod
3356 1452 3423 1489 ex-
3450 1451 3560 1489 uno
3587 1435 3753 1490 Patre

2165 1531 2315 1586 exire
2357 1532 2524 1586 dicat.
2559 1531 2781 1587 Minime
2821 1546 2984 1597 vero;
3017 1544 3128 1582 non
3154 1529 3298 1582 enim
3339 1528 3524 1582 docuit
3548 1526 3750 1582 Valen-

2167 1622 2316 1678 tinus
2369 1622 2553 1693 Logon
2605 1640 2669 1678 ex
2717 1624 2968 1693 pluribus
3015 1621 3267 1694 patribus
3318 1622 3536 1676 exiisse.
3583 1639 3602 1672 ι
3653 1623 3748 1687 At,

2168 1719 2372 1789 inquit,
2403 1733 2512 1772 non
2549 1717 2686 1771 dixit
2715 1718 2784 1771 ab
2814 1733 2925 1772 uno
2969 1726 3125 1788 patre
3161 1715 3272 1784 Nu,
3306 1715 3398 1770 sed
3429 1724 3481 1769 et
3516 1730 3542 1767 a
3573 1723 3754 1770 matre

2167 1813 2436 1868 Aletheia.
2479 1830 2497 1862 ι
2540 1809 2870 1866 Praeclarum
2910 1810 3191 1865 enimvero
3221 1807 3635 1877 argumentum!
3663 1806 3750 1860 An

2167 1920 2234 1960 eo
2266 1905 2450 1958 minus
2495 1912 2615 1957 erat
2657 1919 2724 1956 ex
2763 1919 2875 1958 uno
2914 1901 3096 1967 Patre,
3123 1902 3268 1972 quod
3303 1910 3448 1954 esset
3479 1899 3638 1952 etiam
3680 1914 3753 1952 ex

2165 1998 2374 2055 matre?
2396 1998 2471 2052 De
2498 1997 2814 2067 posteritate
2840 1994 3138 2049 Abrahami
3163 1993 3458 2062 Apostolus
3493 1990 3751 2054 llebr.xi,

2168 2092 2236 2146 12
2273 2108 2290 2145 :
2321 2089 2417 2142 Διὸ
2441 2088 2539 2157 ἀφ’
2583 2085 2722 2152 ἑνὸς
2759 2084 3158 2156 ἐγενήθησαν,
3186 2081 3412 2150 Propter
3429 2079 3566 2149 quod
3595 2088 3642 2130 et
3684 2077 3754 2131 ab

2166 2203 2272 2240 uno
2301 2184 2404 2238 orti
2442 2190 2587 2237 sunt.
2628 2179 2746 2234 Non
2781 2180 2944 2250 igitur
2971 2177 3281 2232 habuerunt
3306 2185 3534 2228 matrem
3565 2174 3656 2242 qui
3682 2174 3756 2227 ab

2167 2278 2480 2332 Abrahamo
2505 2273 2944 2329 descenderant?
2971 2279 3066 2325 aut
3097 2271 3225 2340 quia
3255 2271 3318 2322 ab
3348 2286 3451 2321 uno
3477 2268 3580 2320 orti
3604 2277 3752 2330 sunt,

2169 2385 2330 2424 avum
2383 2378 2478 2422 aut
2507 2367 2687 2420 aviam
2712 2365 2917 2419 habere
2955 2379 3062 2418 non
3095 2361 3424 2432 potuerunt?
3455 2359 3756 2413 Nazianze-

2170 2478 2278 2518 nus
2307 2469 2447 2515 orat.
2479 2458 2504 2511 1
2547 2459 2618 2511 De
2652 2457 2892 2510 Adamo:
2920 2455 3108 2508 Πάντα
3142 2454 3283 2524 ὑπὲρ
3310 2452 3527 2505 πάντων
3560 2453 3638 2514 εἰς
3670 2451 3754 2515 ἓν,

2170 2555 2265 2608 καὶ
2297 2551 2439 2622 ὑπὲρ
2477 2550 2593 2612 ἑνὸς
2625 2548 2717 2602 τοῦ
2755 2548 3118 2621 προπάτορος.
3155 2545 3304 2610 Erat,
3359 2546 3567 2598 scilicet
3603 2544 3753 2597 Ada-

2171 2662 2317 2710 mus,
2367 2659 2509 2697 unus
2553 2643 2640 2695 ille
2669 2648 2930 2710 propator
2969 2638 3193 2693 humani
3226 2638 3462 2706 generis,
3499 2635 3758 2705 quamvis

2172 2736 2282 2791 Eva
2335 2737 2500 2790 etiam
2551 2733 2717 2788 fuerit
2767 2741 2939 2786 mater
2989 2730 3236 2784 omnium
3267 2728 3582 2782 viventium.
3617 2725 3774 2779 Tam-

2174 2829 2332 2884 malis
2364 2829 2559 2883 avibus
2591 2827 2696 2880 hoc
2725 2826 2846 2879 loco
2885 2838 3021 2878 usus
3044 2823 3128 2876 vir
3152 2821 3502 2876 doctissimus
3529 2834 3763 2889 progre-

2173 2923 2320 2976 ditur
2348 2930 2550 2986 tamen,
2582 2927 2637 2972 et
2663 2924 2942 2986 postrema
2974 2915 3140 2969 etiam
3171 2913 3334 2967 verba
3360 2910 3568 2984 [Iesum
3597 2909 3766 2965 Chri-

2175 3023 2318 3069 stum
2351 3013 2405 3066 in
2431 3025 2623 3075 unum,
2655 3007 2874 3063 Patrem
2935 3007 3166 3073 scilicet,
3192 3005 3455 3060 exsistere
3484 3011 3537 3057 et
3574 3017 3764 3056 rever—

2175 3122 2296 3162 sum
2348 3102 2495 3176 esse]
2552 3121 2571 3154 ‹
2607 3117 2718 3155 non
2750 3101 2860 3154 alio
2905 3115 3069 3170 quam
3103 3099 3158 3152 in
3196 3097 3446 3152 ﬁctilium
3477 3093 3757 3148 Valentini

2178 3197 2461 3253 Christum
2494 3195 2766 3251 destinata
2793 3192 3002 3248 statuit.
3034 3210 3052 3243 ι
3080 3189 3150 3244 At
3171 3198 3447 3260 postrema
3475 3187 3765 3242 sententia:

2178 3290 2343 3345 verba
2373 3287 2624 3343 eumdem
2656 3285 2775 3340 sine
2811 3284 2981 3339 dubio
3006 3291 3273 3353 spectant,
3306 3295 3469 3351 quem
3511 3277 3784 3348 ejusdem.

2179 3381 2460 3438 sententia:
2490 3380 2708 3448 priora;
2740 3376 2993 3432 eumdem
3021 3383 3210 3429 auctor
3245 3371 3498 3440 intelligit
3535 3386 3565 3424 a
3596 3369 3767 3423 Patre

2177 3483 2467 3528 exeuntem
2517 3481 2571 3526 et
2625 3470 2690 3524 ad
2761 3468 2980 3523 Patrem
3038 3473 3425 3521 revertentem.
3475 3461 3768 3517 Prioribus

2177 3566 2293 3620 vult
2340 3564 2579 3618 Dallazus
2611 3560 2885 3616 Valentini
2931 3558 3117 3630 Logon
3163 3556 3335 3620 feriri,
3364 3555 3768 3626 posterioribus

2178 3659 2424 3730 ejusdem
2448 3657 2767 3722 Christum;
2801 3669 2925 3708 cum
2957 3653 3012 3707 in
3045 3650 3246 3706 Schola
3271 3647 3546 3703 Valentini
3583 3646 3770 3716 Logos

2179 3763 2234 3808 et
2275 3751 2532 3806 Christus
2579 3750 2691 3805 sint
2739 3762 2970 3817 prorsus
3014 3754 3068 3799 et
3114 3744 3272 3814 plane
3320 3740 3586 3796 distincti.
3631 3738 3764 3793 Non

2181 3846 2347 3917 igitur
2380 3853 2697 3912 utrumque,
2730 3841 2841 3894 imo
2874 3847 3128 3893 neutrum
3155 3835 3299 3890 ferit.
3341 3833 3629 3902 Utcunque
3668 3832 3766 3898 sit,

2181 3938 2310 3992 ferri
2367 3951 2477 3990 non
2535 3943 2735 4005 potest,
2765 3943 2824 3986 ut
2883 3946 2985 3985 nos
3045 3929 3112 3982 ad
3162 3925 3438 3982 Valentini
3493 3925 3677 3994 Logon
3709 3938 3772 3978 et

2181 4029 2463 4084 Christum
2496 4027 2730 4096 rejiciat,
2762 4033 2815 4078 et
2841 4022 3008 4077 simul
3031 4023 3146 4076 ha:c
3177 4021 3245 4074 ab
3280 4029 3501 4075 auctore
3521 4018 3789 4088 epistola}

2179 4119 2337 4189 juxta
2393 4117 2452 4173 S.
2509 4115 2775 4171 Joannem
2829 4113 3032 4183 scripta
3074 4110 3410 4182 pronuntiet.
3443 4109 3586 4176 Quid
3615 4108 3769 4163 enim

2184 4226 2323 4280 Opus
2353 4218 2436 4266 cst
2460 4218 2520 4263 ut
2547 4207 2894 4262 Valentinum
2937 4204 3253 4274 respiceret,
3279 4201 3372 4273 qui
3408 4202 3474 4256 de
3511 4200 3568 4255 S.
3595 4198 3769 4254 Joan-

2185 4301 2272 4355 nis
2306 4307 2486 4354 mente
2527 4297 2882 4368 exprimenda
2914 4294 3210 4366 c0gitavit?
3257 4293 3370 4348 lmo
3403 4291 3534 4363 quid
3564 4292 3665 4345 hoc
3694 4291 3783 4346 ad"

2187 4391 2592 4462 generationem
2616 4389 2772 4459 Logi,
2802 4387 2949 4458 quod
2997 4388 3108 4457 agit
3133 4386 3201 4440 de
3243 4383 3621 4441 Incarnatione
3651 4383 3771 4437 sive

2189 4484 2424 4538 adventu
2475 4482 2530 4536 in
2579 4481 2882 4537 mundum?
2907 4488 2966 4535 ut
3014 4479 3269 4549 superius
3299 4493 3427 4532 eum
3455 4477 3635 4531 locum
3667 4490 3771 4529 ex-

504 4571 654 4627 ferit.
688 4570 810 4639 Quo
849 4571 988 4625 nihil
1030 4570 1137 4625 dici
1195 4570 1373 4640 potuit
1414 4569 1707 4625 infelicius.
1739 4569 1794 4623 Si
1827 4571 1971 4624 enim
2005 4572 2082 4627 sic
2113 4585 2156 4640 ι)
2188 4577 2501 4648 ponendum
2539 4590 2660 4630 esse
2697 4574 2882 4630 docui.

493 4675 690 4721 auctor
746 4664 1098 4720 Valentinum
1141 4664 1383 4733 respicit,
1441 4679 1548 4717 non
1597 4680 1722 4717 eum
1773 4664 2076 4735 impugnat,

495 4759 590 4814 sed
629 4760 911 4829 sequitur;
951 4774 1062 4814 non
1117 4757 1238 4827 ejus
1277 4756 1469 4812 deliria
1517 4755 1809 4820 refutasse,
1839 4757 1932 4811 sed
1981 4773 2082 4827 ρο·-

496 4851 609 4906 tius
639 4852 925 4922 amplexus
954 4867 1079 4907 esse
1106 4850 1380 4904 videatur.
1420 4847 1592 4918 Negat
1637 4849 1784 4904 enim
1813 4849 1958 4919 quod
1987 4863 2084 4903 ne-

496 4945 663 5016 gavit,
711 4947 844 5002 dicit
888 4945 1035 5016 quod
1085 4944 1224 4999 dixit
1267 4943 1613 4998 Valentinus.
1670 4941 1842 5013 Negat
1894 4953 2084 4998 auctor

494 5039 740 5108 epistolae
775 5040 948 5108 Λόγον
994 5038 1146 5094 exire
1187 5054 1218 5092 a
1255 5037 1380 5108 Sige
1412 5037 1568 5108 Bythi
1608 5037 1874 5109 conjuge?
1913 5035 2086 5108 Negat

495 5140 552 5186 et
605 5131 947 5196 Valentinus,
979 5131 1073 5202 qui
1127 5143 1253 5185 eum
1305 5145 1510 5186 caecum
1570 5128 1748 5184 lEona
1816 5129 2081 5198 depinxit,

497 5225 680 5296 qualis
715 5241 784 5280 ex
833 5225 962 5296 Sige
1014 5225 1176 5295 Bythi
1217 5223 1448 5295 conjuge
1477 5208 1627 5278 exire
1664 5238 1773 5277 non
1801 5223 2002 5293 potuit;
2032 5231 2088 5278 et

498 5334 625 5372 cum
654 5318 710 5372 in
740 5318 1234 5373 deminorationem
1261 5317 1499 5372 emissus
1528 5325 1694 5381 esset,
1720 5330 1844 5369 eum
1868 5331 1936 5369 ex
1965 5315 2088 5370 aliis

501 5407 798 5475 Eonibus,
825 5408 1130 5480 Monogene
1169 5417 1223 5462 et
1265 5408 1508 5462 Aletheia
1538 5409 1849 5462 necessario
1878 5406 2086 5461 eduxit.

503 5501 648 5556 Dicit
700 5510 892 5557 auctor
938 5501 1106 5572 Λόγον
1144 5501 1297 5556 exire
1333 5516 1362 5554 a
1405 5499 1601 5555 Patre?
1631 5498 1779 5553 Dixit
1803 5508 1857 5553 et
1890 5500 2091 5553 Valen-

504 5593 687 5661 tinus;
715 5609 785 5648 ex
827 5592 1131 5664 Monogene
1166 5595 1313 5649 enim
1360 5593 1626 5649 emissum
1674 5592 1861 5659 tradit,
1909 5589 2100 5645 Mono-

509 5699 674 5752 genes
741 5693 924 5738 autem
980 5683 1269 5740 Valentino
1305 5685 1527 5755 proprie
1555 5685 1716 5739 Pater
1743 5692 1846 5739 est.
1874 5684 1955 5736 Ita
1981 5679 2094 5734 lre—

513 5790 685 5839 meus,
713 5776 805 5830 τὸν
835 5777 892 5830 δὲ
924 5777 1068 5831 Νοῦν
1097 5777 1286 5831 τοῦτον
1314 5779 1406 5830 καὶ
1437 5776 1720 5847 Μονογενῆ
1746 5775 1969 5830 καλοῦσι
2000 5774 2094 5827 καὶ¹

517 5868 755 5941 Πατέρα,
812 5867 1182 5927 Tertullianus
1235 5871 1302 5926 de
1354 5868 1472 5925 Nu:
1511 5890 1529 5924 ι
1565 5868 1642 5925 Ita
1691 5879 1745 5926 et
1782 5869 1896 5940 ipse
1936 5866 2094 5922 Pater

2256 4671 2434 4740 Atque
2465 4671 2579 4724 haec
2607 4668 2826 4740 quidem
2857 4666 3041 4721 omnia
3069 4672 3199 4720 sunt
3229 4679 3352 4734 quas
3382 4664 3466 4717 vir
3498 4660 3772 4717 doctissi-

2184 4779 2310 4819 mus
2339 4762 2521 4817 attulit
2553 4772 2614 4817 ut
2640 4760 2956 4816 ostenderet
2996 4769 3279 4814 auctorem
3316 4767 3565 4812 nostrum
3586 4797 3602 4823 ,
3633 4754 3771 4809 dum

2185 4856 2301 4910 haec
2322 4855 2606 4921 scriberet,
2640 4851 2994 4907 Valentinum
3018 4850 3247 4921 ejusque
3291 4849 3509 4904 fabulas
3545 4849 3600 4901 in
3637 4846 3765 4901 ani-

2186 4962 2278 5002 mo
2305 4946 2600 5014 habuisse;
2628 4959 2864 5014 quorum
2898 4943 3035 4998 nihil
3063 4951 3149 4998 est
3171 4943 3318 5012 quod
3350 4955 3638 4996 assensum
3670 4954 3776 4993 co-

2186 5047 2298 5108 gat,
2336 5039 2420 5092 vel
2449 5037 2568 5107 ipso
2588 5079 2603 5104 ,
2626 5038 2842 5107 opinor,
2869 5034 3083 5105 judice;
3118 5043 3177 5087 ut
3211 5048 3312 5103 ego
3338 5042 3516 5086 autem
3555 5030 3771 5094 sentio,

2187 5129 2326 5185 nihil
2371 5129 2518 5200 quod
2546 5143 2881 5201 quemquam
2913 5127 3002 5181 vel
3035 5127 3226 5181 leviter
3257 5132 3508 5187 moveat,
3533 5124 3627 5191 qui
3657 5137 3778 5178 non

2188 5225 2378 5280 eodem
2411 5223 2579 5279 modo
2606 5222 2801 5295 Ignatii
2832 5221 3094 5292 epistolas
3128 5219 3339 5290 legerit,
3375 5232 3486 5288 quo
3519 5216 3778 5285 Scriptu—

2189 5329 2281 5368 ras
2307 5313 2436 5368 olim
2470 5313 2684 5384 legebat
2702 5311 3050 5373 Valentinus,
3082 5317 3142 5364 ut
3170 5309 3379 5372 omnia,
3413 5306 3661 5370 scilicet,
3706 5307 3779 5361 ad

2190 5419 2354 5460 suum
2389 5421 2610 5459 sensum
2643 5404 2861 5469 trahat,
2895 5411 2949 5456 et
2991 5401 3045 5455 in
3080 5400 3364 5470 proprium
3397 5397 3777 5452 characterem

2190 5505 2500 5552 convertat.
2531 5496 2688 5562 Quod
2728 5496 2774 5550 si
2825 5495 2913 5549 cui
2955 5493 3150 5547 liberet
3181 5491 3399 5554 facere,
3444 5504 3610 5557 quam
3651 5504 3782 5556 pro-

2192 5587 2332 5643 clive
2353 5595 2500 5643 esset
2535 5585 2867 5642 catholicum
2908 5583 3158 5652 quemvis
3187 5580 3402 5635 Patrem
3439 5580 3494 5632 in
3529 5576 3784 5630 Valenti-

2193 5682 2423 5735 nianum
2455 5678 2806 5734 convertere!
2836 5674 3084 5744 Exempli
3114 5673 3287 5744 gratia
3321 5686 3482 5727 sumo
3507 5670 3782 5725 suavissi-

2197 5789 2317 5829 mos
2346 5772 2554 5843 Synesii
2587 5771 2851 5840 hymnos;
2887 5767 2940 5820 in
2973 5766 3174 5836 quibus
3204 5764 3319 5818 haec
3362 5762 3482 5831 lego
3552 5765 3612 5812 et
3651 5759 3783 5827 qui.

2198 5867 2316 5922 dem
2337 5865 2402 5920 dc
2423 5862 2571 5934 Logo
2592 5880 2602 5915 :
2621 5860 2810 5930 Λόγος,
2831 5859 2888 5913 ὃν
2908 5857 3128 5930 μεγάλῳ
3151 5854 3326 5927 Harp".
3352 5851 3609 5923 συνυμνῶ
3645 5850 3783 5912 Nic;
