4078 6384
261 473 362 535 317

267 589 513 662 ἀρρήτου
537 583 739 638 Time:
773 597 839 634 σε
862 575 1104 646 Πατρός.
1140 591 1158 622 ι
1201 567 1463 628 Verbum,
1491 557 1640 630 quod
1683 565 1882 622 magno
1911 550 1961 608 Δ

269 647 410 737 Cum
433 677 604 733 Patre
626 670 973 737 cano,Mens
1000 661 1292 720 inetl'abilis
1329 656 1515 727 Gignit
1545 661 1596 706 te
1623 647 1819 703 Patris.
1854 661 1874 694 ι

275 773 440 828 Vides
455 766 792 827 haecomnia
823 777 952 818 esse
976 775 1044 814 ex
1058 751 1337 810 Valentini
1369 746 1578 805 schola.
1607 740 1883 794 Habemus

275 869 500 924 Patrem
531 863 809 935 ἄρρητον,
831 854 980 909 Νοῦν
1034 859 1088 905 et
1113 848 1287 916 Λόγον
1320 853 1429 898 tres
1456 838 1665 910 primos
1679 831 1887 886 onnas

284 919 592 1011 masculos:
615 919 966 1002 .V'alentinus
1002 941 1119 1008 ipse
1172 935 1244 988 ita
1283 927 1527 984 deﬁnivit
1562 921 1727 976 δυάδα
1765 919 1890 970 ἀνο-

283 1006 597 1119 vigorem
637 1036 708 1112 ἦς
747 1037 810 1090 τὸ
870 1033 968 1105 μέν
1004 1006 1060 1082 τι
1106 1022 1388 1080 καλεῖσθαι
1424 1017 1695 1088 ἄρρητον,
1735 1008 1796 1061 τὺ
1832 1006 1891 1060 δὲ

285 1107 471 1212 azﬁv.
506 1107 794 1206 Ἀῥρἧος
818 1131 1004 1198 itaque
1036 1126 1176 1181 idem
1200 1121 1296 1191 qui
1332 1117 1576 1188 Bythus,
1611 1127 1678 1164 ex
1717 1107 1892 1178 Bytho

286 1198 428 1301 Nusi,
453 1249 530 1288 ex
684 1198 892 1298 Logus.
921 1221 1102 1276 Purus
1129 1225 1296 1288 putus
1327 1212 1516 1277 itaque
1555 1198 1898 1258 Valentinia-

287 1345 405 1387 nus
435 1325 550 1382 erit
585 1321 879 1394 Synesius.
903 1313 1041 1368 Nam
1065 1319 1120 1366 et
1147 1321 1272 1379 quae
1293 1306 1596 1373 sequuntur
1617 1311 1682 1350 ex
1707 1294 1897 1348 eadem

291 1421 520 1479 otiicina
555 1385 685 1472 esse
735 1411 990 1468 videntur
1021 1426 1036 1460 :
1075 1403 1302 1475 Πρῶτος
1345 1393 1572 1468 πρώτας
1605 1385 1900 1460 Προθορὼν

289 1475 476 1582 ῥίζας,
517 1502 681 1565 Ῥὶςα
711 1499 770 1552 δὲ
816 1495 1038 1550 πάντων
1066 1489 1186 1542 Τῶν
1223 1486 1363 1558 μετὰ
1401 1482 1617 1537 κλεινὰν
1643 1477 1757 1530 Τὰν
1802 1475 1902 1529 σὰν

289 1567 519 1670 ξτένναν.
555 1614 574 1647 ι
605 1593 830 1648 Primus
852 1607 919 1646 ex
945 1588 1122 1660 prima
1145 1581 1453 1650 Prognatus
1483 1573 1698 1636 radice;
1727 1567 1905 1622 Radix

292 1698 485 1746 autem
529 1685 816 1746 omnium,
866 1680 1000 1747 Quae
1035 1673 1255 1732 condita
1294 1678 1425 1726 sunt
1468 1675 1592 1738 post.
1643 1661 1905 1732 inclytum

293 1782 486 1838 Tuum
512 1791 724 1835 ortum.
751 1798 769 1829 ι
797 1775 1041 1830 Primam
1067 1769 1210 1824 enim
1237 1763 1442 1820 tetrada
1461 1758 1616 1832 ῥίζαν
1639 1755 1749 1808 τῶν
1780 1751 1908 1807 πάν-

289 1892 404 1930 των
449 1871 831 1944 appellabant,
857 1875 911 1922 et
936 1865 1144 1935 Legum
1169 1876 1238 1915 ex
1276 1857 1368 1911 illa
1406 1855 1662 1910 eductum
1686 1845 1910 1916 Πατέρα

291 1939 658 2018 πάντων-τῶν
681 1959 796 2032 μετ’
814 1956 980 2010 αὐτὸν
1003 1951 1298 2022 ἐσομένων.
1315 1946 1467 2016 Apud
1483 1941 1736 1998 eumdem
1755 1939 1906 2008 lego:

301 2055 540 2123 Μάκαρ,
579 2028 726 2112 ὅστις
765 2043 905 2117 μετὰ
941 2041 1133 2114 μοίρας
1165 2036 1393 2099 Ἐπιϐὰς
1427 2034 1568 2086 Νόου
1596 2028 1868 2083 κελεύθων
1892 2065 1908 2087 ,

305 2148 484 2202 Βυθὸν
507 2141 656 2197 εἶδεν
698 2138 1004 2209 θεολαμπῆ.
1040 2153 1058 2186 ι
1095 2133 1318 2196 Beatus,
1359 2128 1453 2200 qui
1503 2135 1626 2196 post
1675 2124 1781 2177 fata
1823 2120 1912 2175 ln-

307 2254 545 2314 gressus
581 2234 782 2290 Mentis
805 2233 948 2295 vias,
972 2229 1207 2300 itythum
1233 2223 1371 2279 vidit
1412 2221 1597 2275 divina
1629 2215 1914 2285 refulgen-

309 2346 422 2389 tem
466 2333 617 2387 luce.
651 2349 670 2380 ι
696 2326 865 2382 Vides
893 2334 952 2378 ut
974 2331 1176 2378 statuat
1209 2330 1484 2375 summam
1517 2309 1914 2367 beatitudinem

309 2430 368 2486 in
403 2428 632 2483 visione
660 2421 852 2495 Bythi,
881 2431 1059 2488 eaque
1084 2413 1355 2485 patefacta
1379 2424 1476 2478 per
1503 2404 1646 2460 Nun.
1681 2400 1839 2467 Quod
1864 2406 1919 2476 et

415 2472 631 2483 ...μνη
661 2472 734 2495 η
893 2472 906 2474 ἡ
970 2472 985 2488 ,
1087 2472 1102 2485 _
1379 2472 1396 2478 _

315 2525 522 2578 iterum
546 2517 861 2588 exprimere
882 2512 938 2564 in
958 2511 1104 2564 hunc
1128 2505 1353 2560 modum
1376 2501 1590 2555 videtur
1621 2541 1633 2552 .
1657 2472 1920 2548 Ἐπιδαλέ

313 2617 552 2686 ἱκόμενος
587 2607 872 2682 Προσιδεῖν
904 2603 1097 2672 αἴγλαν
1127 2598 1431 2668 Ἀκάμαντι
1471 2589 1629 2661 Βυθῷ
1658 2590 1924 2658 Ἀμαρυσ-

318 2707 591 2779 σομέναν.
627 2676 652 2753 ι’
681 2701 818 2754 Dum
867 2703 1040 2751 tentat
1083 2689 1287 2747 Intueri
1353 2683 1701 2757 splendorem
1757 2676 1916 2733 Inde—

321 2773 476 2856 fesso
506 2796 692 2868 Bytho
716 2791 1060 2860 Fulgentcm.
1093 2804 1111 2835 ι
1147 2785 1316 2838 Deum
1343 2789 1490 2832 certe
1518 2773 1735 2828 Patrem
1765 2774 1928 2822 vocat

321 2860 690 2962 προπάτορα,
738 2893 793 2937 et
841 2877 1162 2933 αἰωνοτόκον
1188 2913 1203 2936 ,
1248 2881 1302 2926 et
1336 2868 1470 2940 θῆλυ
1511 2865 1604 2919 καὶ
1634 2863 1819 2934 ἄρῤεν.
1847 2860 1929 2910 An

323 2984 434 3055 ipsi
471 2957 847 3035 Valentiniani
901 2971 1060 3026 aliter
1111 2961 1509 3036 loquerentur?
1538 2957 1740 3011 Eodem
1771 2967 1934 3021 argu-

325 3085 525 3132 mento
547 3065 773 3142 probari
819 3070 1009 3133 posset
1058 3057 1362 3112 Lucianum
1397 3053 1452 3105 in
1495 3045 1795 3116 Philopatri
1831 3041 1934 3096 Va-

326 3166 612 3224 lentinum
639 3155 1048 3231 perstrinxisse,
1076 3149 1171 3205 ubi
1190 3147 1404 3202 deridet
1431 3142 1734 3198 doctrinam
1753 3134 1937 3190 Trini-

333 3261 492 3316 tatis.
544 3228 656 3310 Ita-
682 3253 830 3308 enim
884 3245 1122 3303 Critias:
1151 3242 1264 3296 Οὐκ
1296 3235 1414 3293 οἶδα
1441 3236 1550 3306 γὰρ
1579 3235 1607 3287 ὃ
1635 3233 1812 3301 λέγεις
1835 3271 1850 3294 ,
1880 3228 1940 3282 ἓν

341 3416 488 3522 ρου,⁷
523 3416 572 3515 ἢ.
596 3443 697 3514 τὴν
732 3416 983 3508 ὸγόοᾶδα,
1013 3433 1109 3486 καὶ
1160 3427 1447 3503 τριακάδα.
1502 3422 1603 3478 Cui
1655 3416 1946 3489 respondet

341 3506 632 3610 :I'rieph'on
654 3506 676 3588 ,ε
707 3506 841 3599 Σίέία
864 3529 934 3582 τὰ
957 3525 1147 3597 νέρθεν
1167 3564 1180 3589 ,
1207 3521 1302 3575 καὶ
1331 3518 1399 3571 τὰ
1447 3515 1603 3587 σιγῆς
1632 3511 1777 3577 ἄξια.
1811 3506 1946 3574 Quis

345 3600 502 3692 enini
530 3626 712 3684 nescit
736 3621 1027 3678 Tetradem
1057 3625 1111 3673 et
1138 3611 1588 3672 Octonationem,
1624 3615 1679 3659 et
1715 3600 1944 3669 triginta

347 3731 570 3788 Eones
602 3717 1144 3779 Valentinianorum,
1186 3706 1282 3778 qui
1312 3704 1476 3760 etiam
1499 3742 1514 3765 ,
1542 3705 1679 3755 teste
1709 3695 1916 3749 Irean
1935 3734 1949 3757 ,

347 3786 657 3879 ietmdem
713 3809 941 3883 πρώτην
977 3804 1072 3857 καὶ
1125 3798 1422 3872 ἀρχέγονον
1452 3786 1834 3858 Πυθαγορικὴν
1868 3801 1956 3836 τε-

351 3909 608 3987 τρακτύν
647 3877 1046 3962 nominabant?
1091 3892 1231 3960 Quid
1275 3887 1421 3960 quod
1456 3883 1732 3952 Triephon
1774 3877 1956 3933 statim

352 4004 710 4078 respondens
758 3998 906 4054 dicat
935 3993 1056 4047 haec
1096 3987 1314 4043 silentio
1343 3996 1467 4036 esse
1502 3978 1666 4046 digna
1687 4016 1702 4041 ,
1729 3981 1791 4027 ut
1818 3983 1962 4038 smpe

356 4105 538 4161 etiam
571 4100 629 4153 in
651 4098 758 4151 hac
780 4109 839 4148 re
866 4089 1061 4144 Patres
1091 4076 1428 4151 loquuntur?
1451 4068 1753 4134 Scilicet,si
1775 4066 1961 4130 verba,

361 4212 392 4250 a
423 4189 727 4248 Valentino
751 4180 1058 4240 secundum
1091 4170 1375 4245 proprium
1398 4166 1770 4221 characterem
1803 4169 1967 4210 usur-

362 4294 522 4359 pata,
553 4278 775 4352 quoties
799 4271 944 4344 apud
965 4269 1106 4324 alios
1137 4263 1437 4332 scriptores
1465 4257 1746 4324 leguntur,
1774 4249 1969 4303 eodem

364 4340 433 4359 τι
507 4340 521 4350 .
573 4340 591 4352 .
833 4340 853 4344 _

364 4393 540 4436 sensu
586 4371 734 4444 apud
759 4383 855 4423 eos
895 4361 1260 4432 accipiantur;
1294 4359 1680 4423 quemcunque
1718 4340 1972 4396 volumus

363 4481 468 4528 aut
494 4429 744 4528 hostem,
777 4467 876 4515 aut
896 4429 1134 4511 amicum
1175 4443 1442 4502 Valentini
1472 4439 1764 4495 faciamus.
1798 4430 1872 4487 Ut
1894 4429 1973 4484 illi

367 4561 680 4636 lgnatium,
705 4555 780 4608 ita
803 4568 903 4622 ego
926 4547 1229 4602 Lucianum
1262 4541 1501 4601 hostem,
1526 4529 1766 4586 amicum
1793 4533 1975 4580 autem

372 4619 684 4729 SUynesium
716 4619 1002 4702 [ach—Pari
1023 4640 1150 4712 jure
1182 4643 1481 4700 utrumque
1511 4625 1717 4681 factum
1741 4628 1846 4686 est,
1871 4619 1979 4672 hoc

369 4759 484 4812 est,
510 4742 692 4800 nullo.

453 4837 534 4897 lit
555 4845 744 4893 autem
768 4828 979 4900 liquido
1008 4830 1270 4894 appareat
1290 4819 1392 4871 has
1421 4824 1615 4868 onmes
1642 4805 1746 4860 viri
1785 4801 1986 4857 doctis-

377 4934 519 4995 simi
548 4894 948 5000 explicatidnes
989 4928 1044 4972 et
1077 4914 1146 4969 ad
1181 4905 1456 4966 Valentini
1504 4900 1699 4958 deliria
1750 4894 1983 4950 allusio-

380 5044 491 5089 nes
510 5035 780 5096 nonhesse
803 5015 1031 5073 omnino
1053 5009 1138 5064 vel
1157 5001 1496 5061 necessarias
1519 4995 1605 5050 vel
1625 4999 1984 5063 opportunas,

383 5122 491 5182 sed
519 5115 761 5191 potiusa
793 5116 976 5165 mente
1017 5113 1072 5158 et
1097 5115 1267 5170 scopo
1313 5091 1556 5151 auctoris
1589 5099 1818 5157 prorsus
1853 5079 1988 5134 alie-
2064 5143 2067 5148 ‘

385 5229 520 5279 nas,
588 5209 705 5264 imo
761 5207 1072 5260 commenta
1126 5206 1250 5248 esse
1276 5229 1293 5255 ,
1322 5201 1446 5258 quae
1488 5191 1658 5238 totam
1699 5173 1998 5247 lgnatiana:

386 5301 675 5363 orationis
726 5296 924 5352 seriem
951 5289 1062 5345 alio
1109 5285 1381 5340 violenter
1415 5278 1782 5342 detorquent;
1814 5267 1998 5320 locum

391 5402 587 5473 ipsum
621 5395 896 5463 integrum
929 5391 1303 5458 proponemus
1323 5415 1337 5440 ,
1373 5381 1429 5428 et
1467 5364 1834 5438 explicatione
1866 5359 2003 5414 sim-

393 5486 712 5566 plicissima
742 5492 797 5539 et
817 5481 886 5536 ad
911 5493 1029 5534 rem
1054 5488 1219 5547 quam
1240 5469 1496 5524 volumus
1518 5461 1757 5518 maxime
1779 5469 2004 5512 accomo

394 5549 632 5642 inodata
656 5577 728 5633 ab
751 5568 1088 5644 importunis
1127 5563 1328 5637 glossis
1364 5555 1793 5614 vindicabimus.
1842 5549 2004 5605 Prior

399 5671 675 5750 perioche
705 5641 847 5723 nihil
874 5661 1027 5720 aliud
1056 5666 1144 5715 est
1175 5669 1344 5727 quam
1368 5652 1664 5707 vehemens
1689 5641 2004 5702 exhortatio

399 5732 480 5828 λά
516 5765 790 5823 unitatem
814 5753 1270 5817 ecclesiasticam,
1295 5745 1458 5803 toties
1485 5742 1554 5798 ab
1585 5740 1728 5811 ipso,
1757 5736 1920 5794 toties
1936 5732 2006 5790 ab

518 5953 735 6025 κταρ.
769 5962 847 6015 tv,
892 5942 1012 6000 3-6.
1092 5941 1136 5973 ⁸ο
1167 5936 1323 5995 Joan.
1354 5947 1464 6001 xw,
1491 5929 1583 5985 28.
1901 5999 1929 6031 .

1029 457 1083 518 J.
1124 445 1494 513 PEARSONII
1530 436 1856 502 VINDICIIE
1896 428 2320 491 ΙΟΝΑΤΙΑΝᾸΞ.
2359 457 2432 469 -—
2458 423 2641 480 PARS
2678 421 2748 478 II.

3459 409 3565 467 '5l8

1989 543 2256 614 Apostolo
2287 541 2614 596 inculcatam
2638 579 2652 604 ,
2697 542 2778 591 tot
2813 531 3080 590 encomiis
3114 546 3144 586 a
3181 527 3283 585 SS.
3312 526 3570 584 Patrihus

1983 647 2275 704 ornatam;
2331 635 2484 689 οὐδὲν
2524 631 2633 704 γὰρ
2662 631 2886 702 εἰρήνης
2926 627 3041 680 ἴσον
3076 625 3170 679 καὶ
3208 623 3568 695 συμφωνίας,

1986 741 2048 784 ut
2072 728 2316 798 loquitur
2341 726 2786 795 Chrysostomus.
2816 718 2907 771 Sic
2942 717 3106 786 igitur
3133 713 3330 768 affatur
3354 711 3577 781 Magne-

1989 825 2104 880 sios
2118 821 2379 894 Ignatius,
2399 821 2456 871 ὲν
2477 814 2698 887 ὁμονοίᾳ
2710 811 2844 865 Θεοῦ
2860 809 3186 872 σπουδάζετε
3206 807 3381 860 πάντα
3396 803 3576 876 πράσ-

1994 930 2131 978 σειν,
2156 912 2239 964 «in
2254 908 2546 966 concordia
2565 906 2655 959 Dei
2682 903 2894 959 studetc
2910 901 3092 954 omnia
3113 898 3349 968 operari,
3365 917 3382 947 ι
3407 894 3574 966 μηδὲν

1992 1006 2136 1059 ἔστω
2172 1006 2231 1056 έν
2285 1003 2412 1070 ὑμῖν
2442 999 2470 1052 ὃ
2499 997 2786 1068 δυνήσεται
2820 995 2963 1063 ὑμᾶς
2996 990 3236 1062 μερίσαι,
3274 1008 3292 1039 ι
3332 987 3469 1040 nihil
3505 985 3578 1039 sit

1995 1099 2052 1153 in
2083 1097 2239 1152 vobis
2264 1093 2410 1164 quod
2442 1091 2613 1161 possit
2641 1103 2737 1140 vos
2766 1085 2977 1156 partiri.
3011 1080 3290 1136 Uniamini
3319 1078 3579 1148 episcopo

1997 1201 2052 1247 et
2079 1186 2514 1261 praesidentibus.
2549 1179 2913 1237 UtDorninus
2941 1176 3059 1231 sine
3102 1172 3266 1227 Patre
3315 1169 3451 1224 nihil
3503 1166 3584 1222 fe-

1998 1284 2094 1349 cit,
2135 1301 2155 1334 ι
2186 1278 2462 1352 ἡνωμένος
2493 1275 2603 1338 ὢν,
2637 1293 2654 1324 ι
2693 1271 2882 1326 unitus
2917 1267 3208 1328 exsistens,
3260 1276 3438 1331 neque
3487 1273 3586 1329 per

2001 1377 2266 1444 seipsurn,
2295 1386 2474 1441 neque
2504 1384 2599 1438 per
2621 1363 2938 1435 apostolos;
2983 1362 3064 1414 sic
3100 1371 3276 1426 neque
3316 1370 3417 1409 vos
3467 1353 3587 1406 sine

2002 1443 2263 1536 episcopo
2287 1472 2342 1516 et
2366 1457 2700 1532 presbyteris
2730 1453 2937 1524 aliquid
2969 1447 3297 1520 operamini.
3331 1466 3350 1497 ι
3380 1444 3486 1507 Sit,
3511 1443 3594 1496 in-

2007 1561 2149 1628 quit,
2179 1558 2272 1609 érzt
2303 1555 2362 1608 τὸ
2385 1554 2518 1606 αὐτὸ
2556 1572 2573 1603 ι
2611 1565 2718 1605 una
2751 1549 2912 1612 ratio,
2938 1560 3043 1598 una
3069 1540 3402 1612 deprecatio,
3429 1551 3588 1609 mens

2010 1605 2149 1628 ιι---τ
2181 1605 2271 1609 ----
2317 1605 2400 1608 --κ
2474 1605 2479 1606 ν
2900 1605 2909 1612 ,
3138 1605 3155 1612 -

2007 1654 2156 1702 una,
2207 1654 2316 1692 una
2369 1653 2514 1708 spes.
2559 1655 2576 1688 ι
2614 1639 2900 1691 [talionem
2942 1633 3123 1687 statim
3165 1629 3342 1685 reddit
3391 1640 3445 1683 et
3478 1605 3602 1682 eam

2008 1731 2228 1805 quidem
2278 1730 2631 1800 apostolicam
2691 1747 2704 1783 :
2755 1724 2851 1792 Εἷς
2898 1727 3044 1778 ἐστιν
3090 1720 3299 1794 Ἰησοῦς
3331 1718 3603 1791 Χριστός,

2015 1844 2035 1877 ‹
2066 1823 2224 1880 Unus
2253 1823 2412 1879 Jesus
2453 1823 2710 1878 Christus
2759 1831 2861 1887 est,
2900 1839 2919 1872 ›
2955 1834 3062 1890 quo
3097 1818 3292 1871 melius
3325 1814 3462 1868 nihil
3493 1821 3602 1868 est.

2011 1916 2085 1973 Ut
2105 1916 2164 1972 S.
2193 1917 2392 1971 Paulus
2414 1915 2678 1985 Ephesios
2699 1917 2769 1948 ¹⁹⁶
2791 1914 3088 1970 cohortans
3111 1918 3170 1963 ut
3191 1917 3408 1964 servent
3435 1925 3454 1957 (
3488 1903 3608 1959 uni-

2012 2025 2175 2071 tatem
2207 2009 2433 2079 Spiritus
2457 2007 2512 2059 in
2549 2001 2767 2058 vinculo
2794 1999 2965 2070 pacis,
3004 1992 3201 2049 Vocati
3241 1990 3376 2044 estis
3403 1987 3458 2041 in
3493 1999 3604 2038 una

2014 2125 2110 2180 spe
2141 2127 2154 2175 ;
2185 2119 2329 2159 unus
2381 2100 2646 2154 Dominus
2667 2137 2682 2163 ,
2714 2109 2825 2148 una
2863 2092 3018 2153 ﬁdes,
3073 2100 3241 2140 unum
3292 2079 3558 2149 baptisma
3583 2113 3600 2138 ,

2015 2219 2159 2260 unus
2177 2200 2338 2262 Deus,
2368 2204 2423 2250 et
2449 2193 2608 2246 Pater
2629 2187 2896 2250 omnium,
2911 2201 2929 2234 ι
2957 2177 3230 2249 πανταχοῦ
3245 2175 3304 2227 τὸ
3315 2172 3383 2226 ἐν
3398 2170 3492 2225 καὶ
3517 2163 3606 2234 εἷς

2017 2297 2280 2356 τέθεικεν,
2305 2289 2483 2359 inquit
2502 2283 2915 2344 Theodoretus,
2942 2278 3021 2338 εἰς
3055 2267 3370 2343 συμφωνίαν
3406 2261 3622 2317 συνάπ-·

2021 2407 2129 2444 των
2159 2387 2257 2457 τὴν
2281 2357 2609 2451 Ἐκκλησίαν
2633 2395 2646 2428 ;
2667 2377 2741 2429 ita
2771 2372 2936 2428 etiam
2974 2377 3027 2423 et
3058 2363 3300 2435 lgnatius
3331 2357 3476 2412 idem
3519 2369 3610 2408 ar—

2023 2487 2342 2554 gumentum
2373 2472 2745 2544 prosequitur.
2784 2484 2802 2516 ι
2833 2463 3036 2518 Omnes
3063 2457 3226 2528 igitur
3257 2461 3318 2507 ut
3345 2450 3403 2503 in
3437 2461 3610 2502 unum

2025 2571 2285 2641 templum
2321 2563 2609 2622 convenite
2633 2557 2871 2630 (quibus
2908 2552 3090 2608 verbis
3123 2545 3457 2618 primitivam
3502 2537 3612 2593 Ec-

2027 2664 2207 2721 clesia:
2238 2661 2501 2716 unitatem
2533 2656 2588 2708 in
2624 2649 2845 2706 Actibus
2877 2641 3239 2715 apostolorum
3283 2633 3615 2700 descriptam

2032 2762 2423 2828 repraasentare
2450 2743 2710 2813 videtur),
2739 2742 2792 2795 in
2818 2753 2987 2794 unum
3020 2736 3212 2796 altare,
3241 2731 3294 2784 in
3324 2740 3494 2781 unum
3529 2720 3621 2775 Je-

2035 2867 2156 2908 sum
2188 2846 2500 2908 Christum,
2532 2861 2550 2894 ›
2579 2853 2773 2910 quem,
2808 2830 3070 2902 qttoniam
3101 2827 3295 2881 iterum
3321 2817 3579 2892 proponit
3601 2853 3618 2878 ,

2035 2945 2198 2999 latius
2228 2936 2523 2998 describit,
2544 2933 2612 2986 ah
2643 2945 2754 2985 uno
2783 2927 2944 2980 Patre
2968 2928 3258 2978 exeuntem
3290 2915 3422 2969 etin
3453 2924 3624 2965 unum

2034 3034 2413 3095 exsistentem,
2445 3035 2500 3080 et
2529 3013 3013 3078 TCVCI‘HBDIBIDJS.
3047 3010 3219 3066 Paulo
3271 3006 3329 3061 S.
3359 3003 3627 3058 Joannem

2040 3091 2556 3195 adjungens,iapud
2593 3126 2753 3183 quem
2782 3108 3039 3164 Christus
3083 3103 3200 3172 ipse
3238 3099 3315 3153 ait
3349 3114 3362 3150 :
3405 3091 3565 3147 Exivi
3597 3106 3632 3143 a

1968 3234 2010 3291 ς,
2043 3217 2229 3281 Patre,
2252 3223 2302 3267 et
2360 3211 2473 3265 veni
2516 3209 2572 3261 in
2607 3206 2745 3258 hunc
2799 3198 3096 3261 mundum;
3158 3194 3352 3246 iterum
3393 3185 3634 3254 relinquo

2044 3309 2324 3372 mundum,
2366 3311 2415 3357 et
2448 3301 2583 3355 vado
2617 3298 2686 3351 ad
2735 3295 2952 3349 Patrem
2978 3291 3041 3340 ³ο.
3070 3286 3154 3340 ΑΙ)
3207 3283 3416 3337 unitate
3465 3278 3634 3347 igitur

2045 3399 2250 3456 Christi
2273 3367 2326 3452 et
2349 3394 2443 3449 Dei
2465 3392 2643 3447 Patris
2672 3403 2797 3443 cum
2829 3381 3094 3454 Apostolo
3116 3379 3502 3447 argumentum
3531 3367 3637 3422 du-

2049 3495 2127 3550 cit
2150 3491 2394 3563 lgnatius
2429 3486 2497 3540 ad
2530 3475 3026 3538 commendandam
3070 3469 3337 3523 unitatem
3369 3457 3640 3514 ecclesia-

2052 3547 2268 3641 sticaum.
2296 3577 2458 3643 Nam,
2503 3582 2565 3627 ut
2619 3569 2825 3639 optime
2859 3556 3171 3618 observavit
3213 3551 3272 3605 S.
3310 3547 3644 3617 Chrysosto—

2056 3692 2210 3741 mus,
2233 3673 2403 3726 Ὅταν
2431 3665 2521 3719 ὲπί
2543 3682 2595 3716 τι
2619 3660 2802 3734 μεῖζον
2822 3649 3115 3726 παρακαλῇ
3145 3649 3173 3700 ὁ
3201 3640 3472 3716 μακάριος
3497 3633 3649 3687 Παῦ-

2055 3725 2432 3834 λος,⁷συνετὸς
2473 3757 2548 3810 ὢν
2594 3725 2797 3824 σφόδρα
2837 3725 2930 3801 καὶ
2961 3736 3362 3810 πνευματικὸς,
3404 3727 3512 3784 ἀπὸ
3541 3725 3652 3779 τῶν

2059 3862 2118 3913 ὲν
2150 3859 2264 3918 τοῖς
2303 3850 2555 3923 οὐρανοῖς
2594 3845 2827 3898 ποιεῖται
2856 3837 2956 3908 τὴν
2996 3827 3363 3902 παράκλησιν.
3393 3840 3410 3873 ι
3455 3819 3654 3873 Beatus

2063 3953 2292 4015 Paulus,
2322 3943 2622 4002 admodum
2668 3933 2912 4008 prudens
2965 3942 3029 3982 ac
3057 3917 3398 3994 spiritualis,
3433 3926 3558 3968 cum
3586 3907 3656 3961 ad

2069 4042 2278 4114 aliquid
2326 4000 2686 4109 praestantius.
2727 4028 2998 4088 hortatur,
3047 4017 3115 4071 ab
3165 4013 3233 4068 iis
3261 4023 3384 4080 quae
3421 4007 3475 4059 in
3505 4000 3660 4057 caelis

2069 4094 2138 4100 ““““
2151 4094 2237 4114 1*"
2255 4094 2260 4095 ’
2326 4094 2345 4109 ι

2069 4148 2202 4196 sunt
2222 4128 2664 4192 exhortationem
2690 4117 2913 4192 promit.
2955 4133 2974 4166 ι
3010 4109 3224 4176 Quare,
3251 4115 3376 4156 cum
3400 4103 3514 4152 tota
3545 4094 3662 4146 hinc

2071 4229 2331 4305 perioche
2367 4221 2505 4278 nihil
2533 4189 2787 4272 aliud—sit
2825 4222 2990 4277 quam
3025 4196 3339 4258 exhortatio
3376 4190 3446 4246 ad
3485 4189 3666 4242 unita-

2077 4338 2208 4390 tem,
2239 4333 2414 4390 eaque
2442 4311 2623 4370 verbis
2647 4316 2702 4364 et
2732 4302 2986 4360 sensibus
3009 4288 3342 4363 evangelicis
3367 4293 3423 4340 ct
3448 4286 3669 4350 aposto-

2077 4368 2208 4476 licis
2231 4368 2492 4483 expressa
2518 4422 2534 4473 ;
2572 4416 2697 4458 cum
2732 4398 2800 4452 ab
2826 4394 3036 4448 unitate
3059 4383 3264 4442 Christi
3292 4389 3346 4435 et
3368 4375 3464 4430 Dei
3489 4368 3672 4426 Patris

2082 4463 2200 4476 ην.-
2235 4463 2449 4483 -_,,-_
2520 4463 2533 4473 ,

2082 4515 2138 4568 in
2175 4511 2281 4565 hac
2319 4506 2438 4575 ipsa
2490 4513 2551 4553 re
2606 4496 2992 4563 argumentum
3039 4482 3244 4535 ducere
3294 4471 3538 4527 solemne
3572 4463 3673 4528 sit;

2010 4581 2056 4635 Β
2089 4561 2402 4675 importuna
2445 4593 2606 4665 plane
2635 4561 2721 4643 est
2766 4585 2838 4638 de
2895 4581 3054 4646 longe
3100 4571 3267 4641 petita
3293 4561 3676 4620 haereticorum

2090 4651 2261 4675 ""r"
2277 4651 2327 4654 “”⁷
2448 4651 2464 4665 ι

2090 4701 2408 4769 dogmatum
2449 4681 2790 4754 expositione
2812 4682 2907 4730 aut
2932 4667 3263 4726 refutatione
3293 4651 3594 4726 cogitatio;
3621 4655 3678 4702 et

2927 4763 2940 4769 -
3081 4759 3112 4769 γι
3203 4755 3212 4764 ι
3261 4768 3265 4769 ν
3323 4744 3564 4769 _‘__-_:M-‘
3593 4749 3668 4769 n.—

2094 4744 2335 4769 πεπυ---
2358 4744 2384 4745 η
2523 4744 2537 4754 _

2094 4789 2266 4849 animi
2322 4779 2566 4839 auctoris
2617 4773 2686 4828 ad
2727 4781 2886 4826 suam
2927 4755 3275 4833 hypothesim
3323 4744 3566 4803 maxime
3592 4749 3680 4796 at-

2099 4879 2237 4940 tenti
2267 4878 2504 4932 violenta
2534 4861 2840 4924 distractio.

2170 4974 2359 5031 Altera
2408 4979 2541 5022 vero
2582 4973 2705 5030 qua:
2741 4949 2986 5022 sequitur
3024 4939 3319 5016 perioche,
3360 4941 3417 4990 et
3463 4928 3688 5003 quidem

2100 5071 2236 5128 satis
2267 5062 2502 5137 prolixa,
2528 5064 2639 5112 tota
2665 5055 2870 5121 quanta
2891 5050 2975 5098 est
3002 5037 3070 5093 ad
3097 5030 3348 5089 haeresim
3379 5021 3692 5082 evitandam

2958 5134 2970 5137 -
3115 5129 3138 5137 _
3209 5128 3221 5137 _
3365 5121 3389 5137 θ
3425 5117 3525 5137 ,,___
3546 5133 3562 5137 _

2101 5117 2418 5232 comparata
2458 5117 2560 5206 est.
2594 5117 2699 5216 Μὴ,
2734 5134 3009 5193 πλανᾶσθε
3045 5129 3168 5191 ταῖς
3204 5117 3595 5193 έτεροδοξίαις,
3635 5119 3699 5166 ut

3091 5221 3139 5232 ,η
3336 5213 3354 5232 κ
3404 5209 3528 5232 ’Λα
3581 5205 3698 5232 ιη-

2099 5205 2331 5327 epistola
2383 5245 2452 5302 ad
2507 5205 2842 5310 Smyriueos,
2889 5221 3236 5294 καταμάθετε
3264 5213 3361 5268 καὶ
3399 5209 3528 5272 τοὺς
3580 5205 3699 5258 ἑτε-

2899 5323 2908 5327 ·
2951 5322 2964 5327 ·
3087 5315 3132 5327 ἰ
3170 5311 3194 5327 ν
3273 5322 3378 5327 -ηη
3427 5302 3562 5327 ut-..
3611 5296 3690 5327 ι’..-

2107 5296 2479 5424 ρῖδῖξοῦντᾏιξ·
2515 5296 2663 5390 unde
2691 5296 2914 5398 Origeni
2946 5311 3247 5389 ἑτερόδοξοι
3273 5322 3381 5363 vox
3426 5302 3564 5424 adeo
3611 5296 3690 5424 ξει-

2143 5389 2459 5412 ννντνν--νν
2525 5389 2536 5390 ί
2793 5389 2820 5398 ν

2105 5389 2364 5503 iniliaris,
2384 5443 2552 5505 quam
2582 5424 2726 5481 male
2758 5411 3045 5474 transtulit
3079 5407 3466 5473 Hieronymus.
3499 5389 3701 5459 Quales

2115 5546 2300 5594 autem
2342 5528 2399 5584 hi
2440 5515 2762 5580 heterodoxi
2791 5512 2906 5568 sive
2943 5497 3188 5559 haeretici
3225 5491 3470 5554 fuerint,
3507 5489 3702 5540 contra

2115 5573 2300 5594 αιιῠυιιι
2342 5573 2399 5584 ..-
2440 5573 2583 5580 --ν---

2111 5641 2351 5704 quorum
2404 5619 2665 5687 dogmata
2709 5601 3096 5677 Magnesianos
3145 5583 3482 5664 praemunit,
3514 5573 3705 5634 statim

2772 5698 2810 5704 λ’
2937 5691 2962 5704 ’⁸
3014 5689 3025 5704 ⁹
3137 5703 3165 5704 η
3213 5676 3462 5704 --Ἷ---κῗρ
3492 5671 3700 5704 Ain-.vnn.

2114 5671 2619 5785 iter-liisﬁdaocet
2644 5745 2659 5776 ,
2691 5671 2828 5776 μηδὲ
2859 5689 3172 5769 μυθεύμασι
3209 5676 3462 5740 παλαιοῖς
3491 5671 3700 5740 ἀνωφε-
