4078 6402
447 425 555 483 519

1487 420 1545 477 S.
1589 421 1938 480 lCNATlUS.
1981 451 2047 463 —
2088 416 2623 477 PROLEGOMENA.

3607 414 3714 470 39.0

444 544 595 599 λέσιν
621 536 807 598 οῦσινο
844 556 954 597 non
988 539 1134 611 quod
1163 548 1374 607 auctor,
1398 540 1526 610 quia
1549 550 1673 611 post
1698 540 2031 598 Clementem
2061 549 2111 607 Α
2217 538 2373 595 Unde
2403 537 2719 593 ﬁrmissime
2757 534 3067 607 colligitur,
3101 533 3238 590 adeo
3273 541 3335 590 ut
3378 548 3449 589 ne
3490 535 3712 605 quidem

448 635 883 691 Alexandrinum
914 635 1171 704 scripsit,
1211 643 1272 689 ut
1302 633 1616 689 Blondellus
1643 634 1851 700 voluit,
1874 649 2028 689 com-

447 738 629 783 menta
667 724 1176 781 Valentinianorum
1201 726 1428 796 antiqua
1475 726 1593 782 sive
1621 736 1832 781 vetusta
1864 742 2028 782 voca-

448 828 791 890 ret;pugnat
814 820 920 874 hoc
942 819 1088 875 enim
1116 834 1241 874 cum
1272 819 1528 874 omnibus
1572 819 1734 875 istius
1762 821 1859 873 aevi
1892 820 2031 876 scri-

446 913 557 985 ptis
570 928 690 981 qua:
712 912 1091 967 haereticorum
1109 910 1366 981 dogmata
1382 927 1594 981 semper
1609 922 1867 981 tanquam
1886 928 2029 967 nova

448 1003 766 1073 exagitant;
798 1003 891 1059 sed
919 1004 1166 1058 instituta
1209 1001 1435 1058 Judaica
1473 1018 1599 1058 cum
1634 1003 1836 1057 fabulis
1876 1018 2031 1059 com-

448 1096 610 1152 mista
635 1135 652 1161 ,
705 1112 830 1166 quae
877 1106 1135 1165 tanquam
1173 1094 1376 1149 παλαιὰ
1411 1106 1465 1150 et
1498 1096 1747 1167 ἀνωφελῆ
1779 1111 1920 1165 saepe
1960 1094 2031 1150 ab

446 1186 696 1256 apostolo
715 1186 1098 1241 traducuntur.
1125 1185 1200 1239 Ita
1228 1185 1345 1255 ipse
1364 1186 1525 1256 paulo
1553 1196 1674 1255 post
1696 1196 1906 1240 veteres
1930 1184 2028 1239 Ju-

446 1276 595 1332 dznos
608 1278 666 1330 ὲν
688 1276 939 1339 παλαιοῖς
962 1278 1279 1347 πράγμασιν
1292 1278 1756 1348 ἀναστραφέντας,
1775 1278 1828 1330 in
1844 1278 2018 1331 veteri-

449 1370 543 1423 bus
563 1374 716 1425 rebus
748 1382 1086 1425 conversatos
1108 1388 1220 1424 esse
1241 1372 1403 1435 dicit;
1428 1373 1499 1425 ita
1526 1371 1863 1441 Epiphanius
1891 1388 2009 1426 eon-

448 1472 532 1516 tra
564 1462 824 1517 Ehionem
843 1463 1102 1531 disputat,
1127 1463 1208 1515 ὅτι
1228 1464 1287 1515 οὺ
1311 1464 1416 1533 χρὴ
1446 1463 1775 1533 βαπτισμοῖς
1796 1463 2031 1533 χρῆσθαι

450 1550 540 1602 καὶ
572 1550 747 1602 ἑοεσιν
776 1550 1127 1619 ἀνωφελέσιν,
1158 1569 1176 1601 ι
1202 1552 1346 1619 quod
1390 1568 1498 1605 non
1528 1562 1772 1620 oporteat
1800 1554 2032 1607 lavacris

452 1641 526 1693 uti
556 1652 608 1693 et
631 1641 1122 1695 consuetudinibus
1146 1640 1451 1697 inutilibus.
1497 1660 1517 1693 ι
1548 1642 1680 1707 Quis
1712 1653 1892 1696 autem
1923 1660 2030 1697 un-

451 1747 616 1799 quam
635 1729 1140 1786 Valentinianorum
1169 1732 1379 1787 fabulas
1406 1742 1616 1787 tantum
1634 1734 1839 1789 diceret
1861 1754 1880 1787 ‹
1910 1737 2034 1790 inu-

450 1824 627 1889 tiles,»
655 1826 721 1878 de
742 1825 941 1893 quibus
971 1826 1207 1880 Irenaeus
1239 1841 1251 1876 :
1291 1843 1309 1875 ι
1346 1823 1521 1894 Super
1554 1841 1747 1881 omnes
1771 1837 1853 1881 est
1882 1828 2029 1883 blas-

452 1915 651 1986 phe'ma
699 1918 885 1986 regula
927 1917 1193 1987 ipsorum.
1230 1937 1251 1970 ι
1312 1917 1466 1974 Licet
1507 1919 1651 1973 enim
1684 1920 2035 1989 pliilosOpho-
2061 1899 2107 1959 Β

451 2022 575 2062 rum
603 2007 909 2063 doctrinam
932 2050 947 2075 ,
996 2024 1063 2063 ex
1094 2025 1201 2079 qua
1239 2025 1394 2064 suam
1426 2010 1774 2079 aliquatenus
1812 2012 2032 2065 derivao

449 2108 602 2161 runt,
632 2100 834 2155 alicubi
874 2110 1112 2155 veterem
1149 2111 1204 2155 et
1235 2101 1482 2156 inutilem
1511 2110 1701 2168 vocet,
1732 2118 1922 2156 eorum
1952 2112 2036 2158 tav

451 2204 578 2244 men
609 2191 1006 2261 matarologiam
1036 2200 1090 2246 et
1130 2200 1391 2261 tanquam
1419 2207 1617 2247 novam
1640 2233 1655 2257 ,
1689 2201 1743 2247 et
1770 2202 2032 2262 tanquam

451 2280 827 2351 blasphemam
856 2285 1212 2338 condemnat.
1243 2283 1477 2355 Ideoque
1506 2284 1894 2353 interpolator,
1920 2285 2036 2340 sive

451 2375 859 2443 paraphrastes,
891 2390 1116 2429 sensum
1141 2385 1379 2442 secutus,
1414 2376 1655 2431 auctoris
1685 2386 1919 2431 mentem
1947 2376 2035 2431 his

450 2467 633 2522 verbis
664 2469 933 2537 expressit
967 2486 979 2521 :
1005 2467 1156 2539 Μηδὲ
1190 2467 1379 2539 μύθοις
1403 2468 1617 2538 ἐνέχετε
1648 2467 1741 2521 καὶ
1781 2467 2035 2537 γενεαλο-

453 2558 599 2627 γίαις
644 2560 1001 2629 ἀπεράντοις,
1052 2559 1148 2613 καὶ
1199 2559 1510 2623 Ἰουδαϊκοῖς
1555 2559 1763 2627 τύφοις,
1810 2578 1829 2611 ι
1862 2574 2039 2628 neque

450 2648 748 2703 intendatis
788 2648 1026 2713 fabulis,
1069 2658 1123 2704 et
1171 2650 1505 2720 genealogiis
1553 2651 1943 2716 interminatis,
1983 2659 2039 2706 et

448 2736 692 2793 Judaicis
716 2740 1117 2806 inﬂationibus,
1152 2760 1170 2792 ι
1210 2741 1393 2796 locum
1427 2741 1484 2796 S.
1531 2740 1688 2796 Pauli
1734 2744 2037 2812 respiciens

449 2831 520 2885 ad
543 2829 888 2886 Timotheum
917 2832 982 2896 ³¹,
1014 2832 1102 2887 cui
1152 2833 1315 2887 etiam
1352 2834 1562 2889 addidit
1603 2834 1698 2889 illa
1742 2834 1811 2889 ad
1841 2834 2038 2889 Corin-

454 2923 640 2977 thios:
678 2922 867 2977 Vetera
904 2926 1045 2977 enim
1090 2926 1453 2992 transierunt,
1491 2938 1540 2979 et
1580 2942 1694 2981 ecce
1722 2927 1870 2997 facta
1906 2937 2031 2981 sunt

451 3012 633 3066 omnia
668 3029 801 3065 nova
827 3013 892 3066 ³⁸.
924 3011 1138 3067 Nullam
1166 3023 1314 3069 certe
1340 3016 1504 3070 aliam
1533 3016 1698 3085 hujus
1728 3018 1831 3072 loci
1859 3031 2028 3087 expo-

456 3102 711 3157 sitionem
754 3104 960 3172 patitur
996 3105 1134 3160 ratio
1174 3106 1296 3174 ipsa
1343 3108 1746 3163 exhortationis
1775 3124 1898 3179 quae
1928 3110 2033 3163 im-

454 3193 690 3247 mediate
717 3193 1069 3265 subjungitur
1097 3212 1110 3248 :
1146 3215 1164 3247 ‹
1206 3196 1262 3251 Si
1282 3199 1429 3252 enim
1460 3214 1637 3269 usque
1660 3216 1809 3255 nunc
1838 3216 2035 3255 secnn-
2061 3229 2108 3289 ο

453 3286 585 3339 dum
624 3285 975 3342 Judaismum
1008 3288 1269 3355 vivimus,
1309 3290 1639 3346 conﬁtemur
1670 3293 1901 3363 gratiam
1925 3307 2035 3346 non

453 3378 748 3447 recepisse.
788 3396 805 3429 ι
839 3376 953 3431 Nisi
982 3379 1129 3433 enim
1175 3380 1363 3449 priora
1413 3380 1481 3436 de
1510 3379 1796 3435 Judaismo
1836 3380 2040 3435 intelli-

454 3478 673 3541 gantur,
708 3470 823 3526 haec
845 3472 1005 3541 plane
1034 3481 1195 3526 erunt
1218 3473 1468 3527 ridicula.
1499 3472 1797 3540 Quorsum,
1823 3487 2035 3543 quaeso,

458 3561 715 3628 hrec,nisi
743 3562 854 3619 illis
899 3563 1100 3620 fabulis
1130 3564 1357 3620 vetustis
1386 3575 1439 3620 et
1470 3565 1756 3621 inutilibus
1778 3566 1842 3620 ad
1857 3564 2039 3619 Judai-

455 3666 581 3705 cum
617 3652 741 3708 vita:
778 3654 1154 3711 characterem
1195 3655 1547 3711 Christianos
1580 3666 1897 3711 revocarent
1923 3656 2036 3710 ha:-

458 3745 611 3797 retici
649 3744 750 3811 illi,
784 3760 979 3802 contra
1027 3764 1168 3818 quos
1197 3748 1486 3818 disputat?
1514 3749 1601 3802 At.
1637 3748 1776 3802 nihil
1804 3748 1909 3801 tale
1938 3747 2041 3800 doc

458 3849 525 3888 cu
553 3843 573 3887 t
602 3833 870 3891 Valentini
904 3838 1129 3905 schola;
1167 3840 1261 3906 qui
1291 3848 1401 3892 tam
1452 3837 1659 3907 abjecte
1685 3838 1751 3892 de
1790 3836 2040 3892 Demiur—

458 3942 529 3996 go
576 3927 830 3998 scripsit,
880 3930 947 3982 ad
1006 3929 1175 3999 legem
1214 3930 1512 3985 Mosaicam
1554 3930 1859 3999 discipulos
1898 3946 2040 3983 nun-

458 4034 625 4087 quam
651 4020 947 4073 revocavit.
981 4018 1223 4076 Ebionazi
1268 4022 1373 4077 hoc
1419 4022 1720 4091 urgebant,
1752 4020 1845 4090 qui
1877 4020 2040 4075 Chria

458 4115 603 4161 stum
643 4110 821 4177 ipsum
850 4107 1095 4166 Judaicis
1119 4112 1317 4165 ritibus
1344 4112 1693 4166 obedientem
1733 4111 1905 4167 fuisse
1933 4112 2037 4166 ob-

457 4201 769 4265 servabant,
808 4211 862 4256 et
888 4202 1035 4257 illius
1064 4204 1315 4272 exemplo
1344 4204 1693 4259 Christianos
1728 4220 1920 4259 omnes
1969 4205 2039 4258 ad

456 4293 675 4348 eosdem
716 4294 858 4348 ritus
898 4294 1274 4349 observandos
1329 4294 1573 4365 obligare
1618 4296 1927 4349 voluerunt.
1975 4295 2039 4351 Hi

453 4382 602 4440 enim
648 4383 955 4437 docuerunt
1004 4383 1116 4437 δεῖν
1177 4383 1395 4446 πάντως
1452 4384 1638 4446 αὐτοῖς
1686 4384 1785 4454 τῆς
1813 4385 2042 4456 νομικῆς

457 4474 775 4547 Θρησκείας,
801 4475 877 4540 ὡς
919 4476 993 4546 μὴ
1026 4476 1090 4531 ἂν
1117 4476 1207 4529 διὰ
1231 4477 1397 4547 μόνης
1422 4476 1522 4547 τῆς
1549 4478 1629 4540 εἰς
1671 4476 1762 4529 τὸν
1808 4478 2041 4545 Χριστὸν

2132 633 2201 688 ab
2244 634 2543 688 incredulis
2582 630 2716 701 ipsis
2757 628 3029 684 hmreticis
3055 628 3241 698 negari
3278 628 3491 698 possit,
3521 628 3604 681 ὅτι
3631 625 3716 692 εἷς

2134 725 2266 787 Θεός
2289 725 2438 776 ἐστιν
2466 724 2494 775 ὁ
2519 719 2842 792 φανερώσας
2866 716 3061 771 ἑαυτὸν
3102 716 3193 769 διὰ
3221 714 3399 784 Ἰησοῦ
3438 714 3676 785 Χριστοῦ
3696 753 3713 774 ,

2130 814 2274 885 quod
2308 814 2451 868 Deus
2480 828 2641 882 quem
2667 811 2745 865 illi
2770 811 3079 871 coluerunt,
3108 823 3253 862 unus
3275 815 3329 861 et
3348 805 3488 860 idem
3506 805 3717 874 sit,qui

2129 924 2190 963 se
2220 922 2316 977 per
2339 904 2525 960 Jesum
2547 904 2824 959 Christum
2848 900 3124 965 revelavit,
3152 900 3309 968 cujus
3327 897 3402 951 illi
3424 897 3593 967 gratia
3627 914 3716 950 re-

2132 1000 2262 1070 pleti
2293 1008 2451 1053 erant
2478 1016 2490 1051 :
2525 992 3287 1065 Jesum,inquam,Christum
3310 989 3507 1043 Filium
3524 1005 3710 1052 suum,

2130 1107 2239 1148 non
2302 1090 2487 1153 talem,
2543 1090 2760 1159 qualem
2803 1087 2879 1141 illi
2932 1086 3129 1139 docent
3177 1083 3363 1154 (λιτόν,
3417 1082 3500 1136 vel
3533 1082 3713 1133 κοινόν

2130 1184 2217 1239 vel
2256 1182 2410 1253 ψιλὸν
2444 1182 2751 1255 ἄνθρωπον,
2793 1180 3070 1235 hominem
3109 1179 3338 1243 nudum,
3380 1176 3709 1245 simplicem,

2131 1286 2228 1332 aut
2276 1278 2575 1345 vulgarem,
2627 1275 2769 1329 κατὰ
2801 1274 3033 1344 ἐκλογὴν
3068 1272 3197 1324 Υἱὸν
3228 1269 3364 1323 Θεοῦ
3406 1268 3711 1337 κληθέντα,

2134 1369 2435 1428 secundum
2458 1368 2777 1422 electionem
2808 1364 3009 1419 Filium
3043 1363 3137 1417 Dei
3171 1370 3449 1427 vocatum,
3482 1359 3540 1412 ὃν
3569 1360 3716 1427 φάσ-

2132 1478 2317 1514 κουσιν
2339 1461 2439 1513 οὐκ
2466 1462 2529 1511 ὲκ
2557 1458 2690 1511 Θεοῦ
2713 1456 2925 1529 Πατρὸς
2953 1454 3310 1525 γεγενῆσθαι,
3340 1468 3501 1523 quem
3526 1452 3717 1506 dicunt

2132 1566 2240 1604 non
2291 1566 2322 1605 a
2386 1550 2496 1604 Deo
2537 1549 2698 1605 Patre
2736 1550 3053 1619 genitum),
3106 1547 3202 1601 sed
3242 1547 3301 1609 ὃς
3346 1548 3495 1599 ἐστιν
3546 1543 3715 1598 αὐτοῦ

2131 1642 2302 1709 Λόγος
2345 1640 2531 1705 ἀΐδιος,
2583 1642 2676 1710 qui
2743 1641 2915 1709 ipsius
2964 1638 3058 1693 Dei
3123 1638 3355 1694 Verbum
3412 1644 3497 1690 est
3551 1646 3715 1690 aster-

2132 1749 2301 1796 num,
2335 1734 2633 1786 secundum
2678 1732 2808 1785 illud
2849 1730 2907 1786 S.
2952 1730 3183 1786 Joannis
3226 1731 3318 1784 ³³;
3361 1728 3424 1783 In
3447 1730 3709 1798 principio

2132 1833 2246 1878 erat
2293 1822 2515 1877 Verbum
2536 1824 2819 1889 ,Verbum,
2839 1824 3085 1893 inquam,
3099 1831 3282 1876 tamen
3299 1832 3585 1886 aeternum,
3605 1820 3714 1871 Λό-

2134 1934 2230 1987 γος
2257 1916 2357 1969 οὐκ
2396 1915 2503 1969 ἀπὸ
2544 1917 2699 1987 σιγῆς
2743 1914 3040 1986 προελθών.
3083 1912 3271 1984 Neque
3308 1914 3454 1969 enim
3494 1912 3721 1982 vulgare

2138 2009 2360 2079 aliquod
2391 2009 2616 2063 verbum
2660 2018 2762 2073 est,
2791 2008 2951 2077 quale
2971 2016 3056 2062 est
3088 2006 3329 2060 hominis
3355 2006 3593 2079 scilicet,
3624 2014 3721 2058 aut

2135 2100 2429 2169 cujuslibet
2456 2109 2741 2164 creaturas,
2779 2099 2927 2169 qudd
2952 2114 3020 2154 ex
3053 2098 3273 2154 silentio
3310 2096 3531 2167 prodire
3553 2095 3713 2158 solet,

2136 2194 2384 2263 adeoque
2418 2192 2625 2262 aliquid
2647 2192 2966 2261 praecedens
2989 2204 3290 2261 agnoscere
3314 2230 3330 2255 ,
3357 2189 3453 2243 sed
3478 2186 3717 2242 Verbum

2137 2284 2232 2340 Dei
2278 2284 2499 2353 Deoquc
2525 2293 2880 2340 coaeternum.
2930 2282 3056 2337 Haec
3099 2291 3283 2338 autem
3313 2282 3519 2336 directe
3554 2278 3720 2333 Ebio-

2139 2393 2288 2431 natos
2312 2376 2580 2431 feriebant
2604 2417 2619 2443 ,
2655 2392 2891 2446 quorum
2925 2376 3090 2431 etiam
3123 2375 3200 2428 illi
3232 2373 3327 2444 qui
3356 2372 3568 2427 caeteris
3599 2386 3719 2425 me-

2138 2468 2304 2523 liores
2328 2483 2449 2523 esse
2473 2468 2800 2522 videbantur
2821 2509 2837 2534 ,
2867 2468 2961 2538 qui
2996 2468 3279 2523 Christum
3313 2482 3381 2522 ex
3421 2464 3637 2535 Virgine
3664 2473 3723 2520 et

2141 2557 2346 2628 Spiritu
2378 2567 2569 2612 sancto
2602 2557 2844 2627 genitum
2868 2572 2990 2611 esse
3029 2572 3137 2611 non
3170 2555 3473 2625 negabant,
3503 2553 3564 2605 οὑ
3611 2552 3722 2623 μὴν

2140 2649 2216 2702 ἔθ’
2251 2649 2450 2720 ὁμοίως
2482 2650 2575 2701 καὶ
2602 2643 2745 2703 οὗτοι
2780 2648 3156 2719 προῦπάρχειν
3188 2646 3353 2699 αὑτὸν
3382 2646 3516 2699 Θεὸν
3546 2645 3723 2712 Λόγον

2137 2739 2267 2793 ὄντα
2300 2741 2392 2792 καὶ
2424 2740 2615 2807 σοφίαν
2649 2739 3037 2811 ὁμολογοῦντες
3068 2742 3133 2811 τῇ
3164 2737 3276 2792 τῶν
3308 2737 3590 2809 προτέρων
3620 2753 3721 2788 πε-

2142 2831 2490 2903 ριετρέποντο
2518 2831 2823 2904 δυσσεϐείᾳ,
2850 2851 2867 2882 ‹
2894 2831 3257 2887 nihilominus
3276 2829 3720 2894 cumChristum,

2140 2934 2324 2993 utpote
2351 2923 2520 2979 Deum
2548 2924 2783 2979 Verbum
2802 2938 2854 2980 et
2870 2926 3365 2995 sapientiam,ante
3382 2924 3563 2977 omnia
3589 2921 3725 2975 sub-

2138 3017 2348 3072 stitisse
2388 3017 2614 3071 minime-
2654 3015 2966 3085 fateantur,
3004 3037 3022 3070 ι
3056 3017 3307 3087 adeoque
3338 3016 3732 3072 sanctissimos

2138 3109 2435 3179 prophetas
2462 3109 2608 3164 illius
2631 3111 2802 3181 gratia
2835 3109 3131 3180 inspiratos
3154 3109 3322 3165 fuisse
3352 3117 3572 3178 negent,
3605 3126 3625 3159 ι
3666 3108 3735 3164 ιιι

2138 3203 2387 3256 eamdem
2428 3218 2553 3256 cum
2588 3203 2867 3273 prioribus
2900 3202 3233 3272 impietatem
3264 3201 3471 3271 delapsi
3499 3209 3665 3265 sunt;
3701 3220 3725 3253 ι

2144 3293 2379 3365 μάλιστα
2421 3295 2510 3347 ὅτε
2540 3295 2634 3347 καὶ
2663 3295 2763 3366 τὴν
2795 3294 3115 3365 σωματικὴν
3144 3293 3273 3365 περὶ
3317 3293 3408 3346 τὸν
3438 3293 3600 3362 νόμον
3627 3292 3731 3344 λα-

2139 3384 2327 3456 τρείαν
2358 3386 2558 3456 ὁμοίως
2580 3387 2807 3449 ἐκεινοις
2834 3386 3117 3458 περιέπειν
3153 3386 3507 3449 ἐσπούδαζον,
3534 3404 3551 3435 ι
3580 3401 3729 3453 prae—

2140 3479 2327 3530 sertim
2365 3494 2488 3532 cum
2530 3478 2851 3547 corporales
2892 3476 3029 3547 legis
3064 3476 3319 3533 Mosaicae
3364 3476 3731 3532 cmremoaias

2140 3567 2368 3635 perinde
2398 3584 2462 3622 ac
2486 3568 2562 3622 illi
2602 3577 2860 3623 accurate
2894 3569 3234 3635 custodiant,
3273 3587 3292 3620 ι
3330 3576 3390 3623 ut
3422 3567 3585 3621 docet
3614 3565 3733 3620 Eu-

2140 3657 2345 3713 sebius.
2373 3658 2553 3725 Quare
2576 3658 2645 3713 ab
2678 3658 2987 3728 Epiphanio
3018 3660 3183 3714 etiam
3221 3658 3575 3713 observatum
3618 3667 3730 3720 est,

2140 3751 2286 3820 quod
2330 3750 2388 3805 S.
2434 3749 2677 3806 Joannes
2704 3793 2718 3817 ,
2752 3750 2968 3821 ἐλέγχει
2999 3751 3197 3813 αὐτοὺς
3221 3750 3365 3804 κατὰ
3394 3751 3575 3804 πάντα
3602 3749 3733 3820 τρὸ-

2140 3857 2262 3905 πον,
2284 3840 2479 3908 λέγων,
2512 3840 2593 3893 ὅτι
2609 3840 2678 3893 ἐν
2699 3839 2856 3909 ἀρχῇ
2874 3840 2953 3909 ἦν
2975 3844 3007 3894 ό
3033 3841 3222 3910 Λόγος
3238 3880 3253 3905 ,
3277 3841 3373 3893 καὶ
3394 3843 3425 3893 ὀ
3441 3840 3632 3910 Λόγος
3648 3840 3733 3906 ἦν

2141 3932 2292 3999 πρὸς
2324 3932 2428 3985 τὸν
2450 3931 2616 3995 Θεὸν,
2650 3931 2743 3984 καὶ
2771 3931 2915 3997 Θεὸς
2938 3930 3016 3999 ἦν
3045 3932 3256 4000 Λόγος,
3285 3949 3303 3982 ι
3339 3929 3534 3984 refutat
3561 3928 3733 3983 Ειιίο-

2142 4038 2291 4077 nasos
2322 4023 2579 4077 omnibus
2601 4022 2795 4086 modis,
2826 4022 3036 4089 dicens,
3060 4020 3205 4091 quod
3232 4022 3287 4075 in
3323 4022 3583 4091 principio
3609 4031 3730 4074 erat

2153 4112 2378 4169 Verbum
2393 4125 2442 4168 et
2469 4114 2691 4169 Verbum
2710 4124 2823 4169 erat
2850 4115 2990 4185 apud
3016 4115 3205 4180 Deum;
3221 4123 3270 4169 et
3293 4113 3431 4168 Deus
3456 4126 3567 4167 erat
3590 4111 3727 4168 Ver-

2144 4203 2287 4256 bum.
2321 4222 2341 4256 ι
2396 4203 2557 4259 Certe
2604 4205 2648 4260 si
2696 4202 2936 4259 Joannes
2980 4204 3123 4271 illis,
3159 4204 3325 4259 etiam
3360 4202 3603 4273 lgnatius
3638 4202 3728 4257 his

2143 4296 2328 4350 verbis
2365 4294 2655 4350 Ebionaaos
2702 4296 2936 4361 refutat;
2977 4311 3155 4366 neque
3205 4295 3257 4349 id
3309 4294 3511 4349 clarius
3543 4303 3730 4363 patere

2144 4392 2325 4453 potest
2347 4399 2509 4453 quam
2541 4399 2608 4437 ex
2645 4384 2734 4448 iis,
2759 4384 3212 4454 quasiminediate
3229 4393 3283 4439 et
3314 4384 3537 4439 eosdem
3566 4399 3727 4452 aper-

2143 4485 2197 4531 te
2231 4475 2455 4530 feriunt.
2488 4495 2506 4527 ι
2542 4474 2597 4528 Si
2636 4477 2821 4547 igitur,
2875 4476 3075 4545 inquit,
3116 4477 3194 4529 illi
3229 4477 3562 4530 divinissimi
3596 4491 3727 4544 pro-

455 4564 693 4629 πίστεως
719 4566 811 4619 καὶ
842 4566 935 4619 τοῦ
963 4568 1083 4620 κατ’
1102 4567 1271 4637 αὐτὴν
1295 4566 1411 4636 βίου
1436 4565 1853 4637 σωθησομένοις.
1892 4585 1910 4618 ‹
1938 4565 2037 4621 Le-

2147 4569 2325 4639 phetaa
2361 4569 2414 4622 in
2450 4570 2724 4624 veteribus
2776 4569 2941 4623 rebus
2968 4569 3273 4624 conversati
3326 4570 3379 4622 in
3426 4569 3727 4622 novitatem

457 4659 542 4731 gis
567 4660 1006 4716 observationem
1039 4660 1145 4716 sibi
1190 4660 1418 4715 omnino
1464 4660 1832 4715 necessariam
1882 4661 2041 4715 duce-

458 4752 611 4819 bant,
643 4752 803 4822 quasi
842 4768 939 4822 per
960 4752 1137 4809 solam
1171 4751 1225 4805 in
1250 4749 1533 4806 Christum
1579 4751 1740 4806 ﬁdem
1763 4752 2041 4823 vitamque

456 4859 526 4899 ex
548 4860 614 4900 ea
666 4845 772 4899 lide
830 4844 1136 4900 traductam
1194 4842 1425 4898 salutem
1451 4845 1717 4913 consequi
1752 4860 1865 4899 non
1892 4844 2040 4900 vale-

458 4948 603 4995 rent.
634 4956 654 4991 ι
678 4938 904 5002 Euseb,
934 4938 1031 4993 lib.
1064 4952 1149 5005 ιιι,
1177 4952 1298 5007 cap.
1328 4936 1419 4991 27.
1449 4935 1520 4993 Ut
1544 4938 1615 4992 ab
1639 4938 1724 4993 his
1757 4938 1926 5009 igitur
1948 4952 2041 4994 ca-

466 5039 648 5097 veant,
676 5030 1057 5101 Magnesianos
1086 5036 1273 5084 monet
1312 5028 1592 5101 lgnatius;
1623 5030 1827 5101 quippe
1862 5028 2038 5084 Ebion

469 5120 523 5173 in
553 5120 683 5175 Asia
710 5136 872 5176 suum
902 5122 1098 5192 dogma
1120 5120 1594 5186 disseminaverat,
1632 5121 1879 5175 tradente
1909 5119 2039 5191 Epi-

467 5215 691 5283 phanio,
720 5209 874 5277 οὗτος
896 5214 991 5284 μὲν
1015 5210 1109 5267 οὖν
1130 5216 1159 5267 ὁ
1182 5214 1375 5267 Ἐὁίων
1400 5214 1493 5268 καὶ
1516 5212 1679 5277 αὐτὸς
1708 5216 1766 5267 ὲν
1788 5216 1854 5285 τῇ
1885 5215 2042 5286 Ἀσίᾳ

462 5301 578 5377 εἶχε
603 5305 664 5359 τὸ
695 5307 976 5379 κήρυγμα.
1012 5307 1213 5363 Contra
1257 5308 1359 5363 hos
1386 5307 1552 5378 igitur
1600 5305 1947 5375 judaizantes
1985 5316 2042 5362 et

462 5399 683 5469 proprie
724 5408 779 5453 et
824 5398 945 5454 fuse
983 5400 1244 5471 disputat.
1287 5418 1306 5451 ι
1340 5399 1675 5455 Divinissimi
1724 5400 1871 5453 enim
1907 5414 2037 5469 pro-

461 5492 658 5561 phetaz,
680 5493 878 5563 inquit,
899 5495 1198 5549 secundum
1218 5493 1497 5548 Christum
1522 5492 1710 5548 Jesum
1738 5495 1994 5547 vixerunt
2021 5512 2035 5553 ;

464 5592 685 5654 propter
714 5586 819 5641 hoc
841 5594 897 5641 et
918 5587 1355 5658 persecutionem
1396 5586 1545 5657 passi
1570 5594 1700 5642 sunt
1727 5585 1980 5654 inspirati
2007 5601 2037 5639 a

462 5679 636 5749 gratia
665 5678 858 5750 ipsius.
894 5698 915 5733 ι

506 5848 544 5880 ³¹
589 5850 767 5911 l'l'im.
795 5873 831 5919 ι,
856 5856 908 5909 4.
982 5860 1025 5890 ³³
1051 5857 1090 5912 ll
1115 5860 1239 5914 Cor.
1270 5876 1319 5924 ν,
1353 5858 1435 5910 l7.
1517 5858 1561 5889 ³³
1594 5858 1724 5927 (2³ιί
1764 5873 1799 5922 ¹ν
1833 5872 1883 5908 ν·
1912 5856 1959 5909 ί·

2144 4660 2259 4729 spei
2296 4668 2592 4727 venerunt,
2645 4675 2755 4714 non
2813 4662 3252 4729 sabbatizantes,
3289 4662 3382 4715 sed
3419 4661 3725 4716 secundum

2144 4752 2487 4808 Dominicam
2527 4756 2694 4810 vitam
2728 4755 2995 4817 viventes,
3025 4764 3156 4823 etc.,
3192 4755 3467 4824 quomodo
3498 4769 3599 4808 nos
3633 4768 3729 4821 po-

2143 4845 2374 4901 terimus
2408 4846 2593 4904 vivere
2624 4847 2745 4903 sine
2776 4847 2890 4915 illo,
2926 4848 3089 4919 cujus
3141 4854 3198 4902 et
3237 4846 3516 4917 propheta:
3551 4845 3724 4901 disci-

2140 4938 2256 5009 puli
2284 4939 2612 4996 exsistentes
2645 4942 2843 5012 spiritu
2894 4941 3076 5011 ipsum
3111 4948 3172 4995 ut
3212 4940 3497 4995 doctorem
3530 4954 3727 5007 exspe-

2143 5031 2405 5087 etahant?
2432 5051 2451 5084 ι
2482 5030 2621 5087 Cum
2656 5033 2821 5105 igitur
2841 5033 2956 5089 haec
2977 5033 3163 5088 omnia
3186 5047 3310 5103 quae
3338 5031 3395 5085 in
3418 5032 3520 5085 hac
3540 5031 3727 5101 perio-

2141 5123 2243 5177 che
2276 5124 2629 5179 continentur
2653 5134 2763 5180 tam
2792 5126 3001 5180 directe
3030 5124 3296 5179 Ebionem
3326 5122 3561 5191 feriant,
3597 5138 3723 5176 cum

2141 5231 2211 5269 ne
2245 5215 2471 5270 minima
2506 5217 2726 5286 quidem
2762 5217 3090 5273 sententiola
3136 5216 3315 5271 otiosa
3364 5215 3437 5269 sit
3479 5223 3574 5267 aut
3616 5212 3727 5265 alio

2142 5315 2418 5375 spectans,
2451 5307 2545 5361 sed
2575 5318 2774 5361 cuncta
2808 5306 3102 5361 confertim
3130 5316 3183 5360 et
3209 5305 3577 5375 eonglobatim
3616 5305 3727 5357 ha:-

2141 5398 2372 5451 reticum
2421 5414 2545 5453 eum
2593 5408 2778 5468 petant
2822 5407 2878 5453 et
2914 5398 3196 5470 jugulent;
3243 5397 3429 5451 nullus
3495 5397 3726 5451 omnino

2142 5487 2353 5545 deliriis
2380 5490 2779 5546 Valcntinianis
2809 5491 2964 5546 locus
2996 5506 3117 5546 esse
3154 5497 3353 5559 potest.
3389 5486 3545 5543 Unde
3579 5487 3724 5539 haud

2142 5584 2341 5654 injuria
2380 5588 2538 5643 nobis
2580 5589 2757 5657 posita
2792 5587 3007 5641 videtur
3045 5586 3277 5641 assertio
3317 5582 3590 5645 secunda,
3615 5578 3729 5633 Nec

2141 5680 2307 5733 verba
2361 5680 2474 5749 ipsa
2526 5680 2625 5733 οὐκ
2680 5679 2787 5733 ἀπὸ
2818 5678 2978 5750 σιγῆς
3007 5673 3315 5748 προελθών,
3338 5689 3437 5729 nec
3470 5672 3580 5728 alia
3614 5670 3726 5724 ulla
