2039 3195
114 185 165 213 521

471 177 498 205 1.
518 173 702 204 PEARSONII
724 169 886 201 VlNDlCle
907 166 1119 197 lGNATlANAS.
1140 181 1175 187 —
1194 163 1287 192 PARS
1305 161 1339 190 ιι.

1699 155 1752 185 322

114 244 159 270 bis
175 241 284 269 duabus
301 238 441 275 periochis
458 241 598 268 contenta,
611 235 644 262 ad
660 234 833 261 Valentinum
850 238 910 258 om-
923 233 948 262 Α
961 235 996 255 ex
1008 226 1053 254 his
1071 225 1192 254 secunda
1209 222 1360 251 emissione
1375 219 1496 248 hominis
1508 223 1535 246 et
1552 215 1682 245 Ecclesia).
1700 216 1752 250 ipsi

1209 269 1220 275 ι-
1237 269 1242 275 ·
1378 273 1385 275 A
1400 265 1486 275 7,374.:
1506 263 1626 275 n---.:..:
1664 262 1738 275 :.......

112 289 180 315 nino
191 291 320 322 spectare
333 306 341 318 ,
357 284 483 318 adeoque
497 289 530 310 ea
547 281 607 309 sine
628 280 748 307 violenta
762 278 909 306 verborum

112 334 274 361 detorsione
300 332 334 358 ad
352 330 428 357 illius
446 327 563 356 liazresin
591 325 781 361 exponendam
798 329 846 351 aut
864 330 911 351 re-

112 377 258 407 tutandam
276 375 411 412 applicari
434 381 488 401 non
503 380 594 409 posse.

423 452 541 481 CAPUT
561 451 606 479 VI.

110 517 233 545 Asserlio
249 515 331 542 tertia
343 534 350 545 ,
366 513 478 540 haereant
492 511 559 537 hanc
579 509 720 536 Valentino
741 507 823 542 fuisse
843 506 914 545 arui-

144 541 282 587 quioreut,
302 541 357 587 etro
370 547 500 587 puerilius
512 545 651 587 gnost‘i'eis
670 541 814 587 accgpt'ar‘n.
838 541 913 582 idem

142 578 283 614 Inseritur
310 586 342 611 ab
366 583 487 615 lremro,
512 580 695 610 Tertulliano,
712 578 863 615 Epiphanio
888 580 912 602 et

146 612 328 649 ᾖλέοᾱονριο.
357 612 514 646 Ostenditur
540 616 655 650 Bytlmm
683 613 818 650 etrst'gcn
844 612 914 638 inter

144 658 342 685 Gnosticorum
354 659 470 681 veterum
489 649 695 678 combinationes
713 649 809 685 fuisse,
820 652 914 685 contra

141 682 336 720 Bloudcllum.
354 688 487 716 Probatur
502 687 605 713 eosdem
621 690 646 712 et
661 682 723 711 Nini
738 688 762 710 et
776 682 914 720 ᾼΙξιὴιξίαη

141 717 288 761 ῨΒῃὶΙιο
305 731 330 752 et
346 724 407 759 Sige
422 723 554 761 eduxisse,
569 729 601 748 ea:
616 720 666 761 u_
676 727 735 761 vero
749 718 787 761 uel
803 717 915 758 {imbro-

142 753 180 797 po
197 753 313 796 LBgon,
335 753 427 797 coti'lru
450 757 591 797 Dallteunt.
620 755 687 797 Trio.
711 753 809 797 D_allwi
834 760 915 787 argu-

144 790 289 825 inenlauin
305 790 470 823 contrarium
482 792 599 819 adducta
612 790 779 826 refelluntur.

142 853 288 887 Quamvis
303 851 429 886 exposita
447 848 683 883 comprobataque
698 844 853 873 assertione
870 850 915 870 se-

959 277 1053 308 patres
1068 278 1181 303 eorum,
1208 269 1278 296 falso
1302 265 1488 301 cognominati
1506 263 1639 295 Gnostici,
1664 262 1754 296 impu-

961 320 1046 352 gnant
1059 315 1190 343 adversus
1204 313 1332 344 invicem,
1350 318 1399 338 sua
1412 310 1523 345 propria
1538 308 1691 335 indicantes
1701 327 1709 339 ,
1726 311 1754 333 et

961 362 1049 390 malos
1066 360 1140 388 fures
1155 358 1319 392 semetipsos
1336 355 1543 383 convincentes.
1561 362 1571 379 ι
1591 352 1752 385 Quereban-

960 413 1005 436 tur
1030 407 1113 442 igitur
1140 403 1264 433 Gnostici
1287 401 1494 429 Valentinianos
1521 404 1652 439 tanquam
1676 397 1754 424 fures

962 461 1013 481 sua
1028 452 1210 487 subripuisse,
1225 454 1253 477 et
1265 448 1375 484 quidem
1398 446 1475 474 fures
1493 452 1527 473 eo
1542 445 1663 480 pejores,
1678 442 1752 479 quod

962 498 1035 526 male
1057 497 1084 524 in
1106 495 1248 531 proprium
1271 493 1459 521 characterem
1476 498 1508 518 ea
1535 489 1763 517 transtulissent.’

962 542 1030 571 Post
1054 541 1186 569 lrenteum
1209 539 1304 567 statim
1327 535 1513 564 Tertullianus
1536 534 1571 562 de
1587 533 1753 561 Valentino:

966 599 975 615 ‹
994 587 1146 622 Cujusdam
1160 585 1262 613 veteris
1275 581 1415 619 opinionis
1435 588 1529 608 semen
1545 583 1642 606 nactus
1659 576 1756 605 Colar-

963 634 1031 660 baso
1051 632 1124 659 viam
1149 629 1307 658 delineavit.
1330 637 1339 654 ι
1358 627 1399 653 Ad
1415 633 1497 662 quem
1520 631 1633 652 sensum
1652 622 1755 650 intelli-

964 678 1051 714 genda
1069 677 1197 704 videntur
1223 675 1269 702 illa
1283 681 1345 709 quae
1368 672 1416 699 lib.
1438 671 1478 698 De
1504 671 1605 702 anima,
1630 676 1692 702 cap.
1709 666 1755 699 18,

964 724 1046 751 habet
1060 733 1066 750 :
1085 732 1094 748 ι
1112 722 1281 749 Relucentne
1294 720 1353 755 jam
1368 717 1496 746 hatretica
1520 715 1625 743 semina
1642 714 1757 741 Gnosti-

965 776 1061 797 corum
1084 772 1112 795 et
1133 763 1414 794 Valentiuianorum?
1434 772 1444 788 ›
1465 760 1637 796 Epiphanius
1662 758 1757 792 etiam,

965 823 1028 842 cum
1043 819 1163 849 quatuor
1177 812 1230 840 sibi
1246 812 1281 839 de
1295 810 1443 838 Valentino
1457 808 1574 836 dicenda
1594 806 1758 842 proposuis-

967 866 1018 895 set,
1031 861 1103 888 unde
1110 860 1195 893 venit,
1210 858 1321 894 quando
1332 857 1411 890 vixit,
1421 864 1482 891 qua:
1490 855 1551 890 ejus
1562 853 1698 885 doctrina,
1710 851 1760 879 καὶ

109 900 205 929 cunda
229 898 456 927 adversariorum
473 898 637 929 argumento
661 891 830 920 satisfecisse
846 890 913 917 Inibi

969 890 1019 933 ἀπο
1035 906 1121 934 ποιων
1136 890 1358 941 τὰς’ςίροφάσεις
1380 890 1486 938 εἴληφε,
1503 910 1512 927 ι
1528 905 1554 928 et
1567 908 1583 927 a
1597 899 1698 935 quibus
1714 906 1760 925 ar-

108 948 226 978 videar,
255 945 367 972 tertiam
389 947 481 969 tamen
504 939 705 975 adjungendam
719 936 823 972 putavi.
837 935 915 962 Licet

109 994 185 1021 enim
208 992 282 1019 mihi
303 988 546 1025 persuasissimum
570 987 606 1014 sit
629 990 769 1012 auctorem
786 982 916 1018 epistola-

110 1049 171 1069 rum
188 1044 242 1067 aut
259 1036 438 1065 Valentinum
457 1034 558 1070 ipsum,
575 1037 623 1060 aut
634 1031 750 1059 limresin
765 1030 825 1064 ejus
844 1038 916 1056 nun-

110 1094 196 1122 quam
220 1085 330 1111 diserte
349 1080 515 1115 respexisse,
540 1078 622 1112 idque
645 1080 738 1111 putem
763 1082 778 1101 a
795 1081 840 1101 me
855 1080 916 1100 esse

111 1118 180 1161 satis
206 1134 306 1165 aperte
323 1128 545 1155 demonstratum
557 1145 564 1157 ,
583 1127 675 1150 tamen
688 1129 723 1148 ne
737 1120 800 1155 quis
815 1120 842 1146 in
856 1118 917 1146 ani—

111 1178 164 1204 mis
177 1164 295 1206 eorum,
312 1173 360 1208 qui
378 1170 518 1202 Salmasii,
537 1167 671 1195 Blondelli
683 1171 711 1194 et
723 1164 816 1193 Dallaei
830 1164 916 1191 ratio-

112 1225 196 1251 nibus
217 1223 360 1248 hactenus
371 1217 475 1245 assueti
489 1219 567 1248 sunt,
586 1213 734 1248 scrupulus
754 1212 872 1242 hzereat,
890 1213 918 1237 et

112 1280 145 1299 ne
157 1274 278 1298 nostros
292 1267 376 1295 etiam
395 1264 537 1292 Usserium
551 1283 558 1295 ,
571 1261 700 1289 Vossium
723 1263 750 1287 et
766 1257 918 1286 Hammon-

111 1319 178 1346 dum
196 1316 332 1343 deserere
347 1312 453 1344 videar,
471 1316 589 1345 quorum
606 1306 799 1342 responsiones
816 1303 919 1331 firmis-

111 1365 200 1392 simas
218 1368 286 1389 esse
307 1358 409 1391 credo,
425 1364 472 1384 eas
493 1361 634 1382 resumere
649 1357 732 1387 atque
754 1350 918 1379 confirmare

112 1409 223 1438 statui:
242 1407 317 1435 adeo
335 1410 382 1440 ut,
401 1405 424 1433 si
450 1404 514 1440 quis
535 1403 625 1430 adhuc
650 1401 686 1429 sit
709 1400 755 1435 qui
779 1398 919 1426 existimat

112 1463 262 1483 auctorem
282 1454 318 1481 ad
337 1452 453 1480 hmresin
466 1457 548 1485 quam
572 1448 716 1483 amplexus
735 1450 778 1473 est
798 1443 918 1472 Valenti-

113 1511 179 1534 nus,
200 1501 385 1531 collineasse,
404 1505 438 1525 ne
453 1497 507 1523 hoc
528 1495 639 1530 quidem
662 1492 815 1528 quidquam
830 1489 920 1517 valeat

114 1550 150 1576 ad
162 1547 348 1576 vioiationem
363 1550 519 1579 temporum
537 1540 747 1572 ostendendam,
763 1537 806 1565 vel
824 1542 920 1564 aucto—

114 1596 228 1622 ritatem
245 1591 432 1627 epistularum
448 1589 505 1616 ullo
523 1588 605 1615 modo
627 1585 800 1614 elevandam.
817 1583 920 1610 Assero
934 1581 955 1610 C

114 1642 189 1669 enim
215 1639 303 1667 tertio
334 1638 407 1665 hanc
428 1637 517 1672 ipsam
534 1633 650 1662 lueresin
666 1632 813 1660 Valentino
833 1630 921 1657 fuisse

116 1686 308 1722 antiquiorem
320 1703 329 1716 ,
351 1687 379 1710 et
399 1689 416 1709 a
440 1680 638 1709 vetustioribus
654 1677 793 1706 Gnoslicis
812 1676 922 1704 deriva-

115 1720 192 1763 tam;
205 1735 333 1763 eamque
346 1734 402 1763 pra:
416 1730 496 1754 aetate
506 1725 644 1760 respicere
655 1722 779 1758 potuisse
795 1721 824 1748 S.
840 1720 921 1756 lgna-

117 1777 185 1804 tium
213 1778 389 1809 martyrem,
413 1776 551 1807 quatenus
577 1770 631 1797 fuit
658 1769 692 1796 ab
718 1767 921 1802 antiquioribus

117 1822 263 1851 Gnosticis
271 1820 392 1856 prolata,
401 1824 428 1847 et
440 1823 589 1853 antequam
598 1817 625 1844 in
634 1815 771 1844 Valentini
780 1815 921 1843 characte-

118 1878 174 1897 rem
199 1868 259 1896 fuit
283 1866 495 1898 transformata,
514 1869 544 1891 ut
560 1870 673 1891 necesse
690 1870 745 1889 non
764 1861 800 1889 sit
817 1861 850 1888 ad
867 1860 922 1887 Va-

117 1915 256 1943 lentinum
272 1912 318 1940 hic
331 1918 484 1940 recurrere.
501 1909 570 1936 Nam
583 1913 610 1936 et
625 1908 684 1943 ipse
703 1907 841 1935 Dallazus:
864 1916 874 1932 ε
892 1905 920 1933 Si

117 1962 192 1997 quis,
218 1960 326 1994 inquit,
353 1958 391 1986 sit
406 1956 550 1984 Valentino
575 1954 720 1986 vetustior,
744 1953 792 1989 qui
817 1953 870 1980 hoc
885 1952 920 1979 ita

118 2008 256 2044 posuerit,
276 2005 386 2032 fatebor
400 2004 435 2032 ad
450 2004 514 2036 hoc,
530 2006 560 2030 ut
579 2002 679 2029 horum
696 2008 757 2036 qua:
778 1999 922 2027 attulimus

119 2053 246 2088 epistolas
259 2051 412 2078 verborum
428 2053 519 2076 rectus
535 2048 635 2084 aliquis
656 2051 683 2074 et
704 2046 842 2082 legitimus
855 2053 922 2073 con—

121 2101 257 2127 stituatur
276 2104 390 2129 sensus,
403 2095 478 2123 nulla
497 2103 549 2123 nos
566 2094 731 2123 necessitate
743 2093 804 2129 cogi
817 2092 851 2120 ad
867 2091 923 2119 Va-

121 2144 217 2172 lentini
231 2141 354 2170 haeresin
367 2148 519 2169 recurrere.
539 2149 549 2167 ι

154 2191 236 2218 Hanc
250 2189 340 2225 igitur
353 2187 536 2215 assertionem
553 2184 783 2214 luculentissimis
797 2188 922 2212 veterum

122 2237 166 2272 qui
182 2237 219 2263 de
234 2235 292 2263 hac
307 2233 407 2261 haeresi
422 2233 615 2260 disseruerunt
636 2230 803 2259 testimouiis
825 2230 923 2265 proba-

122 2289 176 2311 tam
199 2282 295 2314 dabo;
322 2287 405 2307 nemo
420 2279 494 2306 enim
511 2285 608 2305 eorum
626 2276 727 2312 estqui
743 2275 922 2303 Valentinum

121 2335 244 2357 veterem
257 2326 418 2363 opinionem
437 2324 618 2352 resuscitasse
631 2330 688 2350 non
702 2322 805 2350 diserte
822 2322 923 2349 tradat.

123 2376 247 2403 lrenazus
261 2373 312 2400 lib.
327 2380 348 2404 ι,
359 2379 420 2407 cap.
439 2371 475 2398 5:
493 2380 502 2396 (
518 2370 571 2404 Qui
591 2369 664 2397 enim
682 2373 725 2396 est
739 2368 846 2403 primus
857 2388 865 2401 ,
889 2367 924 2395 ab

123 2429 153 2449 ω
165 2428 233 2456 quze
249 2419 354 2447 dicitur
374 2417 498 2453 gnostica
515 2415 639 2448 haeresis,
654 2414 783 2450 antiquas
796 2414 823 2441 in
841 2421 922 2441 suum

123 2468 319 2495 characterem
333 2464 476 2491 doctrinas
492 2461 674 2495 transferens,
692 2460 865 2493 Valentinus,
883 2460 925 2488 sic

124 2514 265 2544 dimnivit.
283 2522 293 2539 ι
316 2511 446 2546 Antiquae
463 2510 544 2545 igitur
556 2508 690 2536 doctrinae
704 2507 836 2540 fuerunt,
852 2514 924 2541 quas

124 2562 151 2589 in
167 2561 365 2589 characterem
386 2564 467 2584 suum
486 2554 649 2582 Valentinus
671 2553 822 2581 transtulit.
848 2553 923 2580 idem

124 2608 171 2635 lib.
186 2615 219 2639 Il,
232 2614 297 2640 cap.
314 2603 369 2631 ‘13:
387 2613 396 2629 ί
413 2602 476 2630 Haec
490 2606 583 2629 autem
602 2608 663 2635 qum
675 2599 796 2627 diximus
807 2599 841 2627 de
854 2598 925 2626 Sen-

125 2662 172 2682 sus
188 2652 232 2688 (id
248 2656 293 2679 est
307 2649 354 2677 τοῦ
365 2648 433 2685 Νοῦ)
446 2649 604 2681 emissione,
618 2648 743 2676 similiter
754 2651 781 2674 et
793 2646 925 2673 adversus

126 2706 172 2727 eos
185 2697 237 2732 qui
255 2704 271 2723 a
292 2695 411 2723 Basilide
429 2698 508 2727 sunt,
532 2697 625 2728 aptata
641 2696 706 2720 sunt
723 2703 729 2720 :
749 2696 775 2720 et
790 2691 923 2719 adversus

126 2744 252 2778 reliquos
277 2741 436 2771 Gnostlcos,
455 2747 469 2767 a
485 2740 586 2774 quibus
610 2743 636 2766 et
659 2738 686 2765 hi
705 2738 780 2765 initia
797 2737 923 2765 emissio-

126 2798 191 2817 num
211 2789 383 2823 accipientes
406 2786 524 2814 convicti
547 2789 612 2813 sunt
639 2785 666 2812 in
693 2784 783 2820 primo
811 2784 892 2811 libro.
912 2793 921 2810 ι

125 2835 341 2863 Generationem
356 2832 440 2868 igitur
448 2830 496 2857 τοῦ
503 2830 571 2864 Νοῦ,
579 2835 606 2857 et
616 2829 795 2857 emissionum
806 2829 922 2856 aliarum

125 2881 205 2907 initia
220 2887 237 2906 a
250 2877 371 2906 Dasilide
386 2881 413 2903 et
426 2875 540 2910 reliquis
555 2875 692 2903 Gnosticis
703 2874 808 2910 accepit
823 2873 924 2902 Valen-

126 2933 212 2954 tinus.
232 2925 307 2952 Idem
319 2922 415 2951 eodem
428 2921 516 2956 capite
532 2930 538 2949 ;
560 2930 568 2947 ι
590 2920 627 2949 Dc
640 2928 672 2949 ea
690 2924 780 2948 autem
806 2928 866 2956 qua:
881 2925 924 2949 est

965 957 1095 988 gumenta
1113 951 1243 986 sumpsit,
1261 960 1271 977 ι
1287 958 1383 978 eorum
1400 949 1527 976 ultimum
1544 947 1586 974 his
1603 945 1694 973 verbis
1710 952 1760 971 ex-

964 999 1080 1033 pressit:
1089 998 1144 1024 Καὶ
1155 997 1235 1028 αὐτὸς
1248 996 1297 1031 τὴν
1309 995 1455 1030 ὲθνὸμυοον
1467 993 1575 1029 ποίησιν
1589 993 1629 1024 εἰς
1641 992 1687 1018 τὸν
1695 992 1760 1018 ἐαυ-

965 1042 1012 1070 τοῦ
1026 1042 1088 1069 νοῦν
1098 1041 1200 1073 λαϐὼν,
1210 1041 1258 1068 καὶ
1273 1040 1326 1067 ἀπὸ
1339 1039 1394 1066 τῶν
1406 1039 1455 1065 σὺν
1467 1037 1542 1073 αὺτῷ
1553 1037 1600 1063 καὶ
1614 1036 1668 1071 πρὸ
1676 1035 1760 1062 αὐτοῦ

965 1088 1014 1123 τῆς
1021 1088 1148 1123 ἀληθείας
1157 1085 1373 1114 ἐκπεπτωκότων
1381 1084 1431 1120 τὴν
1440 1083 1567 1110 ὑπόνοιαν
1579 1081 1760 1117 κτησάμενος.

969 1144 979 1160 ι
1000 1134 1061 1170 Ipse
1085 1134 1169 1161 etiam
1192 1132 1331 1160 ethnicam
1356 1130 1452 1166 poesin
1477 1128 1572 1156 animo
1601 1135 1653 1155 suo
1668 1127 1762 1154 conci-

968 1180 1056 1215 piens,
1072 1183 1100 1207 et
1113 1179 1149 1207 ab
1163 1179 1198 1206 iis
1209 1178 1258 1213 qui
1273 1185 1335 1204 eum
1352 1177 1411 1210 ipso
1421 1178 1449 1202 et
1466 1179 1529 1201 ante
1549 1174 1640 1209 ipsum
1659 1180 1674 1199 a
1689 1172 1762 1199 veri-

969 1230 1025 1253 tate
1050 1225 1119 1260 lapsi
1145 1229 1221 1257 sunt,
1239 1222 1403 1251 sententiam
1419 1224 1579 1253 mutuatus,
1603 1229 1612 1244 »
1633 1223 1687 1246 etc.
1707 1216 1762 1250 Qui

968 1275 1060 1298 autem
1070 1270 1107 1297 illi
1123 1268 1244 1296 haeretici
1262 1267 1374 1300 fuerint,
1386 1275 1401 1293 a
1417 1266 1518 1301 quibus
1534 1264 1630 1291 deliria
1644 1271 1694 1290 sua
1706 1262 1762 1290 Va-

969 1316 1090 1344 lentinus
1103 1315 1216 1347 hausit,
1232 1314 1303 1341 idem
1321 1312 1441 1340 ostendit
1456 1321 1463 1338 :
1478 1310 1552 1345 Φημὶ
1570 1310 1599 1337 δὲ
1619 1309 1764 1336 etaim:—

968 1372 1013 1391 νον
1024 1362 1073 1390 καὶ
1088 1361 1138 1398 τὴν
1150 1361 1234 1388 αὐτοῦ
1244 1358 1433 1391 διδασκαλίαν,
1449 1357 1499 1394 τὴν
1513 1357 1566 1384 ἀπὸ
1580 1357 1630 1391 τῆς
1643 1355 1764 1391 μεγάλης

968 1408 1072 1443 ταύτης
1087 1407 1243 1442 γνωπικῆς
1254 1404 1419 1439 ἐπαγγελίας
1435 1403 1623 1439 ὑπάρχουσαν.
1637 1413 1646 1429 ‹
1664 1402 1766 1429 Valeti-

970 1455 1059 1482 tinum
1073 1454 1196 1489 intelligo
1211 1457 1239 1480 et
1261 1452 1336 1479 illius
1347 1450 1514 1483 doctrinam,
1527 1457 1590 1485 qua:
1610 1457 1624 1476 a
1639 1449 1764 1484 speciosa

971 1502 1018 1529 illa
1040 1500 1236 1528 Gnosticorum
1251 1498 1424 1534 professione
1442 1497 1553 1532 prodiit.
1572 1505 1581 1522 ι
1600 1495 1676 1522 Licet
1690 1496 1765 1522 enim

971 1547 1142 1583 Epiphanius
1164 1545 1346 1583 αἰρεσιάρχην
1367 1543 1540 1571 Valentinum
1562 1543 1695 1578 appellet,
1712 1542 1765 1569 do-

971 1594 1089 1622 ctrinam
1106 1597 1199 1620 tamen
1211 1599 1290 1619 suam
1304 1598 1369 1618 eum
1387 1597 1402 1617 a
1416 1589 1556 1617 Gnosticis
1568 1589 1697 1616 hausisse
1710 1593 1767 1616 tra-

972 1640 1023 1673 dit,
1038 1639 1156 1674 ideoque
1174 1645 1271 1666 eorum
1292 1643 1391 1664 nomen
1412 1635 1465 1663 sibi
1483 1639 1510 1663 et
1525 1634 1585 1663 suis
1598 1634 1766 1669 imposuisse

972 1686 1073 1721 saepius
1089 1685 1227 1712 observat.
1247 1683 1309 1709 Ἐπὶ
1325 1683 1375 1717 τὴν
1391 1682 1446 1708 τῶν
1460 1680 1645 1708 Οὐαλεντινων
1661 1680 1767 1716 αἵρεσιν

971 1731 1104 1766 διέξειμι,
1121 1730 1177 1757 τῶν
1193 1729 1225 1764 δὴ
1243 1728 1290 1756 καὶ
1308 1727 1469 1755 Γνωστικῶν
1492 1727 1600 1758 ἑαυτοῖς
1617 1726 1767 1753 ὲπιϐέντων

971 1778 1067 1814 ὄνομα.
1087 1787 1097 1803 ί
1113 1777 1153 1804 Ad
1169 1776 1287 1804 haeresin
1303 1774 1562 1802 Valentinianorum
1581 1778 1703 1804 transeo,
1718 1772 1767 1806 qui

972 1823 1167 1851 Gnostieorum
1184 1829 1284 1849 nomen
1307 1821 1359 1849 sibi
1381 1820 1584 1854 imposuerunt.
1603 1828 1612 1844 ›
1633 1817 1666 1845 Ει
1685 1818 1767 1852 paulo

972 1875 1059 1904 post:
1081 1868 1136 1896 Kal
1161 1868 1264 1899 πάντες
1287 1865 1458 1897 Γνωστικοὺς
1490 1864 1605 1895 ἑαυτοὺς
1633 1864 1767 1895 ἐκάλουν,

971 1914 1148 1946 Οὐαλεντῖνός
1163 1922 1209 1946 τε,
1225 1912 1314 1949 φημὶ,
1331 1912 1378 1939 καὶ
1393 1911 1418 1937 οἱ
1439 1910 1494 1947 πρὸ
1514 1909 1596 1936 αὐτοῦ
1608 1909 1766 1936 Γνωστικοί.

976 1971 986 1988 ι
1000 1961 1034 1988 Ει
1046 1968 1143 1988 omnes
1152 1959 1299 1987 Gnosticos
1317 1962 1403 1986 semet
1417 1956 1607 1991 appellabant,
1622 1959 1650 1982 et
1668 1954 1768 1981 Valeno

974 2007 1061 2040 tinus,
1073 2006 1235 2040 inquam,et
1246 2004 1292 2039 qui
1305 2003 1381 2030 illum
1395 2004 1595 2037 praecesserunt
1612 1999 1764 2027 Gnosticia

973 2052 1007 2080 Et
1018 2059 1116 2079 rursus
1132 2051 1166 2078 de
1185 2049 1281 2077 eodem
1298 2057 1306 2076 :
1330 2048 1378 2079 Εἰς
1395 2046 1510 2078 πολλοὺς
1538 2045 1592 2081 γὰρ
1619 2041 1697 2076 οὗτος
1718 2044 1768 2079 τὴν

973 2098 1070 2126 ἑαυτοῦ
1087 2095 1273 2133 ὀνειροπολίαν
1287 2093 1452 2129 ὲπισπείρας
1464 2113 1472 2125 ,
1496 2092 1648 2119 Γνωστικὺν
1672 2092 1768 2118 ἑαυτὸν

973 2146 1102 2177 καλέσας.
1124 2153 1134 2170 ‹
1153 2143 1203 2170 Hic
1217 2142 1290 2170 enim
1312 2141 1346 2168 ad
1371 2140 1474 2167 multos
1489 2147 1537 2166 sua
1556 2138 1664 2166 somnia
1688 2146 1768 2172 spar-

974 2200 1059 2228 gens,
1084 2190 1247 2217 Gnosticum
1269 2187 1390 2221 seipsum
1417 2185 1575 2220 appellans,
1599 2193 1608 2210 ι
1626 2188 1679 2211 etc.
1701 2183 1768 2211 Post

975 2237 1159 2273 Epiphanium
1177 2233 1368 2261 ’l‘heodoretus
1392 2239 1454 2259 cum
1477 2231 1595 2268 haereses
1622 2229 1767 2263 Simonis,

964 2280 1130 2312 .Menandri,
1145 2278 1292 2309 Saturi-ili,
1307 2276 1452 2308 Basilidis,
1471 2274 1656 2309 Carpocratis,
1670 2274 1767 2301 Prodi-

975 2325 1055 2360 cique
1070 2324 1221 2358 explicatas
1234 2322 1365 2354 dedisset,
1379 2321 1412 2347 ὲκ
1423 2319 1538 2352 τούτων,
1557 2319 1657 2354 inquit,
1672 2318 1768 2346 πασῶν

973 2371 1029 2398 τῶν
1040 2371 1172 2406 αἱρέσεων
1187 2370 1201 2395 ὁ
1218 2369 1375 2399 Βαλεντῖνος
1390 2365 1480 2393 λαῦὼν
1492 2365 1619 2401 ἀφορμὰς
1629 2365 1692 2396 τοὺς
1703 2365 1769 2391 ἀπε-

975 2416 1090 2452 ράντους
1107 2413 1242 2449 συνέθηκε
1258 2412 1371 2448 μύθους,
1392 2420 1401 2436 ε
1420 2418 1453 2438 ex
1475 2410 1518 2437 his
1536 2410 1664 2436 omnibus
1680 2410 1767 2437 lucre-

975 2462 1052 2490 sibus
1069 2459 1232 2487 Valentinus
1253 2457 1392 2494 accipiens
1408 2456 1552 2484 materiam
1576 2454 1768 2482 interminabi—

975 2509 1016 2537 les
1027 2507 1135 2535 fabulas
1150 2505 1319 2540 composuit.
1337 2513 1348 2530 ι

1010 2552 1080 2581 Cum
1095 2552 1185 2587 aliqua
1199 2560 1233 2579 ex
1249 2551 1292 2579 his
1308 2549 1464 2578 testimonia
1480 2549 1507 2576 in
1522 2548 1676 2583 Appendiee
1689 2547 1768 2583 lgna-

975 2600 1050 2627 tiana
1067 2598 1180 2625 eitasset
1192 2596 1322 2624 Usserius
1335 2599 1439 2627 uester,
1451 2594 1566 2629 epistola
1580 2594 1614 2620 ad
1623 2601 1685 2621 cum
1698 2594 1768 2620 scri-

975 2650 1021 2680 pta
1036 2644 1070 2672 ab
1083 2643 1256 2671 llatnmondo
1271 2642 1344 2670 edita
1366 2642 1424 2669 hazc
1443 2640 1566 2675 reposuit
1587 2639 1743 2667 Bloudellus
1758 2648 1764 2666 :

979 2701 988 2717 I
1007 2690 1102 2718 [renati
1117 2689 1215 2721 nostri,
1234 2696 1290 2723 quo
1305 2688 1442 2723 praecipue
1462 2685 1570 2717 niteris,
1591 2685 1678 2719 locus,
1693 2685 1767 2720 quod

976 2743 1118 2772 nunquam
1138 2734 1245 2770 negavi,
1258 2735 1337 2762 docet
1351 2733 1524 2761 Valentinum
1540 2731 1657 2758 aliorum
1678 2738 1766 2758 exenr

977 2780 1022 2815 plo
1042 2779 1172 2813 συζυγίας
1188 2786 1254 2805 suas
1267 2778 1416 2805 efﬁnxisse.
1437 2787 1446 2804 ›
1457 2776 1629 2803 Blondcllum
1642 2775 1768 2810 sequitur

977 2826 1094 2853 Dallteus
1111 2833 1118 2852 :
1138 2834 1146 2849 ι
1160 2824 1230 2851 illud
1245 2832 1295 2859 ego
1310 2823 1421 2859 quidem
1437 2831 1470 2851 ex
1486 2823 1539 2850 hoc
1553 2822 1647 2849 lrenmi
1660 2822 1721 2849 loco
1740 2827 1767 2849 et

977 2872 1039 2899 aliis
1051 2870 1217 2898 Theodoreti
1230 2875 1257 2897 et
1269 2869 1416 2905 Epiphanii
1437 2869 1575 2897 similibus
1595 2868 1662 2895 locis
1676 2868 1765 2903 legiti-

977 2927 1020 2948 me
1035 2917 1134 2947 confici
1149 2921 1177 2945 et
1192 2916 1283 2953 colligi
1299 2916 1434 2951 concedo,
1456 2916 1542 2951 ipsam
1560 2922 1652 2943 rerum
1668 2914 1766 2942 silvam
