4078 6398
533 326 641 382 525

1634 330 1692 385 S.
1721 324 2074 386 IGNATIUS.
2113 360 2183 371 -—
2222 329 2767 389 PROLEGOMENA.

3693 337 3799 390 334

536 459 701 517 atque
731 445 1040 506 materiam,
1070 456 1136 498 ex
1162 460 1271 515 qua
1302 442 1626 502 Valentinus
1652 462 1752 502 sua
1783 445 2111 516 composuit,
2142 450 2189 507 Α
2217 444 2328 501 illa:
2355 449 2609 518 syzygize,
2644 466 2786 518 quas
2817 452 3053 507 aliorum
3083 455 3334 525 exemplo
3366 469 3493 510 eum
3523 453 3802 510 efﬁnxisse

532 539 649 608 jam
680 535 825 605 apud
856 536 1185 591 vetustiores
1218 538 1417 606 partim
1460 538 1755 595 Gnosticos
1794 542 2113 607 haereticos,

537 628 735 697 partim
766 627 931 681 etiam
963 637 1153 696 poetas
1194 639 1288 682 aut
1316 630 1673 700 philosophos
1701 633 1949 688 ethnicos
1980 632 2117 688 fuis-

538 736 617 773 se.
658 738 677 771 ι
719 718 996 775 Habemus
1029 720 1195 787 igitur
1236 721 1341 775 hoc
1378 723 1446 777 ab
1488 724 1596 778 illis
1626 740 1974 792 concessum,
2008 724 2117 779 Va-

538 814 807 867 lentinum
846 814 1081 867 altorum
1125 816 1376 883 exemplo
1412 817 1661 887 syzygias
1690 817 1986 884 efﬁnxisse,
2036 820 2119 889 ip-

536 922 767 975 samquc
800 923 986 961 rerum
1029 907 1223 961 silvam
1258 918 1425 977 atque
1462 911 1747 964 materiam
1791 927 1822 965 a
1854 913 2120 967 vetustioo

536 1000 692 1053 ribus
740 999 1017 1055 Gnosticis
1062 1001 1334 1056 hausisse.
1395 1002 1580 1056 Potuit
1640 1004 1824 1074 itaque
1876 1004 2118 1074 lgnatius

536 1104 702 1142 verus
733 1089 799 1142 ad
835 1105 955 1143 eam
992 1091 1225 1145 lia-resin
1258 1091 1499 1145 alludere
1522 1132 1537 1157 ,
1571 1108 1737 1161 quam
1781 1103 1968 1163 postea
2004 1111 2121 1149 am-

534 1178 733 1247 plexus
771 1196 894 1235 esse
932 1182 1135 1235 dicitur
1167 1181 1507 1247 Valentinus,
1558 1186 1602 1238 si
1628 1186 1820 1239 silvam
1858 1196 1909 1241 et
1949 1198 2121 1241 mate-

535 1271 678 1323 riam
711 1271 830 1339 cjus
859 1281 1106 1340 spectes;
1140 1288 1201 1327 ea
1233 1276 1378 1328 enim
1414 1276 1685 1333 haereseos
1710 1281 1937 1334 materia
1963 1290 2119 1336 aetate

534 1358 728 1430 Ignatii
761 1378 791 1414 a
820 1363 1216 1417 vetustioribus
1244 1364 1522 1421 Gnosticis
1556 1370 1894 1438 promulgata
1922 1370 2116 1425 fuerat.

535 1452 717 1520 Atque
761 1452 1029 1507 hactenus
1074 1456 1471 1511 consentimus.
1507 1456 1564 1510 ln
1598 1459 1686 1512 illa
1731 1471 1911 1515 autem
1958 1464 2116 1529 silva,

536 1540 681 1593 inter
708 1544 1071 1596 vetustiorum
1123 1547 1373 1615 syzygias
1406 1550 1633 1617 reperiri
1662 1562 1959 1619 potuerunt
1986 1549 2122 1608 [Eo—

535 1646 635 1684 nes
666 1632 770 1696 illi,
799 1648 942 1700 quos
975 1638 1285 1705 reSpexisse
1312 1641 1504 1695 volunt
1537 1642 1779 1711 epistolae
1814 1654 2117 1713 auctorem,

535 1721 665 1791 Sigc
701 1727 911 1781 scilicet
938 1738 991 1782 ct
1018 1728 1218 1799 Lugos.

2222 537 2428 593 fatetur
2453 539 2804 597 Blondellus?
2831 544 2923 599 ubi
2948 546 3039 600 illa
3063 547 3199 601 silva
3229 557 3283 601 et
3308 547 3560 611 materia,
3590 561 3658 602 ex
3682 563 3795 616 qua

2219 643 2318 683 sua
2366 631 2459 685 ille
2497 634 2847 702 composuit,
2892 636 3126 693 docente
3167 638 3404 695 θαηωοῖ
3459 649 3557 695 aut
3600 640 3731 709 quid
3766 657 3799 695 a

2220 718 2497 776 Guosticis
2527 722 2731 789 hausit,
2760 726 2807 780 si
2838 728 3012 796 ipsius
3043 730 3327 785 character
3356 732 3803 790 combinationes

2219 824 2413 864 omnes
2445 820 2725 883 totamque
2750 818 3151 888 mataeologiam
3177 822 3447 889 protulit?

2292 900 2397 955 Sed
2448 904 2638 960 relicta
2692 910 3098 965 concertatione
3164 914 3493 968 sententiam
3551 924 3799 971 nostram

2219 994 2559 1049 confirmabo
2587 1036 2603 1061 ,
2638 999 3035 1070 ostendamque
3069 1004 3247 1071 primo
3268 1044 3286 1069 ,
3333 1005 3601 1061 adversus
3630 1007 3799 1062 Blon-

2219 1027 2559 1049 υυιιιιιιιιαιυυ
2587 1036 2603 1061 ,
2638 1027 3035 1070 uatcuualuqut:
3069 1027 3247 1071 pruuu
3268 1044 3286 1069 ,
3333 1027 3601 1061 δανθΐδυε
3630 1027 3799 1062 υιοη-

2219 1082 2421 1136 dellum
2449 1126 2462 1149 ,
2514 1088 2747 1154 primam
2780 1087 3052 1147 Valentini
3095 1095 3553 1152 combinationem
3576 1140 3591 1164 ,
3639 1027 3873 1223 Bythir

2221 1172 2433 1223 εοίιίρρι
2468 1184 2522 1223 El
2568 1174 2755 1223 Sigea,
2816 1179 2985 1223 Γιιίςςρ
3027 1198 3055 1223 n
3105 1186 3495 1223 vnluclinrihnm
3524 1188 3799 1223 Cnnclinia

2221 1172 2433 1227 scilicet
2468 1184 2522 1228 et
2568 1174 2759 1246 Siges,
2814 1179 2986 1236 fuisse
3027 1198 3058 1235 a
3105 1186 3497 1243 vetustioribus
3524 1172 3827 1245 Gnosticis'.

2221 1262 2472 1318 haustam
2498 1284 2512 1331 ;
2546 1270 2807 1333 secundo,
2825 1272 3086 1328 adversus
3114 1274 3394 1341 Dallzeum,
3422 1277 3607 1349 Logon
3633 1282 3800 1335 etiam

2220 1354 2392 1409 fuisse
2421 1373 2451 1410 a
2481 1357 2561 1411 Nu
2595 1362 2954 1428 productum,
2972 1367 3067 1434 qui
3093 1383 3124 1420 a
3154 1366 3281 1438 Sige
3304 1370 3545 1425 emissus
3572 1382 3676 1435 est,
3705 1390 3801 1428 se-

2219 1449 2458 1502 cundum
2504 1450 2794 1510 Gnosticos
2836 1460 3199 1514 vetustiores:
3230 1460 3465 1517 lrenams
3496 1464 3550 1517 in
3600 1464 3801 1534 praefa-

2222 1539 2367 1593 tione
2405 1540 2529 1595 libri
2574 1547 2801 1600 secundi
2846 1550 3233 1618 argumentum
3266 1552 3387 1608 libri
3435 1556 3596 1622 primi
3640 1571 3802 1624 repe-

2220 1642 2342 1685 tens
2370 1634 2657 1701 profitetur
2685 1653 2743 1691 sc
2776 1636 3283 1697 Valentinianorum
3316 1660 3614 1715 eorumque
3637 1648 3731 1717 qui
3766 1665 3801 1702 a

2223 1721 2448 1779 Simone
2472 1737 2601 1781 sunt
2627 1728 3014 1787 Gnostieorum
3051 1735 3331 1791 doctrinas
3356 1741 3709 1808 exposuisse;
3738 1743 3798 1796 in

607 1817 712 1871 Sed
747 1822 951 1889 excipit
976 1796 1326 1878 Βιοιίάεηυεε
1367 1844 1383 1875 ε
1416 1826 1568 1881 Alios
1593 1825 1882 1883 Valentino
1905 1831 2118 1899 priores
2151 1796 2191 1851 Β
2222 1814 2327 1868 hoc
2364 1826 2543 1870 autem
2575 1822 2842 1888 promittit
2886 1839 2946 1878 se
2988 1840 3307 1882 eversurum
3344 1845 3561 1885 omnem
3604 1847 3801 1887 eorum

532 1905 801 1963 Profundi
842 1921 898 1965 et
950 1911 1165 1968 Silentii
1197 1917 1655 1972 combinationem
1690 1921 1972 1978 induxisse
2010 1941 2115 1979 non

533 1999 698 2053 modo
725 2009 902 2055 tecum
937 2004 1034 2073 (ita
1058 2002 1343 2059 Usserium
1374 2008 1720 2080 alloquitur),
1752 2027 1860 2065 non
1890 2013 2119 2068 affirmat

531 2087 791 2155 Irenacus,
834 2094 928 2148 sed
977 2111 1227 2165 meeum,
1261 2098 1306 2152 si
1358 2100 1487 2168 quid
1520 2104 1715 2169 capio,
1761 2120 1828 2157 ex
1867 2104 2117 2173 professo

532 2194 730 2251 negat,
770 2199 896 2239 cum
946 2188 1231 2257 proprium
1263 2187 1537 2244 Valentini
1564 2193 1934 2255 characterem
1967 2212 2118 2250 com-

529 2274 870 2332 binationem
903 2279 1050 2334 illam
1076 2282 1376 2350 protulisse
1406 2283 1592 2339 refert.
1635 2304 1653 2337 ι
1696 2285 1930 2341 Dallzeus
1953 2288 2115 2356 paulo

529 2370 689 2426 aliter
722 2375 866 2429 hanc
911 2391 1028 2429 rem
1084 2386 1301 2443 tractat,
1345 2387 1402 2433 et
1449 2380 1504 2432 in
1549 2396 1614 2434 eo
1649 2384 1960 2450 argumenti
2007 2385 2115 2438 vim

529 2463 800 2526 collocat,
836 2466 984 2533 quod
1030 2480 1194 2519 nemo
1243 2475 1369 2520 ante
1415 2465 1764 2522 Valentinum
1813 2468 2055 2524 Verbum
2084 2486 2115 2526 c

533 2551 661 2621 Sige
689 2555 963 2608 eduxerit.
1008 2554 1112 2609 Sed
1144 2572 1478 2625 quocunque
1520 2559 1683 2614 modo
1726 2563 2115 2630 responsiones

531 2657 664 2696 suas
712 2643 1022 2710 cﬂ'ormant,
1071 2646 1212 2701 elabi
1256 2663 1365 2701 non
1417 2658 1669 2717 possunt.
1728 2652 1866 2705 Cum
1918 2654 2116 2708 asserit

528 2733 846 2789 Blondellus
884 2736 1151 2791 lrcnzeum
1195 2759 1214 2791 ι
1265 2756 1333 2795 ex
1376 2740 1628 2810 professo
1660 2759 1889 2813 negare,
1924 2764 1942 2797 ι
1975 2745 2116 2801 Gno-

530 2827 699 2882 sticos
730 2839 940 2884 veteres
992 2828 1257 2885 Profundi
1288 2842 1342 2886 et
1390 2832 1605 2888 Silentii
1652 2837 2112 2893 combinationem

528 2918 855 2983 induxisse,
903 2936 1030 2974 cum
1080 2923 1365 2992 proprium
1419 2922 1693 2980 Valentini
1740 2928 2113 2984 characterem

528 3011 998 3067 combinationem
1026 3016 1175 3069 illam
1211 3018 1510 3086 protulisse
1543 3020 1741 3088 refert;
1788 3022 1843 3077 id
1887 3026 2114 3080 omnino

529 3099 803 3168 affirmat,
846 3104 991 3172 quod
1026 3120 1092 3159 ex
1138 3121 1206 3161 eo
1248 3106 1440 3162 lrenaei
1483 3109 1625 3176 loco,
1657 3127 1819 3180 quem
1869 3113 2113 3179 adducit,
2143 3141 2186 3199 α

528 3193 777 3262 exsculpi
828 3211 934 3248 non
980 3206 1179 3265 potest.
1220 3198 1305 3252 An
1333 3199 1426 3268 qui
1458 3200 1594 3255 dicit
1625 3220 1639 3256 :
1671 3222 1689 3254 ι
1722 3202 1825 3269 Qui
1858 3206 2004 3259 enim
2034 3216 2118 3261 est

529 3284 774 3351 primus,
814 3286 883 3339 ab
918 3302 980 3341 ea
1006 3304 1128 3358 qua:
1158 3290 1361 3345 dicitur
1388 3292 1653 3348 Gnostica
1690 3296 1936 3361 haeresis,
1980 3299 2121 3353 anti-

528 3388 668 3441 quas
714 3374 770 3428 in
814 3393 974 3431 suum
1022 3380 1397 3437 characterem
1449 3384 1731 3442 doctrinas
1777 3390 2115 3447 transferens

527 3466 852 3525 Valentinus
893 3473 972 3527 sic
1009 3474 1293 3540 dil'linivit,
1340 3478 1657 3534 dualitatem
1691 3484 1984 3551 quamdam
2027 3487 2116 3540 inn

526 3563 946 3632 nominabilem,
988 3568 1147 3637 cujus
1178 3570 1399 3639 quidem
1432 3572 1640 3641 aliquid
1677 3577 1861 3630 vocari
1895 3578 2116 3633 inenar-

525 3652 723 3717 rabile,
756 3656 905 3710 aliud
931 3668 1115 3712 autem
1152 3660 1339 3731 Sigcn,
1380 3682 1396 3713 ι
1437 3674 1599 3735 negat
1630 3663 1924 3722 Gnosticos
1960 3680 2112 3725 vete-

529 3760 615 3800 res
641 3746 904 3801 Profundi
940 3760 995 3805 et
1036 3750 1249 3807 Silentii
1287 3756 1753 3810 combinationem
1796 3757 2115 3814 induxisse?

524 3848 622 3890 aut
650 3839 782 3893 illud
813 3842 1067 3909 affirmat,
1100 3846 1246 3899 unde
1276 3862 1338 3900 ea
1374 3850 1595 3917 negatio
1636 3859 1932 3919 sequatur,
1965 3853 2114 3907 scili-

523 3934 612 3977 cet
664 3929 944 3996 proprium
989 3930 1259 3986 Valentini
1320 3936 1687 3992 characterem
1747 3940 2115 3997 combinatio-

527 4030 650 4068 nem
696 4018 840 4071 illam
869 4019 1134 4076 Profundi
1165 4034 1220 4077 et
1245 4023 1457 4079 Silentii
1492 4029 1823 4096 protulisse?
1866 4030 1980 4101 Ego
2012 4049 2113 4088 nec

523 4104 765 4171 priorem
808 4113 1181 4178 negationem,
1229 4130 1330 4168 nec
1388 4119 1746 4184 posteriorem
1795 4120 2112 4178 afﬁrmatio-

526 4209 649 4247 nctn
688 4195 742 4248 in
774 4198 955 4252 verbis
986 4198 1173 4253 lremei
1205 4205 1457 4271 reperio;
1493 4206 1605 4260 imo
1643 4224 1711 4262 ne
1746 4225 1946 4264 nomen
1978 4210 2112 4265 Pro-

526 4281 703 4349 fundi,
733 4286 849 4340 sive
882 4287 1040 4358 Bythi
1071 4291 1212 4345 inter
1240 4292 1481 4348 Aionum
1521 4299 1744 4352 nomina
1777 4315 1843 4353 eo
1875 4301 1980 4355 loci
2027 4304 2111 4357 in-

525 4374 707 4437 venio,
734 4376 839 4430 nisi
870 4391 1169 4449 postquam
1192 4384 1412 4453 triginta
1438 4385 1643 4441 (Eoues
1666 4389 1778 4457 jam
1800 4394 2106 4447 enumerati

2220 1905 2485 1973 regulam.
2522 1906 2676 1971 Quod
2704 1921 2760 1964 ut
2794 1915 2906 1977 fiat,
2943 1932 2960 1965 ι
2998 1924 3238 1985 oportet,
3271 1919 3469 1989 inquit,
3504 1922 3801 1987 abscondi—

2219 2008 2303 2053 tas
2332 1999 2579 2068 ipsorum
2610 2004 3028 2075 eonjugationes
3052 2026 3149 2077 per
3175 2012 3588 2068 manifestarum
3611 2015 3806 2084 conju-

2218 2089 2499 2157 gationum
2549 2093 2811 2149 indicium
2854 2106 2909 2151 et
2951 2101 3289 2156 eversionem
3326 2103 3561 2175 Bythum
3592 2106 3801 2161 dissol-

2217 2194 2363 2234 vere.
2402 2204 2421 2233 ι
2454 2181 2662 2253 Bythus
2690 2186 2855 2255 igitur
2883 2200 2994 2243 tam
3030 2192 3096 2245 ad
3128 2203 3370 2248 veterum
3404 2195 3797 2253 Gnostieorum

2218 2285 2381 2339 quam
2418 2275 2485 2328 ad
2522 2272 3026 2335 Valentinianorum
3066 2286 3312 2352 regulam
3346 2289 3670 2356 pertinebat.
3704 2290 3805 2344 Ti-

2219 2366 2366 2419 tulus
2388 2367 2457 2419 52
2488 2369 2683 2438 capitis
2712 2371 2806 2426 lib.
2834 2388 2851 2426 1
2882 2373 2971 2429 hic
3000 2386 3085 2431 est
3112 2395 3125 2431 :
3160 2396 3177 2429 ι
3209 2377 3343 2443 Qua:
3373 2380 3483 2435 sint
3508 2381 3803 2439 Gnostico-

2217 2472 2337 2511 rum
2355 2474 2575 2527 genera,
2595 2470 2649 2515 et
2674 2478 2796 2532 quae
2823 2468 3124 2522 secundum
3153 2485 3247 2523 eos
3273 2473 3581 2540 sententiae;
3604 2494 3624 2526 ι
3651 2485 3805 2531 certe

2216 2549 2287 2604 de
2331 2550 2670 2610 Simonianis
2716 2556 2793 2610 ibi
2831 2574 2993 2628 agere
3031 2559 3296 2615 Irenaeum
3330 2564 3467 2619 satis
3510 2580 3577 2619 ex
3615 2566 3807 2635 priore

2216 2644 2395 2712 capite
2428 2656 2594 2713 patet.
2638 2665 2657 2698 ι
2702 2648 2809 2701 Alii
2847 2658 3028 2703 autem
3057 2692 3071 2717 ,
3110 2652 3318 2722 inquit,
3349 2670 3541 2711 rursus
3575 2667 3806 2727 porten-

2216 2749 2339 2792 tosa
2379 2739 2678 2807 loquuntur
2723 2756 2737 2792 :
2787 2757 2909 2797 esse
2940 2745 3217 2812 quoddam
3260 2747 3497 2815 primum
3528 2749 3709 2805 lumen
3744 2752 3803 2805 in

2216 2832 2421 2887 virtute
2435 2832 2593 2905 Bythi
2617 2834 2859 2901 beatum,
2886 2847 2940 2891 et
2964 2839 3376 2909 incorruptibile
3405 2852 3458 2897 et
3480 2843 3808 2899 intermina-

2219 2933 2355 2977 tum.
2395 2944 2415 2976 ι
2452 2924 2563 2979 Hos
2605 2937 2786 2981 autem
2834 2926 3183 2986 Simonianos
3213 2929 3501 2988 Valentino
3535 2936 3808 2990 vetustio—

2218 3030 2307 3071 res
2349 3016 2520 3072 fuisse
2554 3020 2690 3073 satis
2737 3021 2981 3075 indicant
3021 3024 3185 3077 verba
3226 3026 3421 3095 capitis
3463 3029 3743 3097 sequentis
3781 3044 3801 3081 :

2223 3125 2243 3158 ε
2284 3106 2329 3159 Α
2354 3108 2553 3162 talibus
2584 3111 2874 3177 matribus,
2904 3124 2958 3167 ct
2989 3116 3239 3182 patribus
3256 3128 3309 3170 et
3329 3119 3552 3187 proavis
3582 3136 3679 3175 eos
3701 3124 3803 3190 qui

2219 3214 2251 3253 a
2277 3197 2566 3255 Valentino
2613 3212 2774 3270 sunt,
2818 3205 2961 3259 sicut
3009 3210 3138 3277 ipsa:
3181 3210 3465 3264 sententia:
3514 3221 3566 3265 et
3596 3213 3809 3283 regula

2218 3292 2518 3346 ostendunt
2559 3309 2696 3358 eos,
2736 3310 2961 3351 necesse
3011 3298 3115 3353 fuit
3154 3300 3443 3356 manifeste
3485 3318 3734 3371 arguere.
3771 3322 3797 3354 ι

2218 3379 2333 3436 Hoc
2371 3391 2553 3437 autem
2595 3392 2650 3438 et
2693 3386 2803 3440 alio
2849 3385 3038 3442 lrenaei
3075 3390 3195 3445 loco
3226 3392 3319 3446 lib.
3357 3407 3408 3457 ι,
3437 3408 3486 3447 c.
3531 3394 3621 3459 l9,
3652 3395 3809 3450 clare

2222 3474 2615 3543 comprobatur
2645 3495 2658 3531 :
2686 3497 2706 3529 ε
2727 3478 2864 3533 Cum
2886 3482 2955 3536 sit
2986 3482 3152 3549 igitur
3165 3484 3427 3539 adversus
3458 3500 3648 3540 omnes
3680 3487 3803 3540 hae-

2215 3580 2368 3620 rescs
2394 3566 2628 3623 detectio
2675 3580 2840 3640 atque
2886 3574 3158 3628 convictio
3186 3576 3333 3628 varia
3371 3584 3427 3630 et
3463 3577 3799 3643 multifaria,

2215 3668 2269 3711 et
2292 3659 2454 3713 nobis
2483 3662 2824 3730 prepositum
2856 3674 2961 3731 est,
2994 3667 3251 3722 omnibus
3276 3667 3344 3722 iis
3372 3670 3672 3723 secundum
3706 3672 3803 3741 ip-

2216 3764 2402 3804 sorum
2428 3752 2802 3809 characterem
2847 3759 3225 3814 contradicere
3245 3800 3262 3824 ,
3307 3764 3678 3817 necessarium
3709 3779 3807 3818 ar-

2212 3839 2397 3893 bitrati
2415 3856 2607 3897 sumus
2620 3847 2773 3913 prius
2797 3846 3005 3902 referre
3021 3847 3225 3903 fontem
3241 3859 3295 3903 et
3315 3852 3551 3907 radicem
3579 3869 3802 3919 eorum,

2217 3940 2279 3982 ut
2304 3931 2761 3989 sublimissimurn
2794 3952 2983 3991 eorum
3017 3938 3249 4010 Bythum
3287 3946 3807 4013 cognoscensintel—

2212 4020 2353 4087 ligas
2370 4025 2622 4079 arborem
2645 4027 2710 4081 de
2731 4044 2837 4097 qua
2861 4029 3205 4086 deﬂuxerunt
3228 4035 3363 4089 tales
3383 4038 3614 4091 fructus.
3631 4057 3647 4089 ι
3670 4037 3808 4093 Fuit

2212 4111 2380 4180 igitur
2404 4114 2459 4166 in
2494 4114 2644 4170 fonte
2676 4128 2731 4173 et
2752 4122 2933 4175 radice
2961 4123 3225 4178 doctrinae
3256 4125 3526 4181 Gnostieaa
3563 4128 3799 4200 Bythus.

2212 4201 2338 4259 Fuit
2368 4216 2549 4262 autem
2588 4209 2716 4282 Sige
2763 4222 2856 4266 aut
2890 4212 3063 4284 Bytho
3097 4232 3299 4281 comva,
3334 4220 3675 4274 autfortasse
3705 4239 3806 4276 no-

2211 4312 2334 4350 men
2352 4299 2469 4368 ejus
2491 4301 2584 4355 illo
2597 4301 2750 4373 Bythi
2769 4305 3074 4376 antiquius;
3098 4308 3199 4377 ipsi
3217 4319 3361 4365 certe
3379 4309 3587 4367 Simoni
3609 4314 3805 4371 aderat

2208 4385 2438 4455 Elimea,
2463 4408 2583 4461 quae
2601 4404 2656 4447 et
2677 4393 2821 4465 Sige,
2843 4409 2896 4451 et
2916 4400 3135 4468 quidem
3155 4402 3223 4455 ab
3240 4402 3395 4458 initio
3419 4404 3542 4474 Sige
3564 4407 3805 4475 appella-

524 4476 737 4531 csscnt;
777 4469 927 4536 quod
977 4487 1258 4541 nunquam
1299 4485 1444 4531 certe
1488 4477 1711 4534 fecisset
1746 4482 1983 4538 ιινρηειειιε
2003 4523 2016 4547 ,
2058 4486 2105 4539 si
2135 4490 2183 4547 D
2210 4488 2286 4543 la,
2306 4491 2364 4535 ut
2383 4487 2618 4539 ostendit
2649 4486 2918 4545 Eusebius
2938 4491 3012 4546 De
3040 4493 3166 4547 eccl.
3192 4495 3470 4565 theologia,
3494 4498 3531 4551 l.
3558 4513 3616 4563 Il,
3643 4513 3692 4553 c.
3719 4500 3752 4554 9
3778 4519 3797 4555 :

525 4571 723 4611 nomen
744 4557 899 4629 Bythi
926 4578 955 4615 a
978 4561 1268 4618 Valentino
1288 4566 1546 4635 primitus
1576 4570 1855 4626 inventum
1880 4584 1933 4629 et
1958 4576 2106 4631 illius

525 4649 828 4705 charaetcri
879 4656 1159 4722 peculiare
1194 4656 1409 4713 luisset.
1440 4660 1611 4715 Miror
1645 4665 1897 4733 equidem
1943 4668 2105 4722 talem

522 4742 725 4807 virum,
749 4745 964 4812 qualem
990 4746 1161 4802 fuisse
1186 4749 1527 4805 Blondellum
1560 4755 1784 4821 volunt,
1813 4764 1920 4811 tam
1952 4774 2107 4814 secu-

523 4848 584 4886 re
629 4843 850 4905 tamque
890 4840 1086 4907 supine
1133 4840 1399 4897 adversus
1457 4844 1869 4901 Armachanum
1917 4850 2107 4920 dispu-

524 4934 694 4980 tasse.
737 4928 953 4984 Asserit
995 4929 1233 4987 fremens
1264 4932 1617 4990 Valentinum
1666 4941 1921 5009 antiquas
1953 4943 2105 4997 Gno-

525 5021 792 5074 sticorum
836 5022 1117 5079 dOetrinas
1161 5026 1214 5078 in
1254 5042 1414 5082 suum
1456 5030 1829 5085 characterem
1864 5043 2105 5089 transtu-

523 5111 685 5177 lisse;
711 5128 820 5166 non
842 5125 1024 5168 autem
1044 5133 1162 5170 eam
1190 5120 1386 5182 solam,
1413 5124 1505 5176 sed
1530 5132 1582 5176 et
1606 5125 1843 5193 reliquas
1870 5128 2104 5184 breviter

524 5204 831 5272 percurrit,
880 5214 1160 5278 totamque
1188 5210 1460 5267 Valentini
1519 5219 1917 5287 matzeologiam
1959 5237 2110 5276 sum-

525 5294 714 5349 matim
754 5298 1117 5369 perstringit.°
1147 5300 1205 5355 Si
1253 5304 1418 5373 igitur
1446 5321 1512 5360 eo
1541 5307 1646 5362 loci
1676 5307 1913 5369 lrenaeus
1943 5326 2106 5384 negat

523 5395 736 5439 veteres
755 5384 1050 5446 Gnosticos
1063 5394 1294 5462 primam
1311 5399 1778 5456 combinationem
1799 5403 2101 5474 induxisse,

523 5474 668 5529 idem
700 5477 907 5545 pariter
930 5479 997 5536 de
1019 5486 1277 5544 omnibus
1300 5489 1591 5545 dicendum
1622 5494 1745 5548 erit.
1782 5495 1854 5549 At
1881 5496 1927 5550 si
1954 5497 2103 5552 nulla

523 5578 591 5618 ex
617 5566 725 5629 illis
748 5570 1255 5631 combinationibus
1278 5594 1309 5633 a
1341 5580 1622 5636 veteribus
1649 5592 1871 5653 accepta
1896 5584 1989 5649 sit,
2010 5586 2102 5639 ubi

522 5668 686 5714 erunt
713 5659 821 5715 illae
844 5664 1083 5735 antiquae
1107 5668 1371 5727 doctrina:
1393 5712 1410 5737 ,
1443 5688 1580 5743 quas
1627 5675 1683 5729 in
1715 5691 1877 5730 suum
1909 5677 2104 5733 chara-

520 5756 725 5806 cterem
765 5756 1108 5815 transtulisse
1140 5757 1482 5818 Valentinum
1511 5765 1677 5820 tradit
1708 5764 1983 5823 lrcnzeus?
2010 5768 2098 5825 ubi

2208 4571 2343 4624 Κατ’
2375 4574 2537 4627 αὑτὸν
2566 4578 2769 4632 ἐκεῖνον
2799 4582 2889 4634 τὸν
2918 4583 3024 4635 τῶν
3054 4584 3227 4637 ἀθέων
3256 4587 3592 4659 αἰρεσιωτῶν
3614 4589 3798 4661 ἀρχη-

2207 4662 2322 4731 γὸν,
2340 4665 2397 4729 ὃς
2410 4667 2478 4719 τὰ
2490 4668 2625 4723 ἄθεα
2636 4671 2976 4742 δογματίζων
2995 4676 3324 4745 ἀπεφαίνετο
3339 4676 3644 4748 λέγων,⁷Ην
3659 4682 3800 4747 Θεὸς

2208 4756 2300 4808 καὶ
2320 4758 2472 4829 Σιγή.
2506 4778 2523 4810 ‹
2556 4761 2866 4818 Secundum
2891 4767 3042 4821 illum
3069 4769 3361 4838 impiorum
3411 4770 3795 4827 htereticorum

2206 4848 2531 4919 principem,
2564 4855 2656 4921 qui
2695 4855 2861 4926 impia
2896 4858 3275 4928 dogmatizans
3305 4865 3676 4932 pronuntiavit
3715 4865 3798 4918 di-

2206 4958 2373 4997 cens:
2408 4944 2540 5000 Erat
2570 4948 2713 5004 Deus
2736 4962 2789 5004 et
2823 4950 2969 5022 Sige.
3002 4972 3018 5003 ›
3053 4952 3118 5007 Ει
3149 4956 3215 5009 de
3253 4957 3425 5025 prima
3449 4958 3667 5028 syzygia
3692 4956 3799 5027 By-

2206 5033 2285 5087 thi
2322 5044 2376 5089 et
2418 5035 2592 5106 Siges,
2635 5049 2895 5109 tanquam
2941 5045 3009 5097 ab
3038 5046 3293 5101 omnibus
3333 5049 3608 5102 veteribus
3640 5048 3797 5101 Gno-

2206 5127 2380 5193 sticis,
2422 5145 2529 5183 non
2560 5129 2957 5189 Valentinianis
3006 5145 3254 5203 tantum,
3306 5140 3489 5206 agnita
3540 5140 3792 5208 loquitur

2206 5218 2442 5274 lrenaeus
2473 5221 2570 5275 lib.
2600 5238 2637 5288 ι,
2680 5240 2800 5294 cap.
2844 5226 2897 5280 5.
2930 5226 3065 5281 Nam
3100 5244 3225 5282 eum
3259 5245 3455 5283 novatn
3488 5230 3790 5299 quamdam

2205 5302 2555 5379 archegonon
2604 5317 3013 5370 octonationcm
3072 5319 3141 5372 ab
3206 5320 3481 5388 aliquibus
3510 5318 3789 5374 Valentini

2205 5399 2490 5470 discipulis
2526 5406 2889 5475 excogitatam
2935 5418 3196 5477 notasset,
3247 5429 3265 5462 ‹
3297 5412 3398 5467 has
3427 5412 3658 5478 volunt,
3702 5412 3793 5465 in-

2205 5491 2355 5560 quit,
2383 5492 2613 5548 virtutes
2649 5494 2821 5551 fuisse
2862 5505 2990 5551 ante
3024 5497 3260 5569 Bythum
3297 5509 3351 5554 et
3402 5498 3602 5570 Sigen,
3642 5518 3660 5552 ι
3700 5500 3791 5552 ἵνα.

2203 5584 2422 5637 τελείων
2465 5585 2787 5657 τελειότεροι
2832 5589 3071 5656 φανῶσιν
3107 5590 3295 5655 ὄντες,
3331 5590 3423 5643 καὶ
3469 5591 3791 5660 γνωπικῶν

2203 5676 2672 5751 γνωστικὼτεροι,
2704 5690 2858 5735 vetus
2890 5680 3160 5751 interpres
3202 5699 3302 5752 pro
3334 5698 3436 5737 sua
3484 5683 3539 5736 in
3582 5683 3791 5737 Grzeeis

2208 5768 2498 5841 imperitia,
2534 5790 2554 5824 ι
2590 5781 2648 5827 ιιι
2677 5771 3046 5843 perfectorum
3079 5774 3436 5845 perfectiores
3460 5783 3786 5847 appareant,
