4078 6408
308 364 420 425 52ξὺ

1036 365 1087 424 J.
1129 358 1501 421 PEARSONII
1536 363 1861 421 VlNDlClIE
1907 361 2326 418 lGNATlANx’E.
2371 395 2438 404 —-
2477 361 2658 416 PARS
2696 361 2758 416 ll.

3495 358 3601 415 39.6

307 498 367 540 et
421 485 823 540 Gnosticorum
873 486 1051 557 magis
1083 488 1330 544 Gnostiei
1368 489 1495 543 viri.
1540 508 1557 541 ι
1611 487 1675 542 Ει
1726 488 1909 544 statim
1940 488 1988 543 Α
2012 485 2129 539 dite
2160 486 2443 540 continere
2468 501 2565 555 per
2595 486 2895 540 silentium.
2937 503 2956 537 ι
2990 482 3151 542 Certe
3174 482 3308 537 illud
3343 499 3363 533 ι
3403 496 3499 551 per
3520 484 3601 537 si—

305 577 593 631 exclamat
617 596 630 631 :
654 573 727 629 Ὦ
755 576 1039 650 ληρολόγοι
1075 579 1362 647 σοφισταί,
1399 579 1504 643 vel,
1534 587 1592 632 ut
1618 580 1671 632 in
1702 577 1911 632 Latinis

305 670 555 738 legimus
585 684 600 721 :
642 688 662 721 ι
701 667 746 724 Ο
770 685 1015 740 pepones
1039 711 1053 732 ,
1089 672 1352 741 sophista:
1390 670 1781 739 vituperabiles
1803 709 1817 733 ,
1855 677 1911 722 et

306 778 428 815 non
460 762 589 816 viri.
633 780 652 813 ›
694 760 1009 832 Respondet
1034 763 1099 816 ad
1140 765 1287 817 hunc
1310 766 1489 818 locum
1524 763 1592 816 ab
1622 760 1912 814 llammon-

308 853 386 909 do
421 854 559 909 olim
607 854 905 907 adductum
957 853 1227 917 Dallaeus,
1265 865 1319 908 et
1352 855 1648 908 Gnosticos
1692 852 1781 906 hic
1822 866 1913 905 re-

305 944 542 1014 stringit
565 944 634 997 ad
671 962 690 995 ε
724 942 1076 997 Valentinum
1109 954 1162 997 et
1189 945 1396 999 similes
1430 943 1695 997 Axionico
1740 942 1909 996 disci-

304 1035 499 1103 pulos,
543 1036 591 1089 si
617 1035 836 1105 regulas
880 1034 1129 1102 magistri
1178 1035 1419 1104 integras
1450 1032 1617 1087 nullis
1649 1031 1911 1086 auctariis

303 1127 681 1196 interpolatas
726 1127 1151 1181 custodiebant:
1193 1144 1213 1178 ι
1249 1140 1421 1195 quare
1466 1133 1647 1179 autem
1693 1123 1760 1177 ad
1808 1123 1911 1177 hos

304 1222 643 1289 restringat,
670 1220 938 1274 rationem
971 1221 1180 1274 nullam
1207 1220 1380 1274 aﬁ‘ert.

322 1318 325 1319 '
386 1310 595 1364 Fateor
627 1312 883 1380 equidem
912 1311 1265 1365 Valentinum
1299 1320 1353 1365 et
1397 1310 1609 1365 similes
1638 1308 1908 1364 Axionico

299 1402 629 1471 discipulos
660 1403 873 1472 seipsos
911 1403 1217 1472 appellasse
1243 1401 1572 1467 Gnosticos;
1616 1402 1708 1455 sed
1737 1416 1909 1471 quare

308 1498 369 1549 hi
404 1497 513 1550 soli
554 1498 663 1549 hoc
705 1497 827 1551 loco
870 1498 973 1551 sub
1020 1496 1242 1550 nomine
1272 1497 1509 1565 generali
1541 1494 1906 1565 perlectorum

299 1596 361 1641 et
396 1589 800 1643 Gnostieorum
826 1589 1053 1659 intelligi
1087 1588 1354 1655 debeant,
1386 1597 1479 1643 aut
1519 1588 1798 1658 quomodo
1823 1605 1910 1643 re-

297 1688 396 1733 cte
423 1681 683 1749 possint,
719 1694 830 1733 non
862 1679 1041 1734 video.
1078 1678 1400 1733 Valentinus
1443 1679 1639 1733 unicus
1684 1678 1823 1745 fuit,
1856 1687 1910 1733 et

298 1772 638 1838 huiusmodi
662 1770 916 1839 discipuli
947 1771 1041 1840 qui
1081 1787 1205 1825 eum
1241 1786 1335 1839 per
1379 1771 1563 1824 omnia
1609 1784 1907 1838 sequeren-

2015 578 2244 632 lentium
2287 596 2306 628 ι
2350 578 2631 631 transtulit
2656 578 2831 631 ﬁdelis
2862 577 2955 633 sed
2989 577 3278 647 imperitus
3303 576 3599 645 interpres,

2013 685 2077 724 ac
2118 670 2163 724 si
2191 671 2457 740 scriptum
2491 670 2689 726 fuisset
2721 670 2908 725 Grzeee
2927 670 3015 723 διὰ
3044 670 3228 741 Σιγῆς.
3256 684 3380 723 cum
3416 668 3605 723 verisi-

2011 762 2301 816 millimum
2347 764 2420 818 sit
2463 763 2728 831 scriptum
2763 761 2933 816 fuisse
2958 762 3027 815 ab
3052 762 3256 815 lrena‘o
3284 758 3373 814 διὰ
3403 760 3502 831 τὴν
3521 759 3606 812 Σι-

2010 855 2135 924 γήν,
2163 854 2215 908 id
2244 866 2327 909 est
2355 865 2569 924 propter
2599 854 2789 924 Sigen;
2820 864 2876 908 ut
2904 855 3149 923 loquitur
3190 854 3598 908 Tertullianus:

2017 965 2037 997 ι
2073 945 2177 1001 Sed
2210 948 2521 1002 intercessit
2550 959 2725 1001 mater
2776 946 2937 1016 Sige,
2983 946 3073 999 illa
3117 946 3363 1013 scilicet,
3398 960 3521 1015 quae
3548 956 3603 998 et

2013 1040 2148 1108 ipsis
2186 1040 2456 1094 haereticis
2482 1040 2599 1094 suis
2624 1047 2804 1093 tacere
2831 1038 3153 1107 praescribit.
3192 1056 3212 1091 ι

2086 1129 2612 1184 Luculentissimum
2656 1130 2894 1197 denique
2924 1130 3303 1183 testimonium
3328 1137 3414 1183 est
3452 1127 3602 1195 quod

2012 1221 2172 1275 nobis
2214 1222 2415 1289 pr:ebet
2455 1220 2751 1289 Gregorius
2780 1218 3160 1275 Nazianzenus
3203 1220 3451 1273 oratione
3485 1218 3599 1272 25:

2024 1313 2215 1367 Ἡνίκα
2238 1314 2479 1384 Σίμωνες
2515 1313 2614 1383 μὲν
2644 1313 2737 1365 καὶ
2769 1312 3096 1384 Μαρκίωνες
3115 1352 3129 1375 ,
3172 1311 3513 1365 Οὑαλεντῖνοί
3540 1311 3603 1365 τέ

2007 1424 2154 1468 τινες
2177 1408 2268 1459 καὶ
2302 1406 2604 1458 Βασιλεῖδαι
2640 1406 2735 1458 καὶ
2773 1404 3077 1474 Κέρδωνες,
3110 1402 3373 1474 Κήρινθοί
3402 1420 3462 1456 τε
3506 1404 3602 1456 καὶ

2010 1500 2432 1570 Καρποκρὰτεις
2470 1499 2563 1550 καὶ
2592 1497 2798 1567 πᾶσαὴ
2831 1496 2958 1566 περὶ
2993 1495 3236 1559 ἐκείνους
3267 1495 3504 1567 φλυαρία
3539 1512 3600 1548 τε

2010 1592 2105 1646 καὶ
2138 1590 2390 1662 τερατεία
2426 1591 2518 1642 ἐπὶ
2546 1590 2794 1642 πλεῖστον
2818 1590 2907 1642 τὸν
2936 1590 3043 1641 τῶν
3070 1589 3205 1641 ὅλων
3235 1588 3369 1641 Θεὸν
3403 1590 3600 1658 τεμόν-

2008 1699 2121 1745 τες,
2156 1682 2251 1734 καὶ
2282 1682 2421 1753 ὑπὲρ
2443 1680 2535 1733 τοῦ
2553 1680 2783 1748 Ἀγαθοῦ
2811 1679 2887 1749 τῷ
2906 1679 3224 1750 δημιουργῷ
3256 1679 3603 1749 πολεμήσαν-

2010 1791 2100 1838 τες
2124 1773 2313 1832 ἔπειτα
2336 1771 2716 1841 κατεπόθησαν
2737 1770 2813 1841 τῷ
2837 1770 3045 1822 ἑαυτῶν
3060 1769 3214 1840 Βυθῴ
3245 1770 3339 1822 καὶ
3365 1772 3430 1840 τῇ
3466 1770 3600 1840 Σιγῇ

297 1872 422 1926 tur,
458 1878 567 1915 nec
595 1861 804 1930 aliquid
834 1860 1071 1914 inventis
1100 1861 1220 1929 ejus
1252 1859 1537 1922 adderent,
1563 1857 1749 1911 lrenmi
1774 1866 1908 1911 aeta-

2016 1864 2409 1937 παραδοθέντες
2426 1862 2617 1933 ὥσπερ
2637 1858 2703 1932 ἦν
2718 1861 2885 1925 ἄξιον.
2913 1880 2929 1913 ‹
2949 1861 3084 1915 Cum
3112 1860 3364 1915 Sitnones
3387 1873 3439 1915 et
3461 1860 3607 1914 Maro

296 1964 381 2017 te,
416 1954 723 2009 admodum
760 1954 923 2022 pauci
948 1952 1210 2007 fuerunt:
1247 1951 1569 2005 Tertulliani
1612 1960 1758 2007 certe
1793 1966 1909 2005 :evo

297 2046 467 2100 solus
489 2063 559 2100 ex
586 2046 656 2100 iis
678 2046 978 2100 Axionicus
1001 2044 1284 2098 remansit.
1315 2042 1489 2109 Quam
1518 2042 1711 2113 ignava
1746 2042 1910 2112 igitur

296 2148 458 2192 esset
489 2139 611 2192 h:ec
642 2138 1027 2207 exprobratio,
1073 2138 1219 2205 quod
1255 2136 1444 2204 paucis
1491 2135 1818 2204 quibusdam
1856 2142 1911 2189 et

297 2229 759 2299 particularibus
793 2228 1075 2284 Gnosticis
1103 2229 1276 2283 videri
1313 2229 1511 2283 vellent
1556 2227 1911 2297 perfectiores

299 2331 361 2376 et
398 2323 581 2391 magis
608 2320 898 2375 Gnostici!
933 2321 1241 2377 Praesertim
1282 2336 1404 2374 cum
1448 2319 1682 2389 objectio
1712 2320 1765 2373 in
1804 2319 1911 2374 'Se-

300 2412 651 2475 cundianos,
679 2420 733 2465 et
756 2410 1145 2474 Ptolemaicos,
1174 2420 1229 2465 et
1259 2410 1560 2465 Mareosios
1584 2426 1648 2464 ac
1668 2411 1911 2479 reliquos

302 2519 549 2569 omnes,
582 2513 853 2573 quotquot
896 2504 1098 2573 aliquid
1130 2503 1399 2557 Valentini
1446 2503 1708 2557 doctrina:-
1757 2502 1912 2556 addi-

303 2596 471 2660 dere,
509 2597 840 2666 quadraret;
876 2596 955 2649 illi
994 2596 1138 2651 enim
1173 2611 1365 2650 omnes
1412 2594 1678 2663 magistro
1718 2610 1818 2648 suo
1859 2602 1913 2648 et

303 2689 529 2743 talibus
561 2688 848 2756 discipulis
876 2687 1236 2757 sapientiores
1265 2695 1318 2741 et
1355 2684 1790 2757 γνωστικώτεροι
1828 2685 1913 2738 vi-

302 2779 439 2832 deri
473 2779 790 2832 voluerunt.
815 2777 997 2844 Quare
1027 2777 1193 2847 igitur
1222 2778 1461 2831 Irenteus
1492 2777 1577 2830 his
1608 2776 1700 2845 qui
1746 2774 1909 2829 aliam

304 2870 734 2925 octonationem
759 2870 1161 2940 exeogilarunt,
1196 2870 1328 2923 illud
1360 2869 1695 2938 exprobrat?
1732 2867 1912 2935 Quare

305 2963 511 3015 statim
548 2961 601 3015 in
645 2963 1103 3017 exclamationem
1147 2962 1295 3015 illam
1341 2962 1599 3031 erumpit,
1648 2961 1692 3016 si
1722 2960 1911 3030 paucis

306 3063 542 3107 tantum
566 3056 895 3124 quibusdam
927 3055 1287 3125 sapientiores
1311 3070 1369 3109 se
1398 3055 1773 3109 venditarent?
1795 3055 1912 3109 lmo

308 3160 454 3199 vero
484 3146 603 3200 haec
638 3147 978 3216 archegonos
1023 3147 1304 3201 octonatio
1343 3162 1451 3200 non
1484 3146 1696 3200 tantum
1730 3162 1759 3199 a
1798 3144 1909 3200 Va-

310 3239 538 3292 lentino
573 3248 626 3292 et
665 3239 936 3293 Axionico
966 3239 1241 3293 similibus
1271 3238 1557 3307 discipulis
1582 3281 1595 3303 ,
1647 3239 1738 3293 sed
1784 3248 1839 3292 et
1882 3252 1911 3293 a

311 3325 835 3381 eombinationibus
866 3327 1230 3396 reliquorum,
1261 3327 1354 3396 qui
1392 3344 1457 3381 ex
1494 3328 1681 3382 schola
1714 3325 1915 3382 Valen-

312 3416 424 3470 tini
471 3417 809 3486 prodeuntes
847 3419 917 3473 ab
954 3434 1021 3473 eo
1054 3420 1107 3473 in
1159 3421 1350 3474 multis
1388 3427 1766 3483 recesserunt,
1799 3427 1853 3473 et
1882 3434 1914 3473 a

310 3509 596 3563 doctrinis
622 3510 870 3563 omnium
902 3512 1268 3566 vetustiorum
1286 3512 1675 3567 Gnosticorum
1703 3512 1914 3568 discre-

314 3602 509 3671 pabat,
544 3610 598 3654 et
629 3616 695 3656 eo
722 3618 922 3672 genere
960 3604 1198 3658 ﬁctionis
1227 3605 1513 3659 universas
1544 3605 1707 3675 longe
1753 3620 1916 3674 supe-

312 3696 501 3748 rabat.
541 3693 840 3750 Voluerunt
884 3697 1051 3766 igitur
1088 3697 1165 3750 illi
1197 3699 1289 3767 qui
1335 3699 1449 3752 hzec
1492 3700 1913 3767 excogitarunt,

314 3786 585 3840 omnibus
612 3787 840 3839 omnino
872 3796 997 3841 ante
1027 3803 1084 3842 se
1112 3788 1389 3843 Gnosticis
1439 3791 1797 3857 sapientiores
1836 3790 1917 3842 vi-

315 3878 438 3931 deri
471 3894 485 3929 :
525 3876 693 3945 idque
719 3892 847 3931 cum
880 3878 1260 3945 indignatione
1299 3880 1535 3948 quadam
1564 3888 1617 3934 et
1661 3880 1917 3934 irrisione

314 3969 639 4037 exprimere
682 3968 858 4022 voluit
904 3969 1159 4023 lrenaeus.
1204 3967 1262 4022 ln
1300 3970 1547 4023 eamdem
1588 3972 1915 4026 sententiam

316 4063 664 4130 interpretor
712 4077 836 4130 qua
889 4059 1231 4130 Epiphanius
1283 4061 1350 4114 de
1386 4061 1679 4116 Ptolenueo
1729 4062 1914 4129 tradit,

316 4155 419 4224 qui
448 4154 554 4223 τῆς
582 4154 681 4223 μὲν
709 4154 889 4207 αὐτῶν
917 4154 1266 4224 καλουμένων
1296 4154 1616 4208 Γνωστικῶν
1635 4195 1649 4220 ,
1685 4157 1779 4208 καὶ
1810 4155 1917 4209 τῶν

319 4249 447 4300 κατ’
478 4248 835 4300 Οὐαλεντῖνον
874 4248 1135 4318 ὑπάρχων
1165 4248 1463 4319 αἱρέσεως,
1509 4264 1632 4303 cum
1677 4257 1731 4303 et
1770 4248 1918 4304 Gno-

326 4342 605 4396 sticorum
650 4350 705 4395 et
728 4339 1236 4394 Valentinianorum
1290 4341 1521 4395 haeresin
1564 4341 1920 4410 amplectere—

320 4443 437 4497 tur,
467 4431 638 4502 ἕτερα
672 4431 824 4503 παρὰ
857 4431 981 4494 τοὺς
1014 4431 1179 4485 αὑτοῦ
1212 4431 1563 4493 διδασκάλους
1596 4431 1919 4501 ὑποτιθέμε-

2013 1956 2222 2018 ciones,
2255 1962 2309 2007 et
2337 1952 2615 2005 Valentini
2642 1962 2695 2005 et
2722 1950 2974 2005 Basilidze
2995 1960 3050 2005 et
3080 1951 3380 2018 Cerdones,
3407 1950 3606 2006 Cerin-

2012 2045 2091 2099 thi
2131 2045 2297 2099 etiam
2330 2054 2384 2098 et
2409 2043 2791 2113 Carpocrates,
2821 2054 2874 2096 et
2896 2058 3086 2097 omnes
3116 2056 3309 2097 eorum
3341 2059 3498 2113 nugae
3545 2054 3603 2097 et

2012 2138 2330 2208 prmstigize,
2375 2145 2733 2205 posteaquam
2781 2149 2965 2188 rerum
3001 2134 3247 2188 omnium
3278 2134 3444 2189 Deum
3476 2151 3603 2204 per-

2013 2230 2276 2284 diuturno
2310 2238 2558 2297 tempore
2590 2228 2897 2282 sccuisseut
2918 2266 2931 2290 ,
2967 2228 3282 2296 bellumque
3317 2242 3418 2297 pro
3444 2227 3597 2281 Bono

2013 2322 2276 2377 adversus
2298 2321 2611 2374 Creatorem
2642 2320 2963 2387 gessissent,
3011 2328 3249 2383 suomet,
3288 2328 3350 2373 ut
3379 2334 3599 2389 aequum

2015 2424 2163 2480 erat,
2197 2413 2482 2467 Profundo
2530 2412 2801 2481 absorpue
2845 2427 2910 2466 ac
2956 2412 3187 2466 Silentio
3237 2413 3450 2467 traditae
3480 2412 3602 2467 fue-

2014 2514 2162 2560 runt.
2200 2524 2218 2558 ›
2266 2504 2345 2557 Ad
2378 2518 2541 2574 quem
2574 2504 2752 2557 locum
2784 2502 2933 2558 Elias
2965 2504 3246 2558 Cretensis
3285 2504 3400 2558 haec
3428 2504 3601 2558 adno-

2016 2611 2126 2656 tat:
2169 2600 2287 2654 ¢Ae
2322 2598 2629 2652 Simoniani
2655 2599 2874 2667 quidem
2909 2598 3251 2651 octonarium
3284 2612 3600 2661 numerum,

2014 2692 2086 2745 ob
2111 2689 2319 2744 .Eones
2354 2704 2449 2745 eos
2475 2703 2616 2759 quos
2642 2688 2916 2749 colebant,
2948 2688 3157 2741 honore
3186 2688 3605 2757 prosequeban-

2015 2793 2122 2837 tur.
2154 2781 2513 2853 Nugabantur
2547 2782 2693 2837 enim
2738 2781 2972 2852 Bythum
3000 2795 3125 2834 cum
3158 2795 3257 2834 sua
3309 2778 3433 2850 Sige
3468 2796 3606 2835 cou-

2014 2890 2267 2941 gressum
2299 2874 2532 2929 Mentem
2569 2882 2622 2928 et
2661 2871 2958 2926 Veritatem
3005 2870 3282 2941 genuisse,
3327 2880 3437 2925 etc.
3478 2889 3497 2922 ι
3537 2869 3605 2925 Et

2012 2966 2231 3022 Nicetas
2261 2967 2329 3021 ad
2346 2968 2649 3022 orationem
2675 2966 2745 3019 44
2772 2984 2785 3019 :
2821 2984 2839 3017 ι
2870 2964 3176 3018 Simoniani
3202 2962 3422 3033 quidem
3447 2974 3605 3017 octo-

2015 3061 2255 3123 narium,
2291 3065 2514 3127 propter
2536 3066 2664 3112 octo
2692 3057 2818 3111 illos
2840 3055 3092 3126 magistri
3129 3055 3213 3109 sui
3245 3052 3475 3119 lEones,
3503 3053 3606 3108 ho-

2018 3150 2133 3202 nori
2169 3149 2460 3203 habebant.
2487 3148 2700 3203 Etenim
2724 3164 2791 3202 ex
2814 3146 2970 3219 Bylhi
3001 3163 3126 3202 cum
3153 3146 3279 3218 Sige
3300 3162 3603 3217 congressu

2018 3240 2250 3294 Mentem
2271 3255 2335 3293 ac
2362 3239 2660 3294 Veritatem
2692 3247 3014 3308 procreatas
3045 3254 3166 3293 esse
3193 3237 3475 3292 fabulatus
3495 3247 3602 3303 est,

2016 3343 2186 3402 atque
2230 3333 2301 3385 ita
2344 3332 2551 3401 primos
2578 3340 2856 3401 parentes,
2890 3340 2952 3384 ut
2979 3330 3092 3399 jam
3125 3331 3329 3384 dictum
3364 3340 3468 3393 est,
3498 3329 3603 3400 By-

2018 3426 2171 3481 thum
2200 3434 2252 3477 et
2279 3426 2440 3494 Sigen
2482 3424 2769 3478 conﬁnxit.
2813 3442 2831 3474 ι
2879 3422 3113 3493 Bythum
3147 3423 3314 3491 igitur
3348 3432 3401 3476 et
3434 3421 3599 3492 Sigen

2018 3516 2159 3570 inter
2184 3515 2392 3570 Eones
2414 3530 2545 3569 suos
2569 3514 2830 3568 habuisse
2863 3522 3071 3568 veteres
3100 3513 3220 3567 illos
3242 3522 3369 3568 ante
3401 3512 3604 3568 Valen-

2017 3609 2192 3662 tinum
2241 3607 2565 3669 Gnostieos,
2631 3606 2819 3660 dixere
2864 3604 3294 3675 quamplurimi;
3347 3618 3457 3659 non
3505 3604 3607 3660 ha-

2017 3699 2224 3761 buisse,
2263 3708 2390 3753 ante
2431 3698 2793 3761 Blondellum,
2850 3698 3067 3767 opinor,
3117 3711 3280 3751 nemo
3326 3695 3485 3751 dixit.
3535 3695 3605 3751 Et

2019 3793 2239 3861 quidem
2284 3807 2392 3845 non
2430 3799 2641 3845 tantum
2684 3790 2891 3859 primas
2937 3789 3187 3859 syzygias
3238 3803 3269 3841 a
3325 3788 3601 3841 vetustio-

2020 3886 2176 3938 ribus
2202 3884 2473 3937 bzereticis
2517 3883 2795 3950 accepisse
2844 3880 3213 3943 Valentinum,
3265 3879 3362 3933 sed
3403 3888 3457 3934 et
3504 3894 3599 3933 ea-

2020 3992 2141 4030 rum
2182 3976 2346 4029 etiam
2398 3975 2621 4028 nomina
2670 3974 3025 4029 continuasse
3074 3972 3154 4025 vel
3199 3972 3331 4026 illud
3378 3971 3597 4036 suadet,

2020 4068 2167 4136 quod
2213 4082 2341 4121 cum
2401 4081 2572 4120 novas
2636 4066 2743 4120 illis
2802 4064 3253 4119 nomenclaturas'
3300 4063 3603 4119 addidisset

2020 4160 2378 4230 Epiphanes,
2438 4158 2717 4213 Monoteta
2776 4166 2830 4211 et
2894 4156 3198 4218 Henoteta,
3262 4154 3495 4209 Monada
3548 4164 3603 4209 et

2022 4248 2166 4315 Hen,
2196 4249 2381 4303 statim
2437 4250 2705 4304 exclamet
2752 4248 3025 4307 lrenteus,
3074 4248 3173 4300 Ἰοὺ
3208 4246 3309 4310 ἰοὺ,
3343 4244 3445 4315 φεῦ
3477 4244 3601 4315 φεῦ,

2020 4345 2291 4399 rationem
2329 4344 2581 4408 reddens,
2622 4361 2640 4394 ι
2684 4343 2946 4411 quoniam
2981 4343 3097 4410 ipse
3143 4341 3366 4395 nomina
3417 4340 3601 4411 posuit

2023 4437 2315 4506 ﬁgmento,
2349 4450 2471 4504 qua:
2513 4450 2543 4488 a
2593 4434 2809 4488 neruine
2852 4434 3022 4487 altero
3063 4432 3242 4502 posita
3296 4428 3605 4487 suntulloc

318 4544 437 4589 νος,
472 4526 583 4579 alia
618 4535 813 4594 praeter
837 4539 901 4577 ea
926 4540 1047 4593 qua:
1075 4540 1105 4577 a
1136 4524 1438 4593 magistris,
1470 4525 1585 4578 sive
1614 4524 1913 4590 Gnosticis,
1947 4537 1997 4594 ι)
2020 4528 2167 4580 enim
2199 4535 2345 4581 tanta
2384 4526 2746 4580 admiratione
2776 4524 2999 4594 dignum
3032 4538 3140 4576 non
3171 4522 3387 4589 fuisset,
3413 4523 3458 4577 si
3488 4520 3602 4576 Va—

319 4620 446 4672 sive
484 4615 913 4676 Valentinianis,
946 4623 1233 4684 acceperat
1263 4615 1494 4683 ﬁngens,
1526 4614 1619 4667 δύο
1652 4612 1916 4682 συζύγους

318 4712 406 4781 τῷ
440 4708 565 4778 Θεῷ
595 4708 675 4779 τῷ
706 4710 837 4779 παρ’
872 4708 1056 4770 αὐτοῖς
1102 4705 1260 4776 Βυθῷ
1292 4705 1613 4775 καλουμένῳ
1655 4706 1918 4776 ἐπενόησε

320 4803 423 4856 καὶ
457 4801 773 4872 ἐχαρίσατο,
809 4818 827 4849 ι
862 4800 1002 4852 duas
1029 4797 1289 4867 conjuges
1314 4796 1447 4859 Deo,
1488 4812 1649 4867 quem
1678 4796 1775 4862 illi,
1802 4804 1917 4848 tum

320 4894 582 4948 Gnostici
614 4902 728 4945 tum
756 4890 1140 4952 Valentiniani,
1173 4888 1406 4960 Bythum
1438 4890 1727 4952 vocabant,
1762 4888 1920 4942 attri-

321 4988 555 5041 buebat.
593 5003 613 5035 ›
655 4983 769 5038 Hoc
800 4986 1003 5053 quippe
1051 4983 1313 5037 doctrinae
1341 4982 1731 5038 Gnosticorum
1773 4989 1919 5034 vete-

323 5095 454 5133 rum
492 5086 551 5131 ct
600 5076 1107 5130 Valentinianorum
1142 5075 1342 5144 adjecit
1382 5073 1740 5139 Ptolemteus;
1771 5072 1920 5141 quod

320 5185 456 5226 cum
498 5170 591 5223 isti
636 5183 803 5221 unam
839 5176 1052 5222 tantum
1094 5167 1387 5237 coniugem
1420 5166 1593 5237 Bytho
1623 5180 1763 5228 suo,
1805 5163 1919 5218 En-

320 5276 514 5317 naaam
582 5260 794 5315 scilicet
843 5270 937 5314 aut
986 5258 1177 5330 Sigen,
1204 5258 1588 5324 adiunxissent,
1622 5257 1712 5312 ille
1752 5259 1919 5311 etiam

321 5354 596 5409 Thelema
642 5368 741 5408 seu
782 5353 1138 5409 Voluntatem
1173 5352 1349 5407 eidem
1397 5351 1675 5407 connubio
1710 5350 1917 5419 ju’nxit.

319 5446 523 5518 Neque
566 5462 699 5501 vero
735 5460 841 5518 ego
896 5446 1090 5501 dubito
1141 5445 1275 5515 quin
1319 5442 1589 5498 Basilides
1620 5442 1919 5499 Gnosticus

321 5553 458 5600 ante
495 5538 854 5596 Valentinum
884 5540 938 5594 in
972 5540 1152 5610 prima
1176 5554 1276 5594 sua
1306 5535 1720 5593 combinatione
1754 5534 1921 5606 Sigen

323 5636 626 5697 habuerit,
668 5642 723 5689 et
766 5634 1016 5687 Ἔννοιαν
1057 5647 1214 5688 suam
1267 5632 1433 5703 Σιγήν
1477 5629 1775 5684 vocaverit.
1828 5630 1922 5686 Ille

321 5730 477 5785 enim
514 5726 729 5791 docuit,
753 5735 891 5783 teste
924 5725 1132 5781 lrenzeo
1153 5725 1250 5781 lib.
1286 5741 1325 5792 ι,
1354 5739 1404 5779 c.
1439 5724 1532 5791 25,
1562 5740 1581 5775 ι
1614 5736 1725 5778 non
1759 5737 1923 5793 opor-

324 5837 443 5883 tere
467 5822 701 5881 omnino
728 5822 973 5893 ipsorum
1007 5820 1263 5891 mysteria
1288 5818 1464 5886 cﬁ‘ari,
1498 5817 1591 5875 sed
1615 5816 1671 5873 in
1693 5815 1920 5874 abscon-

2022 4618 2262 4672 lentinus
2330 4617 2495 4686 paulo
2565 4624 2692 4670 ante
2756 4614 3094 4684 Epiphanem
3149 4615 3325 4668 eidem
3381 4612 3603 4668 Tetradi

2022 4725 2163 4764 nova
2198 4724 2429 4779 prorsus
2466 4708 2689 4762 nomina
2744 4716 2798 4761 et
2828 4715 2955 4760 ante
3010 4704 3257 4759 inaudita
3302 4704 3606 4774 imposuis-

2021 4807 2122 4854 SCt.

2096 4888 2351 4943 Secundo
2378 4927 2391 4951 ,
2436 4887 2623 4957 Logon
2658 4886 2821 4941 etiam
2864 4884 3037 4939 fuisse
3063 4884 3207 4938 inter
3238 4883 3429 4938 ﬁctilia
3455 4892 3605 4939 vete-

2020 4998 2145 5036 rum
2188 4981 2579 5036 Gnosticorum
2626 4980 2874 5045 numina,
2905 4986 2959 5032 et
2988 4992 3085 5047 per
3111 4977 3358 5047 syzygias
3394 4976 3607 5045 aliquas

2023 5088 2054 5127 a
2083 5072 2208 5141 Sige
2231 5072 2299 5126 ad
2331 5087 2457 5125 eum
2492 5078 2813 5140 perventum
2847 5084 2990 5133 esse,
3023 5075 3085 5121 ut
3109 5069 3162 5121 in
3188 5068 3375 5122 schola
3405 5066 3606 5121 Valen-

2021 5166 2146 5231 tini,
2182 5166 2386 5236 pariter
2414 5164 2775 5234 probabimus
2801 5180 2815 5217 :
2848 5161 2993 5231 quod
3025 5162 3161 5215 satis
3184 5168 3267 5216 est
3288 5161 3353 5215 ad
3385 5170 3605 5214 senten-

2023 5259 2155 5313 tiam
2192 5266 2438 5312 nostram
2479 5257 2744 5311 adversus
2784 5254 2969 5308 Dalltei
3013 5253 3353 5322 objectiones
3396 5251 3601 5305 conﬁr-

2023 5350 2302 5404 mandam.
2332 5347 2519 5419 Neque
2544 5349 2692 5402 enim
2734 5346 2981 5402 Gnostici
3023 5344 3123 5411 illi,
3150 5359 3329 5414 neque
3374 5342 3608 5397 Valenti-

2022 5458 2130 5497 nus
2162 5442 2278 5511 ipse
2315 5440 2520 5495 diserte
2548 5454 2792 5510 unquam
2825 5438 2966 5492 dixit
3002 5436 3191 5507 Logon
3221 5452 3252 5492 e
3281 5434 3409 5505 Sige
3436 5435 3607 5489 emis-

2024 5548 2148 5591 sum
2182 5545 2328 5587 esse.
2374 5528 2643 5599 Basilides
2686 5529 2833 5589 inter
2858 5526 3149 5582 Gnostieos
3187 5524 3290 5579 fuit
3318 5524 3607 5579 Valentino

2022 5624 2327 5683 vetustior.
2364 5630 2420 5676 at
2489 5618 2579 5675 ille
2621 5620 2689 5675 de
2720 5618 2872 5688 Lego
2912 5619 3118 5689 pariter
3172 5632 3237 5673 ac
3280 5616 3607 5672 Valentinus

2024 5718 2216 5776 sensit.
2249 5712 2627 5775 Theudoretus
2657 5711 2857 5766 liceret.
2893 5710 3004 5777 fab.
3051 5709 3146 5764 lib.
3183 5724 3239 5773 v,
3273 5722 3325 5763 c.
3356 5708 3445 5770 ll,
3476 5722 3604 5762 cum

2024 5812 2298 5871 Valentini
2338 5810 2406 5866 de
2430 5800 2611 5865 Verbo
2653 5804 2983 5863 sententiam
3012 5803 3323 5869 recitasset,
3364 5803 3478 5857 haec
3507 5800 3608 5856 ad-
