4078 6408
496 330 599 388 327

495 452 575 501 dit
610 466 623 501 :
650 444 965 513 Βασιλείδης
993 444 1048 495 δὲ
1076 439 1337 504 ὡσαύτως
1366 440 1523 495 ἀλλον
1548 440 1638 491 τὸν
1661 438 1961 509 Μονογινῆ,
1988 438 2084 492 καὶ
2112 442 2157 501 Α

494 539 656 592 ἄλλον
676 536 766 590 τὸν
797 535 990 603 Λόγον,
1010 534 1103 586 καὶ
1133 533 1326 602 ἑτέραν
1354 530 1544 601 εἴρηκε
1570 530 1669 601 τὴν
1694 530 1912 597 Σοφίαν,
1948 548 1965 580 ι
1988 529 2084 582 Ba-

496 632 686 686 silides
729 642 949 699 quoque
989 625 1243 681 similiter
1293 623 1461 677 alium
1516 621 1903 692 Unigenitum,
1935 622 2083 676 aliud

496 721 763 785 Verbum,
795 728 849 775 et
870 720 1034 773 aliam
1061 718 1200 771 dixit
1230 731 1353 771 esse
1396 715 1756 784 Sapientiam.
1795 733 1813 766 ι
1847 715 1972 769 Ideo
1993 729 2085 767 au-

496 821 607 868 tem
630 810 987 880 Monogenem
1019 814 1074 861 et
1109 804 1344 859 Verbum
1370 804 1623 858 similiter
1643 803 1921 869 distinxit,
1952 805 2080 874 quia

500 900 739 954 Verbum
771 914 839 953 ex
872 896 1173 965 Monogene
1220 894 1474 947 similiter
1495 892 1704 948 eduxit.
1739 894 1817 947 Ita
1845 896 2083 949 lrenazus

502 992 571 1046 de
603 988 842 1045 Basilide
868 988 965 1042 lib.
1003 1003 1044 1052 ι,
1068 1002 1119 1041 c.
1154 986 1228 1039 9.5
1265 1002 1277 1036 :
1326 1004 1344 1037 ι
1377 985 1625 1040 Ostendit
1648 983 1770 1040 Nun
1804 987 1981 1055 primo
2013 987 2083 1040 ab

495 1086 691 1140 innato
715 1090 905 1136 natum
941 1080 1123 1145 Patre,
1153 1081 1220 1133 ab
1252 1078 1355 1133 hoc
1382 1086 1566 1132 autem
1589 1087 1779 1133 natum
1815 1079 2026 1149 Logon.
2056 1098 2075 1130 ι

488 1148 560 1227 In
585 1173 773 1228 schola
799 1171 963 1240 igitur
993 1167 1380 1223 Cnosticorum
1413 1178 1655 1223 veterum
1684 1168 1863 1239 Logus
1885 1186 1951 1224 ex
1975 1168 2080 1237 Nu,

491 1264 612 1321 Nus
643 1281 674 1320 a
698 1263 906 1335 Bytlio,
935 1263 1095 1333 plane
1132 1270 1191 1315 ut
1223 1262 1278 1315 in
1314 1262 1501 1316 schola
1536 1261 1831 1318 Valentini.
1874 1264 1943 1319 At
1981 1263 2085 1320 Ba-

494 1355 685 1409 silides
727 1363 781 1410 et
820 1356 898 1408 illi
952 1354 1197 1409 Gnostici
1233 1354 1375 1407 inter
1408 1368 1548 1424 quos
1594 1354 1710 1424 ipse
1739 1354 1875 1420 fuit,
1904 1372 2084 1425 neque

494 1446 709 1519 Bylhon
734 1463 913 1517 neque
948 1446 1068 1501 Nun
1107 1449 1226 1502 sine
1276 1446 1531 1514 συζύγοις
1576 1449 1694 1503 suis
1738 1447 1967 1504 Avionem
2010 1451 2086 1503 ul-

494 1546 608 1599 lum
641 1560 961 1613 procreasse
1000 1545 1326 1599 docuerunt.
1375 1543 1639 1598 Basilides
1669 1544 1814 1597 enim
1859 1542 2084 1598 Menan-

494 1637 578 1691 dri
617 1636 922 1705 discipulus
970 1636 1108 1698 fult,
1138 1636 1231 1704 qui
1272 1636 1546 1707 syzygiam
1596 1632 1775 1689 Patris
1821 1635 2082 1705 incogniti

493 1734 550 1781 ct
586 1726 810 1782 Eanum:
862 1727 1120 1791 tradidit;
1170 1725 1401 1795 ejusque
1448 1726 1776 1780 sententiam
1813 1725 2081 1779 Basilides

495 1834 607 1874 non
644 1818 919 1885 concidit,
967 1818 1061 1873 sed
1104 1818 1159 1872 in
1204 1818 1537 1872 immensum
1582 1820 1850 1873 extendit.
1896 1818 2079 1885 Quare

493 1927 619 1967 cum
668 1912 904 1966 Irenaaus
938 1911 1201 1965 adversus
1232 1908 1745 1965 Valentinianorum
1784 1930 1803 1962 ‹
1838 1912 2078 1981 primum

493 2004 743 2059 ordinem
773 2003 1111 2070 emissionis,
1143 2018 1253 2072 quo
1280 2002 1542 2058 emissum
1568 2004 1724 2058 aiunt
1742 2004 1809 2059 de
1832 2004 2005 2076 Bytho
2026 2015 2079 2059 et

493 2098 660 2167 hujus
690 2097 910 2151 Ennaea
942 2095 1065 2151 Nun
1106 2104 1161 2152 et
1195 2096 1471 2164 Alethian,
1505 2116 1523 2149 ι
1557 2098 1651 2152 lib.
1686 2114 1748 2164 ιι,
1783 2114 1833 2154 c.
1862 2099 2079 2166 i6,dis-

489 2197 684 2259 putare
734 2205 1026 2260 aggressus
1076 2198 1255 2255 esset,
1301 2190 1480 2259 capite
1528 2190 1596 2246 18
1636 2190 1710 2246 ita
1756 2193 2075 2248 concludit:

493 2300 515 2334 ι
556 2280 681 2337 Πωο
706 2292 887 2337 autem
918 2298 1043 2353 qua:
1072 2283 1217 2337 dicta
1250 2292 1376 2337 sunt
1403 2285 1469 2339 de
1497 2282 1707 2339 Sensus
1746 2284 1823 2353 (id
1848 2296 1953 2352 est,
1984 2285 2080 2339 τοῦ

491 2375 629 2447 Νοῦ)
654 2376 975 2440 emissione,
1010 2376 1263 2432 similiter
1290 2385 1345 2433 et
1370 2376 1636 2433 adversus
1660 2392 1757 2432 eos
1787 2378 1883 2447 qui
1912 2393 1940 2431 a
1976 2376 2081 2433 Ba-

490 2467 648 2521 silide
678 2476 828 2531 sunt,
856 2476 1043 2536 aptata
1074 2478 1225 2535 sunt,
1256 2479 1306 2524 et
1339 2470 1605 2525 adversus
1647 2469 1888 2539 reliquos
1925 2468 2079 2525 Gno-

486 2560 681 2625 sticos,
706 2576 738 2614 a
776 2561 978 2630 quibus
1010 2570 1066 2615 et
1097 2561 1151 2614 hi
1177 2562 1336 2619 initia
1358 2562 1719 2617 emissionum
1748 2554 2079 2632 accipientes

493 2653 729 2706 convicti
756 2660 886 2707 sunt
908 2653 963 2707 in
978 2653 1156 2725 primo
1173 2654 1332 2709 libro.
1348 2673 1366 2705 ι
1391 2656 1484 2708 Illa
1502 2663 1684 2710 autem
1706 2673 1724 2705 ε
1750 2655 1900 2709 initia
1914 2654 2083 2709 emis-

487 2741 729 2806 sionum,
754 2761 772 2794 ι
807 2758 929 2813 quae
966 2759 995 2797 a
1026 2744 1305 2813 prioribus
1333 2744 1610 2800 Gnosticis
1638 2744 2079 2801 derivaruntVa-

487 2832 802 2901 lentiniani,
825 2850 947 2903 qua:
970 2833 1177 2889 fuerint
1221 2852 1384 2904 porro
1416 2837 1770 2906 quaerendum
1794 2846 1896 2892 est.
1930 2837 2087 2895 Elian

485 2921 773 2978 Cretensis
825 2925 1063 2994 primam
1107 2924 1377 2981 Valentini
1420 2929 1830 2983 octonationem
1884 2929 1953 2983 ab
2005 2929 2075 2984 iis

486 3014 776 3071 deductam
818 3017 1050 3083 asserit;
1092 3019 1159 3073 de
1198 3017 1538 3073 Simonianis
1570 3021 1717 3074 enim
1749 3037 1954 3091 agens,
1988 3023 2076 3076 in-

487 3106 612 3173 quit
642 3124 658 3162 :
695 3125 714 3158 ‹
736 3106 813 3161 Ac
840 3107 1061 3177 generis
1088 3109 1366 3178 principes
1391 3108 1617 3176 lEones,
1644 3109 1876 3181 Bylhum
1911 3120 1963 3165 et
1989 3110 2075 3165 Si-
2100 3139 2143 3196 ο

486 3212 591 3267 gen
640 3198 949 3268 (iungebant,
984 3199 1053 3254 ab
1098 3200 1182 3255 bis
1225 3208 1406 3254 autem
1445 3204 1716 3257 secundos
1755 3203 1988 3259 Mentem
2019 3215 2074 3261 et

486 3288 822 3358 Veritatem,
860 3293 931 3347 ab
973 3292 1062 3348 his
1100 3293 1294 3349 tertios
1329 3293 1649 3350 Sermonem
1678 3302 1732 3351 et
1760 3295 1964 3366 Vitam,
2004 3299 2076 3354 ab

485 3385 570 3439 his
597 3384 835 3454 denique
863 3395 1092 3455 quartos
1125 3384 1419 3441 Hominem
1450 3395 1505 3442 et
1544 3386 1867 3444 Ecclesiam.
1903 3408 1922 3442 ι
1971 3390 2075 3446 Ea-

478 3462 605 3527 dem
636 3472 804 3527 tradit
833 3482 887 3528 et
916 3471 1163 3541 Nicetas;
1200 3484 1432 3545 uterque
1466 3492 1601 3532 sane
1656 3479 1850 3535 asserit
1883 3478 2075 3537 Valen-

482 3564 662 3621 tinum
693 3566 931 3636 primam
951 3566 1211 3637 Ogdoada
1234 3582 1265 3621 a
1295 3566 1636 3624 Simonianis
1661 3571 1957 3640 accepisse,
1986 3573 2075 3628 de-

481 3658 613 3711 cada
670 3666 857 3712 autem
896 3668 953 3714 et
986 3659 1304 3715 duodeeada
1338 3661 1407 3716 de
1446 3676 1549 3717 suo
1579 3661 1881 3731 addidisse;
1922 3667 2068 3736 quod

480 3750 648 3804 etiam
680 3766 746 3805 ex
776 3752 981 3807 Irenaeo
1011 3752 1392 3807 confirmatur.
1439 3756 1535 3809 Ille
1565 3757 1711 3810 enim
1746 3774 1872 3812 cum
1904 3761 2071 3815 emis-

480 3841 689 3895 sionem
716 3841 810 3895 τοῦ
844 3843 1018 3912 Λόγου
1045 3844 1237 3899 ordine
1280 3844 1597 3912 refutasset,
1630 3856 1684 3902 et
1721 3850 1787 3903 ad
1815 3851 2070 3907 emissio-

480 3949 604 3988 nem
646 3934 897 3991 Hominis
925 3945 979 3990 et
1009 3936 1290 4006 Ecclesia},
1323 3940 1417 4009 qui
1442 3940 1633 4009 prima:
1659 3942 1934 4013 Ogdoadis
1968 3961 2067 4015 po-

479 4026 668 4081 stremi
697 4024 904 4081 Eones
930 4025 1100 4093 fuere,
1135 4031 1495 4098 pervenisset,
1534 4034 1629 4086 lib.
1659 4050 1719 4099 ιι,
1754 4051 1801 4089 c.
1838 4036 1932 4097 18,
1970 4054 2069 4092 no-

478 4123 558 4168 tat
586 4113 1095 4170 Valentinianorum
1122 4130 1400 4186 parentes,
1419 4124 1750 4177 vetustiores
1773 4123 2067 4181 Gnosticos

479 4205 608 4258 furti
647 4206 789 4260 male
823 4206 954 4259 facti
982 4222 1078 4262 eos
1106 4224 1420 4264 accusasse.
1459 4230 1478 4262 ι
1537 4211 1612 4267 De
1641 4228 1701 4266 ea
1729 4223 1911 4268 autem
1943 4232 2066 4285 quae

478 4303 555 4347 est
585 4310 652 4347 ex
696 4286 781 4349 liis
813 4296 1054 4349 secunda
1086 4298 1387 4352 emissione
1434 4298 1683 4353 Hominis
1715 4312 1767 4356 et
1807 4303 2064 4360 Ecclesia:

479 4386 581 4454 ipsi
608 4395 790 4454 patres
819 4402 1034 4452 eorum,
1064 4386 1206 4443 falso
1242 4394 1615 4459 cognominati
1647 4394 1919 4461 Gnostici,
1962 4399 2060 4451 im-

1592 320 1643 374 S.
1683 316 2027 375 IGNATIUS.
2063 347 2131 356 —
2174 312 2713 370 PROLECOMENA.

3663 311 3774 371 398

2259 433 2383 489 Ilrec
2408 450 2531 489 cum
2568 450 2597 487 a
2639 431 2799 487 nobis
2834 430 2971 484 adeo
3006 430 3161 484 ﬁrme
3211 429 3438 499 probata
3469 431 3600 497 sint,
3635 433 3777 490 nihil

2187 528 2333 583 aliud
2364 537 2555 592 restat,
2590 527 2693 581 nisi
2726 535 2783 578 ut
2804 524 3141 595 argumentis
3166 524 3269 577 viri
3293 522 3623 590 doctissimi,
3648 528 3774 595 qni-

2186 622 2291 676 bus
2315 620 2651 675 contrarium
2675 618 2908 688 probare
2938 616 3152 682 nititur,
3180 617 3633 685 respondeamus.
3653 620 3778 674 Pri—

2187 727 2336 766 mum
2362 720 2545 766 autem
2573 711 2627 764 in
2663 710 2803 764 hanc
2821 707 3054 763 formam
3080 709 3215 764 satis
3237 709 3589 765 commodam
3612 726 3773 766 como
3838 762 3841 767 .

2187 803 2335 872 pegit
2370 801 2585 857 :Nemo
2618 810 2744 857 ante
2779 800 3131 855 Valentinum
3183 801 3373 861 docuit
3426 802 3596 855 alium
3648 816 3777 857 esse

2186 892 2357 947 Deum
2389 901 2582 963 printer
2615 892 2953 959 Creatorem;
2992 907 3184 948 omnes
3214 893 3309 963 qui
3341 892 3573 963 Bytlium
3599 902 3653 948 et
3682 892 3775 948 Si-

2186 1002 2288 1054 gen
2317 985 2673 1049 induxerunt,
2696 986 3001 1042 docuerunt
3029 986 3195 1040 alium
3222 1001 3346 1040 esse
3372 984 3543 1040 Deum
3579 996 3777 1056 praeter

2185 1078 2499 1133 Creatorem
2544 1094 2739 1149 :ergo,
2771 1079 2865 1148 qui
2900 1078 3112 1150 Bython
3142 1087 3196 1132 et
3235 1078 3398 1149 Sigen
3449 1079 3778 1135 inducerent

2185 1179 2311 1225 ante
2338 1170 2681 1225 Valentinum
2705 1172 2838 1225 nulli
2862 1171 3104 1226 fuerunt.
3131 1170 3310 1241 Hujus
3332 1173 3634 1244 syllogismi
3662 1175 3774 1230 mi-

2184 1277 2374 1316 norem
2398 1262 2655 1330 admitto;
2684 1263 2924 1318 concedo
2942 1278 3134 1319 omnes
3149 1266 3244 1334 qui
3268 1265 3368 1320 hos
3390 1264 3597 1320 Eones
3626 1282 3773 1336 pra:-

2185 1355 2461 1421 dicabant,
2484 1354 2838 1426 Demiurgum
2871 1355 2988 1411 sive
3017 1355 3334 1411 Creatorem
3368 1358 3534 1411 alium
3570 1369 3774 1428 praeter

2185 1459 2463 1500 summum
2503 1456 2556 1502 et
2599 1457 2863 1502 veternum
2922 1446 3093 1502 Deum
3151 1450 3470 1518 agnovisse,
3518 1451 3776 1521 adeoque

2185 1538 2355 1592 alium
2385 1536 2554 1592 Deum
2599 1548 2795 1608 practer
2825 1538 3138 1594 Creatorem
3172 1542 3453 1597 docuisse.
3500 1542 3769 1614 Majorem

2185 1638 2366 1685 autem
2414 1643 2551 1697 nego
2593 1638 2647 1683 et
2673 1639 2859 1699 aperte
2894 1630 3090 1685 falsam
3116 1647 3239 1686 esse
3271 1634 3587 1701 pronuntio.
3623 1636 3771 1693 Ante

2185 1722 2331 1775 enim
2371 1719 2715 1776 Valentinum
2760 1724 2918 1777 multi
2962 1725 3233 1795 negabant
3279 1725 3450 1780 Deum
3482 1743 3768 1785 summum

2186 1826 2405 1867 creasse
2435 1812 2723 1880 mundum,
2748 1812 2994 1883 adeoque
3020 1827 3216 1883 praeter
3244 1815 3559 1871 Creatorem
3591 1819 3769 1875 alium

2182 1901 2352 1957 Deum
2386 1918 2507 1959 esse
2529 1904 2859 1960 docuerunt.
2895 1906 3037 1961 Ante
3070 1905 3422 1963 Valentinum
3462 1909 3768 1979 Basilides,

2180 1996 2248 2051 de
2273 2010 2384 2065 quo
2414 1996 2487 2050 ita
2519 1994 2890 2053 Tertullianus
2918 2015 2930 2050 :
2967 2018 2985 2051 ‹
3021 1998 3077 2053 In
3102 2000 3311 2056 ultimis
3337 2003 3559 2071 quidem
3593 2020 3769 2077 ange-

2180 2086 2249 2142 lis
2278 2096 2332 2142 et
2378 2088 2474 2157 qui
2506 2088 2655 2145 hunc
2697 2091 2946 2146 fecerunt
2976 2092 3239 2146 mundum
3272 2095 3633 2150 novissimum
3666 2112 3772 2167 po-

2180 2180 2261 2234 nit
2285 2179 2597 2236 Judworum
2632 2181 2824 2249 Deum,
2855 2184 2907 2237 id
2942 2193 3027 2239 est
3070 2184 3242 2240 Deum
3273 2187 3407 2257 legis
3449 2199 3501 2243 et
3527 2192 3768 2261 prophe-

2179 2281 2384 2339 tarum,
2403 2289 2565 2344 quem
2593 2274 2759 2330 Deum
2790 2286 2973 2347 negat,
3006 2278 3099 2332 sed
3126 2280 3380 2348 angelum
3411 2283 3597 2339 dicita
3625 2287 3771 2341 Ante

2180 2362 2472 2421 Basilidem
2507 2366 2859 2434 Saturninus,
2909 2372 3132 2440 angelos
3160 2370 3357 2429 fecisse
3408 2377 3671 2432 mundum
3710 2389 3772 2437 et

2178 2455 2493 2513 Judreorum
2520 2457 2689 2529 Deum
2712 2476 2881 2516 unum
2911 2478 2977 2517 ex
3001 2465 3209 2533 angelis
3237 2481 3357 2521 esse
3380 2468 3537 2523 dixit.
3570 2469 3634 2524 Hi
3654 2472 3766 2541 igi-

2179 2558 2270 2605 tur
2298 2549 2408 2605 duo
2434 2551 2687 2621 discipuli
2717 2551 3000 2609 Menandri
3048 2556 3216 2611 alium
3246 2558 3551 2616 docuerunt
3588 2562 3765 2622 Deum

2178 2650 2375 2710 prazter
2398 2640 2733 2699 Creatorem.
2765 2646 2906 2700 Ante
2934 2646 3293 2705 Saturninum
3326 2650 3622 2710 Cerintbus
3645 2673 3765 2713 non

2179 2747 2210 2785 a
2241 2734 2419 2802 primo
2466 2732 2575 2788 Deo
2626 2734 2830 2791 factum
2878 2753 3001 2793 esse
3038 2741 3304 2796 mundum
3350 2744 3570 2814 docuit,
3600 2748 3695 2803 sed
3726 2766 3761 2805 a

2177 2825 2380 2878 virtute
2408 2827 2647 2895 quadam
2693 2829 2851 2884 valde
2893 2842 3144 2900 separata
3188 2844 3243 2889 et
3286 2836 3528 2893 distante
3579 2840 3650 2895 ab
3696 2857 3767 2896 ea

2178 2916 2579 2986 principalitate
2608 2935 2729 2989 qua:
2757 2930 2841 2976 est
2873 2939 3035 2993 super
3077 2927 3353 2993 universa,
3390 2939 3444 2984 et
3471 2930 3767 3000 ignorante

2177 3022 2302 3061 eum
2337 3009 2429 3077 qui
2472 3020 2557 3064 est
2598 3026 2762 3080 super
2804 3016 2990 3069 omnia
3026 3014 3220 3072 Deum.
3258 3018 3385 3075 "ch
3434 3032 3618 3078 autem
3654 3024 3768 3082 fuit

2177 3098 2454 3169 ipsissima
2479 3102 2661 3171 opinio
2687 3102 3219 3175 Valentinianorum,
3255 3114 3349 3182 qui
3382 3113 3526 3170 idem
3553 3116 3621 3171 de
3658 3117 3767 3174 De-

2180 3192 2396 3264 miurgo
2422 3211 2523 3249 suo
2547 3198 2925 3266 prodiderunt.
2972 3198 3076 3257 Sed
3108 3203 3238 3273 quid
3268 3206 3517 3277 singulos
3540 3210 3767 3269 haereti-

2179 3301 2274 3341 cos
2302 3288 2561 3343 nomino?
2585 3288 2788 3347 Omnes
2823 3292 3073 3349 Gnostici
3117 3297 3258 3352 idem
3292 3301 3615 3372 docuerunt,
3649 3323 3764 3363 non

2178 3378 2362 3433 minus
2392 3396 2555 3449 quam
2581 3379 2921 3440 Valentinus.
2943 3385 3180 3444 lrenaeus
3206 3391 3302 3445 lib.
3331 3409 3384 3458 v,
3409 3410 3461 3449 c.
3486 3396 3586 3451 26:
3607 3417 3625 3450 ι
3654 3398 3767 3467 Qui

2172 3486 2305 3539 ergo
2346 3471 2728 3541 blasphemant
2764 3476 3120 3549 Demiurgum
3143 3525 3159 3549 ,
3196 3488 3278 3539 vel
3311 3488 3445 3556 ipsis
3492 3492 3671 3549 verbis
3704 3503 3765 3551 et

2175 3564 2489 3633 manifeste,
2521 3570 2982 3637 quemadmodum
3010 3576 3159 3645 quia
3191 3577 3468 3639 Marcione
3493 3597 3642 3654 sunt,
3673 3590 3763 3645 vel

2172 3658 2471 3719 secundum
2516 3663 2856 3718 eversionem
2904 3670 3189 3726 sententiae
3222 3712 3238 3740 ,
3289 3678 3757 3743 quemadmodum

2171 3747 2264 3817 qui
2309 3764 2340 3803 a
2384 3749 2673 3807 Valentino
2716 3764 2847 3811 sunt
2881 3766 2935 3811 et
2970 3774 3163 3818 omnes
3203 3766 3297 3834 qui
3334 3766 3476 3822 falso
3498 3770 3761 3828 dicuntur

2170 3853 2295 3894 esse
2326 3840 2595 3898 Gnostici.
2624 3863 2643 3896 ›
2702 3846 2842 3901 Idem
2886 3850 2979 3905 lib.
3033 3868 3095 3918 ιι,
3144 3870 3194 3909 c.
3231 3856 3341 3911 56:
3399 3878 3417 3910 ι
3449 3860 3516 3916 Ει
3543 3864 3755 3921 nullum

2169 3930 2337 3985 alium
2371 3936 2618 3991 omnium
2643 3954 2762 3994 esse
2794 3939 2982 4006 Deum,
3019 3946 3113 4000 sed
3146 3949 3320 4003 solam
3350 3966 3474 4007 esse
3495 3957 3752 4026 omnipo-

2167 4024 2334 4078 tentis
2365 4027 2820 4098 appellationem,
2869 4043 2923 4087 et
2971 4036 3237 4095 adversus
3280 4057 3376 4097 eos
3418 4048 3512 4114 qui
3550 4024 3680 4104 sunt
3720 4066 3755 4105 a

2166 4112 2464 4183 Marcione,
2491 4131 2545 4175 et
2570 4120 2794 4177 Simone
2820 4134 2873 4179 et
2894 4126 3213 4199 Menandro,
3242 4147 3297 4188 et
3321 4112 3638 4211 quicunque
3656 4142 3753 4199 alii

2165 4207 2261 4275 qui
2294 4210 2546 4265 similiter
2577 4213 2821 4270 dividant
2859 4234 2979 4273 eam
3019 4238 3142 4292 qua:
3189 4228 3489 4285 secundum
3538 4207 3639 4288 nos
3667 4246 3756 4293 est

2166 4300 2534 4357 conditionem
2567 4321 2597 4359 a
2629 4305 2808 4376 Patre,
2842 4312 3093 4369 similiter
3121 4318 3226 4372 erit
3272 4321 3339 4375 ad
3384 4337 3480 4379 eos
3520 4327 3753 4397 adapta~

2166 4403 2303 4450 tum.
2340 4417 2359 4449 ι
2390 4396 2534 4453 ldem
2569 4402 2662 4457 lib.
2694 4420 2765 4472 IV,
2799 4422 2848 4460 c.
2884 4407 2951 4462 M
2982 4426 2995 4461 :
3030 4430 3049 4460 ‹
3072 4410 3171 4468 llic
3200 4425 3382 4471 autem
3406 4430 3492 4473 est
3522 4396 3754 4481 fabrica-

474 4484 721 4545 pugnant
750 4477 1014 4533 adversus
1048 4480 1282 4535 invicem
1322 4498 1420 4535 sua
1459 4486 1679 4554 proliria
1727 4488 2055 4556 imlitantes,
2091 4496 2137 4555 ο
2164 4497 2248 4544 tor
2278 4492 2399 4546 Coeli
2451 4504 2504 4547 et
2537 4505 2715 4561 terra},
2764 4502 3227 4569 quemadmodum
3275 4524 3341 4562 ex
3395 4517 3749 4575 sermonibus

471 4578 527 4623 et
559 4569 732 4624 malos
766 4569 915 4625 fures
959 4574 1287 4641 semetipsos
1324 4576 1714 4631 convincentes
1745 4597 1755 4629 ε
1792 4584 2056 4649 aptabilcs

468 4673 594 4714 esse
640 4660 817 4729 magis
854 4660 1187 4717 emissiones
1226 4665 1474 4721 dicentes
1517 4668 1594 4721 uti
1646 4672 1941 4728 verisimile
1987 4692 2056 4729 ex

470 4748 704 4806 Homine
734 4751 996 4819 Verbum,
1022 4756 1114 4810 sed
1141 4771 1247 4810 non
1279 4772 1345 4812 ex
1375 4756 1556 4813 Verbo
1580 4759 1866 4818 Hominem
1892 4768 2058 4824 emis-

470 4859 616 4909 sum,
649 4852 704 4899 et
736 4861 860 4900 esse
895 4845 1183 4902 lloniinem
1225 4847 1404 4904 Verbo
1435 4854 1788 4924 anteriorem,
1822 4867 1876 4913 et
1908 4860 2057 4916 hunc

468 4950 591 4991 esse
627 4936 724 5004 qui
764 4945 851 4991 est
891 4953 1057 5006 super
1104 4940 1289 4994 omnia
1337 4940 1500 4997 Deus.
1544 4963 1563 4996 ι
1600 4945 1847 5003 Gnostici
1891 4952 2056 5020 igitur

468 5025 691 5081 fuerunt
718 5026 1231 5085 Valentinianorum
1264 5042 1550 5103 parentes;
1594 5038 1664 5093 ab
1703 5040 1809 5096 illis
1853 5043 1907 5096 lii
1943 5046 2055 5115 pri-

468 5133 589 5172 mas
628 5129 743 5173 tres
785 5120 1037 5191 syzygias
1082 5132 1269 5192 aperte
1300 5138 1671 5196 sumpserunt,
1719 5131 1834 5188 sive
1883 5133 2049 5191 furati

467 5215 629 5273 sunt;
661 5224 839 5278 neque
868 5210 982 5265 haec
1010 5214 1151 5267 male
1178 5211 1427 5271 ferebant
1457 5217 1734 5289 Gnostici;
1781 5225 1876 5279 sed
1921 5228 2049 5282 mali

466 5299 600 5353 furti
640 5314 737 5354 eos
785 5304 1155 5369 accusabant,
1190 5308 1336 5375 quod
1378 5312 1654 5381 syzygiam
1698 5313 1950 5373 Hominis
1995 5326 2049 5372 et

464 5390 724 5446 Ecclesiae
754 5401 878 5461 post
908 5393 1054 5450 illam
1090 5394 1253 5453 Verbi
1285 5404 1340 5455 et
1378 5400 1515 5457 Vita:
1542 5410 1864 5478 posuerint;
1905 5410 2049 5467 unde

464 5480 954 5551 postValentinum
981 5487 1137 5541 multi
1160 5489 1280 5559 ejus
1301 5492 1553 5563 discipuli
1588 5512 1618 5550 a
1655 5498 1930 5557 Gnosticis
1952 5505 2048 5558 ad-

463 5572 656 5626 moniti
686 5574 933 5642 magistri
964 5579 1049 5633 sui
1080 5581 1326 5637 ordinem
1364 5585 1745 5658 immutarunt,
1772 5603 1826 5647 et
1858 5593 2046 5650 llomi-

462 5675 587 5714 nem
616 5672 669 5717 et
691 5662 989 5722 Ecclesiam
1019 5680 1146 5725 ante
1169 5669 1405 5729 Verbum
1434 5687 1487 5731 et
1511 5677 1687 5735 Vitam
1720 5699 2042 5755 posuerunt,

461 5757 623 5815 atoue
655 5752 725 5806 ita
755 5750 940 5826 Logon
972 5772 1002 5812 a
1033 5756 1157 5831 Sige
1193 5761 1407 5834 longius
1436 5750 1808 5829 scmovernht.

2160 4583 2280 4651 ejus
2306 4587 2636 4652 ostenditur,
2670 4600 2723 4643 et
2753 4608 2859 4644 non
2886 4594 2931 4647 is
2955 4597 3048 4664 qui
3080 4613 3110 4651 a
3133 4597 3429 4667 Marciane,
3463 4607 3545 4659 vel
3576 4623 3606 4661 a
3640 4608 3750 4663 Va-

2159 4674 2391 4741 lentino,
2430 4688 2525 4732 aut
2559 4695 2589 4733 a
2631 4680 2887 4749 Basilide,
2923 4698 3018 4742 aut
3052 4705 3082 4743 a
3114 4690 3467 4765 Carpocrate,
3509 4710 3605 4753 aut
3650 4701 3733 4756 Si-

2158 4782 2342 4831 mone,
2377 4780 2471 4824 aut
2492 4772 2718 4842 reliquis
2747 4775 2887 4832 falso
2917 4786 3246 4851 cognomine
3278 4788 3555 4847 Gnosticis
3578 4796 3744 4849 adin-

2155 4872 2349 4915 ventns
2379 4871 2465 4917 est
2498 4863 2670 4920 falsus
2698 4866 2878 4925 Pater.
2919 4892 2937 4923 ι
2973 4872 3075 4939 Qui
3108 4877 3264 4933 locus
3297 4882 3487 4937 lrena:i
3520 4883 3748 4942 Gnosti-

2156 4965 2252 5005 eos
2280 4967 2401 5005 cum
2438 4953 2661 5010 Simone
2682 4962 3023 5031 conjungens
3051 4969 3213 5036 (quos
3237 4971 3365 5025 alibi
3392 4990 3539 5030 nunc
3558 4977 3745 5033 Simo-

2154 5041 2241 5096 nis
2273 5059 2420 5098 nunc
2446 5044 2726 5103 Menandri
2761 5052 3063 5123 discipulos
3088 5064 3262 5129 vocat)
3291 5079 3400 5118 non
3437 5076 3649 5123 tantum
3684 5072 3742 5127 id

2152 5134 2298 5201 quod
2330 5136 2587 5193 volumus
2623 5144 2836 5210 probat,
2874 5147 2968 5200 sed
2993 5160 3045 5203 et
3076 5155 3311 5207 ostendit
3338 5171 3434 5211 eos
3473 5161 3565 5229 qui
3596 5178 3741 5231 gno-

2153 5229 2287 5284 stica
2324 5244 2473 5301 peste
2505 5237 2805 5303 apostolica
2835 5246 3081 5310 tempora
3129 5248 3399 5302 maculata
3432 5229 3738 5311 fuisse—do-

2150 5333 2402 5387 cuerunt,
2438 5339 2547 5381 non
2573 5328 2689 5382 suis
2719 5330 3078 5399 conjecturis,
3121 5337 3212 5390 sed
3247 5351 3494 5396 veterum
3538 5355 3737 5401 aucto-

2147 5412 2305 5468 ritate
2340 5416 2460 5471 niti.
2488 5417 2554 5473 Et
2588 5429 2883 5492 utrumque
2908 5427 3268 5484 conﬁrmatur
3290 5434 3362 5487 ab
3396 5437 3588 5492 eodem
3619 5440 3738 5495 Ire-

2146 5520 2265 5559 naeo
2294 5505 2390 5561 lib.
2428 5525 2511 5575 ιιι,
2542 5526 2591 5565 e.
2626 5512 2683 5565 11
2715 5529 2726 5563 :
2775 5533 2793 5564 ι
2822 5513 2972 5570 Hane
3003 5517 3162 5572 fidem
3198 5525 3537 5583 annuntians
3560 5526 3735 5585 Joan-

2145 5613 2242 5651 nes
2268 5598 2480 5655 Domini
2509 5604 2834 5674 discipulus,
2867 5607 3057 5665 volens
3087 5628 3185 5681 per
3210 5615 3488 5689 Evangelii
3511 5637 3737 5676 annuu~

2144 5690 2426 5746 tiationem
2459 5695 2676 5751 auferre
2703 5715 2829 5752 eum
2865 5702 2959 5770 qui
2991 5719 3020 5756 a
3066 5704 3327 5762 Cerintho
3367 5711 3737 5773 inseminatus

2145 5795 2262 5839 erat
2298 5786 2367 5841 lio
2395 5788 2613 5845 niuibus
2638 5806 2907 5865 errorem,
2940 5805 2995 5850 et
3039 5798 3211 5854 multo
3241 5802 3396 5872 prius
3422 5805 3492 5861 ab
3521 5806 3608 5864 bis
3632 5814 3735 5881 qui
