4078 6390
259 362 369 418 32?)

1077 353 1127 408 J.
1159 351 1527 407 PEARSOMI
1560 347 1878 405 VINDlCIIE
1923 344 2348 402 lCNATIAN/E.
2391 376 2459 384 ——
2488 341 2668 396 PARS
2692 340 2755 395 Il.

3424 341 3531 395 ’550

252 480 519 533 dicuntur
549 470 854 534 Nicolaitze,
899 472 996 542 qui
1036 480 1166 527 sunt
1194 471 1373 526 vulsio
1401 471 1522 541 ejus
1552 486 1674 540 quze
1707 470 1846 523 falso
1879 478 1921 530 Α
1954 482 2024 520 no
2048 467 2181 520 dicit
2216 466 2362 536 quod
2391 478 2551 517 nemo
2580 472 2705 516 ante
2732 477 2859 515 eum
2895 459 3207 525 affirmavit,
3259 459 3530 528 cujusque

246 568 684 638 cognominatur
714 563 977 630 scientia;
1010 571 1072 617 ut
1113 562 1475 618 confunderet
1503 578 1599 617 eos
1636 570 1691 616 et
1724 577 1845 615 sua-

246 662 400 715 deret
429 674 552 721 eos,
588 657 853 727 quoniam
888 672 1033 711 unus
1066 654 1211 710 Deus
1241 655 1336 725 qui
1365 655 1551 709 omnia
1594 654 1722 709 fecit
1748 669 1844 723 per

246 753 496 807 Verbum
523 767 713 815 suum,
740 760 795 805 et
816 766 920 805 non
949 750 1409 819 quemadmodum
1435 749 1512 802 illi
1534 749 1742 812 dicunt,
1768 748 1845 802 al-

247 857 428 901 terum
459 845 689 917 quidem
731 844 1154 909 fabricatorem,
1194 842 1363 897 alium
1403 852 1586 897 autem
1627 841 1842 895 Patrem

248 937 493 990 Domini.
517 956 536 987 »
572 935 633 989 Si
675 938 822 990 enim
858 936 1156 990 Corinthus
1187 942 1480 1004 antequam
1522 933 1580 989 S.
1607 933 1845 989 Joannes

244 1028 621 1099 Evangelium
666 1029 984 1098 scripserit,
1024 1026 1459 1093 Fabricatorem,
1492 1027 1547 1081 id
1583 1036 1691 1093 est,
1742 1024 1845 1081 De-

240 1122 532 1191 miurgum
590 1121 762 1175 alium
814 1137 845 1174 a
894 1119 1055 1174 Patre
1100 1119 1351 1184 Domini;
1389 1118 1435 1173 si
1489 1120 1660 1172 multo
1693 1119 1845 1187 prius

237 1214 386 1267 idem
417 1214 722 1269 docuerint
744 1210 1059 1277 Nicolaitaa;
1083 1212 1128 1265 si
1150 1209 1435 1265 Nicolaitae
1458 1208 1842 1265 Gnosticorum

235 1306 424 1359 vulsio
460 1304 677 1360 fuerint
702 1304 833 1375 (hoc
857 1313 942 1358 est
980 1304 1369 1374 Ἀπόσπασμα,
1400 1312 1462 1357 ut
1491 1312 1653 1372 puto;
1689 1300 1839 1356 Clos.

234 1396 297 1450 V.
354 1397 771 1461 Ἀποσπασθὲν,
804 1396 1078 1450 avulsum.
1118 1395 1480 1458 Ἀπόσπασις,
1507 1396 1760 1461 avulsus;
1789 1406 1847 1449 ut

234 1505 386 1559 sape
420 1489 677 1558 loquitur
712 1487 1087 1558 Epiphanius,
1131 1484 1352 1559 Ἀνέστη
1387 1487 1549 1540 πάλιν
1590 1487 1847 1549 Θεόδοτος

230 1598 314 1643 τις
356 1580 716 1651 ἀπόσπασμα
755 1579 1016 1651 ὑπάρχων
1050 1580 1114 1632 ἐκ
1145 1580 1245 1651 τῆς
1274 1578 1681 1651 προειρημένης
1722 1579 1846 1631 ἁλό-

231 1690 332 1740 γου
364 1672 668 1743 αἱρέσεως,
693 1682 748 1727 et
778 1689 792 1724 :
839 1673 936 1726 Ἐκ
969 1671 1161 1725 τούτου
1190 1672 1239 1725 οἱ
1268 1671 1557 1742 Νοητιανοὶ
1589 1672 1845 1724 ἀπόσπα-

234 1781 350 1835 σμα.
395 1764 564 1827 ὄντες
601 1762 820 1833 αὑτοῦ),
852 1775 1151 1832 utrumque
1186 1763 1464 1832 sequitur,
1498 1771 1551 1817 et
1581 1771 1707 1816 ante
1742 1760 1844 1816 Va-

231 1857 517 1911 lentinum
543 1855 767 1926 aliquos
794 1856 1051 1911 docuisse
1088 1855 1257 1909 alium
1287 1870 1411 1910 esse
1446 1853 1617 1908 Deum
1650 1866 1844 1924 praeter

229 1951 595 2017 Creatorem,
630 1957 685 2005 et
708 1949 1006 2005 Cnosticos
1042 1948 1344 2018 apostolica
1382 1957 1626 2018 tempora
1664 1957 1848 2002 conta-

231 2048 510 2102 minasse.
541 2044 749 2112 Quales
774 2054 932 2099 erant
964 2044 1155 2099 Simon
1195 2053 1250 2099 et
1289 2044 1587 2099 Cerinthus
1614 2041 1847 2097 Nazian-

232 2153 401 2205 zeno,
421 2138 525 2191 τὸν
552 2137 666 2190 τῶν
698 2136 836 2190 ὅλων
864 2136 998 2190 Θεὸν
1017 2137 1294 2207 τεμόντες,
1313 2137 1408 2190 καὶ
1434 2136 1573 2206 ὑπὲρ
1602 2134 1695 2188 τοῦ
1719 2136 1848 2205 ἀγα-

231 2231 327 2283 θοῦ
377 2230 465 2300 τῷ
522 2226 849 2300 δημιουργῷ
888 2227 1329 2299 πολεμήσαντες,
1368 2237 1429 2281 ut
1462 2228 1844 2293 ostendimus;

231 2324 434 2393 quales
468 2319 812 2392 Hymenaeus
833 2329 887 2375 et
907 2319 1152 2375 Philetus
1183 2319 1508 2390 Epiphanio,
1536 2319 1693 2375 ἄλλον
1716 2319 1847 2372 Θεὸν

233 2412 745 2483 καταγγέλλοντες,
780 2429 802 2464 t
834 2412 1005 2466 alium
1038 2410 1207 2466 Deum
1249 2412 1663 2477 annuntiantes,
1696 2429 1713 2461 ι
1751 2413 1847 2466 καὶ

232 2508 496 2576 λέγοντες
548 2507 627 2577 μὴ
671 2507 738 2559 ὲκ
767 2504 902 2559 Θεοῦ
940 2502 1265 2575 γεγενῆσθαι
1306 2504 1398 2557 τὸν
1433 2504 1667 2574 κόσμον,
1711 2502 1849 2556 ἀλλὰ

233 2602 341 2654 ὑπὸ
375 2600 577 2672 ἀρχῶν
602 2600 699 2653 καὶ
724 2599 1004 2666 ἐξουσιῶν,
1043 2616 1062 2650 ί
1086 2608 1141 2653 et
1171 2597 1415 2653 dicentes
1445 2598 1708 2652 mundum
1736 2612 1845 2651 non

232 2710 264 2749 a
295 2695 417 2749 Deo
455 2708 587 2748 esse
618 2691 851 2756 factum,
877 2691 971 2745 sed
996 2707 1026 2744 a
1054 2690 1446 2760 principatibus
1488 2705 1554 2745 ac
1600 2699 1849 2760 potesta-

231 2787 411 2840 tibus.
452 2803 472 2836 ι
521 2782 782 2838 Postbaec
811 2782 950 2836 adeo
982 2790 1167 2852 aperta
1212 2782 1527 2837 testimonia
1572 2782 1696 2851 quis
1725 2797 1844 2837 creo

232 2882 326 2934 det
355 2879 652 2933 neminem
685 2885 812 2931 ante
838 2874 1192 2930 Valentinum
1229 2875 1483 2930 docuisse
1512 2874 1680 2929 alium
1726 2890 1849 2931 esse

234 2969 415 3026 Deum
446 2978 659 3040 praeter
706 2967 1057 3023 Creatorem?
1105 2968 1411 3039 praesertim
1447 2982 1571 3023 cum
1612 2968 1679 3023 ad
1722 2984 1844 3024 eam

234 3061 692 3135 propositionem
715 3060 1151 3117 conﬁrmandam
1169 3060 1307 3114 nihil
1330 3061 1479 3115 aliud
1506 3061 1848 3116 attuleritvir

234 3158 639 3219 doctissimus,
666 3155 773 3210 nisi
804 3155 894 3210 illa
910 3156 1099 3222 verba,
1130 3174 1148 3207 ι
1172 3154 1231 3210 Si
1257 3149 1654 3210 Tertullianum
1684 3155 1847 3211 audi-
1874 3180 1916 3237 ε

233 3265 386 3304 mus.
436 3268 459 3300 ι
504 3249 582 3301 At
625 3244 949 3302 Tertulliani
998 3247 1163 3303 verba
1199 3258 1388 3304 contra
1422 3258 1664 3303 veterum
1712 3263 1847 3304 cono

234 3357 472 3397 sensum
502 3339 813 3411 premenda
839 3355 950 3395 non
982 3350 1140 3407 sunt;
1179 3356 1355 3412 neque
1382 3341 1695 3408 dicendum,
1733 3341 1846 3395 Va—

236 3434 525 3489 lentinum
570 3442 628 3487 et
677 3431 1012 3487 Marcionem
1067 3434 1214 3489 solos
1247 3444 1301 3487 et
1330 3434 1539 3503 primos
1584 3434 1700 3489 haec
1750 3434 1849 3488 do-

237 3530 451 3593 cuisse,
484 3540 559 3579 ex
595 3524 771 3580 solius
816 3523 1136 3579 Tertulliani
1177 3526 1535 3592 auctoritate,
1571 3525 1664 3596 qui
1717 3526 1849 3581 alibi

240 3622 495 3690 primum
524 3617 866 3672 Marcionem
902 3618 1019 3672 haec
1042 3618 1349 3673 asseruisse
1378 3618 1475 3684 ait,
1507 3633 1633 3673 cum
1663 3626 1846 3672 tamen

238 3715 363 3782 ipse
427 3710 748 3767 Cerdonem
812 3708 1110 3765 Marcionis
1170 3713 1492 3783 magistrum
1559 3720 1845 3783 agnoscat.

248 3824 270 3856 ς
303 3804 542 3868 Habuit,
584 3802 795 3872 inquit,
828 3811 883 3857 et
923 3802 1228 3857 Cerdonem
1259 3805 1552 3873 quemdam
1584 3802 1850 3858 informa-

242 3906 427 3953 torem
460 3894 717 3951 scandali
760 3894 945 3963 hujus.
973 3913 991 3946 ι
1025 3893 1163 3949 Cum
1193 3896 1338 3950 enim
1385 3894 1751 3951 Valentiniani
1794 3906 1852 3953 et

243 3988 603 4044 Marcionita:
630 3986 955 4041 Tertulliani
986 4002 1103 4041 aevo
1128 3988 1368 4042 maxime
1394 3988 1635 4043 celebres
1678 3988 1849 4043 haere-

244 4085 341 4139 tici
370 4083 612 4149 fuerint,
643 4081 861 4151 quoties
891 4080 960 4135 de
1003 4080 1303 4135 baeresibus
1344 4080 1616 4152 disputat,
1648 4082 1717 4137 ad
1753 4097 1849 4136 eos

246 4176 363 4231 fere
399 4175 698 4239 collineat,
734 4182 790 4229 et
829 4171 1183 4228 Valentinum
1222 4186 1288 4228 ac
1326 4172 1660 4231 Marcionem
1691 4177 1846 4247 quasi

246 4269 538 4338 principes
560 4265 720 4333 ferit;
743 4266 994 4336 quamvis
1013 4275 1067 4321 et
1087 4266 1204 4337 ipse
1223 4281 1543 4336 praecoques
1563 4277 1616 4322 et
1639 4269 1847 4323 aborti-

248 4378 347 4417 vos
396 4360 765 4415 Marcionitas
817 4360 921 4413 sub
966 4359 1227 4429 apostolis
1258 4369 1541 4431 agnoscat,
1592 4359 1824 4416 Docetas

250 4457 498 4521 scilicet;
526 4461 745 4523 poterat
775 4459 958 4506 autem
976 4462 1030 4506 et
1056 4452 1194 4507 alios
1224 4467 1349 4505 cum
1377 4452 1652 4507 veteribus
1678 4468 1849 4523 agno-

1879 1832 1916 1884 Β

1946 559 2288 614 contrarium
2350 559 2507 611 multi
2555 566 2935 610 asseruerunt.
2980 552 3280 606 Attulimus
3337 565 3529 605 eorum

1948 653 2279 714 testimonia,
2310 652 2404 721 qui
2433 650 2635 704 diserte
2664 649 2970 702 docuerunt
3003 647 3236 715 primam
3274 644 3523 715 ogdoada

1945 760 1975 798 a
2020 746 2294 799 veteribus
2344 742 2621 797 Gnosticis
2680 742 2949 811 proditam
3001 738 3191 802 fuisse,
3226 738 3431 791 decada
3474 745 3530 791 et

1944 838 2258 892 duodecada
2284 853 2314 891 a
2339 836 2625 891 Valentino
2656 835 2893 889 additas.
2923 832 3277 887 Ostendimus
3309 847 3375 885 ex
3409 830 3523 885 Ire-

1946 945 2064 984 naeo
2090 928 2209 982 Nun
2240 938 2292 983 et
2318 930 2572 984 Alethian
2610 944 2676 982 ex
2708 926 2882 997 Bytho
2907 932 2961 979 et
2995 924 3120 995 Sige
3155 925 3424 994 prodiisse
3449 938 3529 976 se-

1945 1024 2184 1076 cundum
2234 1031 2449 1076 veteres
2506 1020 2838 1085 Gnosticos;
2891 1017 3305 1072 Valentinianos
3358 1016 3530 1069 fuisse

1944 1115 2123 1180 fures,
2172 1123 2226 1168 et
2269 1115 2489 1184 quidem
2536 1113 2656 1167 ideo
2689 1113 2863 1166 malos
2888 1153 2902 1175 ,
2947 1126 3053 1165 non
3089 1110 3413 1179 quod‘hanc
3446 1118 3529 1161 te-

1944 1210 2099 1263 trada
2148 1208 2363 1265 abillis
2407 1205 2751 1276 acceperint,
2793 1206 2889 1260 sed
2926 1204 3073 1273 quod
3116 1204 3411 1259 secundam
3456 1211 3519 1256 te,

1948 1300 2097 1354 trada
2131 1299 2271 1354 male
2292 1298 2640 1362 tradiderint,
2670 1298 2815 1367 quod
2840 1312 2906 1350 ex
2942 1296 3092 1367 Logo
3114 1306 3169 1351 et
3200 1296 3309 1350 Zoe
3338 1295 3529 1349 Homi-

1946 1410 2069 1449 nem
2112 1402 2167 1449 et
2205 1393 2508 1449 Ecclesiam
2544 1394 2853 1449 eduxerint.
2896 1392 2978 1446 Ad
3019 1407 3119 1447 sua
3151 1392 3529 1446 confirmanda

1945 1488 2082 1542 nihil
2110 1488 2262 1542 aliud
2306 1486 2530 1542 adducit
2567 1489 2649 1540 vir
2676 1487 3058 1551 doctissimus,
3086 1500 3249 1554 quam
3281 1484 3427 1553 quod
3472 1484 3529 1537 in

1944 1583 2202 1637 omnibus
2232 1582 2302 1636 ab
2327 1581 2530 1636 lrenmo
2558 1581 2801 1635 recitatis
2832 1581 3212 1634 haereticorum
3237 1576 3530 1631 Valentino

1945 1676 2305 1730 vetustiorum
2347 1674 2679 1745 Theogoniis
2717 1688 2825 1727 non
2867 1682 3126 1743 appareat
3156 1671 3291 1741 Logi
3332 1686 3362 1725 e
3404 1668 3531 1740 Sige

1946 1768 2204 1831 emissio;
2234 1768 2309 1822 ita
2346 1768 2415 1822 ad
2451 1769 2502 1822 id
2534 1767 2682 1837 quod
2713 1765 2948 1821 afﬁrmat
2973 1765 3361 1821 stabiliendum
3391 1764 3530 1818 nihil

1946 1862 2171 1915 omnino
2198 1861 2443 1923 adducit,
2478 1861 2546 1913 ad
2578 1860 2630 1914 id
2659 1859 2806 1929 quod
2833 1866 2994 1929 negat
3025 1859 3160 1912 nihil
3197 1858 3347 1913 aliud
3372 1857 3532 1912 affert

1946 1968 2110 2021 quam
2142 1954 2326 2008 lrenaei
2360 1953 2413 2006 in
2452 1951 2812 2007 contexendis
2851 1951 3184 2022 genealogiis
3223 1952 3525 2007 silentium.

1948 2041 2013 2097 Et
2047 2046 2267 2113 quidem
2304 2044 2350 2099 si
2394 2043 2632 2099 fremens
2686 2043 2879 2097 nullibi
2918 2043 2968 2097 id
3008 2042 3339 2110 indicasset,
3380 2046 3527 2113 quod

1947 2152 2049 2191 nos
2080 2136 2452 2203 aﬂirmamus,
2493 2138 2539 2192 si
2581 2137 2927 2207 genealogias
2962 2138 3209 2190 omnium
3252 2138 3532 2192 haaretico-

1945 2245 2069 2284 rum
2099 2231 2307 2300 integre
2333 2245 2457 2284 cum
2486 2228 2745 2283 omnibus
2771 2226 3045 2282 Eonibus
3076 2242 3380 2298 eorumque
3407 2245 3529 2284 om-

1946 2323 2109 2378 nibus
2162 2321 2479 2377 nominibus
2524 2328 2999 2390 reprwsentasset,
3054 2321 3263 2390 aliquid
3310 2323 3529 2379 roboris

1948 2415 2075 2470 huic
2102 2423 2428 2485 argumento
2470 2413 2706 2480 inesset,
2740 2413 2808 2467 ad
2850 2412 3011 2467 fidem
3051 2413 3285 2468 aliorum
3322 2415 3530 2471 Irenaeo

1947 2506 2313 2576 posteriorum
2355 2506 2410 2560 in
2436 2506 2541 2560 hac
2570 2520 2629 2559 re
2657 2505 2997 2560 elevandam.
3029 2504 3169 2560 Cum
3199 2517 3382 2563 autem
3418 2525 3531 2564 non

1946 2605 2160 2653 tantum
2186 2599 2443 2663 .Irenaeus
2489 2598 2607 2669 ipse
2656 2598 2829 2652 multa
2872 2598 3051 2663 dicat,
3078 2615 3201 2669 quae
3232 2600 3300 2653 ad
3336 2615 3529 2656 eorum

1948 2691 2272 2746 sententiam
2295 2730 2310 2757 ,
2342 2690 2438 2760 qui
2470 2690 2704 2760 primam
2731 2688 3148 2746 Octonationem
3195 2691 3469 2747 Valentini
3498 2708 3531 2748 a

1947 2781 2226 2838 Gnosticis
2266 2792 2542 2852 sumptam
2583 2783 2890 2849 tradidere,
2934 2784 3369 2840 confirmandam
3408 2802 3533 2856 spe-

1948 2883 2122 2941 ctant,
2154 2884 2212 2928 ut
2241 2874 2585 2930 ostendimus
2605 2892 2621 2943 ;
2640 2890 2767 2930 cum
2798 2874 3041 2946 integras
3064 2878 3312 2932 omnium
3334 2894 3534 2949 genea-

1948 2965 2120 3036 logias
2157 2967 2396 3021 Irenteus
2432 2979 2542 3019 non
2576 2967 3082 3035 repraesentaverit,
3115 2977 3174 3022 ut
3198 2969 3313 3038 jam
3342 2978 3531 3023 osten-

1949 3058 2173 3122 demus,
2224 3057 2437 3112 nullum
2489 3072 2719 3127 prorsus
2758 3058 2888 3114 huic
2928 3070 3252 3131 argumento
3295 3063 3406 3117 vim
3449 3064 3533 3117 in-

1949 3165 2072 3205 esse
2101 3149 2333 3219 quilibet
2353 3149 2634 3205 fatebitur.
2673 3148 2730 3205 Si
2756 3150 2903 3205 enim
2935 3140 3159 3223 integrae
3188 3169 3297 3208 non
3327 3153 3535 3210 fuerint

1952 3242 2281 3311 genealogus
2340 3242 2702 3311 singularium
2761 3243 3145 3298 haereticorum
3204 3247 3273 3300 ab
3326 3248 3535 3302 Irenaeo

1949 3335 2267 3404 propositae,
2302 3335 2349 3391 si
2375 3335 2506 3390 alibi
2538 3335 2654 3405 ipse
2686 3335 2956 3391 hmreticis
2999 3338 3262 3393 attribuat
3306 3355 3429 3409 qua:
3475 3342 3533 3397 in

1950 3429 2284 3500 genealogiis
2324 3443 2516 3484 eorum
2566 3444 2678 3483 non
2710 3430 3086 3496 inveniuntur,
3115 3432 3162 3486 si
3188 3432 3441 3489 similiter
3476 3436 3532 3491 in

1950 3521 2019 3575 iis
2044 3521 2211 3575 etiam
2236 3520 2331 3589 qui
2371 3517 2720 3575 Valentinum
2749 3520 2923 3574 secuti
2958 3530 3089 3575 sunt
3120 3524 3407 3579 sententiis
3437 3526 3535 3581 de-

1950 3612 2254 3669 scribendis
2276 3611 2451 3665 multa
2473 3612 2818 3676 omittantur,
2839 3626 2960 3680 quae
2979 3612 3087 3667 illis
3107 3614 3394 3670 tribuenda
3410 3632 3535 3673 esse

1951 3719 2112 3759 nemo
2137 3703 2477 3769 dilﬁtebitur,
2505 3703 2551 3758 si
2594 3703 2710 3758 haec
2742 3704 2929 3758 omnia
2974 3707 3287 3761 necessario
3316 3724 3382 3762 ex
3416 3710 3532 3779 ipsa

1952 3798 2161 3851 ratione
2187 3796 2483 3861 scribendi,
2522 3812 2688 3867 quam
2719 3798 2807 3853 ille
2830 3799 3116 3867 amplexus
3155 3810 3259 3867 est,
3294 3818 3533 3873 sequan—

1952 3900 2067 3954 tur;
2112 3891 2261 3944 nulla
2309 3904 2433 3945 cum
2466 3892 2678 3945 ratione
2707 3907 2768 3944 ea
2812 3892 2995 3946 omnia
3039 3894 3261 3949 nomina
3294 3897 3533 3966 cuipiam

1951 3982 2269 4053 deneganda
2295 3990 2478 4046 erunt,
2508 3996 2632 4051 quae
2663 3982 2719 4036 in
2751 3982 2871 4052 ejus
2895 3984 3225 4056 genealogiis
3246 3989 3389 4057 apud
3419 3988 3528 4044 lre.

1952 4089 2131 4128 narum
2181 4088 2289 4127 non
2322 4082 2605 4143 apparent.
2642 4071 2709 4127 Ut
2755 4084 2939 4128 autem
2988 4076 3131 4129 ratio
3161 4078 3434 4133 scribendi
3467 4082 3529 4136 δτι

1952 4165 2157 4221 Irenaeo
2186 4167 2498 4233 observata,
2526 4182 2554 4220 a
2586 4165 2789 4221 Dallaeo
2817 4168 3042 4225 minime
3083 4186 3349 4240 perpensa
3384 4183 3535 4242 pate-

1950 4260 2076 4325 ﬁat;
2106 4260 2339 4314 observo
2369 4259 2474 4313 viri
2503 4261 2810 4317 doctissimi
2842 4263 3007 4317 verba
3038 4278 3052 4313 :
3102 4282 3121 4315 ‹
3148 4264 3398 4319 Primum
3438 4283 3535 4321 ca-

1953 4351 2052 4422 put
2096 4353 2162 4407 ad
2212 4350 2561 4407 Valentinum
2613 4357 2885 4423 pertinere
2910 4357 3152 4412 ostendit
3175 4367 3232 4412 et
3279 4361 3534 4429 praeﬁxos

1952 4446 2003 4499 ei
2035 4446 2243 4508 titulus,
2279 4453 2333 4499 et
2356 4445 2471 4515 ipsa
2499 4447 2680 4515 operis
2708 4450 2976 4517 praefatio.
3016 4470 3034 4502 ι

250 4563 407 4603 scere
452 4545 814 4616 Demiurgum
855 4560 885 4598 a
931 4543 1043 4600 Deo
1074 4545 1403 4613 dividentes,
1443 4546 1539 4617 qui
1577 4563 1689 4602 non
1741 4547 1847 4601 mi-
1877 4531 1926 4592 Ι)
2023 4539 2137 4594 lmo
2162 4554 2291 4593 vero
2308 4549 2359 4593 et
2381 4538 2628 4608 praefatio
2654 4552 2706 4594 et
2724 4542 2984 4598 tituluset
3008 4545 3202 4613 capitis
3227 4546 3534 4615 ipsiustota

248 4658 354 4696 nus
385 4648 556 4695 erant
586 4637 923 4692 Marcionita:
947 4638 1238 4708 praecoqui.

322 4732 655 4789 Secundum
704 4730 893 4786 Dallaei
940 4741 1323 4802 argumentum
1366 4740 1495 4787 est:
1546 4750 1565 4784 ί
1598 4730 1850 4787 Haeretici

251 4828 555 4883 Valentino
579 4825 912 4879 vetustiores
931 4838 1123 4879 omnes
1149 4840 1208 4879 se
1231 4825 1334 4894 ipsi
1357 4825 1634 4896 negabunt
1661 4823 1851 4895 Logon

252 4924 415 4996 Siges
444 4922 532 4976 vel
564 4920 739 4974 filium
768 4918 854 4972 vel
884 4928 1133 4988 nepotem
1160 4919 1467 4974 induxisse.
1507 4939 1525 4971 ι
1565 4918 1844 4974 Fortasse.

254 5019 363 5073 Nos
395 5016 627 5087 quidem
657 5011 915 5079 fatemur,
949 5012 1060 5067 imo
1089 5013 1385 5082 probamus
1415 5028 1593 5082 neque
1622 5011 1847 5067 Gnosti-

254 5127 453 5169 eorum
484 5117 757 5169 veterum,
783 5120 963 5174 neque
987 5103 1495 5160 Valentiniauorum
1518 5119 1850 5175 quemquam

254 5205 449 5275 Logon
485 5201 646 5272 Siges
684 5200 856 5255 ﬁlium
891 5198 1205 5262 induxisse,
1250 5197 1418 5267 idque
1447 5197 1739 5251 observatu
1767 5195 1852 5249 di-

257 5314 428 5369 gnum
454 5294 804 5350 ostendimus
828 5292 895 5347 ad
920 5291 1246 5348 sententiam
1269 5288 1452 5344 Dallzei
1473 5288 1845 5343 refellendam.

258 5391 362 5446 Sed
411 5404 598 5459 neque
626 5388 695 5441 de
726 5385 1018 5455 nepotibus
1056 5383 1214 5454 Siges
1248 5391 1343 5436 aut
1371 5381 1617 5437 Gnostici
1652 5381 1727 5434 illi
1757 5389 1853 5434 aut

257 5481 637 5539 Valentiniani
670 5479 969 5549 quidquam
1004 5475 1371 5547 philosophati
1405 5483 1554 5529 sunt.
1588 5473 1728 5529 Cum
1761 5488 1853 5526 au-

259 5589 366 5635 tem
404 5576 585 5637 addit,
616 5588 737 5628 eam
791 5572 1035 5626 lauream
1076 5568 1352 5624 Valentini
1401 5582 1558 5633 esse,
1597 5584 1615 5617 ί
1659 5565 1752 5635 qui
1784 5580 1851 5619 ex

259 5671 524 5725 omnibus
574 5664 956 5721 haeresiarchis
1024 5662 1176 5717 illam
1231 5660 1473 5716 Eonum
1551 5658 1853 5729 ogdoadem

260 5766 523 5834 princeps
564 5760 896 5821 instituerit,
931 5758 985 5811 in
1017 5771 1124 5826 qua
1160 5770 1227 5810 ex
1266 5754 1444 5825 Bytho
1486 5759 1540 5807 et
1581 5750 1707 5823 Sige
1758 5754 1879 5821 per'

261 5846 385 5914 Non
417 5867 474 5914 et
496 5853 754 5911 Aletbian
786 5851 966 5922 Logos
994 5866 1118 5906 cum
1151 5849 1257 5906 Zoe
1286 5851 1497 5922 prodit;
1536 5865 1554 5900 ι
1589 5847 1644 5905 id
1674 5848 1852 5903 omni-

623 5950 901 6010 ΡΑτιιοι..
963 5945 1083 6007 Gn.
1140 5948 1215 6011 V.

1951 4637 2123 4691 series
2156 4635 2414 4698 ostendit,
2441 4634 2509 4688 ad
2532 4634 2707 4706 ipsius
2730 4636 3033 4707 discipulos
3061 4638 3196 4693 illud
3231 4641 3531 4708 pertinere,

1951 4746 2091 4801 quos
2126 4731 2194 4785 ab
2228 4732 2321 4785 illo
2346 4732 2402 4785 in
2434 4729 2854 4800 quamplurimis
2876 4729 3174 4785 descivisse
3205 4746 3397 4786 omnes
3430 4749 3533 4787 non

1952 4832 2155 4877 tarunt.
2187 4822 2244 4876 ln
2278 4823 2395 4892 ipsa
2425 4821 2753 4877 Prtefatione
2783 4831 2968 4889 aperte
3005 4821 3311 4889 profitetur,
3352 4842 3369 4873 ‹
3403 4840 3532 4879 cum

1952 4913 2171 4984 legisset
2199 4911 2636 4967 Commentarios
2662 4910 3403 4979 ipsorum,quemadmodum
3430 4914 3534 4983 ipsi

1952 5006 2163 5068 dicunt,
2199 5003 2474 5059 Valentini
2512 5003 2938 5072 discipulorum,
2972 5003 3303 5072 quibusdam
3349 5016 3529 5060 autem

1953 5098 2196 5169 ipsorum
2219 5107 2274 5153 et
2291 5111 2619 5168 congressus
2650 5116 2668 5147 ι
2698 5094 2914 5161 fuisset,
2944 5110 3135 5150 eorum
3161 5097 3299 5152 velle
3326 5113 3384 5153 se
3410 5113 3536 5152 sen-

1954 5191 2178 5245 tentiam
2201 5204 2497 5259 exponere,
2526 5188 2832 5258 praesertim
2862 5186 3347 5255 Ptolemaicorum,
3385 5191 3535 5259 quod

1952 5284 2130 5352 primo
2155 5282 2333 5352 capite
2360 5280 2509 5335 facit.
2548 5278 2733 5349 Neque
2755 5280 2901 5335 enim
2935 5296 3059 5334 cum
3089 5279 3375 5337 Valentino
3398 5297 3534 5337 con-

1954 5390 2173 5445 gressus
2199 5388 2438 5442 unquam
2469 5380 2581 5439 est;
2607 5387 2782 5441 neque
2808 5372 2926 5441 ejus
2954 5372 3413 5440 Commentarios,
3439 5376 3534 5429 sed

1954 5466 2231 5521 Ptolemaei
2285 5481 2351 5520 eo
2381 5466 2558 5533 capite
2587 5465 2842 5534 explicat.
2874 5462 3090 5519 Titulus
3136 5466 3327 5535 capitis
3370 5466 3441 5519 ita
3476 5482 3534 5521 sc

1956 5560 2152 5615 habet:
2178 5578 2196 5610 ι
2238 5557 2492 5613 Narratio
2523 5557 2703 5612 omnis
2725 5557 3032 5626 argumenti
3066 5556 3340 5612 Valentini
3370 5558 3535 5613 disci—

1955 5656 2230 5726 pulcrum.
2269 5672 2287 5703 ι
2324 5650 2502 5722 Caput
2540 5652 2721 5720 ipsum
2768 5650 2841 5705 ita
2891 5650 3101 5720 incipit,
3142 5650 3374 5719 Λέγουσι
3403 5656 3531 5727 γὰρ,
3573 5651 3577 5655 ’

1964 5768 1981 5800 ι
2020 5749 2210 5802 dicunt
2257 5746 2427 5807 enim,
2465 5764 2483 5795 ι
2519 5742 2588 5797 ad
2640 5750 2919 5813 postrema
2972 5741 3321 5798 Prtefationis
3366 5747 3531 5800 verba

1958 5842 2287 5913 reSpiciens,
2350 5840 2455 5893 ὑπὸ
2500 5838 2601 5909 τῆς
2651 5838 2874 5892 ἐκείνων
2933 5836 3313 5904 πιθανολογίας
3369 5837 3535 5906 οὔσης

3205 5931 3271 5989 11
