4078 6402
499 352 596 407 551

1592 340 1651 395 S.
1679 336 2031 395 lGNATlUS.
2060 367 2126 376 —
2147 334 2683 391 PROLEGOMENA.

3667 332 3775 388 552

491 471 771 542 τοιαύτης,
805 488 823 523 ι
848 469 916 525 ab
949 468 1165 523 illorum
1191 465 1412 521 suadela
1440 480 1564 535 qua:
1592 473 1673 518 cst
1694 464 1873 518 talis.»
1906 461 2080 515 Primc

2189 459 2303 528 jam
2341 458 2571 513 ulterius
2596 458 2824 515 detortis
2858 476 2871 513 :
2912 458 2971 512 Ὀ
3005 458 3104 530 μὲν
3133 457 3243 530 γὰρ
3285 457 3503 529 πρῶτος
3533 456 3642 511 ἀπὸ
3672 459 3775 529 τῆς

496 565 663 632 igitur
690 563 867 632 capite
892 560 1130 616 lrcnams
1156 560 1209 611 in
1234 558 1421 611 animo
1448 556 1637 609 habuit
1666 553 2081 607 Valentiniano-

498 668 618 706 rum
678 653 923 707 scholam
958 652 1079 705 fuse
1128 650 1443 719 depingere,
1477 657 1531 701 et
1582 660 1856 701 summam
1887 659 2079 697 eorum

497 743 761 797 doctrina:
778 758 901 797 cum
928 742 1186 796 omnibus
1208 742 1449 810 ipsorum
1473 738 1745 793 {Eonibus
1759 748 1812 793 et
1841 736 2080 791 AEonum

498 835 837 900 nominibus,
870 834 1205 903 reliquisque
1234 848 1356 901 quae
1392 832 1459 885 ad
1487 848 1678 887 eorum
1705 832 1935 885 hzeresin
1960 846 2085 899 per-

500 925 768 989 tinebant,
799 925 964 979 simul
997 934 1051 979 et
1100 924 1202 979 sub
1236 939 1345 976 uno
1376 924 1533 993 quasi
1566 934 1787 993 aspectu
1838 938 2038 993 ponere
2065 940 2080 988 ;

498 1026 690 1086 postea
736 1032 865 1071 vero
897 1027 951 1071 et
984 1016 1397 1080 Gnosticorum,
1443 1031 1471 1070 a
1512 1018 1711 1086 quibus
1742 1032 1839 1070 sua
1882 1016 2082 1069 hause-

499 1118 648 1172 runt,
676 1118 730 1162 et
759 1105 1029 1161 Valentini
1053 1106 1250 1176 ipsius,
1282 1116 1335 1161 et
1367 1107 1515 1161 illius
1547 1106 1947 1176 discipulorum
1976 1106 2084 1159 sin-

497 1200 716 1269 gulares
747 1199 1044 1253 sententias
1067 1198 1302 1252 breviter
1326 1212 1615 1267 exponere,
1636 1198 1781 1267 quod
1803 1212 1942 1266 opus
1972 1211 2082 1249 non

496 1300 643 1346 esset
675 1292 890 1359 singula
922 1292 1215 1360 attingere,
1264 1301 1318 1346 et
1347 1308 1470 1361 quae
1495 1300 1654 1346 antea
1681 1290 1895 1344 dixerat
1928 1306 2083 1359 repe—

497 1390 631 1435 tere.
663 1379 851 1450 Neque
872 1381 1037 1452 igitur
1064 1394 1258 1437 omnes
1285 1396 1474 1435 eorum
1505 1382 1854 1452 genealogias
1891 1381 2082 1451 singu-

498 1474 649 1528 latim
678 1484 987 1537 enumerat,
1019 1491 1199 1545 neque
1231 1477 1419 1530 omnia
1452 1476 1693 1531 [Bonum
1741 1476 1965 1529 nomina
1992 1491 2081 1530 re-

496 1563 651 1618 eitat.
684 1564 866 1629 Quare
890 1565 1067 1635 capite
1092 1565 1313 1619 demum
1332 1565 1527 1635 quinto
1554 1565 1620 1620 de
1650 1563 1940 1619 Valentino
1962 1565 2083 1634 ipso

498 1660 629 1727 agit,
659 1666 719 1711 ut
747 1667 935 1727 postea
966 1658 1032 1711 de
1069 1658 1296 1727 reliquis
1324 1658 1637 1727 separatim,
1666 1668 1725 1713 ut
1754 1673 1946 1713 eorum
1970 1657 2081 1711 dif-

499 1748 761 1803 ferentias
791 1758 963 1816 notet,
1014 1759 1069 1804 et
1116 1751 1360 1821 origines
1402 1751 1688 1817 observet;
1732 1766 1838 1804 non
1873 1759 2080 1816 autem,

500 1848 562 1893 ut
606 1840 721 1895 vult
756 1840 1008 1908 Dallaaus,
1042 1859 1061 1892 ι
1109 1841 1325 1896 duobus
1382 1842 1520 1896 locis
1553 1856 1772 1895 omnem
1805 1840 2082 1895 Valentini

501 1933 899 2003 mataeologiam
935 1934 1181 2004 exponit.
1220 1953 1239 1986 ι
1270 1932 1369 1988 His
1411 1942 1559 1988 recte
1598 1934 1927 1998 observatis,
1958 1934 2083 2003 quis

500 2036 610 2078 non
638 2023 828 2079 statim
848 2024 1102 2095 intelligit
1121 2024 1177 2079 in
1196 2025 1570 2093 singularibus
1598 2033 1653 2079 et
1671 2023 2083 2091 Gnosticorum,

496 2124 553 2169 et
600 2113 898 2181 Valentini,
931 2127 984 2172 et
1012 2118 1407 2188 discipulorum
1440 2118 1561 2188 ejus
1612 2117 1947 2189 genealogiis
1997 2132 2085 2172 re-

497 2207 644 2276 quiri
705 2217 799 2262 aut
854 2208 1163 2279 exspectari
1216 2225 1326 2263 non
1381 2209 1581 2265 debere
1637 2225 1830 2265 omnes
1889 2222 2082 2265 eorum

498 2297 731 2367 Eonas,
763 2306 860 2354 aut
881 2316 1073 2355 eorum
1102 2301 1371 2356 nomina?
1412 2300 1558 2355 Inter
1588 2300 1798 2357 Eonas
1826 2301 2085 2357 Basilidis

501 2391 789 2449 Valentino
823 2397 1063 2451 senioris
1096 2405 1417 2451 numeratur
1466 2395 1713 2465 Ennaea;
1750 2414 1870 2453 eam
1898 2406 2080 2453 autem

500 2484 667 2556 Sige‘n
704 2501 815 2541 non
846 2489 1164 2543 nominasse
1191 2487 1490 2543 Basilidem
1524 2490 1649 2559 quis
1681 2490 1807 2545 inde
1838 2491 2081 2561 colligat,

498 2579 648 2647 quod
676 2578 916 2634 'lrenreus
969 2579 1074 2634 hoc
1119 2595 1227 2633 non
1261 2579 1518 2646 aﬂirmat,
1568 2596 1693 2637 cum
1729 2581 2080 2650 Ptolemaici,

499 2667 772 2724 Valentini
790 2668 1065 2739 discipuli,
1084 2669 1137 2723 in
1158 2671 1402 2740 ipsorum
1423 2674 1703 2728 sententiae
1714 2675 2084 2745 descriptione

500 2762 672 2816 solam
726 2760 993 2816 Ennoeam
1040 2762 1205 2815 etiam
1254 2762 1517 2818 habuisse
1568 2765 2079 2836 deprehendantur,

500 2866 643 2921 quos
674 2864 855 2906 tamen
876 2851 1147 2906 Valentini
1168 2850 1328 2923 Sigen
1361 2856 1639 2923 respuisse
1662 2871 1824 2911 nemo
1841 2858 2081 2913 affirma-

500 2942 621 2996 bit?
646 2941 806 2997 Certe
830 2958 997 3011 quam
1020 2942 1286 2998 Ennmam
1318 2945 1492 2999 solam
1526 2946 1595 3000 ibi
1635 2945 1954 3003 Ptolemaici
1983 2966 2082 3005 vo-

499 3043 649 3100 cant,
674 3034 923 3089 eamdem
961 3034 1129 3089 etiam
1157 3035 1359 3091 Charin
1394 3038 1699 3107 appellasse
1722 3039 2077 3099 Ptolemaeum

498 3137 708 3182 certum
750 3128 968 3182 aliunde
994 3138 1107 3195 est;
1143 3129 1261 3201 ipse
1306 3130 1451 3186 enim
1503 3131 1557 3185 in
1588 3131 1892 3204 fragmento
1926 3136 2073 3205 quod
2111 3165 2152 3222 ο

501 3221 806 3275 etiamnum
838 3223 983 3291 apud
1033 3221 1298 3278 lrenmum
1335 3234 1531 3290 exstat,
1562 3226 1630 3281 de
1665 3226 1723 3280 S.
1761 3226 1973 3284 Joanne
2000 3231 2082 3285 lo-

498 3329 696 3382 quens,
744 3313 1031 3384 Ἀκριϐὦς,
1059 3315 1270 3384 inquit,
1318 3316 1410 3370 καὶ
1452 3316 1552 3389 τὴν
1595 3317 1817 3390 πρώτην
1847 3321 2083 3393 ἐμήνυσε

506 3406 760 3478 τετράδα,
786 3406 1003 3479 Πατέρα
1034 3407 1201 3461 εἰπὼν
1228 3410 1321 3463 καὶ
1346 3411 1541 3482 Χάριν,
1570 3411 1775 3465 καὶτὸν
1802 3414 2082 3487 Μονογενῆ

496 3499 591 3551 καὶ
635 3498 935 3569 Ἀλήθειαν.
975 3519 995 3551 ι
1028 3499 1324 3572 Diligenter
1360 3503 1524 3573 igitur
1560 3505 1801 3560 ostendit
1848 3509 2081 3576 primam

498 3594 1003 3662 quaternationen),
1040 3590 1254 3651 Patrem
1298 3592 1489 3648 dicens
1534 3603 1588 3649 et
1628 3594 1856 3661 Charin,
1881 3607 1935 3651 et
1965 3597 2081 3652 Mo-

494 3702 786 3756 nogenem,
819 3697 873 3744 et
897 3687 1218 3746 Veritatem.
1255 3710 1274 3743 ι
1297 3689 1354 3745 In
1386 3689 1502 3762 ipsa
1532 3687 1856 3764 Genealogia
1884 3690 2084 3751 Valen-

496 3776 616 3841 tini,
644 3778 821 3846 capite
839 3780 1052 3848 quinto,
1088 3782 1267 3850 primo
1298 3782 1418 3837 loco
1436 3784 1662 3853 ponitur
1690 3784 1833 3839 ᾸΞΟΠ
1868 3788 2081 3855 primus

496 3866 601 3919 sub
655 3868 774 3923 solo
826 3870 1049 3924 nomine
1083 3870 1370 3943 Ἀρρήτου,
1411 3889 1575 3943 quem
1608 3885 1796 3943 postea
1834 3877 2078 3945 quidem,

496 3958 590 4013 sed
621 3959 821 4027 obiter,
851 3960 1043 4027 Βυθόν,
1083 3978 1191 4016 non
1230 3964 1501 4035 Ἀῥρητον
1526 3967 1795 4023 nominat.
1824 3967 2081 4025 Basilidis

502 4050 880 4119 genealogiam
927 4051 1194 4119 integram
1220 4069 1327 4107 non
1357 4055 1605 4110 nominat
1636 4057 1873 4113 lrenaeus
1901 4077 1914 4111 :
1954 4076 2079 4115 nam

495 4148 634 4194 teste
663 4140 747 4193 Cl.
792 4141 1163 4198 Alexandrino
1208 4143 1469 4199 Stromat.
1519 4147 1613 4200 lib.
1655 4164 1729 4214 IV,
1763 4148 2081 4220 Βασιλείδης

496 4230 805 4293 ὑποστατὰς
835 4233 1189 4304 Δικαιοσύνην
1220 4252 1279 4287 τε
1324 4237 1416 4289 καὶ
1454 4237 1553 4307 τὴν
1600 4237 1874 4310 θυγατέρα
1912 4241 2082 4312 αὐτῆς

492 4321 594 4393 τὴν
626 4322 864 4392 Εἰρήνην
892 4321 1264 4393 ὑπολαμϐάνει
1298 4326 1355 4377 ὲν
1407 4326 1645 4394 Ὀγδοάδι
1681 4328 1862 4398 μένειν
1899 4329 2079 4384 διατε-

492 4411 790 4481 ταγμένας.
834 4431 853 4463 ι
889 4413 1155 4470 Basilides
1187 4426 1368 4471 autem
1404 4426 1516 4471 tum
1542 4417 1839 4485 Justitiam,
1874 4432 1989 4477 tum
2015 4423 2080 4478 ﬁ-

495 4502 623 4555 liam
655 4502 1007 4572 ejuS‘Pacem
1025 4506 1182 4576 quasi
1209 4508 1569 4564 subsistentes
1602 4520 1757 4579 putat
1784 4513 1839 4566 in
1877 4516 2079 4586 ogdoa-

494 4593 563 4647 de
590 4610 813 4650 manere
840 4597 1138 4666 dispositas
1162 4617 1211 4665 ;ι
1242 4614 1380 4669 quas
1403 4603 1547 4671 apud
1587 4601 1850 4658 Irenaeum
1872 4605 2075 4662 frustra

495 4702 732 4756 quaeras.
777 4688 857 4744 Ex
907 4690 1245 4760 imperfectis
1295 4692 1463 4762 igitur
1507 4702 1562 4749 et
1603 4695 1900 4754 deeurtatis
1931 4701 2075 4770 apud

496 4778 761 4836 Irenaeum
790 4792 1035 4838 veterum
1062 4784 1449 4840 Gnosticorum
1485 4790 1819 4859 genealogiis
1862 4795 2075 4863 negati-

494 4887 623 4927 vum
672 4886 1052 4945 argumentum
1098 4888 1247 4932 recte
1278 4878 1504 4934 formari
1538 4897 1646 4936 non
1691 4893 1885 4953 potest.
1926 4886 2075 4944 Prae»

496 4963 684 5017 sertim
711 4980 835 5019 cum
868 4967 923 5019 in
953 4966 1045 5019 illa
1076 4966 1331 5024 Basilidis
1353 4979 1407 5024 et
1438 4969 1726 5039 Ennaeam,
1748 4976 1863 5031 sive
1885 4976 2072 5049 Sigen,

495 5052 686 5126 Logon
717 5056 883 5111 etiam
919 5058 1124 5113 diserte
1149 5060 1450 5117 habeamus
1484 5064 1807 5135 descriptos.
1831 5067 1887 5123 In
1914 5087 2074 5142 syzy-

495 5148 601 5217 giis
644 5148 887 5205 Simonis
935 5150 1039 5206 fuit
1081 5154 1256 5225 φωνή,
1287 5170 1450 5223 quam
1488 5156 1742 5229 discipuli
1776 5162 1895 5231 ejus
1954 5174 2077 5233 post

494 5239 702 5293 editum
735 5238 794 5294 S.
822 5239 1051 5298 Joannis
1082 5244 1434 5316 Evangelium
1458 5260 1741 5306 verterunt
1763 5252 1816 5307 in
1863 5254 2072 5323 Λόγον,

494 5336 549 5381 et
596 5343 692 5383 eos
721 5339 942 5385 secutus
976 5341 1061 5389 est
1093 5333 1376 5392 Basilides.
1415 5336 1555 5393 Nam
1578 5343 1727 5411 quod
1778 5342 2073 5401 Basilidem

494 5418 626 5471 velit
656 5417 889 5475 Dallaeus
917 5431 1042 5478 ante
1064 5434 1291 5480 mortem
1318 5426 1511 5498 lgnatii
1540 5430 1769 5486 liazreSin
1788 5448 1944 5488 suam
1964 5450 2071 5491 non

494 5508 827 5579 divulgasse,
858 5529 979 5569 eam
1024 5518 1348 5575 sententiam
1376 5522 1633 5591 proximo
1658 5525 1838 5594 capite
1862 5526 2072 5582 refuta-

494 5598 699 5656 bimus.

570 5692 811 5750 Tertium
843 5697 917 5751 illi
941 5712 1325 5771 argumentum
1357 5718 1425 5758 ex
1453 5706 1634 5762 verbis
1657 5705 1845 5764 Irenazi
1879 5710 1997 5781 (lib.
2028 5728 2069 5775 ι,

495 5796 548 5834 c.
579 5784 634 5857 εἰ)
660 5789 815 5859 prius
840 5803 871 5843 a
898 5790 1177 5849 Blondello
1196 5797 1443 5865 vexatis;
1475 5807 1528 5855 et
1551 5800 1619 5855 ad
1657 5799 1802 5859 illius
1833 5814 2068 5860 mentem

2186 550 2486 622 λεγομένης
2511 552 2823 623 Γνωστικῆς
2858 552 3123 623 αἱρέσεως
3148 552 3249 615 τὰς
3280 552 3513 622 ἀρχαίας
3539 552 3617 614 εἰς
3643 550 3773 603 ἴδιον

2187 642 2515 712 χαρακτῆρα
2547 641 2893 704 διδασκαλίας
2930 640 3281 712 μεθαρμόσας
3307 638 3482 702 οὕτως
3505 638 3774 710 ὲξηροφό-

2191 748 2374 802 ρησεν.
2408 731 2524 785 Duo
2548 732 2676 786 hinc
2696 733 2762 786 ad
2792 733 3117 786 sententiam
3145 747 3303 785 suam
3333 730 3774 785 confirmandam

2188 820 2365 887 affert,
2396 836 2565 875 unum
2604 837 2635 874 a
2670 821 3034 890 dispositione
3061 820 3212 874 vocis
3258 818 3495 889 πρῶτος,
3534 819 3775 871 alterum

2189 912 2258 966 ab
2311 914 2654 983 expositione
2703 913 2959 967 vocabuli
3022 911 3417 984 μεθαρμόσας,
3487 910 3771 964 inﬁrmum

2188 1013 2484 1074 utrumque
2518 1015 2571 1060 et
2612 1014 2886 1060 coactum.
2942 1004 3133 1058 Priora
3172 1004 3457 1058 sententiae
3491 1004 3653 1057 verba
3694 1004 3776 1057 ita

2189 1098 2601 1167 interpretatur,
2637 1108 2697 1152 ut
2732 1118 2749 1149 ι
2789 1098 2976 1153 lrenaei
3015 1113 3172 1152 mens
3203 1097 3293 1162 sit,
3329 1096 3675 1152 Valentinum
3702 1112 3775 1151 ex

2187 1190 2279 1243 illa
2318 1190 2705 1244 Gnosticorum
2734 1190 2929 1245 hazresi
2970 1191 3204 1260 primum
3234 1189 3428 1251 fuisse,
3458 1190 3551 1258 qui
3578 1204 3645 1243 ex
3672 1204 3775 1244 ve-

2188 1281 2398 1335 teribus
2445 1281 2735 1345 doctrinis,
2788 1282 2857 1335 ad
2903 1297 3059 1335 suam
3102 1280 3337 1335 formam
3394 1282 3681 1337 translatis
3716 1291 3777 1336 et

2186 1374 2407 1443 aptatis,
2439 1374 2585 1444 quod
2608 1374 2835 1444 subjicit
2862 1374 3059 1445 dogma
3090 1373 3554 1430 tradiderit.)Hoc
3581 1386 3773 1431 autem

2186 1477 2246 1522 ut
2283 1467 2447 1523 faciat
2482 1469 2641 1537 quasi
2672 1468 2860 1524 [renati
2887 1469 3049 1523 verba
3081 1469 3196 1523 haec
3233 1468 3479 1523 adducit.
3526 1467 3777 1525 Valenti-

2184 1577 2316 1615 num
2340 1580 2357 1611 ι
2378 1576 2443 1614 ex
2474 1559 2735 1616 Cnostica
2768 1561 2962 1615 haeresi
3001 1560 3239 1631 primum
3272 1561 3354 1616 sic
3382 1560 3716 1629 deﬁnivisse,
3743 1581 3767 1614 ι

2186 1668 2468 1723 perperam
2502 1662 2557 1707 et
2582 1653 2791 1708 dolose.
2819 1651 2960 1706 Tum
2984 1668 3115 1706 vero
3156 1651 3462 1719 Petavium,
3495 1652 3772 1724 interpre-

2186 1754 2294 1798 tem
2330 1744 2466 1799 satis
2505 1744 2814 1811 eruditum,
2859 1753 2914 1799 et
2955 1753 3087 1799 tunc
3129 1746 3396 1814 temporis
3431 1756 3601 1812 certe,
3639 1762 3772 1802 cum

2116 1819 2158 1878 Β
2186 1834 2483 1891 Usseriana
2509 1836 2756 1891 nondum
2787 1835 3143 1905 prodiissent,
3184 1836 3382 1907 effugia
3419 1838 3646 1893 minime
3675 1854 3775 1894 co-

2187 1928 2475 1997 gitantem,
2529 1929 2766 1997 sugillat.
2813 1928 3021 1983 Petavii
3066 1930 3446 1999 interpretatio
3484 1931 3601 1986 haec
3629 1941 3716 1987 est
3749 1948 3767 1985 :

2192 2039 2211 2072 ι
2235 2020 2444 2075 Etenim
2467 2022 2614 2090 quia
2636 2020 3021 2076 Gnosticorum
3046 2022 3239 2076 haeresi
3268 2023 3588 2093 deprompta
3616 2040 3776 2094 quaa-

2187 2112 2312 2167 dam
2340 2112 2495 2167 initia
2513 2112 2724 2182 primus
2748 2114 3038 2183 peculiaris
3058 2114 3124 2169 ad
3156 2123 3318 2170 secta
3333 2114 3565 2170 formam
3587 2126 3775 2171 trans-

2192 2205 2319 2260 tulit
2348 2203 2673 2260 Valentinus
2721 2205 2795 2259 ita
2842 2206 3050 2261 detinit.
3094 2224 3114 2281 ι
3156 2207 3299 2273 Quid
3352 2207 3407 2262 in
3444 2208 3549 2263 hac
3592 2209 3768 2263 inter-

2185 2297 2495 2367 pretatione
2528 2297 2613 2350 vir
2634 2294 2988 2352 doctissimus
3028 2297 3418 2367 reprehendit?
3459 2317 3478 2350 ι
3516 2299 3773 2366 Frustra,

2186 2389 2388 2458 inquit,
2415 2387 2669 2444 Petavius
2703 2389 2869 2443 verba
2901 2389 2991 2444 illa
3021 2390 3131 2443 ἀπὸ
3161 2390 3263 2461 τῆς
3294 2391 3594 2463 λεγομένης
3621 2393 3775 2447 Γνω-

2186 2479 2380 2550 στικῆς
2406 2480 2670 2551 αἱρέσεως
2690 2495 2815 2535 cum
2836 2481 3003 2535 verbo
3031 2481 3384 2553 μεθαρμόσας
3405 2484 3771 2554 conjungens,

2187 2572 2269 2627 sic
2305 2572 2715 2641 interpretatur,
2752 2581 2813 2627 ut
2844 2572 2975 2627 velit
3006 2572 3355 2629 Valentinum
3390 2575 3620 2646 intelligi
3645 2576 3775 2631 illas

2185 2664 2468 2719 doctrinas
2501 2680 2565 2719 ex
2600 2664 2985 2721 Gnosticorum
3027 2666 3225 2722 hmresi
3274 2666 3765 2738 deprompsisse?»

2184 2754 2327 2821 Quid
2367 2756 2538 2809 vero?
2569 2772 2637 2810 an
2684 2757 2842 2812 aliter
2871 2756 3135 2813 lrenteum
3170 2759 3518 2830 interpretari
3563 2763 3770 2830 potuit,

2187 2866 2351 2919 quam
2388 2860 2449 2905 ut
2483 2850 2585 2904 illa:
2606 2850 2868 2906 doctrinae
2903 2853 3162 2923 antiquae,
3188 2868 3329 2922 quas
3354 2853 3407 2907 in
3444 2870 3607 2910 suum
3636 2855 3775 2910 eba-

2188 2952 2480 3011 racterem,
2519 2944 2634 2998 sive
2662 2945 2957 3014 peculiaris
3009 2955 3171 3001 sectae
3218 2946 3450 3001 formam
3485 2947 3772 3007 transtulit

2190 3033 2578 3100 Valentinus,a
2600 3036 2788 3091 schola
2805 3046 3048 3091 veterum
3085 3036 3469 3094 Gnosticorum
3508 3042 3766 3110 deprom-

2191 3136 2295 3198 ptae
2326 3127 2437 3183 sint
2454 3128 2477 3181 ‘l
2497 3129 2580 3181 An
2620 3138 2830 3184 veteres
2856 3130 2959 3183 illae
2981 3130 3245 3185 doctrinae
3271 3130 3401 3184 alibi
3428 3147 3591 3200 quam
3620 3131 3775 3200 apud

2187 3219 2477 3275 Gnostieos
2520 3221 2840 3275 exstabant?
2892 3220 3127 3277 Dallaaus
3181 3221 3299 3291 ipse
3347 3221 3526 3291 ipsam
3577 3236 3772 3280 rerum

2186 3312 2378 3369 silvam
2405 3321 2567 3381 atque
2590 3314 2979 3378 materiam,ex
3010 3330 3117 3384 qua
3145 3314 3468 3370 Valentinus
3492 3331 3591 3370 sua
3620 3331 3776 3371 com-

2185 3402 2391 3469 posuit,
2419 3402 2564 3472 apud
2600 3404 2931 3460 vetustiores
2979 3404 3271 3460 Gnosticos
3298 3405 3468 3461 fuisse
3489 3408 3767 3462 concedit.

2184 3491 2278 3546 llla
2300 3501 2483 3547 autem
2502 3509 2685 3548 rerum
2705 3495 2839 3548 silva
2863 3504 3029 3564 atque
3049 3498 3278 3551 materia
3296 3512 3365 3551 an
3382 3498 3588 3567 aliquid
3616 3498 3768 3553 aliud

2185 3585 2432 3649 fuerunt,
2464 3602 2629 3655 quam
2670 3587 2909 3656 antiqua:
2946 3588 3248 3643 doctrinae?
3273 3599 3363 3644 aut
3394 3589 3615 3645 aliunde
3643 3590 3771 3647 illas

2184 3680 2467 3738 transtulit
2492 3678 2837 3745 Valentinus,
2871 3695 3035 3753 quam
3068 3697 3134 3739 ex
3163 3683 3253 3736 illa
3307 3684 3503 3739 haeresi
3553 3684 3606 3738 in
3654 3700 3768 3755 qua

2183 3776 2514 3831 astabant?
2544 3775 2689 3829 Nihil
2719 3775 2807 3829 hic
2839 3776 3121 3830 innovavit
3149 3775 3429 3842 Petavius,
3477 3775 3570 3833 sed
3620 3776 3767 3833 idem

2183 3868 2411 3921 omnino
2437 3867 2642 3933 voluit,
2678 3868 2823 3936 quod
2864 3882 3058 3923 omnes
3084 3880 3211 3924 ante
3254 3885 3380 3925 eum
3414 3869 3768 3939 interpretes,

2184 3960 2395 4022 Billius.
2422 3960 2741 4029 Carnarius,
2770 3960 2960 4027 Vetus,
3001 3962 3311 4027 voluerunt,
3335 3963 3483 4032 quod
3506 3964 3772 4029 lrenaaus,

2184 4051 2572 4121 Tertullianus,
2604 4054 2961 4125 Epiphanius,
3004 4055 3385 4111 Theodoretus
3440 4056 3766 4113 docuerant.

2183 4143 2338 4199 Certe
2372 4160 2496 4199 cum
2532 4144 2785 4213 Dallazus,
2818 4155 2879 4201 ut
2907 4162 2971 4201 ea
3001 4147 3164 4202 verba
3193 4148 3301 4201 ἀπὸ
3332 4150 3432 4219 τῆς
3464 4149 3774 4221 λεγομένης

2182 4235 2492 4308 Γνωστικῆς
2543 4237 2809 4310 αἱρέσεως
2851 4255 2883 4295 a
2942 4256 3077 4296 voce
3142 4241 3496 4313 μεθαρμόσας
3549 4252 3771 4313 separet

2182 4336 2346 4398 atque
2374 4329 2677 4400 disjungat,
2707 4333 2896 4387 eadem
2930 4350 3055 4388 cum
3097 4349 3230 4391 voce
3272 4337 3491 4408 πρῶτος
3529 4340 3769 4409 conjun-

2180 4420 2289 4490 git,
2327 4430 2381 4475 et
2420 4440 2439 4473 ι
2483 4422 2722 4491 primum
2760 4443 2779 4476 ι
2814 4426 3127 4481 immediate
3169 4438 3292 4497 post
3322 4446 3385 4485 ea
3418 4432 3605 4497 verba,
3636 4451 3654 4484 ι
3692 4449 3768 4489 ex

2109 4528 2154 4583 ι)
2183 4513 2443 4568 Cnostica
2489 4514 2707 4583 haeresi,
2746 4536 2765 4569 ι
2801 4519 2984 4587 ponit,
3026 4528 3087 4573 ut
3124 4536 3236 4575 sua:
3268 4521 3555 4592 hypolhesi
3595 4524 3773 4581 inser-

2182 4604 2315 4671 viat,
2353 4607 2535 4661 omnia
2578 4608 2737 4678 plane
2778 4610 3082 4671 confundit.
3108 4611 3244 4668 Nam
3279 4614 3369 4668 illa
3393 4630 3499 4670 vox
3522 4617 3763 4689 πρῶτος,

2178 4711 2245 4750 ex
2284 4708 2467 4753 mente
2509 4698 2729 4768 lrentei,
2763 4718 2872 4757 non
2909 4705 2978 4759 ad
3019 4706 3248 4761 lueresin
3281 4706 3632 4777 Cnosticam,
3664 4714 3765 4767 sed

2181 4792 2291 4846 alio
2319 4791 2558 4848 refertur
2582 4812 2595 4847 :
2624 4794 2691 4849 ad
2719 4796 2956 4865 priorem
3004 4798 3211 4853 scilicet
3240 4802 3591 4866 sententiam,
3650 4820 3767 4859 non

2179 4893 2518 4953 sequentem.
2559 4887 2785 4957 Ἰδωμεν
2801 4887 2897 4941 νῦν
2916 4890 3009 4943 καὶ
3028 4890 3124 4961 τὴν
3145 4890 3349 4945 τούτων
3367 4894 3598 4947 ἄστατον
3623 4895 3771 4963 γνὼ-

2181 4993 2288 5047 μην
2315 4976 2408 5030 δύο
2442 4995 2543 5032 που
2578 4980 2671 5033 καὶ
2704 4981 2871 5053 τριῶν
2902 4982 3091 5048 ὄντων,
3121 4984 3196 5048 ὡς
3220 4988 3349 5057 περὶ
3377 4986 3470 5040 τοῦ
3503 4989 3671 5043 αὑτοῦ
3702 4990 3768 5043 οὐ

2176 5068 2247 5122 τὰ
2285 5069 2423 5123 αὐτὰ
2446 5070 2713 5140 λέγουσιν,
2746 5074 2883 5127 ἀλλὰ
2919 5078 3031 5139 τοῖς
3060 5078 3349 5149 πράγμασι
3380 5081 3475 5133 καὶ
3504 5084 3618 5145 τοῖς
3645 5084 3768 5136 ὀνό-

2181 5178 2345 5231 μασιν
2366 5164 2582 5218 ἐναντία
2616 5166 2993 5235 ἀποφαίνουσι.
3033 5186 3051 5219 ι
3083 5167 3378 5227 Videamus
3400 5188 3548 5229 nunc
3574 5183 3630 5229 et
3659 5177 3767 5231 ho-

2176 5268 2323 5321 rum,
2357 5255 2615 5325 (quorum
2649 5258 2956 5313 doctrinam
2988 5261 3167 5329 primo
3202 5264 3381 5333 capite
3418 5265 3648 5321 dederat
3670 5283 3767 5323 ex-

2176 5346 2484 5416 plicatam),
2517 5349 2923 5408 inconstantem
2952 5358 3308 5425 sententiam,
3348 5374 3475 5413 cum
3506 5360 3618 5415 sint
3649 5362 3763 5415 duo

2177 5438 2260 5492 vel
2290 5447 2422 5503 tres,
2447 5444 2909 5510 quemadmodum
2939 5447 3007 5502 de
3045 5449 3251 5506 eisdem
3285 5466 3398 5506 non
3440 5453 3635 5508 eadem
3675 5454 3763 5508 di-

2176 5541 2342 5600 cunt;
2368 5534 2463 5589 sed
2498 5544 2553 5589 et
2578 5538 2895 5594 nominibus
2922 5549 2978 5595 et
3015 5543 3183 5599 rebus
3214 5554 3492 5601 contraria
3529 5562 3764 5618 respon-

2175 5622 2322 5679 dent.
2365 5644 2384 5677 ι
2444 5625 2501 5679 '0
2526 5628 2624 5697 μὲν
2658 5629 2766 5701 γὰρ
2815 5632 3052 5704 πρῶτος,
3085 5654 3105 5687 ι
3136 5634 3239 5702 Qui
3286 5638 3435 5693 enim
3466 5640 3701 5709 primus.
3732 5659 3755 5693 ι

2176 5714 2259 5784 (ut
2293 5717 2424 5772 satis
2455 5718 2682 5776 fideliter
2714 5723 2948 5779 reddidit
2971 5735 3127 5782 vetus
3152 5728 3447 5801 interpres)
3475 5746 3543 5784 ex
3566 5732 3766 5801 paucis

2176 5807 2305 5875 illis,
2338 5811 2546 5868 scilicet
2576 5814 2789 5873 duobus
2826 5818 2907 5873 vel
2933 5820 3130 5887 tribus,
3160 5837 3397 5889 quorum
3429 5826 3760 5882 sententiam
