4078 6424
327 347 437 402 .535

1122 346 1172 403 .l.
1204 344 1570 402 PEABSONII
1606 342 1933 400 VINDICIA‘Z
1986 341 2413 400 lGNATlANIE.
2453 374 2523 386 -—
2549 342 2731 399 PARS
2768 342 2833 399 ll.

3512 350 3616 403 554

325 470 516 539 primo
537 469 721 540 capite
751 468 1076 539 complexus
1120 478 1225 535 est,
1254 467 1603 536 Valentinus,
1634 467 1923 533 nimirum,
1954 480 2001 533 Α
2030 464 2123 519 sed
2148 474 2208 519 ut
2229 465 2298 520 iis
2324 464 2653 520 sententiam
2681 479 2839 520 suam
2859 464 3315 521 illustrarent.De
3329 466 3617 537 discipulis

325 562 485 629 (nam
538 562 611 617 de
636 560 1043 618 Valentinianis
1070 574 1122 616 et
1149 562 1425 633 praecipue
1473 560 1825 617 Ptolemaicis
1863 576 1928 615 co

322 656 512 725 capite
536 671 701 725 agere
731 656 1069 723 instituerat,
1103 670 1343 724 quorum
1388 655 1719 710 sententiam
1748 654 1927 707 ἀπάν-

322 750 508 820 ῡισμα
541 751 644 820 τῆς
692 748 1048 803 Οὐαλεντίνου
1073 748 1269 819 σχολῆς
1296 748 1550 818 appellat)
1570 768 1589 801 ‹
1609 765 1639 802 a
1665 749 1926 804 Gnostica

322 840 528 895 hteresi
556 843 817 911 antiquas
842 840 895 894 in
920 842 1201 911 proprium
1238 841 1611 897 characterem
1643 842 1925 898 doctrinas

330 932 711 999 transferens,
732 933 909 998 οὕτως
927 934 1331 1007 -ὲξηροφόρησε,
1346 955 1365 988 ι
1383 935 1656 1007 Corrupta
1686 952 1814 1001 vox,
1840 938 1922 992 inv

318 1025 450 1093 quit
481 1025 777 1092 Petavius,
827 1028 881 1081 in
934 1043 1041 1095 qua
1086 1025 1479 1083 divinationem
1530 1030 1765 1098 experiri
1813 1045 1923 1084 non

322 1128 514 1173 vacat.
556 1118 668 1174 Pro
710 1135 773 1174 ea
802 1120 970 1190 igitur
994 1120 1122 1190 legit
1162 1118 1540 1175 Hammondus
1570 1120 1921 1193 ἐξεφόρησεν,

316 1208 555 1265 lsaacus
582 1210 809 1267 Vossius
834 1211 1025 1265 leviori
1058 1213 1360 1269 mutatione
1383 1214 1772 1287 ὲληροφόρησε.
1814 1214 1921 1271 Sed

311 1300 523 1357 Billius
558 1313 717 1373 putat
747 1312 987 1360 veterem
1023 1304 1369 1374 interpretem
1401 1307 1600 1377 legisse
1640 1308 1768 1378 ἔφη,
1809 1308 1922 1380 Ego

308 1395 511 1465 potius
527 1396 788 1451 existimo
814 1408 1053 1453 veterem
1087 1400 1436 1471 interpretem
1465 1417 1586 1456 eam
1613 1419 1778 1473 quam
1808 1404 1923 1472 ipse

311 1488 458 1558 legit
492 1504 691 1543 vocem
718 1490 945 1545 minime
971 1490 1332 1561 intellexisse,
1362 1495 1595 1565 ideoque
1639 1496 1919 1566 omisisse,

307 1578 473 1647 quod
505 1580 562 1634 id
588 1581 746 1635 salvo
770 1596 937 1637 sensu
972 1581 1091 1637 fieri
1118 1584 1362 1653 potuisse
1384 1584 1620 1654 putavit.
1646 1583 1919 1641 Vetustis-

307 1672 527 1726 simam
558 1671 728 1742 igitur
763 1672 1055 1729 lectionem
1084 1674 1264 1730 sentio
1296 1674 1467 1731 fuisse
1488 1674 1916 1748 ὲξηροφόρησεν,

306 1776 373 1821 et
394 1764 645 1820 fortasse
674 1766 743 1820 ab
778 1766 899 1837 ipso
928 1766 1138 1824 Irenaeo
1162 1767 1501 1837 profectam;
1528 1784 1655 1823 nam
1681 1768 1919 1841 ξηροφα-

306 1860 435 1928 ρείν
486 1858 636 1913 idem
674 1858 987 1929 significare
1043 1868 1223 1929 potest
1269 1861 1415 1931 quod
1438 1862 1645 1931 aliquid
1663 1876 1922 1919 enarrare

305 1951 524 2023 ξηραῖς
568 1951 803 2019 λέξεσιν,
833 1961 895 2006 ut
930 1950 1108 2008 Graeci
1138 1953 1463 2023 loquuntur.
1494 1952 1787 2024 Utcunque
1824 1955 1917 2018 sit.

302 2042 653 2100 Valentinus
675 2044 764 2099 hic
793 2045 1114 2099 nominatur
1134 2053 1195 2100 ut
1212 2060 1404 2101 eorum
1431 2047 1662 2116 primus,
1682 2062 1918 2117 quorum

303 2138 663 2193 sententiam
691 2136 935 2193 [renatus
978 2136 1283 2193 tradiderat
1313 2153 1329 2191 :
1362 2139 1633 2195 asseritur
1663 2155 1791 2195 eum
1818 2156 1920 2195 an-

304 2230 513 2299 tiquas
546 2230 835 2285 doctrinas
866 2246 936 2285 ex
972 2230 1168 2286 haeresi
1204 2230 1467 2286 Gnostica
1502 2232 1557 2285 in
1585 2246 1747 2287 suum
1787 2233 1919 2287 cha-

300 2330 593 2377 racterem
620 2322 1000 2389 transtulisse;
1018 2323 1249 2394 ejusque
1272 2324 1562 2379 character
1586 2326 1769 2380 statim
1794 2326 1919 2381 bre-

302 2417 459 2472 viter
487 2417 823 2487 explicatur,
856 2418 912 2473 in
936 2434 1047 2489 quo
1076 2419 1262 2488 aliqua
1288 2434 1357 2474 ex
1389 2418 1671 2475 Gnosticis
1718 2420 1915 2476 hausta

303 2511 701 2581 reperiuntur.
738 2510 983 2568 Tandem
1017 2512 1166 2568 clare
1199 2514 1533 2584 perspicitur
1560 2530 1731 2584 quam
1769 2514 1917 2570 infir-

301 2619 472 2658 mum
506 2603 581 2657 sit
609 2602 797 2659 llallaai
823 2614 1205 2675 argumentum
1229 2620 1299 2659 ex
1327 2620 1463 2661 voce
1497 2606 1714 2678 πρῶτος
1745 2607 1917 2662 dedu-

300 2707 493 2751 ctum.
509 2715 530 2748 ‹
543 2695 601 2751 Si
623 2697 759 2763 haec,
777 2696 975 2766 inquit,
992 2694 1313 2753 Valentinus
1328 2713 1393 2753 ex
1407 2696 1685 2755 Gnosticis
1700 2699 1914 2769 primus

300 2788 598 2853 deﬁnivit,
620 2797 765 2844 certe
783 2789 971 2844 nullus
988 2799 1114 2845 ante
1142 2805 1269 2845 eum
1301 2788 1599 2869 Gnosticus
1616 2791 1699 2847 sic
1725 2792 1918 2847 deﬁni-

297 2889 493 2935 verat.
528 2879 715 2951 Logon
746 2881 883 2936 adeo
899 2897 963 2937 ex
986 2882 1111 2953 Sige
1139 2882 1533 2938 fructiﬁcatum
1552 2884 1721 2954 (quod
1740 2902 1911 2942 unum

298 2978 399 3026 est
428 2986 500 3025 ex
528 2970 638 3026 illis
667 2972 749 3027 sic
774 2987 805 3025 a
831 2972 1124 3027 Valentino
1147 2972 1411 3045 definitis)
1430 2989 1594 3029 nemo
1620 2984 1749 3031 ante
1783 2992 1911 3032 eum

297 3061 622 3117 Gnosticus
658 3064 1007 3119 deliraverat.
1047 3083 1066 3116 ι
1096 3063 1298 3125 Nititur
1325 3067 1475 3121 enim
1508 3066 1912 3138 interpretatio-

299 3168 403 3218 ne,
438 3170 567 3223 quae
608 3155 938 3210 sententiam
985 3156 1177 3212 lrenaai
1222 3158 1359 3213 mire
1406 3159 1715 3229 confundit,
1746 3170 1801 3216 et
1840 3165 1910 3218 ab
1937 3181 1979 3239 α

298 3248 439 3316 ejus
473 3256 660 3302 mente
701 3264 929 3317 prorsus
970 3250 1148 3305 aliena
1178 3260 1263 3307 est
1293 3270 1308 3306 :
1340 3261 1396 3307 et
1433 3253 1627 3308 statuit
1661 3272 1681 3305 ‹
1717 3253 1905 3326 Logon

299 3356 375 3396 ex
416 3339 553 3410 Sige
582 3339 971 3398 fructificatum
1003 3362 1021 3395 ι
1058 3358 1179 3400 esse
1208 3360 1378 3399 unum
1410 3360 1476 3401 ex
1500 3346 1608 3402 illis
1637 3362 1668 3401 a
1710 3346 1908 3403 Valen-

300 3435 434 3487 tino
466 3434 731 3500 delinitis,
776 3450 901 3489 cum
934 3433 1258 3492 Valentinus
1290 3452 1400 3493 non
1435 3438 1584 3493 dicat
1628 3438 1812 3509 Logon
1840 3455 1907 3494 ex

304 3526 466 3598 Sige,
505 3527 601 3582 sed
635 3544 656 3578 r
691 3543 755 3582 ex
780 3529 958 3598 prima
993 3530 1202 3585 tetrade
1230 3529 1645 3599 fructiﬁcatum,
1686 3533 1787 3585 »ἐκ
1809 3534 1909 3603 τῆς

301 3619 584 3691 τετράδος
625 3620 829 3691 ταύτης
864 3622 1364 3694 καρποφορεῖσθαι,
1408 3624 1575 3695 idque
1606 3640 1717 3681 non
1760 3627 1906 3696 quod

306 3730 340 3767 a
378 3712 538 3783 Sige,
570 3713 664 3768 sed
691 3714 840 3784 quod
872 3714 943 3769 ab
970 3713 1186 3769 Alethia
1215 3715 1455 3772 emissus
1495 3727 1662 3786 esset,
1703 3736 1825 3790 quae
1852 3722 1907 3775 in

303 3807 508 3860 eadem
560 3803 771 3859 tetrade
801 3813 927 3875 post
957 3804 1120 3876 Sigen
1154 3804 1279 3860 fuit.
1315 3805 1435 3861 Non
1461 3817 1646 3863 autem
1684 3809 1802 3865 haec
1832 3810 1907 3866 ita

306 3898 707 3970 intelligimus,
739 3908 799 3955 ut
820 3899 971 3955 nulla
1001 3900 1110 3953 alia
1140 3900 1389 3955 doctrina
1418 3901 1473 3955 in
1493 3900 1913 3958 Valentinicha-

305 4005 533 4049 ractere
553 3993 952 4059 contineretur,
990 4000 1187 4062 praeter
1236 3993 1495 4063 antiquas
1526 3995 1650 4050 illas
1699 4011 1728 4050 a
1760 3995 1912 4052 Gno-

311 4087 479 4144 sticis
531 4085 784 4155 haustas,
842 4094 939 4141 aut
973 4080 1124 4141 illius
1172 4086 1397 4143 haeresis
1449 4087 1589 4143 nihil
1635 4087 1912 4153 Gnostica!

303 4180 513 4238 heresi
546 4179 838 4235 addiderit.
880 4179 1089 4235 Fabula
1123 4179 1344 4250 triginta
1384 4179 1627 4237 IEonum
1668 4184 1748 4237 illi
1777 4199 1908 4254 pro-

303 4279 435 4346 pria
472 4273 604 4340 fuit,
651 4274 861 4329 decada
918 4284 973 4328 et
1018 4273 1362 4342 duodecada,
1416 4275 1639 4345 opinor,
1686 4275 1906 4347 adjecit.

306 4369 562 4425 Primam
592 4367 842 4438 ogdoada
874 4367 990 4437 ipse
1012 4384 1123 4422 non
1145 4368 1497 4438 excogitavit,
1526 4369 1620 4425 sed
1653 4384 1682 4423 a
1712 4370 1912 4424 veteri-

307 4463 417 4517 bus
440 4460 683 4531 accepit,
718 4460 970 4516 ordinem
1007 4470 1221 4515 tantum
1254 4462 1509 4517 secundae
1540 4462 1765 4517 tetradis
1790 4479 1911 4517 mu-

2031 555 2202 613 Marci
2242 557 2384 613 idem
2432 558 2548 612 haec
2588 558 2778 624 tradit,
2823 557 2920 612 lib.
2953 574 2992 622 ι,
3025 572 3076 613 c.
3104 558 3172 612 l7
3200 575 3213 611 :
3251 560 3409 614 Ἐνια
3433 560 3491 613 δὲ
3523 562 3618 616 καὶ

2029 650 2138 705 τῶν
2170 652 2228 704 ἐν
2273 649 2352 721 τῷ
2380 649 2698 720 Εὑαγγελίῳ
2726 650 2995 721 κειμένων
3024 651 3104 713 εἰς
3122 650 3308 705 τοῦτον
3332 651 3422 706 τὸν
3451 670 3617 725 χαρα-

2030 746 2207 817 κτῆρα
2237 744 2688 816 μεθαρμόζουσιν.
2720 763 2739 795 ς
2770 742 3027 811 Quaedam
3067 754 3249 800 autem
3274 762 3463 802 eorum
3494 764 3617 818 qua:

2030 838 2086 891 in
2137 838 2433 910 Evangelio
2482 839 2659 907 posita
2720 846 2870 904 sunt,
2918 838 2970 892 in
3029 837 3178 894 hunc
3232 841 3611 897 characterem

2028 932 2421 1001 transﬁgurant
2441 950 2454 998 ;
2478 951 2495 983 ι
2516 948 2622 985 non
2646 939 2704 985 ut
2736 929 3092 1000 Evangelium
3116 935 3491 998 emendarem,
3519 943 3615 988 aut

2029 1023 2191 1077 verba
2220 1023 2341 1092 ejus
2400 1030 2698 1087 mutarent,
2742 1022 2838 1077 sed
2887 1032 2945 1076 ut
2993 1039 3106 1077 suae
3145 1024 3409 1080 doctrinae
3443 1026 3609 1081 verba

2026 1115 2337 1185 evangelica
2371 1115 2695 1171 insererent.
2728 1114 2873 1170 ldem
2911 1115 2979 1172 de
3014 1115 3412 1176 Valentinianis
3442 1122 3609 1176 etiam

2028 1210 2152 1266 aliis
2168 1211 2347 1265 verbis
2368 1211 2547 1275 docet,
2571 1212 2729 1281 cap.l
2757 1228 2770 1263 :
2799 1212 2907 1265 Kal).
2930 1209 2988 1265 ἓν
3007 1211 3235 1267 ἕκαστον
3262 1215 3371 1270 τῶν
3388 1218 3612 1290 εἰρημέ-

2024 1318 2131 1355 νων
2164 1302 2396 1373 ἄραντες
2426 1302 2535 1355 ἀπὸ
2562 1302 2663 1373 τῆς
2698 1302 2957 1373 ἀληθείας
2997 1305 3089 1357 καὶ
3130 1309 3620 1379 καταχρησάμενοι·

2024 1396 2138 1457 τοῖς
2169 1394 2426 1466 ὀνόμασιν
2454 1395 2535 1459 εἰς
2560 1396 2657 1465 τὴν
2675 1395 2809 1449 ἰδίαν
2832 1396 3088 1450 ὑπόθεσιν
3111 1399 3463 1468 μετήνεγναν.
3497 1421 3515 1452 ‹
3544 1401 3611 1454 Et

2029 1489 2456 1559 unumquodque
2482 1504 2674 1544 eorum
2716 1505 2839 1560 qua:
2877 1489 3023 1545 dicta
3067 1504 3196 1545 sunt
3231 1493 3307 1561 (in
3339 1495 3617 1564 principio.

2024 1578 2303 1651 Evangelii
2339 1581 2397 1636 S.
2438 1579 2688 1652 Joannis)
2720 1581 3035 1639 auferentes
3066 1598 3097 1637 a
3126 1584 3372 1651 veritate,
3397 1594 3452 1640 et
3473 1587 3610 1641 abu-

2032 1682 2206 1728 tentes
2236 1673 2556 1730 nominibus
2599 1674 2655 1729 in
2684 1690 2840 1731 suam
2863 1677 3390 1745 argumentationem
3427 1689 3610 1735 trans-

2026 1766 2289 1821 tulerunt.
2349 1785 2368 1817 ›
2424 1765 2718 1822 Enimvero
2772 1768 3006 1823 assertio
3059 1769 3219 1824 tertia
3270 1773 3609 1842 argumentis

2025 1857 2231 1911 nostris
2259 1855 2394 1910 satis
2423 1856 2768 1923 confirmata,
2801 1865 2855 1911 et
2885 1857 2954 1911 ab
3000 1857 3406 1927 objectionibus
3437 1862 3605 1917 Blon-

2022 1946 2274 2002 dellianis
2315 1955 2483 2016 atque
2511 1944 2804 2003 Dallmanis
2835 1947 3090 2016 liberata,
3123 1960 3305 2006 manet
3338 1951 3608 2009 hactenus

2023 2037 2374 2105 inconcussa,
2417 2038 2560 2094 hanc
2592 2039 2766 2109 ipsam
2795 2039 3051 2107 haeresin,
3095 2058 3262 2113 quam
3286 2044 3478 2099 volunt
3507 2060 3609 2100 au-

2022 2139 2229 2185 ctorem
2267 2130 2512 2201 epistolae
2540 2132 2608 2187 ad
2625 2131 3013 2203 Magnesianos
3039 2137 3373 2206 respexisse,
3408 2136 3607 2193 Valen-

2023 2223 2138 2278 tino
2161 2224 2527 2294 antiquiorem
2546 2224 2740 2292 fuisse,
2765 2235 2820 2281 et
2850 2244 2881 2282 a
2905 2228 3301 2285 vetustioribus
3327 2229 3605 2287 Gnosticis

2019 2314 2355 2382 derivatam;
2392 2315 2584 2371 saltem
2619 2326 2892 2387 quatenus
2926 2319 3190 2377 ineorum
3215 2321 3604 2377 Gnosticorum

2019 2408 2239 2479 syzygia
2265 2408 2442 2478 prima
2467 2407 2633 2465 fuerit
2656 2411 2803 2482 Sige,
2823 2412 2879 2467 in
2904 2410 3154 2469 inferiori
3182 2422 3364 2468 autem
3387 2416 3605 2487 syzygia

2018 2497 2238 2570 Logos;
2278 2501 2422 2571 quod
2454 2510 2566 2557 tam
2597 2503 2741 2559 valet
2776 2504 2844 2558 ad
2879 2520 2945 2560 ea
2974 2505 3140 2561 verba
3173 2507 3273 2560 οὐκ
3298 2507 3406 2561 ἀπὸ
3437 2509 3606 2580 Σιγῆς

2019 2594 2318 2665 προελθών,
2373 2610 2439 2650 ex
2491 2610 2683 2652 eorum
2741 2606 2926 2655 mente
2974 2600 3410 2671 interpretanda,
3437 2617 3605 2673 quam

2016 2687 2235 2757 propria
2264 2686 2537 2744 Valentini
2562 2690 2811 2745 haeresis.

2613 2823 2846 2881 CAPUT
2889 2824 3001 2881 VII.

2017 2914 2227 2991 Quarta
2258 2918 2481 2991 assertio
2526 2920 2863 2991 proponitur,
2896 2920 3113 2989 probari
3146 2930 3288 2974 certo
3321 2937 3422 2975 non
3451 2938 3604 2991 posse

2084 2989 2234 3061 ipsos
2271 2987 2536 3061 Valentini
2566 2987 2769 3044 errores
2823 2987 3038 3061 lgnatio
3088 2991 3252 3060 fuisse
3277 2987 3489 3061 penitus
3518 2995 3604 3045 in-

2083 3060 2340 3133 cognitas.
2388 3057 2539 3112 Fieri
2568 3062 2802 3133 potuisse
2843 3057 2915 3133 ut
2941 3057 3188 3133 lgnatius
3245 3057 3601 3133 cognosceret,

2082 3129 2341 3198 probatur
2364 3144 2428 3182 ea:
2448 3128 2615 3204 relate
2648 3128 2919 3204 Valentini
2945 3128 3061 3204 cum
3090 3132 3189 3185 illa
3234 3128 3604 3204 S.Polycarpi

2086 3209 2430 3275 comparata;
2448 3199 2785 3275 Valentinum
2802 3213 2917 3275 post
2936 3203 3215 3275 Anicetum
3231 3199 3605 3275 ttixisse'nega-

2081 3278 2187 3324 tur.
2203 3270 2371 3346 Locus
2388 3270 2706 3346 Tertulliani
2721 3270 3007 3346 excutitur.
3027 3273 3287 3346 Blondelli
3297 3270 3604 3346 argumento

2084 3342 2448 3409 respondetur.
2484 3343 2790 3412 Antiquitas
2832 3343 3225 3397 Valentinianus
3254 3342 3507 3400 haereseos
3537 3361 3603 3399 ea:

2081 3421 2309 3465 velorum
2348 3414 2703 3465 monumentis
2756 3416 2989 3467 eruitur.
3042 3412 3118 3467 De
3151 3423 3308 3468 wtate
3339 3415 3602 3470 Basilidis

2081 3499 2200 3535 cum
2237 3482 2439 3536 Dallteo
2469 3484 2798 3551 disputatur.
2833 3483 2972 3537 Eum
3031 3484 3253 3538 htvresin
3304 3502 3458 3538 suam
3505 3487 3599 3540 do-

2083 3554 2254 3607 cuisse
2283 3564 2406 3606 ante
2429 3553 2657 3606 Adriani
2686 3555 2966 3623 imperium
2998 3556 3313 3610 ostenditur.
3343 3555 3604 3612 Testimo-

2082 3624 2187 3676 niis
2218 3641 2250 3676 a
2280 3623 2487 3677 Dallazo
2508 3624 2754 3677 adductis
2781 3626 2895 3693 fuse
2932 3626 3294 3693 respondetur.

2085 3713 2145 3769 Si
2176 3715 2301 3785 quis
2331 3725 2511 3770 tamen
2536 3730 2640 3771 nec
2672 3715 2757 3771 his
2790 3715 3138 3786 acquiescat,
3162 3727 3217 3773 et
3251 3716 3601 3774 Valentinum

2012 3807 2193 3877 ipsum
2219 3807 2288 3862 ab
2314 3816 2540 3862 auctore
2560 3806 2811 3878 epistola:
2835 3809 3065 3879 petitum
3094 3810 3245 3879 velit,
3274 3827 3343 3867 ne
3371 3812 3453 3868 sic
3477 3814 3601 3883 qui-

2012 3900 2139 3955 dem
2168 3914 2259 3954 res
2304 3898 2602 3955 secundum
2635 3900 2964 3955 sententiam
3022 3902 3463 3960 adversariorum
3496 3905 3603 3962 erit

2013 3990 2293 4059 confecta;
2325 3992 2506 4048 adhuc
2534 3991 2683 4047 enim
2714 4001 2887 4050 restat
2924 4003 3124 4065 quarta
3156 3997 3414 4062 assertio,
3451 3996 3600 4052 scili-

2012 4094 2135 4141 cet:
2170 4084 2398 4142 Probari
2450 4096 2602 4143 certo
2664 4103 2775 4143 non
2824 4102 3020 4159 posse,
3089 4088 3265 4158 ipsius
3321 4087 3603 4146 Valentini

2011 4195 2230 4237 errores
2258 4181 2468 4252 lgnatio
2503 4183 2735 4253 martyri
2785 4181 2960 4239 fuisse
2988 4183 3210 4253 penitus
3265 4184 3601 4255 incognitos.

2013 4270 2250 4327 Haeresis
2273 4270 2547 4328 Valentini
2570 4287 2602 4326 a
2625 4272 2902 4328 veteribus
2929 4272 3063 4328 satis
3093 4273 3340 4344 exposita
3358 4283 3471 4341 est;
3490 4275 3603 4329 vita

2012 4366 2134 4435 ejus
2155 4374 2209 4420 et
2243 4365 2474 4421 historia
2499 4366 2676 4437 magis
2713 4364 2946 4422 incerta.
2972 4364 3052 4421 Ex
3076 4366 3146 4422 iis
3169 4366 3419 4437 profecto
3450 4376 3604 4422 vete-

2015 4472 2135 4509 rum
2170 4445 2545 4512 monumentis
2574 4471 2697 4526 qua:
2731 4467 3050 4527 supersunt,
3077 4467 3230 4513 certo
3270 4458 3451 4529 colligi
3490 4474 3601 4513 non

304 4553 483 4619 tavit;
525 4550 582 4605 in
609 4566 722 4620 quo
749 4550 921 4620 aliqui
946 4550 1119 4619 ipsius
1141 4551 1396 4622 discipuli
1430 4568 1555 4607 eum
1602 4554 1773 4607 secuti
1798 4568 1907 4607 non
1942 4548 1985 4601 D
2016 4556 2218 4616 potest,
2268 4557 2379 4602 tam
2427 4564 2552 4603 sero
2603 4546 2958 4604 Valentinum
2996 4550 3225 4615 vixisse,
3267 4560 3364 4606 aut
3396 4552 3451 4607 in
3479 4568 3603 4608 eam

306 4655 465 4702 sunt.
520 4646 579 4698 In
625 4645 718 4699 illa
768 4644 1016 4715 ogdoade
1044 4654 1201 4700 erant
1247 4655 1302 4701 et
1345 4646 1492 4717 Sige,
1524 4656 1579 4701 et
1619 4646 1822 4717 Logus,
1854 4656 1910 4701 et

308 4737 617 4805 utrobique
642 4750 709 4789 ex
744 4735 833 4789 illa
877 4735 1087 4790 tetrade
1129 4736 1183 4790 in
1215 4752 1323 4806 qua
1368 4736 1472 4791 fuit
1503 4736 1651 4805 Sige,
1678 4738 1908 4791 eductus

303 4841 393 4884 est
426 4827 639 4898 Logus,
673 4840 787 4880 non
813 4835 996 4882 autem
1022 4842 1052 4881 a
1084 4827 1235 4897 Sige,
1266 4827 1361 4881 sed
1402 4826 1474 4881 ab
1510 4826 1749 4891 Alctliia,
1785 4840 1909 4895 quae

304 4921 362 4975 in
380 4921 582 4974 eadem
618 4919 850 4983 tetrade,
883 4917 977 4972 sed
1004 4918 1244 4973 secunda
1267 4919 1446 4973 duade
1464 4916 1585 4973 fuit.
1620 4916 1776 4973 Nulla
1802 4917 1908 4971 alia

304 5015 402 5070 hic
430 5012 752 5067 immutatio
780 5020 1041 5082 apparet;
1074 5026 1253 5081 neque
1277 5027 1342 5067 ea
1396 5011 1481 5066 vis
1515 5012 1668 5066 vocis
1698 5010 1907 5083 μεθαρ-

306 5107 490 5179 μόσας
543 5113 652 5171 est,
702 5114 765 5159 ut
808 5105 997 5160 omnia
1028 5103 1272 5158 Eonum
1316 5107 1564 5160 veterum
1618 5105 1843 5158 nomina
1876 5118 1907 5158 a

308 5198 608 5254 Valentino
636 5206 1003 5265 mutarentur,
1033 5207 1089 5252 et
1113 5197 1349 5268 syzygize
1378 5213 1571 5252 omnes
1618 5198 1671 5250 in
1713 5196 1909 5251 melio-

303 5306 430 5346 rem
459 5290 700 5345 formam
736 5289 1139 5360 redigerentur.
1171 5288 1307 5345 Nam
1353 5289 1719 5362 μεθαρμόζειν
1764 5303 1911 5359 saepe

305 5379 681 5451 simplicitert
706 5380 1173 5447 transferrenaut
1201 5398 1221 5432 ‹
1259 5380 1521 5450 adaptare
1558 5398 1579 5431 ι
1609 5380 1907 5451 signiﬁcat,

305 5491 711 5546 non'semper,
748 5494 768 5527 ι
811 5484 1059 5539 mutare,
1106 5495 1125 5529 ι
1176 5476 1351 5531 multo
1388 5476 1575 5531 minus
1609 5476 1667 5531 in
1710 5478 1911 5533 melius

310 5588 333 5623 c
365 5570 677 5640 corrigere,
701 5589 721 5621 ι
750 5570 982 5637 scilicet,
1006 5578 1103 5624 aut
1129 5587 1149 5619 ι
1182 5570 1500 5624 emendare.
1540 5588 1559 5620 ι
1592 5569 1909 5626 Basilidiani

304 5661 839 5717 mathematicorum
870 5678 891 5711 ι
921 5659 1264 5715 theoremata
1297 5658 1629 5729 accipientes
1656 5658 1712 5713 in
1744 5674 1908 5715 suum

301 5758 692 5812 characterem
750 5753 1019 5810 doctrinae
1077 5752 1504 5817 transtulerunt,
1547 5770 1566 5803 ι
1624 5761 1685 5806 ut
1741 5751 1912 5807 refert

306 5851 559 5907 lrenaaus
584 5846 681 5903 lib.
708 5862 750 5916 ι,
788 5862 838 5902 c.
865 5846 957 5915 25,
984 5861 1095 5902 non
1126 5854 1269 5902 utea
1291 5844 1664 5912 emendarem,
1690 5844 1906 5915 opinor,

2012 4640 2242 4695 haeresin
2274 4642 2592 4711 prolapsum
2629 4655 2773 4709 esse,
2798 4650 2858 4695 ut
2879 4642 2999 4711 ejus
3020 4641 3272 4696 doctrina
3301 4642 3359 4697 S.
3393 4642 3606 4715 lgnatio

2012 4733 2357 4789 innotescere
2382 4735 2534 4789 nullo
2560 4737 2722 4789 modo
2755 4734 3010 4804 potuerit.
3042 4733 3203 4801 Quod
3244 4736 3292 4790 si
3323 4734 3603 4791 Valentini

2011 4825 2185 4894 ipsius
2228 4825 2485 4881 delirium
2529 4844 2562 4883 a
2594 4827 2652 4882 S.
2695 4836 2938 4899 martyre
2983 4837 3113 4883 ante
3161 4836 3396 4883 mortem
3448 4828 3602 4884 nullo

2011 4919 2177 4973 modo
2206 4921 2466 4991 cognosci
2513 4921 2762 4992 potuisse
2808 4921 3045 4991 probare
3074 4936 3186 4985 non
3231 4920 3426 4992 possit,
3460 4923 3603 4991 perit

2011 5021 2397 5081 argumentum
2446 5030 2478 5067 a
2518 5012 2817 5067 violatione
2849 5014 3115 5084 temporis
3142 5015 3392 5079 ductum,
3438 5014 3601 5083 cujus

2010 5103 2120 5157 vim
2150 5104 2205 5157 in
2237 5120 2305 5159 eo
2332 5113 2544 5160 tantum
2575 5107 2868 5174 collocant,
2894 5107 3043 5177 quod
3069 5117 3261 5176 putent
3282 5122 3342 5162 se
3369 5106 3601 5160 firmiter

2011 5195 2389 5251 demonstrare
2414 5212 2577 5267 posse
2606 5197 2961 5255 Valentinqu
2984 5201 3077 5256 diu
3103 5208 3227 5270 post
3254 5199 3313 5254 S.
3339 5199 3600 5271 martyris

2011 5298 2243 5344 mortem
2275 5306 2387 5345 suae
2406 5291 2679 5347 haereseos
2702 5292 3057 5348 fundamenta
3081 5293 3304 5363 jecisse.

2080 5379 2196 5450 Ego
2226 5390 2408 5436 autem
2439 5380 2710 5454 lgnatium
2735 5382 3011 5439 Valentini
3039 5384 3370 5438 sententiam
3395 5397 3601 5454 cogno-

2013 5486 2168 5527 scere
2196 5474 2444 5541 potuisse
2478 5475 2558 5529 sic
2581 5474 2804 5545 colligo.
2857 5474 2915 5529 Si
2938 5473 3227 5546 Polycarpi
3254 5474 3509 5530 doctrina
3544 5482 3601 5529 et

2011 5561 2241 5634 Ignatio,
2263 5571 2319 5619 et
2345 5564 2403 5618 S.
2434 5562 2654 5629 Joanni,
2673 5574 2727 5620 et
2752 5565 2875 5619 aliis
2900 5566 3065 5620 etiam
3089 5567 3354 5635 apostolis
3380 5568 3600 5638 cognita

2013 5655 2200 5722 fuerit,
2234 5655 2510 5711 Valentini
2563 5658 2727 5711 etiam
2765 5659 3016 5713 doctrina
3056 5660 3251 5714 saltem
3290 5661 3359 5715 ab
3386 5658 3599 5731 lgnatio

2014 5754 2275 5823 cognosci
2309 5754 2508 5822 potuit.
2552 5754 2624 5808 At
2652 5754 2943 5826 Polycarpi
2993 5756 3249 5811 doctrina
3282 5768 3335 5811 et
3365 5755 3598 5827 Ignatio,

2013 5853 2066 5901 et
2117 5844 2175 5900 S.
2220 5843 2440 5915 Joanni,
2478 5857 2530 5904 et
2558 5848 2681 5906 aliis
2712 5850 2978 5921 apostolis
3008 5851 3103 5923 qui
3156 5860 3282 5908 ante
3334 5849 3599 5907 Joannem
