4078 6398
468 329 575 385 5³55
1507 322 1563 377 S.
1634 320 1987 379 IGNATIUS.
2026 350 2095 359 ——
2135 315 2673 373 PROLEGOMENA.
3639 322 3743 376 556

471 445 674 500 mortui
710 454 859 508 sunt,
893 444 1113 515 c0gnita
1142 443 1245 498 fuit
1280 462 1292 495 :
1327 459 1355 498 a
1397 442 1609 498 Joanne
1649 446 1796 499 enim
1848 453 1901 497 et
1931 443 2053 497 aliis
2085 448 2129 503 Α
2158 441 2290 511 agit.
2323 440 2380 494 Si
2412 440 2739 496 Valentinus
2784 441 2886 495 sub
2929 442 3118 497 eodem
3166 445 3426 515 episcopo
3478 445 3743 511 vixisset,

473 538 742 607 apostolis
786 538 1079 608 episcopus
1111 538 1400 591 ordinatus
1424 548 1528 600 est,
1564 547 1622 592 ut
1661 537 1864 591 diserte
1892 536 2058 590 tradit
2162 536 2265 589 sub
2295 550 2405 605 quo
2433 535 2523 589 ille
2550 536 2787 604 scripsit,
2823 535 2873 588 id
2912 552 3021 591 non
3061 538 3367 592 monuissi-t
3393 537 3748 607 diligentissi-

470 628 742 685 lreneaeus
781 630 1065 701 Polycarpi
1106 630 1431 697 discipulus,
1474 630 1567 683 lib.
1619 646 1700 694 ιιι,
1737 646 1786 684 c.
1836 630 1870 683 5
1903 648 1914 683 :
1949 629 2057 681 Καὶ
2160 644 2285 683 mus
2315 629 2590 699 scriptor?
2615 636 2711 682 aut
2749 629 2933 683 dicere
2978 631 3267 698 potuisset,
3304 650 3320 681 ι
3357 630 3423 684 ad
3455 630 3744 684 Anicetum

468 720 827 789 Πολύκαρπος
859 722 914 775 δὲ
942 723 1003 775 οὐ
1042 721 1201 792 μόνον
1230 722 1333 774 ὑπὸ
1364 721 1672 774 ἀποστόλων
1702 720 2057 792 μαθητευθεὶς

2163 731 2374 776 tantum
2412 723 2760 792 perdurasse,
2804 742 2822 773 ι
2853 723 2897 777 si
2939 724 3372 792 postAnicetum
3404 734 3458 778 et
3496 722 3743 779 Soterem

473 813 563 865 καὶ
594 814 1065 884 συναναστραφεὶς
1086 814 1299 877 πολλοῖς
1317 816 1430 877 τοῖς
1448 814 1538 867 τὸν
1556 814 1789 884 Χριστὸν
1817 814 2057 885 ἑωρακό-

2160 816 2262 870 sub
2292 815 2606 870 Eleutherio
2655 816 2924 871 vixisset?
2968 815 3110 870 Fieri
3144 818 3256 871 haec
3285 826 3430 871 certe
3476 832 3583 870 non
3611 832 3744 886 pos-

471 922 573 967 σιν,
622 904 758 958 ἀλλά
800 906 894 958 καὶ
939 905 1043 958 ὑπὸ
1085 904 1399 958 ἀποστόλων
1434 905 1797 969 κατασταθεὶς
1850 906 1930 968 εἰς
1955 906 2053 974 τὴν

2159 917 2307 964 sunt.
2338 908 2442 963 Sed
2475 908 2708 963 Dallaaus
2733 907 3054 964 Tertulliani
3096 910 3415 964 testimonio
3444 908 3615 963 fretus
3641 910 3744 965 hoc

482 998 664 1051 Ἀσίαν
684 1002 739 1051 ἐν
772 1003 835 1070 τῇ
867 1000 924 1053 ἐν
953 999 1173 1071 Σμύρνῃ
1212 999 1507 1071 Ἐκκλησία
1535 1000 1850 1063 ἐπίσκοπος,
1879 999 1937 1052 ὂν
1960 998 2053 1051 καὶ

2157 1002 2363 1057 docuit.
2393 1002 2506 1073 Ego
2536 1019 2664 1058 vero
2700 1003 3119 1068 Tertullianum,
3147 1004 3239 1073 qui
3275 1003 3457 1056 omnia
3500 1019 3635 1072 pene
3673 1003 3743 1057 ad

466 1091 629 1161 ἡμεῖς
667 1093 993 1163 ἑωράκαμεν
1040 1094 1096 1145 ἐν
1137 1095 1202 1163 τῇ
1256 1090 1451 1164 πρώτῃ
1502 1092 1658 1162 ἡμῶν
1708 1092 1921 1162 ἡλικίᾳ·
1961 1090 2054 1143 ἐπὶ

2159 1094 2299 1147 hanc
2334 1108 2448 1147 rein
2498 1093 2825 1161 pertinentia
2860 1094 2928 1147 ab
2972 1093 3176 1148 [remeo
3220 1104 3503 1148 mutuatus
3550 1104 3653 1157 est,
3688 1092 3743 1147 id

466 1186 603 1239 πολὺ
630 1186 738 1256 γὰρ
769 1186 1091 1257 παρέμεινε,
1123 1187 1217 1238 καὶ
1234 1186 1374 1238 πάνυ
1404 1185 1690 1256 γηραλέος,
1722 1183 1947 1249 ἐνδόξως
1962 1184 2053 1236 καὶ

2156 1186 2394 1240 voluisse
2428 1186 2572 1239 haud
2603 1185 2805 1248 credo;
2848 1195 2941 1241 aut
2971 1187 3017 1242 si
3068 1187 3121 1240 id
3153 1187 3406 1250 voluerit,
3446 1186 3605 1255 plane
3646 1186 3744 1239 de-

465 1280 877 1349 ἐπιφανέστατα
915 1281 1274 1351 μαρτυρήσας
1322 1278 1511 1350 ἐξῆλθε
1555 1277 1647 1332 τοῦ
1701 1278 1836 1349 βίου.
1883 1277 2054 1331 Vetus

2156 1287 2372 1345 ceptum
2419 1275 2592 1331 fuisse
2632 1277 2769 1331 scio.
2801 1276 2878 1331 lta
2903 1277 3049 1331 enim
3077 1277 3168 1331 ille
3198 1277 3276 1332 De
3304 1294 3522 1347 prwscr.
3553 1278 3739 1331 lueret.

468 1369 658 1427 lrenmi
708 1373 977 1442 interpres
1011 1390 1023 1423 :
1062 1394 1079 1423 ι
1120 1372 1187 1426 Et
1225 1370 1564 1444 Polycarpus
1594 1381 1777 1427 autem
1810 1387 1918 1426 non
1957 1387 2050 1425 so-
2156 1387 2276 1440 cap.
2313 1369 2420 1424 50:
2454 1388 2473 1422 ι
2514 1369 2613 1425 Ubi
2662 1382 2792 1426 tunc
2833 1370 3100 1437 Marcion,
3132 1370 3395 1427 Ponticus
3421 1372 3739 1433 nauclerus,

468 1465 582 1519 lum
614 1466 682 1518 ab
708 1466 970 1535 apostolis
997 1466 1246 1529 edoctus,
1275 1474 1328 1520 et
1372 1476 1729 1520 conversatus
1756 1480 1879 1519 cum
1904 1464 2049 1517 mul-
2158 1461 2359 1516 Stoica
2384 1462 2702 1517 studiosus?
2731 1461 2836 1517 Ubi
2863 1461 3218 1529 Valentinus,
3247 1464 3542 1519 Platonica:
3567 1474 3744 1519 secta—

468 1557 840 1626 tisexiis,qui
869 1556 1164 1611 Dominum
1188 1569 1436 1612 nostrum
1468 1557 1742 1618 viderunt.
1766 1556 1859 1611 sed
1884 1556 2049 1610 etiam
2156 1555 2280 1609 tor?
2330 1553 2465 1607 Nam
2522 1563 2739 1609 constat
2785 1555 2913 1610 illos
2960 1572 3139 1626 neque
3160 1557 3296 1610 adeo
3345 1557 3474 1611 olim
3530 1556 3738 1622 fuisse,

468 1652 538 1707 ab
558 1650 822 1721 apostolis
853 1650 907 1704 in
940 1650 1067 1705 Asia
1096 1650 1150 1703 in
1174 1665 1237 1703 ea
1269 1665 1391 1719 qua:
1414 1658 1497 1703 est
1523 1648 1775 1719 Sinyrnis
1806 1647 2052 1702 Ecclesia
2154 1646 2417 1702 Antonini
2446 1645 2562 1701 fere
2589 1647 2924 1718 principatu,
2952 1659 3007 1702 et
3036 1650 3091 1703 in
3120 1651 3402 1705 catholica:
3436 1651 3613 1719 primo
3640 1653 3740 1705 do-

467 1744 802 1798 constitutus
828 1742 1322 1813 episcopus,quem
1347 1750 1518 1796 etnos
1542 1741 1777 1796 vidimus
1800 1743 1853 1795 in
1875 1743 2049 1811 prima
2087 1797 2125 1813 η
2156 1740 2389 1795 ctrinam
2437 1739 2737 1795 credidisse
2783 1741 2926 1810 apud
2975 1741 3273 1798 Ecclesiam
3309 1742 3738 1812 Romanensem,

465 1844 654 1890 nostra
685 1797 877 1901 aetate;
909 1835 1143 1889 multum
1175 1834 1324 1887 enim
1356 1834 1753 1903 perseveravit,
1797 1842 1853 1888 et
1893 1834 2051 1889 valde
2085 1797 2127 1851 Β
2158 1834 2260 1890 sub
2308 1832 2628 1902 episcopatu
2665 1832 2963 1889 Eleutherii
2997 1835 3302 1903 benedicti,
3335 1836 3512 1893 donec
3550 1837 3619 1892 ob
3656 1797 3742 1893 in:

456 1941 631 1981 -senex
650 1926 1044 1998 gloriosissime
1063 1934 1116 1981 et
1134 1925 1477 1980 nobilissime
1500 1924 2050 1997 martyriumfaciens
2156 1928 2398 1997 quietam
2429 1943 2645 1999 semper
2670 1943 2864 1983 eorum
2907 1928 3308 1996 curiositatem,
3340 1945 3505 1999 quam
3539 1928 3741 1987 fratres

464 2019 633 2073 exivit
679 2020 747 2074 de
786 2021 890 2073 hac
932 2019 1063 2073 vita.
1115 2036 1134 2069 ι
1174 2017 1304 2072 Erat
1343 2018 1529 2087 itaque
1560 2016 1894 2090 Polycarpus
1925 2034 1955 2073 a
1987 2017 2046 2073 S.
2155 2036 2376 2092 quoque
2404 2022 2679 2085 vitabant,
2733 2020 2902 2076 semel
2937 2029 2991 2075 et
3034 2020 3229 2074 iterum
3280 2021 3470 2090 ejecti,
3498 2020 3741 2078 Marcion

450 2105 674 2163 Joanne
703 2117 758 2163 et
784 2108 908 2163 aliis
937 2108 1201 2178 apostolis
1244 2108 1539 2179 episcopus
1570 2108 1893 2173 ordinatus;
1927 2109 2050 2178 qui-
2154 2114 2377 2185 quidem
2411 2129 2535 2168 cum
2573 2112 2828 2168 ducentis
2861 2112 3132 2168 sestertiis
3159 2128 3283 2182 qua:
3309 2112 3569 2169 Ecclesiae
3595 2115 3742 2169 intu-

455 2198 569 2255 bus
598 2209 745 2256 certe
769 2200 916 2255 illius
947 2200 1195 2256 doctrina
1225 2200 1444 2271 cognita
1468 2210 1598 2256 tunc
1634 2202 1897 2271 temporis
1924 2201 2047 2271 fuit,
2154 2206 2314 2274 lerat,
2366 2206 2668 2261 novissime
2702 2207 2756 2260 in
2807 2214 3137 2276 perpetuum
3180 2206 3473 2261 discidium
3517 2208 3741 2277 relegati

453 2294 621 2349 aliter
649 2310 773 2350 eum
823 2296 1147 2365 episcopum
1194 2310 1477 2366 nunquam
1526 2295 1891 2351 ordinassent.
1925 2294 2045 2349 Jam
2156 2315 2362 2355 venena
2387 2300 2761 2354 doctrinarum
2797 2313 3023 2353 suarum
3048 2297 3571 2353 disseminaverunt.
3625 2318 3644 2352 ι
3679 2301 3740 2355 Si

461 2402 593 2442 vero
622 2386 670 2442 si
699 2388 895 2443 demus
936 2385 1299 2459 Polycarpum
1342 2403 1396 2445 a.
1427 2387 1491 2442 D.
1527 2388 1597 2444 82
1619 2389 1934 2460 episcopum
1968 2388 2048 2444 fa-
2151 2393 2225 2447 ita
2256 2390 2656 2447 Tertullianum
2704 2390 3107 2459 intelligamus,
3138 2397 3197 2443 ut
3238 2400 3355 2443 tum
3393 2388 3738 2457 Valentinus,

461 2489 610 2535 ctum
658 2482 850 2546 fuisse,
906 2489 967 2534 ut
1013 2480 1330 2537 Blondellus
1387 2481 1505 2551 ipse
1557 2481 1754 2549 docet;
1788 2482 1861 2537 25
1890 2483 2049 2537 annis
2150 2494 2268 2541 tum
2298 2484 2539 2540 Marcion
2571 2484 2737 2540 simul
2769 2482 2957 2537 Romae
3000 2483 3103 2538 sub
3150 2482 3343 2538 eodem
3374 2484 3653 2553 episcopo,
3684 2495 3741 2538 et

461 2572 679 2642 cognita
709 2570 812 2626 fuit
839 2569 1124 2640 Polycarpi
1154 2570 1431 2636 doctrina,
1462 2580 1758 2641 antequam
1791 2573 1860 2626 ad
1904 2588 2049 2625 mar-
2150 2576 2372 2647 quidem
2417 2574 2754 2638 Eleutherio,
2800 2575 2855 2627 in
2887 2573 3171 2628 catholicae
3211 2574 3518 2629 doctrinam
3564 2575 3742 2629 credi-

460 2665 664 2736 tyrium
690 2662 974 2718 festinaret
1005 2660 1271 2732 Ignatius.
1294 2662 1376 2717 Ab
1396 2662 1606 2733 lgnatio
1638 2663 1823 2733 itaque
1852 2678 2050 2735 cogno-
2151 2668 2331 2724 derint
2360 2677 2416 2723 et
2458 2667 2662 2738 sapius
2710 2666 2867 2737 ejecti
2903 2663 3126 2731 fuerint,
3167 2665 3301 2721 illud
3333 2675 3477 2721 certe
3500 2682 3624 2720 eum
3653 2666 3743 2720 di-

460 2758 537 2813 sci
586 2757 834 2826 potuisse
878 2755 1188 2812 doctrinam
1213 2755 1492 2811 Valentini
1533 2772 1696 2812 nemo
1719 2759 1960 2828 negabit,
2000 2760 2045 2814 si
2152 2778 2275 2818 cere
2299 2763 2577 2827 volumus,
2611 2760 2760 2830 quod
2790 2759 2919 2815 ferri
2948 2760 3175 2813 omnino
3201 2774 3310 2812 non
3347 2769 3547 2829 potest.
3579 2758 3741 2825 Quod

461 2848 625 2904 modo
657 2847 979 2905 Valentinus
1008 2849 1224 2904 vivente
1246 2848 1426 2904 adhuc
1458 2848 1760 2921 Polycarpo
1792 2860 2048 2907 mortuus

2149 2853 2217 2909 ad
2236 2852 2589 2908 Valentinum
2621 2851 2833 2918 attinet,
2866 2851 2925 2903 ὲν
2960 2848 3148 2922 Ῥώμῃ
3174 2850 3409 2904 ἀνελθὼν
3441 2852 3736 2922 κεκήρυχε,

458 2940 551 2997 sit.
576 2940 645 2995 At
668 2950 794 2995 ante
820 2938 1183 3011 Polycarpum
1213 2949 1497 2995 mortuum
1519 2957 1641 2997 esse
1673 2941 2047 3013 Valentinum,
2150 2950 2242 3004 ubi
2294 2949 2461 3003 etiam
2505 2947 2805 3017 putabatur
2852 2954 3063 3015 partem
3117 2946 3358 3015 aliquam
3407 2946 3626 3015 pietatis
3682 2955 3743 2999 et

459 3044 614 3090 extra
647 3049 863 3088 omnem
898 3033 1327 3088 controversiam
1364 3048 1530 3102 pono.
1563 3034 1637 3089 [ta
1674 3036 1819 3090 enim
1850 3036 1917 3091 de
1954 3038 2049 3093 illo
2151 3056 2293 3096 verte
2338 3041 2463 3095 ﬁdei
2519 3039 2783 3094 habuisse
2806 3079 2821 3104 ,
2874 3046 2935 3092 ut
2982 3037 3150 3092 tradit
3209 3036 3580 3107 Epiphanius;
3640 3038 3745 3093 sed

459 3126 723 3192 Irentcus,
774 3125 870 3180 lib.
906 3141 988 3187 Ill,
1030 3140 1080 3180 c.
1112 3125 1147 3179 4
1174 3143 1185 3177 :
1225 3123 1578 3190 Οὐαλεντῖνος
1609 3127 1708 3197 μὲν
1741 3127 1850 3200 γὰρ
1882 3124 2044 3199 ἦλθεν

2150 3133 2297 3203 quod
2334 3130 2504 3186 semel
2537 3139 2701 3200 atque
2728 3130 2927 3183 iterum
2966 3144 3033 3183 ex
3075 3127 3316 3183 Ecclesia
3342 3126 3589 3182 Romana
3620 3128 3742 3196 eje-

460 3219 543 3282 εἰς
572 3216 790 3289 Ῥώμην
809 3217 900 3269 ἐπὶ
933 3215 1170 3285 ’Υγίνου,
1193 3216 1407 3287 ἧκμασε
1432 3219 1476 3271 δ’
1499 3218 1592 3272 ἐπὶ
1609 3220 1759 3283 Πίου,
1786 3220 1879 3273 καὶ
1904 3239 2046 3293 παρ-

2150 3240 2271 3281 etus
2297 3224 2481 3288 fuerit,
2511 3232 2757 3277 veterum
2806 3237 2970 3275 nemo
2998 3221 3204 3275 docuit.
3237 3221 3370 3287 Quae
3415 3221 3504 3275 hic
3530 3221 3597 3275 de
3637 3222 3745 3275 ite-

460 3312 676 3383 έμεινεν
719 3310 823 3373 ἕως
865 3310 1168 3381 ’Ᾱνικήτου.
1213 3307 1381 3364 Vetus
1410 3308 1685 3380 interpres
1735 3329 1749 3366 :
1795 3330 1813 3363 ι
1850 3310 2046 3367 Valen-

2149 3325 2267 3371 rata
2316 3316 2585 3385 ejectione
2631 3324 2685 3369 et
2719 3321 2984 3383 perpetuo
3030 3312 3262 3366 discidio
3312 3327 3343 3366 a
3397 3310 3744 3367 Tertulliano

460 3407 609 3460 tinus
630 3405 776 3458 enim
803 3404 954 3458 venit
978 3401 1207 3457 Romam
1244 3403 1348 3457 sub
1378 3400 1611 3474 Hygino,
1652 3403 1883 3460 increvit
1916 3422 2043 3461 vero
2147 3414 2672 3473 commemorantur,
2727 3421 2836 3460 non
2884 3404 3205 3468 Valentino,
3251 3404 3344 3459 sed
3382 3402 3619 3459 Cerdoni
3663 3406 3743 3460 ab

457 3497 562 3552 sub
585 3496 704 3561 Pio,
738 3504 794 3551 et
819 3494 1132 3565 prorogavit
1158 3502 1374 3565 tempus
1403 3512 1581 3566 usque
1601 3497 1668 3552 ad
1692 3498 2039 3553 Anicetum.»
2147 3501 2351 3556 Irenaeo
2376 3500 2695 3554 tribuuntur
2717 3539 2733 3564 ,
2762 3497 2856 3551 lib.
2892 3511 2987 3562 in,
3017 3512 3138 3565 cap.
3174 3497 3228 3550 4.
3258 3494 3551 3564 Postquam
3584 3496 3740 3550 enim

455 3588 592 3645 Illud
643 3598 826 3645 autem
860 3588 1184 3661 παρέμεινε,
1219 3589 1366 3659 quod
1420 3589 1510 3645 hic
1564 3591 1837 3661 interpres
1880 3593 2045 3648 vertit
2146 3594 2214 3649 de
2247 3592 2537 3647 Valentino
2574 3590 2895 3645 brevissime
2923 3590 3125 3659 egisset
3170 3588 3355 3643 verbis
3386 3588 3498 3657 jam
3527 3588 3739 3654 citatis,

462 3702 482 3735 ι
504 3683 818 3754 prorogavit
848 3691 1119 3751 tempus,»
1140 3680 1195 3734 in
1227 3681 1412 3736 verbis
1444 3692 1626 3738 autem
1655 3700 1831 3755 nuper
1861 3686 2043 3740 allatis

2145 3688 2211 3742 de
2255 3688 2504 3741 Cerdone
2545 3686 2661 3739 haec
2708 3684 2998 3751 adjunxit:
3033 3681 3255 3753 Κέρδων
3285 3681 3340 3734 δὲ
3380 3684 3408 3735 ὁ
3438 3681 3544 3752 πρὸ
3574 3684 3732 3754 Μαρ-

455 3779 523 3834 de
543 3778 845 3849 Polycarpo
870 3796 889 3829 ι
919 3775 1311 3849 perseveravit,
1337 3795 1357 3829 ι
1380 3778 1605 3833 omnino
1636 3778 1841 3833 indicat
1870 3794 2047 3848 quan-

2146 3779 2342 3841 κίωνος
2371 3780 2467 3832 καὶ
2496 3777 2658 3840 αὐτὸς
2701 3776 2793 3830 ἐπὶ
2835 3776 3081 3843 Ὑγίνου,
3125 3774 3185 3837 ὃς
3212 3769 3280 3844 ἦν
3314 3773 3532 3837 ἕννατος
3611 3779 3742 3832 ἐπί-

455 3871 548 3926 diu
572 3873 789 3926 vixerit.
825 3871 907 3925 Ad
934 3882 1177 3943 tempora
1208 3873 1376 3942 igitur
1403 3871 1620 3926 Aniceti
1658 3873 1908 3941 pervenit
1930 3871 2043 3927 Va-

2144 3883 2365 3929 σκοπος,
2393 3869 2472 3929 εἰς
2505 3868 2607 3938 τὴν
2651 3865 2977 3937 Ἐκκλησίαν
3020 3864 3190 3918 ἐλθὼν
3233 3865 3326 3918 καὶ
3374 3862 3740 3934 ἐξομολογούη

452 3959 720 4027 lentinus,
748 3977 925 4031 neque
954 3962 1162 4019 diutius
1191 3963 1366 4029 vixit;
1406 3961 1500 4017 sed
1535 3962 1639 4016 sub
1673 3963 1901 4018 Aniceto
1934 3962 2044 4017 Ro-

2148 3979 2329 4033 μενος,
2357 3961 2531 4024 οὕτως
2558 3959 2841 4013 διετέλεσε·
2890 3958 3019 4010 ποτὲ
3060 3958 3157 4028 μὲν
3187 3955 3689 4027 λαθροδιδασκαλῶν
3716 3996 3732 4019 ,

455 4068 603 4107 mam
642 4053 791 4106 venit
820 4052 1180 4124 Polyearpus,
1201 4054 1395 4109 eodem
1435 4053 1641 4111 Irenaeo
1670 4064 1828 4121 teste,
1864 4063 1920 4108 et
1942 4056 2043 4109 ali-

2146 4054 2277 4106 ποτὲ
2317 4054 2373 4107 δὲ
2418 4052 2937 4124 ἐξομολογούμενος,
2982 4049 3112 4102 ποτέ
3157 4049 3214 4101 δὲ
3258 4049 3609 4119 ἐλεγχόμενος
3643 4048 3734 4115 ἐφ’

454 4153 591 4215 quot
614 4153 909 4214 postquam
949 4144 1123 4199 Roma
1151 4161 1407 4201 reversus
1432 4155 1581 4201 esset
1610 4161 1783 4201 annos
1826 4146 1878 4198 in
1910 4144 2040 4199 Asia

2144 4146 2224 4213 οἷς
2257 4151 2503 4203 ἐδίδασκε
2532 4148 2740 4212 κακῶς,
2779 4148 2873 4200 καὶ⁸
2907 4145 3275 4214 ἀφιστάμενος
3302 4144 3402 4212 τῆς
3443 4142 3549 4195 τῶν
3577 4141 3738 4194 ἀδελ-

456 4240 684 4309 peregit,
736 4238 1060 4308 priusquam
1119 4241 1445 4310 martyrium
1500 4254 1698 4308 passus
1747 4249 1850 4294 est.
1902 4238 2040 4293 Cum
2146 4242 2260 4312 φῶν
2311 4241 2574 4303 συνοδίας.
2614 4239 2779 4295 Vetus
2830 4241 3099 4307 interpres
3136 4255 3149 4289 :
3184 4254 3200 4284 ι
3239 4236 3452 4289 Cerdon
3503 4244 3734 4300 autem,

458 4331 626 4400 igitur
656 4346 753 4400 per
776 4330 849 4384 25
876 4347 1074 4396 annos,
1108 4340 1406 4401 antequam
1461 4330 1726 4385 scriberet
1776 4329 2039 4401 lgnatius,
2145 4336 2237 4404 qui
2268 4347 2395 4389 ante
2442 4332 2795 4397 Marcioncm,
2828 4341 2882 4386 et
2922 4330 3011 4384 hic
3058 4329 3160 4383 sub
3206 4326 3450 4398 Hygino,
3478 4327 3571 4395 qui
3628 4326 3735 4381 fuit

459 4425 719 4479 omnibus
753 4425 971 4494 cognita
1002 4424 1073 4479 sit
1106 4424 1357 4478 doctrina
1392 4422 1702 4495 Polycarpi,
1742 4424 1789 4478 si
1831 4436 2041 4491 tempo-
2074 4491 2101 4495 Α
2146 4437 2370 4480 octavus
2410 4425 2722 4494 episcopus,
2752 4438 2896 4492 saepe
2941 4421 2994 4475 in
3041 4419 3329 4475 ecclesiam
3380 4419 3625 4478 veniens,
3674 4427 3736 4472 et

458 4533 579 4571 rum
607 4517 877 4572 rationem
906 4518 960 4571 in
989 4532 1188 4588 genere
1220 4526 1434 4572 tantum
1467 4526 1777 4586 spectemus
1807 4535 1820 4583 ;
1864 4518 2042 4586 potuit
2072 4491 2121 4551 ί)
2145 4518 2557 4588 exomologesin
2595 4516 2802 4571 faciens
2836 4516 2915 4570 sic
2949 4512 3375 4577 consummavit,
3407 4512 3571 4565 modo
3600 4510 3734 4579 qui-

451 4618 509 4665 et
532 4610 782 4665 doctrina
808 4609 1105 4675 Valentini,
1132 4610 1225 4680 qui
1252 4620 1378 4665 ante
1404 4609 1766 4680 Polycarpum
1790 4621 2041 4665 mortuus
2142 4610 2265 4664 deni
2298 4612 2530 4665 latenter
2559 4608 2787 4672 docens,
2825 4607 2991 4661 modo
3029 4621 3159 4660 vero
3199 4603 3608 4674 exomologesin
3643 4600 3731 4655 fa-

452 4713 556 4769 est,
589 4701 799 4773 lgnatio
844 4712 977 4758 tunc
1004 4718 1129 4758 cum
1165 4703 1433 4757 scriberet
1455 4718 1578 4757 esse
1614 4713 1919 4772 perspecta.
1972 4700 2039 4755 Et
2142 4702 2313 4768 ciens,
2345 4702 2510 4756 modo
2546 4716 2674 4755 vero
2709 4699 2778 4753 ab
2806 4698 3081 4767 aliquibus
3103 4696 3384 4750 traductus
3409 4695 3461 4748 in
3496 4694 3581 4746 his
3605 4709 3733 4762 quae

454 4796 501 4853 si
525 4800 650 4867 quis
680 4796 732 4850 id
760 4796 905 4867 quod
935 4796 1277 4851 contrarium
1316 4805 1399 4850 est
1424 4806 1657 4861 asserat,
1684 4804 1738 4848 et
1781 4795 1835 4848 in
1868 4810 1934 4849 eo
1958 4810 2041 4848 ar-
2141 4795 2373 4849 docebat
2418 4793 2562 4847 male
2598 4804 2652 4847 et
2698 4791 2983 4845 abstentus
3020 4798 3105 4845 est
3147 4804 3177 4841 a
3206 4788 3586 4859 religiosorum
3624 4785 3731 4837 ho-

453 4891 695 4959 gutnenti
722 4890 1142 4946 fundamentum
1178 4898 1380 4958 ponat;
1427 4888 1556 4943 huic
1585 4903 1718 4943 sane
1771 4887 2040 4942 incumbit
2142 4887 2351 4940 minum
2386 4895 2677 4941 conventu.
2712 4904 2730 4936 ι
2764 4883 2890 4938 Haec
2931 4882 3121 4937 Irenazi
3156 4881 3321 4936 verba
3352 4879 3731 4934 Tertullianus

452 4983 543 5038 illa
571 4984 841 5054 proferre,
863 4998 986 5053 quae
1017 4981 1285 5036 Valentini
1306 4989 1520 5036 aetatem
1549 4982 1684 5035 adeo
1705 4978 1898 5051 lgnatii
1922 4994 2039 5034 aevo
2141 4980 2432 5036 manifeste
2476 4979 2755 5049 respexit,
2791 4977 2993 5047 quibus
3034 4992 3099 5031 ea
3131 4991 3255 5045 qua:
3285 4975 3352 5029 de
3397 4974 3511 5039 illo,
3558 4989 3729 5042 quem

452 5076 770 5131 inferiorem
802 5074 974 5130 fuisse
1027 5074 1428 5141 demonstrent,
1466 5082 1526 5127 ut
1567 5074 1701 5144 quid
1750 5071 2038 5127 hazreticus
2140 5075 2404 5130 Marcioni
2450 5072 2733 5140 adjunxit,
2782 5070 3007 5136 scribit,
3044 5070 3249 5124 diserte
3299 5066 3558 5127 Ccrdoni,
3614 5082 3728 5119 non

452 5168 543 5222 ille
572 5169 792 5224 doceret
818 5166 1202 5222 sanctissimus
1225 5181 1431 5238 martyr
1453 5168 1521 5221 ad
1545 5168 1670 5222 vitae
1698 5167 1905 5221 exitum
1924 5166 2037 5236 jam
2140 5166 2430 5221 Valentino
2489 5165 2825 5219 tribuuntur.
2884 5160 2992 5216 Res
3038 5160 3205 5230 igitur
3262 5159 3378 5228 ipsa
3435 5154 3730 5211 Valentino

451 5259 722 5315 festinans
754 5261 895 5316 scire
925 5260 1079 5314 nullo
1104 5260 1266 5315 modo
1288 5261 1545 5331 potuerit.
2139 5257 2285 5312 haud
2329 5255 2621 5324 competit,
2673 5253 2849 5307 multo
2900 5252 3085 5305 minus
3144 5258 3359 5319 tempus
3413 5247 3567 5309 illud,
3612 5260 3731 5314 quo

524 5352 707 5420 Quare
739 5354 825 5407 vir
854 5354 1208 5409 doctissimus
1236 5363 1297 5407 ut
1346 5370 1459 5409 suae
1512 5352 1803 5424 hypothesi
1854 5351 2035 5405 inser-
2140 5349 2256 5402 haec
2285 5347 2354 5400 ab
2386 5361 2453 5400 eo
2480 5344 2622 5399 facta
2654 5345 2864 5407 volunt,
2896 5343 3265 5411 episcopatus.
3297 5337 3511 5392 scilicet
3561 5332 3730 5387 Eleu-

448 5445 598 5509 viat,
646 5444 813 5499 vitam
859 5442 1132 5497 Valentini
1175 5453 1300 5513 post
1348 5445 1635 5498 Anicetum
1688 5450 1742 5496 et
1792 5440 2037 5495 Soterem
2138 5438 2321 5494 therii.
2352 5436 2728 5505 Quisquamne
2757 5435 2813 5488 in
2843 5431 3149 5486 Annalibus
3175 5425 3562 5484 ecclesiasticis
3585 5424 3729 5478 adeo

452 5550 631 5604 usque
679 5535 747 5589 ad
797 5534 1095 5589 Eleutherii
1144 5536 1525 5605 episcopatum
1584 5541 1877 5604 prorogat,
1917 5530 2037 5585 sine
2138 5531 2338 5598 hospes
2363 5538 2466 5592 est,
2503 5537 2563 5581 ut
2589 5526 2778 5582 credat
2807 5525 2923 5578 haec
2967 5523 3037 5577 de
3082 5520 3372 5576 Valentino
3400 5531 3527 5572 vera
3558 5513 3729 5569 esse?

452 5627 562 5681 ulla
616 5628 845 5682 omnino
892 5626 1391 5682 verisimilitudine.
1444 5626 1682 5680 lrenaeus
1731 5625 1878 5678 enim
1932 5621 2037 5676 sub
2137 5623 2219 5675 An
2246 5622 2337 5676 ille
2364 5621 2467 5677 sub
2498 5618 2816 5675 Eleutherio
2845 5616 3014 5671 semel
3042 5615 3350 5682 iterumque
3383 5609 3590 5679 ejectus
3613 5614 3725 5668 est,

452 5715 766 5773 Eleutherio
817 5719 1038 5773 tertium
1083 5718 1282 5773 librum
1329 5718 1571 5787 scripsit,
1597 5717 1652 5768 in
1694 5730 1805 5785 quo
1835 5713 1902 5767 de
1932 5711 2037 5765 Va-
2137 5713 2232 5782 qui
2267 5713 2337 5767 ab
2364 5714 2570 5767 Irenzeo
2596 5718 2809 5766 aetatem
2832 5708 2956 5778 ejus
2981 5706 3214 5762 sollicite
3242 5702 3512 5764 tradente,
3547 5710 3729 5765 usque

455 5812 643 5868 lcntini
685 5820 841 5869 actate
870 5821 923 5868 et
959 5812 1243 5868 recentiori
1277 5812 1489 5881 origine
1544 5806 2033 5865 hmresiarcharum
2140 5805 2207 5858 ad
2236 5802 2523 5860 Anicetum
2553 5802 2925 5873 permansisse
2958 5798 3182 5864 dicitur,
3223 5810 3398 5867 eoque
3434 5794 3554 5864 ipso
3584 5788 3728 5846 satis
