4078 6394
330 442 441 496 557

1126 440 1178 495 J.
1221 441 1589 496 PEARSONII
1628 438 1958 497 VINDICIAE
1994 440 2416 497 IGNATIANAS.
2444 477 2511 485 ——
2543 443 2725 498 PARS
2756 442 2818 498 ll.

3508 445 3613 500 338

322 561 593 615 novitatis
648 557 906 615 convinci
963 561 1224 629 putatur?
1262 562 1343 615 An
1392 562 1482 615 ille
1532 562 1585 616 in
1640 562 1923 617 catholica:
1955 571 2000 623 Α
2030 563 2253 616 tandum
2284 573 2387 628 est,
2412 563 2714 632 praesertim
2745 563 2788 617 si
2815 562 3062 619 Cedreno
3085 562 3395 628 credamus,
3426 563 3519 632 qui
3548 564 3615 617 de

315 653 635 707 doctrinam
685 652 876 708 Romae
908 651 1139 707 credidit
1185 654 1288 709 sub
1318 656 1634 725 episc0patu
1661 654 1919 710 Eleuthe-

317 744 431 797 rii?
480 760 550 797 an
599 744 691 799 ille
737 754 853 799 tum
885 745 1105 800 demum
1160 746 1212 799 in
1259 756 1579 816 perpetuum
1628 748 1918 803 discidium

316 837 609 906 relegatus
677 853 951 891 venenum
1002 838 1269 893 doctrina:
1335 855 1450 893 sua:
1506 839 1917 907 disseminavit,

318 940 519 982 contra
558 929 721 997 cujus
765 929 937 984 libros
969 931 1279 996 hmreticos,
1314 940 1369 986 et
1408 942 1489 987 tot
1531 934 1651 1003 ejus
1679 933 1922 1003 discipu-

315 1022 509 1074 lorum
544 1023 977 1077 commentarios
1012 1023 1115 1077 sub
1163 1024 1352 1078 eodem
1399 1025 1659 1095 episcopo
1702 1026 1924 1095 scripsit

316 1113 611 1166 lrenaeus?
639 1113 735 1181 qui
782 1113 948 1167 etiam
996 1114 1200 1169 diserte
1245 1115 1534 1187 distinguit
1572 1115 1918 1171 Valentinum

316 1209 393 1262 ab
425 1207 521 1269 iis,
553 1206 649 1276 qui
694 1216 987 1261 aetatesua
1018 1207 1252 1262 hzeresin
1293 1224 1412 1262 eam
1448 1209 1771 1274 docuerunt,
1802 1211 1922 1281 ipso

316 1298 514 1353 statim
548 1298 675 1351 libri
706 1299 869 1368 primi
903 1299 1100 1354 initio?
1136 1298 1220 1353 An
1254 1297 1577 1356 Valentinus
1617 1302 1733 1371 ipse
1761 1311 1923 1357 secta:

314 1400 485 1460 pater
511 1390 617 1444 sub
649 1390 964 1445 Eleutherio
994 1391 1049 1446 in
1088 1392 1372 1447 catholicaa
1396 1392 1699 1448 doctrinam
1745 1395 1921 1449 credi-

315 1485 425 1547 dit,
459 1501 592 1539 cum
644 1495 841 1540 contra
884 1484 1298 1541 Valentinianos
1346 1486 1627 1556 scripserit
1672 1484 1923 1543 Justinus

316 1584 564 1645 martyr,
602 1576 722 1644 ipso
754 1575 959 1631 fatente
995 1574 1355 1643 Tertul-liauo,
1383 1578 1559 1646 capite
1587 1577 1659 1631 5?
1690 1576 1923 1648 Scripsit

317 1676 516 1722 autem
566 1667 659 1722 ille
711 1676 838 1722 ante
888 1666 1291 1731 Eleutherium,
1323 1677 1449 1723 ante
1498 1668 1767 1737 Soterem,
1812 1673 1923 1727 imo

317 1771 455 1815 ante
485 1758 802 1825 Anicetum,
839 1769 901 1816 ut
933 1777 1082 1816 nunc
1106 1760 1317 1816 Aniceti
1344 1771 1586 1832 tempora
1618 1778 1648 1816 a
1679 1764 1921 1819 chrono-

314 1854 469 1923 logis
502 1867 571 1907 ex
606 1850 847 1907 Eusebio
868 1853 1256 1923 disponuntur.
1290 1852 1431 1910 Vera
1464 1854 1631 1925 igitur
1663 1855 1779 1910 haec
1802 1872 1923 1911 esse

2022 669 2088 708 eo
2121 654 2446 723 imperatore
2485 653 2732 709 scribens
2777 654 2854 707 ait
2888 673 2900 707 :
2942 655 3065 708 Ἐπὶ
3094 653 3282 708 τούτου
3331 656 3616 719 Ἰουστῐνος

2021 746 2049 796 ὁ
2078 745 2364 814 φιλόσοφος
2402 745 2544 799 κατὰ
2587 746 2778 800 πασῶν
2828 746 3090 818 αἱρέσεων
3106 748 3403 818 ὴνδρίζετο.
3441 767 3459 803 t
3499 747 3615 803 Sub

2024 836 2130 891 hoc
2180 837 2431 893 Justinus
2477 838 2840 908 philosophus
2889 847 3079 894 contra
3136 855 3327 896 omnes
3374 842 3615 896 hereses

2024 930 2253 984 viriliter
2284 946 2343 985 se
2373 930 2559 999 gessit.
2601 949 2619 982 ι
2653 929 2711 984 ln
2740 946 2807 985 eo
2841 931 3006 1001 igitur
3044 932 3188 987 libro
3218 934 3440 1003 scripsit
3475 950 3609 989 con-

2024 1029 2105 1076 tta
2132 1022 2542 1079 Valentinianus
2567 1022 2837 1090 Justinus,
2868 1034 2927 1079 ut
2948 1033 3175 1079 testatur
3197 1024 3601 1092 Tertullianus;

2024 1128 2154 1184 ergo
2190 1124 2314 1168 ante
2350 1130 2555 1169 annum
2601 1116 2704 1170 144
2752 1131 2860 1170 non
2896 1124 3107 1169 tantum
3147 1115 3375 1171 refutari
3404 1117 3602 1187 potuit,

2024 1204 2120 1258 sed
2146 1214 2199 1259 et
2226 1206 2341 1274 ipse
2372 1206 2643 1263 refutatus
2666 1216 2750 1264 est
2777 1216 2832 1262 et
2856 1207 3112 1278 discipuli
3140 1208 3283 1278 ejus.
3315 1207 3459 1279 Ergo
3486 1218 3613 1264 ante

2023 1314 2148 1354 eum
2179 1316 2385 1354 annum
2432 1302 2720 1357 haereticus
2762 1301 2980 1371 agnitus
3030 1309 3134 1365 est,
3182 1310 3237 1355 et
3266 1300 3361 1355 diu
3391 1302 3611 1371 quidem

2024 1398 2168 1447 ante.
2219 1390 2357 1445 Nam
2405 1391 2661 1449 Justinus
2707 1402 2917 1463 martyr
2964 1392 3019 1446 in
3063 1392 3288 1463 Dialogo
3316 1409 3435 1446 cum
3478 1393 3614 1463 Try-

2023 1483 2190 1553 phone
2221 1483 2435 1547 Judwo,
2469 1485 2572 1539 sub
2608 1485 2762 1538 initio
2795 1484 3063 1539 Antonini
3087 1483 3169 1538 Pii
3196 1485 3420 1554 scripto,
3448 1486 3616 1540 disci-

2024 1576 2279 1645 pulorum
2315 1575 2589 1633 Valentini
2622 1585 2882 1646 tanquam
2918 1576 3297 1630 hmreticorum
3343 1576 3612 1640 meminit,

2024 1684 2164 1738 quos
2197 1678 2356 1724 vocat
2410 1668 2604 1733 ἀθέους
2654 1670 2748 1723 καὶ
2781 1669 3018 1735 ἀσεϐεῖς,
3046 1677 3102 1724 et
3142 1670 3469 1739 quibuscum
3524 1686 3616 1725 ca-

2026 1761 2261 1816 tholicos
2313 1763 2756 1817 communionem
2810 1761 3015 1816 nullam
3073 1762 3335 1818 habuisse
3362 1772 3611 1818 testatur.

2024 1852 2134 1907 Καί
2182 1855 2320 1906 εἰσιν
2364 1852 2574 1919 αὐτῶν,
2618 1854 2827 1923 inquit,
2867 1855 2918 1906 οἱ
2965 1853 3064 1924 μέν
3106 1871 3250 1917 τινες
3295 1854 3616 1926 καλούμενοι

316 1962 433 2001 non
470 1954 711 2016 possunt
732 1961 909 2017 neque
935 1947 1002 2001 de
1027 1946 1334 2014 Valentino,
1358 1963 1536 2019 neque
1560 1948 1629 2003 de
1650 1947 1919 2014 Cerdone,

2026 1950 2356 2021 Μαρκιανοὶ,
2385 1950 2433 2001 οἱ
2460 1948 2519 2001 δὲ
2569 1946 3023 2011 Οὑοιλεντινιοινοὶ,
3062 1947 3112 1999 οἱ
3147 1947 3205 1999 δὲ
3233 1946 3614 2013 Βασιλιδιανοὶ,

316 2056 394 2093 ne
418 2039 650 2109 quidem
682 2039 750 2095 de
792 2039 1088 2105 Marcione,
1119 2056 1283 2110 quem
1311 2049 1575 2113 tanquam
1617 2042 1923 2101 manifestae

314 2130 611 2185 haereseos
646 2131 985 2196 convictum,
1020 2141 1075 2186 et
1108 2132 1534 2202 primogenitum
1571 2133 1787 2190 Satanae
1819 2137 1922 2191 sub

313 2222 566 2277 Anicato
616 2232 714 2277 aut
767 2232 895 2278 ante
943 2222 1186 2295 fugiebat
1234 2223 1293 2279 S.
1338 2223 1707 2298 Polycarpus,
1764 2230 1921 2299 cujus

314 2318 667 2388 discipulum
701 2317 946 2388 Apellem
989 2317 1102 2389 jam
1138 2317 1295 2373 valde
1323 2334 1507 2373 senem
1554 2318 1786 2375 Rhodon
1813 2320 1921 2377 Ta-

314 2411 464 2464 tiani
503 2410 836 2480 discipulus,
867 2410 1070 2467 Irenaeo
1091 2412 1457 2484 synchronus,
1500 2414 1770 2469 allocutus
1814 2424 1918 2480 est,

311 2504 685 2573 aliorumque
754 2503 1153 2573 discipulorum
1228 2505 1527 2575 discipulos
1608 2506 1899 2576 descripsit

310 2594 518 2664 Apage
564 2593 731 2664 igitur
756 2595 847 2649 illa
893 2612 960 2650 ex
1008 2595 1332 2652 Tertulliani
1364 2599 1489 2653 loco
1538 2598 1773 2653 somnia.
1809 2598 1922 2655 Sub

310 2686 489 2739 initio
515 2687 871 2755 pontiﬁcatus
897 2688 1111 2745 Aniceti
1143 2700 1395 2747 mortuus
1429 2700 1511 2746 est
1544 2689 1867 2753 Valentinus
1904 2710 1919 2747 :

311 2783 378 2828 et
408 2790 479 2829 ex
508 2777 615 2832 hac
648 2788 803 2846 parte
834 2778 1051 2834 ﬁrmum
1098 2789 1183 2836 est
1222 2790 1607 2851 argumentum
1640 2793 1919 2849 nostrum;

311 2869 393 2923 de
426 2868 593 2922 initio
617 2869 741 2924 vita:
762 2880 858 2925 aut
886 2871 1159 2928 haereseos
1192 2883 1404 2929 tantum
1429 2875 1599 2944 quaeri
1633 2883 1828 2944 potest.

399 2958 756 3029 Blondellus,
787 2962 883 3032 qui
920 2964 974 3016 in
1020 2972 1326 3034 temporum
1362 2968 1748 3037 supputatione
1781 2969 1923 3024 ultra

310 3052 588 3117 modum,
615 3063 670 3107 et
702 3052 793 3108 ubi
823 3068 963 3123 opus
992 3071 1104 3109 non
1137 3064 1242 3118 est,
1278 3066 1570 3115 accuratus
1598 3075 1720 3115 esse
1762 3062 1920 3127 solet,

312 3147 438 3199 hac
472 3143 903 3199 ratiocinatione
935 3155 1225 3201 contentus
1255 3156 1339 3203 est
1368 3164 1382 3201 :
1415 3167 1435 3201 ι
1466 3148 1788 3208 Valentinus
1812 3168 1922 3208 non

2026 2043 2075 2096 οἱ
2109 2042 2165 2096 δὲ
2196 2040 2630 2113 Σατορνιλιανοὶ,
2685 2040 2779 2093 καὶ
2823 2039 2971 2094 ἄλλοι
3015 2038 3159 2110 ἄλλῳ
3199 2039 3458 2111 ὀνόματι,
3507 2040 3617 2093 ἀπὸ

2025 2134 2121 2189 τοῦ
2165 2135 2473 2207 ἀρχηγέτου
2516 2134 2615 2205 τῆς
2656 2132 2883 2204 γνώμης
2922 2131 3151 2195 ἕκαστος
3196 2130 3615 2203 ὀνομαζόμενος.

2032 2248 2051 2281 ι
2083 2229 2149 2283 Et
2173 2238 2303 2283 sunt
2342 2242 2535 2283 eorum
2563 2226 2786 2297 quidam
2824 2226 2919 2296 qui
2952 2233 3219 2280 vocantur
3249 2224 3612 2289 Marcionitm,

2025 2320 2247 2390 quidam
2274 2334 2406 2373 vero
2438 2317 2828 2383 Valentiniani,
2860 2317 3201 2385 Basilidiani,
3234 2317 3615 2386 Saturniliani,

2025 2429 2058 2467 a
2101 2412 2347 2482 principe
2395 2412 2678 2467 sententiae
2729 2411 2966 2480 quisque
3021 2424 3222 2465 nomen
3270 2410 3546 2465 obtinens.
3590 2433 3610 2463 ο

2026 2504 2128 2559 Diu
2189 2505 2373 2574 itaque
2423 2513 2549 2558 ante
2596 2504 2813 2573 agnitus
2860 2512 2947 2558 est
2983 2500 3307 2556 Valentinus
3357 2510 3618 2570 tanquam

2025 2598 2363 2668 blasphemae
2411 2597 2686 2652 luereseos
2728 2596 2983 2665 princeps
3019 2604 3074 2650 et
3126 2595 3195 2649 ab
3235 2594 3476 2649 Ecclesia
3502 2595 3617 2665 eje-

2026 2699 2169 2747 ctus.
2196 2688 2316 2745 Non
2342 2698 2526 2744 autem
2556 2704 2706 2743 nunc
2729 2691 3015 2758 quaeritur,
3044 2687 3265 2758 quando
3295 2686 3619 2745 Valentinus

2025 2792 2286 2854 tanquam
2336 2782 2701 2838 haeresiarcha
2755 2780 2945 2836 Romae
2987 2782 3228 2853 agnitus,
3260 2781 3354 2836 sed
3392 2782 3616 2851 quando

2023 2876 2264 2946 primum
2297 2874 2353 2928 in
2391 2874 2624 2929 haeresin
2663 2874 2852 2944 lapsus
2896 2882 3001 2939 est,
3033 2875 3255 2945 quando
3288 2874 3465 2944 prima
3491 2890 3619 2931 sen-

2024 2968 2209 3022 tentiae
2236 2982 2351 3021 sua:
2376 2966 2689 3021 rudimenta
2718 2967 2964 3037 protulit.

2096 3056 2378 3130 Originem
2432 3058 2710 3115 Valentini
2776 3059 3067 3115 obscuram
3134 3057 3308 3114 fuisse
3361 3059 3617 3116 observat

2024 3149 2385 3221 Epiphanius,
2414 3151 2562 3220 quod
2594 3164 2703 3206 non
2725 3151 3016 3205 minimum
3041 3152 3328 3207 vetustatis
3353 3152 3617 3208 indicium

313 3246 460 3292 ante
494 3252 706 3291 annum
738 3254 770 3291 a
800 3238 1067 3308 martyrio
1101 3236 1293 3309 lgnatii
1332 3239 1415 3294 vel
1450 3239 1521 3294 40
1542 3241 1625 3296 vel
1658 3242 1727 3297 ’56
1751 3243 1924 3299 haere-
1951 3277 1993 3335 ο
2025 3254 2126 3299 est.
2165 3244 2224 3298 lu
2250 3242 2488 3315 Egypto
2516 3244 2751 3313 primum
2801 3243 3034 3299 haeresin
3069 3260 3226 3299 suam
3271 3244 3613 3312 eﬂormasse,

316 3335 479 3386 licus
509 3330 730 3400 agnitus
762 3340 867 3387 est.
904 3329 1047 3402 Ergo
1075 3340 1201 3387 ante
1231 3349 1358 3389 eum
1399 3350 1603 3388 annum
1636 3335 1862 3390 refutari
1893 3352 1925 3391 a

315 3438 618 3496 quoquam
648 3438 759 3479 non
786 3424 984 3493 potuit.
1028 3444 1047 3476 ›
1084 3424 1190 3481 Sed
1229 3427 1373 3482 unde
1416 3427 1494 3481 illi
1540 3428 1784 3482 innotuit
1822 3427 1929 3483 Va-

319 3518 611 3572 lentinum
668 3532 777 3571 non
826 3527 953 3573 ante
1002 3534 1207 3574 annum
1251 3535 1283 3574 a
1325 3521 1590 3593 martyrio
1633 3522 1824 3591 lgnatii
1859 3520 1929 3576 40

318 3609 415 3661 vel
466 3607 539 3661 56
586 3608 904 3664 ὴωτειὶουω
958 3611 1204 3680 agnitum
1250 3608 1457 3666 fuisse?
1501 3611 1660 3677 Quia,
1698 3612 1926 3678 scilicet,

320 3700 666 3756 Valentinus
700 3710 826 3756 ante
856 3718 1062 3757 annum
1109 3701 1212 3758 144
1242 3702 1532 3759 haereticus
1563 3705 1783 3775 agnitus
1817 3720 1927 3759 non

318 3804 436 3850 est.
470 3792 551 3848 Ita
577 3793 725 3849 enim
758 3792 1031 3850 Eusebius
1060 3796 1128 3850 ad
1162 3810 1289 3851 eum
1314 3810 1519 3851 annum
1544 3796 1599 3850 in
1620 3796 1924 3852 Chronico:

329 3906 351 3940 ι
412 3885 747 3943 Valentinus
800 3888 1093 3945 harreticus
1147 3889 1499 3960 agnoscitur,
1545 3898 1600 3945 et
1649 3899 1931 3959 permanet

323 3996 516 4051 usque
569 3981 635 4035 ad
677 3981 987 4036 Anicetum.
1030 4001 1049 4034 ι
1086 3980 1164 4036 lta
1219 3982 1438 4052 quidem
1494 3981 1789 4051 Eusebius,
1832 3984 1928 4039 sed

322 4090 447 4129 non
479 4073 624 4128 idem
663 4072 797 4129 dicit
828 4075 976 4144 quod
1007 4074 1348 4144 Blondellus,
1381 4085 1507 4131 ante
1539 4077 1686 4133 hunc
1722 4093 1928 4132 annum

325 4183 465 4223 eum
496 4168 813 4223 hatreticum
843 4169 1088 4239 agnitum
1124 4186 1230 4225 non
1261 4170 1454 4227 fuisse.
1486 4170 1599 4226 lmo
1625 4188 1755 4227 vero
1786 4174 1929 4227 idem

324 4261 616 4316 Eusebius
654 4259 995 4316 Blondellum
1039 4264 1187 4319 clare
1227 4263 1443 4319 refellit.
1477 4263 1611 4319 Nam
1639 4265 1693 4319 in
1727 4264 1930 4321 Graecis

327 4356 397 4409 ad
444 4369 655 4407 annum
684 4353 947 4409 Antonini
973 4353 1053 4408 Pii
1089 4356 1307 4409 tertium
1339 4356 1522 4422 habet,
1558 4356 1697 4409 κατὰ
1739 4357 1933 4426 Ὑγιει-

326 4448 421 4501 νὺν
466 4446 692 4517 Ῥώμης
729 4446 1029 4499 ἐπίσκοπον
1088 4446 1441 4510 Οὐαλεντῖνος
1486 4446 1623 4511 ἰδίας
1665 4449 1932 4520 αἱρέσεως

326 4541 640 4612 εἰσηγητὴς
685 4542 779 4593 ἐπὶ
829 4540 931 4611 τῆς
972 4539 1188 4612 Ῥώμης
1228 4540 1571 4612 ὲγνωρὶζετο.
1606 4560 1624 4593 ι
1664 4541 1778 4597 Sub
1821 4541 1933 4615 Hy-

326 4636 464 4705 gino
497 4632 691 4686 Romae
718 4633 977 4703 epiSCOpo
1010 4632 1331 4688 Valentinus
1374 4635 1611 4704 pr0prize
1655 4635 1930 4690 haereseos

328 4727 591 4782 conditor
645 4723 833 4780 Romae
885 4727 1107 4797 agnitus
1163 4735 1267 4782 est.
1307 4746 1325 4778 ι
1359 4725 1591 4797 Agnitus
1636 4735 1719 4782 est
1767 4727 1930 4797 igitur

330 4816 670 4871 Valentinus
713 4826 976 4886 tanquam
1009 4818 1375 4873 haeresiarcha
1402 4818 1506 4873 sub
1540 4817 1753 4890 Hygino
1785 4834 1931 4874 anno

328 4910 429 4965 Ml
461 4909 769 4964 secundum
821 4907 1141 4963 Eusebium.
1185 4909 1262 4963 Eo
1292 4911 1502 4965 scilicet
1551 4926 1695 4966 anno
1743 4909 1932 4965 Romae

327 5001 557 5071 agnitus
578 5008 683 5061 est,
717 4998 1017 5053 secundum
1048 4999 1317 5053 calculum
1364 4998 1770 5065 Eusebianum;
1803 4998 1931 5054 alibi

325 5100 481 5155 ante,
520 5091 637 5144 imo
674 5098 800 5143 ante
834 5105 1041 5145 annum
1068 5090 1170 5144 144
1194 5091 1269 5145 ita
1293 5092 1511 5161 agnitus
1543 5101 1646 5157 est,
1673 5100 1731 5145 ut
1763 5092 1931 5146 etiam

326 5183 613 5238 refutatus
650 5180 757 5246 sit,
790 5182 938 5251 quod
969 5183 1086 5236 ﬁeri
1123 5198 1232 5237 non
1262 5183 1511 5252 potuisse
1536 5185 1737 5239 asserit
1766 5184 1931 5239 Blon-

325 5276 531 5331 dellus.
593 5272 866 5329 Eusebius
918 5273 975 5328 in
1031 5274 1329 5341 Chronico,
1382 5275 1450 5330 ad
1507 5292 1714 5331 annum
1756 5276 1861 5330 142
1914 5295 1927 5330 :

332 5386 352 5418 ι
388 5365 655 5420 Justinus
680 5364 1041 5435 philosophus
1074 5365 1276 5420 librum
1317 5382 1417 5436 pro
1449 5378 1637 5422 nostra
1670 5369 1932 5439 religione

324 5461 716 5530 conscriptum
761 5460 1041 5514 Antonino
1091 5460 1345 5515 reddidit.
1383 5480 1401 5513 ι
1437 5460 1496 5514 In
1529 5477 1596 5517 eo
1638 5463 1759 5531 ipso
1789 5462 1929 5517 libro

324 5552 594 5608 Justinus
630 5551 747 5606 hate
780 5551 970 5606 scribit
1009 5570 1021 5605 :
1057 5552 1211 5605 Ἔστι
1252 5552 1310 5606 δὲ
1344 5555 1476 5624 ἡμῖν
1515 5556 1609 5607 καὶ
1641 5555 1931 5626 σύνταγμα

326 5650 479 5705 κατὰ
539 5649 733 5703 πασῶν
780 5650 889 5703 τῶν
940 5650 1321 5721 γεγενημένων
1367 5652 1631 5723 αἱρέσεων
1682 5670 1933 5706 συντετα-

334 5744 586 5815 γαένον;
625 5760 643 5793 ι
682 5741 777 5798 Est
800 5754 982 5798 autem
1013 5745 1174 5800 nobis
1220 5745 1359 5799 liber
1398 5755 1585 5800 contra
1616 5744 1851 5800 haereses
1878 5754 1932 5800 et

330 5846 520 5891 sectas
566 5850 763 5890 omnes
815 5836 1176 5904 compositus.
1239 5855 1257 5887 ι
1308 5834 1446 5891 Eum
1498 5845 1682 5891 autem
1731 5837 1931 5891 librum

334 5928 611 5998 sct'iptum
642 5926 812 5985 fuisse
846 5927 948 5983 sub
984 5926 1091 5983 line
1140 5927 1353 5999 imperii
1384 5926 1610 5982 Adriani
1652 5928 1740 5983 vix
1766 5926 1920 5983 dubi~

2027 3352 2259 3406 eamque
2294 3352 2502 3393 veneno
2530 3353 2632 3392 suo
2676 3336 2935 3392 infecisse
2984 3338 3177 3404 tradit;
3217 3353 3328 3407 quo
3373 3349 3619 3408 tempore

2027 3429 2132 3483 hoc
2164 3428 2371 3485 factum
2397 3438 2500 3495 est,
2539 3445 2763 3483 narrare
2810 3445 2917 3484 non
2963 3429 3161 3499 potuit.
3205 3428 3408 3484 Eodem
3445 3432 3619 3486 tendit

2028 3522 2278 3588 historia,
2316 3538 2482 3593 quam
2536 3529 2722 3576 narrat
2766 3521 3139 3578 Tertullianus
3174 3539 3187 3574 :
3228 3540 3247 3573 ι
3293 3522 3617 3592 Speraverat

2028 3614 2401 3684 episcopatum
2427 3613 2770 3679 Valentinus,
2794 3615 2926 3685 quia
2966 3626 3021 3668 et
3064 3614 3286 3685 ingenio
3320 3624 3534 3684 poterat
3562 3624 3618 3671 et

2026 3707 2278 3777 eloquio;
2326 3708 2422 3763 sed
2473 3708 2641 3761 alium
2690 3723 2757 3762 ex
2810 3706 3058 3779 martyrii
3093 3709 3454 3779 prmrogativa
3508 3709 3616 3764 loci

2028 3800 2262 3871 potitum
2294 3801 2606 3871 indignatus
2626 3842 2641 3867 ,
2669 3801 2736 3856 de
2776 3799 3025 3856 Ecclesia
3057 3801 3387 3855 authenticaa
3417 3801 3620 3871 regulae

2028 3894 2269 3963 abrupit,
2305 3893 2371 3948 ad
2417 3894 2837 3965 expugnandam
2883 3906 3183 3948 conversus
3231 3893 3539 3946 veritatem.
3592 3910 3611 3944 ι

2031 3982 2147 4039 Hoc
2196 3984 2342 4040 enim
2397 3985 2448 4039 in
2499 3984 2734 4056 IEgypto
2780 3984 2985 4040 factum
3044 4002 3146 4056 par
3205 3994 3290 4041 est
3355 3988 3616 4052 credere,

2030 4076 2249 4147 quando
2274 4088 2455 4132 autem
2484 4076 2688 4132 factum
2713 4086 2798 4132 est
2821 4093 2920 4133 nec
2949 4079 3041 4133 ille
3062 4088 3272 4133 narrat.
3304 4079 3620 4134 Admodum

2031 4179 2213 4224 autem
2247 4171 2535 4240 antiquum
2578 4169 2750 4225 fuisse
2780 4168 3131 4225 Valentinum
3161 4170 3341 4241 primo
3375 4169 3621 4226 Valenti-

2031 4262 2184 4316 niani
2237 4262 2339 4332 ipsi
2387 4263 2748 4326 asserebant,
2781 4263 2907 4317 dein
2957 4262 3213 4318 Veterum
3265 4275 3621 4317 monumenta

2030 4365 2179 4411 recte
2214 4356 2504 4411 observata
2535 4356 2888 4426 persuadent.
2918 4355 3173 4412 Clemens
3216 4356 3621 4411 Alexandrinus

2034 4447 2294 4503 Stromat.
2348 4449 2442 4503 lib.
2498 4465 2573 4503 vn
2621 4467 2635 4502 :
2691 4447 2965 4512 Ὡσαύτως
3012 4448 3069 4501 δὲ
3116 4450 3211 4501 καὶ
3267 4449 3625 4502 Οὐαλεντῖνον

2033 4540 2252 4593 Θεοδάδι
2295 4540 2591 4612 ἀκηκοέναι
2614 4540 2862 4612 φέρουσι,
2895 4539 3172 4610 γνώριμος
3216 4539 3273 4592 δὲ
3310 4534 3465 4603 οὗτος
3497 4540 3621 4608 ἐγε-

1960 4627 2006 4682 D
2033 4632 2179 4700 γόνει
2235 4632 2471 4685 Παύλου.
2504 4651 2522 4683 ε
2564 4632 2828 4686 Similiter
2874 4641 3055 4685 autem
3091 4630 3444 4686 Valentinum
3481 4647 3628 4701 quo-

2034 4740 2141 4795 que
2188 4723 2371 4778 ferunt
2410 4725 2684 4779 audivisse
2716 4722 3101 4789 Theodadom;
3134 4732 3254 4777 erat
3291 4734 3476 4779 autem
3528 4724 3622 4780 hic

2030 4816 2187 4873 Pauli
2216 4818 2544 4888 discipulus.
2592 4837 2610 4870 ι
2640 4818 2699 4871 Si
2732 4818 2847 4871 haec
2872 4832 2997 4871 vera
3034 4817 3164 4883 sint,
3186 4817 3253 4872 de
3292 4818 3625 4887 antiquitate

2039 4909 2306 4964 Valentini
2356 4910 2600 4964 dubitari
2652 4910 2889 4978 amplius
2937 4925 3043 4962 non
3100 4917 3296 4978 potest.
3355 4909 3622 4977 Suspicor

2033 5002 2253 5071 quidem
2298 5016 2414 5066 eos,
2450 5003 2545 5071 qui
2589 5001 2706 5055 hazc
2756 5000 3132 5061 tradiderunt,
3177 4999 3348 5055 fuisse
3380 4999 3621 5055 Valenti-

2032 5094 2233 5148 nianos
2273 5111 2285 5147 :
2316 5094 2409 5162 qui
2435 5094 2563 5148 licet
2588 5094 2643 5147 in
2669 5109 2731 5148 ea
2757 5108 2817 5148 re
2840 5094 2931 5147 vix
2964 5093 3078 5147 fal‘li
3108 5093 3404 5162 potuerint,
3433 5092 3623 5148 fallere

2034 5198 2216 5243 tamen
2244 5197 2393 5242 certe
2422 5194 2739 5256 potuerunt.
2778 5185 2917 5240 Cum
2958 5194 3140 5239 tamen
3185 5201 3216 5239 a
3250 5186 3409 5241 nobis
3447 5183 3622 5239 refelli

2034 5297 2146 5336 non
2177 5280 2411 5350 possint,
2439 5280 2724 5333 videamus
2762 5294 2833 5333 an
2862 5277 3009 5348 quod
3039 5278 3115 5330 illi
3164 5278 3460 5343 tradidere,
3495 5292 3622 5331 cum

2033 5375 2102 5429 iis
2129 5382 2422 5437 conaereat,
2450 5388 2570 5443 quae
2594 5388 2626 5426 a
2648 5371 2937 5426 catholicis
2963 5369 3177 5441 prodita
3205 5380 3353 5426 sunt.
3383 5369 3623 5424 Irenaaus

2031 5463 2361 5519 Brzel'atione
2406 5462 2500 5516 lib.
2530 5478 2622 5515 1v:
2661 5480 2681 5512 ι
2716 5460 2781 5525 li,
2822 5461 3032 5531 inquit,
3062 5460 3155 5531 qui
3194 5470 3319 5514 ante
3361 5476 3463 5515 nos
3500 5459 3625 5513 fue-

2032 5566 2182 5624 runt,
2217 5565 2272 5610 et
2298 5553 2518 5625 quidem
2547 5553 2720 5607 multo
2771 5552 2930 5607 nobis
2984 5553 3269 5618 meliores,
3298 5566 3407 5606 non
3437 5562 3621 5605 tamen

2034 5651 2169 5705 satis
2205 5655 2500 5719 potuerunt
2541 5646 2916 5701 contradicere
2959 5645 3047 5701 bis
3076 5644 3169 5715 qui
3198 5654 3326 5700 sunt
3354 5661 3385 5699 a
3418 5642 3622 5699 Valen~

2035 5743 2171 5807 tino,
2205 5740 2333 5811 quia
2367 5738 2694 5810 ignorabant
2720 5737 2963 5807 regulam
2997 5738 3263 5806 ipsorum.
3303 5756 3323 5790 ι
3355 5734 3621 5805 Loquitur

2033 5834 2100 5889 de
2129 5834 2215 5899 iis,
2248 5833 2342 5902 qui
2387 5840 2511 5886 ante
2541 5840 2755 5893 aetatem
2802 5845 2959 5885 suam
3003 5830 3278 5891 vixerunt,
3310 5842 3517 5899 eosque
3544 5827 3627 5880 ait

2036 5942 2147 5983 non
2189 5927 2324 5982 satis
2378 5925 2624 5997 patuisse
2672 5922 3087 5980 Valentiuianos
3136 5922 3441 5990 confutare,
3495 5919 3618 5973 licet
