4078 6394
461 445 566 499 559

1500 452 1555 507 S.
1594 451 1948 512 lGNATlUS.
1985 490 2055 499 —
2092 458 2629 518 PROLEGOMENA.

3631 468 3740 529 5.ἱο

459 562 564 617 viri
590 573 773 619 essent
796 566 1250 635 pfatstantissimi.
1283 566 1519 625 lrcnzeus
1548 580 1728 625 autem
1761 588 1870 627 non
1894 574 2052 644 longe
2078 581 2127 639 Α
2155 578 2466 648 scripsisse,
2498 582 2592 636 sed
2619 580 2828 637 vixisse
2858 589 3089 638 tantum.
3127 582 3323 642 Verum
3356 603 3466 643 non
3492 589 3583 645 diu
3616 602 3742 661 post

460 673 491 711 a
519 659 860 728 temporibus
902 662 1273 729 apostolorum
1323 662 1446 731 fuit,
1477 675 1535 719 ut
1584 666 1828 735 loquitur
1859 667 2047 739 Augu-

460 751 673 819 stinus,
720 753 888 821 ἐγγὺς
929 753 1037 807 τῶν
1104 754 1421 809 ἀποστόλων
1458 758 1768 829 γενόμενος,
1802 768 1861 814 ul
1894 758 2048 815 Basi-

460 842 599 909 lius;
651 858 821 914 prope
855 845 1021 915 igitur
1050 847 1350 915 apostolica
1380 857 1625 918 tempora
1656 851 1807 905 fuere
1846 849 2045 905 Valen-

459 934 674 998 tiniani,
730 946 783 991 et
824 952 951 992 cum
999 940 1318 1008 apostolicis
1359 941 1495 996 viris
1550 952 1911 998 conversatus
1962 953 2047 999 est

460 1029 575 1096 ipse
612 1027 933 1085 Valentinus
986 1030 1131 1085 Idem
1165 1033 1339 1087 multo
1380 1033 1559 1088 adhuc
1589 1034 1802 1091 ﬁrmius
1839 1045 1890 1090 et
1920 1050 2041 1089 cer-

457 1122 569 1177 tius
595 1124 777 1195 colligi
804 1134 984 1195 potest
1017 1141 1086 1180 ex
1116 1134 1277 1180 aztate
1308 1125 1638 1195 Marcionis,
1683 1129 1731 1183 si
1765 1128 1881 1184 haec
1909 1131 2044 1185 satis

458 1215 615 1270 firma
664 1232 773 1271 non
821 1218 1129 1273 videantur.
1163 1217 1497 1274 Marcionem
1547 1220 1767 1289 quidem
1805 1221 2042 1278 lrenatus

456 1310 623 1363 tradit
670 1309 775 1364 sub
820 1309 1051 1365 Aniceto
1103 1311 1441 1376 invaluisse,
1483 1312 1577 1381 qui
1632 1312 1736 1368 sub
1765 1314 2042 1369 Antonino

453 1398 553 1455 Pio
586 1400 843 1457 Ecclesia:
886 1401 1149 1458 Romanae.
1178 1402 1425 1473 praefuit;
1459 1405 1604 1461 unde
1647 1420 1772 1460 eum
1809 1406 2041 1461 Antoni-

451 1495 683 1548 nianum
713 1492 1045 1551 Marcionem
1092 1496 1330 1565 appellat
1371 1495 1742 1553 Tertullianus
1788 1497 1883 1553 lib.
1920 1515 1950 1552 v
1984 1509 2042 1555 et

453 1584 549 1639 lib.
579 1600 598 1639 ι
634 1604 648 1640 :
682 1604 702 1638 σ
733 1584 808 1643 De
852 1603 963 1656 quo
1005 1597 1189 1642 tamen
1224 1598 1460 1657 constat,
1490 1588 1899 1645 Antoniuianus
1922 1591 2037 1646 ba:-

449 1676 655 1730 reticus
701 1685 806 1740 est,
855 1677 959 1732 sub
1002 1675 1101 1731 Pio
1150 1677 1370 1747 impius.
1426 1698 1446 1731 ι
1501 1678 1606 1733 Sed
1645 1694 1756 1748 quo
1800 1680 2036 1749 primum

448 1776 695 1838 tempore
737 1768 792 1822 in
826 1768 1058 1824 hacresin
1090 1768 1279 1840 lapsus
1311 1778 1429 1836 est,
1461 1770 1725 1840 quoniam
1756 1772 1899 1840 apud
1929 1770 2038 1827 lre-

446 1876 628 1916 meum
668 1876 776 1916 non
828 1862 1140 1929 invenerat,
1186 1862 1465 1933 inquirere
1507 1864 1760 1933 neglexit.
1800 1882 1819 1915 ί
1857 1863 2038 1931 Quoto

444 1954 667 2024 quidem
693 1969 838 2009 anno
861 1954 1121 2008 Antonini
1160 1954 1388 2024 majoris
1421 1956 1489 2009 de
1520 1953 1696 2009 Ponto
1730 1971 1832 2011 suo
1862 1957 2032 2011 cxha-
2067 1928 2115 1989 Β

444 2047 642 2101 laverit
672 2062 804 2102 aura
842 2047 1210 2113 canicularis,
1242 2062 1351 2101 non
1390 2047 1578 2102 curavi
1616 2048 1970 2119 investigare.
2006 2068 2026 2101 ι

444 2138 577 2206 Qua:
622 2155 746 2195 cum
799 2148 914 2194 tam
962 2141 1110 2195 clare
1154 2140 1393 2196 fateatur
1440 2139 1829 2208 Tertullianus,
1865 2144 2037 2199 miror

443 2231 745 2287 Barouium
775 2241 1113 2287 asserentem
1138 2272 1152 2293 .
1184 2248 1252 2288 ex
1303 2234 1422 2303 ejus
1453 2234 1635 2289 verbis
1676 2244 1887 2289 certum
1935 2251 2026 2290 au-

443 2340 577 2378 num
634 2323 775 2378 initii
834 2322 1130 2378 Marcionis
1185 2322 1414 2377 hmresis
1467 2322 1782 2393 consignari
1852 2339 2031 2394 posse.

442 2415 623 2473 Verba
658 2417 878 2488 quidem
922 2416 1065 2486 apud
1103 2431 1229 2471 eum
1262 2416 1379 2471 haec
1425 2424 1734 2486 sequuntur
1766 2434 1780 2471 :
1817 2435 1836 2468 ε
1869 2420 1912 2469 Α
1943 2416 2037 2471 Ti-

441 2510 599 2566 berio
637 2520 819 2565 autem
850 2526 1031 2579 usque
1064 2510 1130 2564 ad
1162 2509 1501 2564 Antoninum
1534 2510 1664 2563 anni
1696 2508 1807 2563 fere
1846 2509 1950 2563 120
1982 2518 2037 2565 ct

441 2603 730 2658 dimidium
767 2603 896 2658 anni
928 2618 1054 2658 cum
1105 2602 1335 2656 dimidio
1390 2602 1616 2657 mensis.
1669 2601 2031 2657 Tantumdem

442 2695 704 2766 temporis
745 2702 959 2764 ponunt
1007 2694 1151 2748 inter
1197 2693 1479 2749 Christum
1520 2702 1576 2748 et
1619 2692 1971 2749 Marciouem.
2008 2713 2027 2746 ι

444 2785 553 2841 Sed
589 2800 714 2842 cum
763 2802 793 2840 a
842 2786 1049 2841 Christi
1098 2787 1247 2841 exitu
1299 2785 1698 2841 Tertullianum
1741 2802 2036 2842 numerare

441 2879 590 2945 velit,
624 2879 676 2933 id
726 2887 914 2950 aperte
962 2878 1163 2934 falsum
1206 2894 1329 2934 esse
1374 2895 1439 2934 ex
1474 2879 1907 2949 praecedentibus
1942 2895 2037 2935 co-

442 2972 760 3039 gnoscitur;
802 2987 929 3025 cum
972 2987 1177 3026 annum
1212 2980 1419 3026 certum
1456 2972 1703 3027 denotari
1735 2973 1915 3037 docet,
1947 2989 2036 3030 se-

442 3062 700 3131 ptimum,
734 3062 964 3129 scilicet,
1010 3060 1307 3131 Antonini,
1342 3071 1535 3118 contra
1575 3074 1812 3119 mentem
1860 3066 2034 3138 ipsius

442 3154 841 3210 Tertullianum
873 3155 1128 3225 explicat,
1161 3154 1254 3225 qui
1290 3156 1357 3210 ad
1389 3156 1567 3226 prima
1597 3156 1860 3211 Antonini
1896 3166 2033 3213 tem-

2150 668 2459 727 Adrianum
2496 674 2601 728 sub
2628 674 2861 745 imperio
2886 675 3150 732 Antonini
3176 677 3258 732 Pii
3292 680 3579 751 scripsisse
3610 700 3739 739 eum

2147 762 2314 818 verba
2338 763 2588 836 Origenis
2610 766 2838 821 omnino
2865 768 3095 824 innuere
3119 770 3371 826 videntur
3403 791 3416 826 :
3454 785 3615 829 erant
3636 791 3739 830 au-

2148 865 2257 911 tem
2293 866 2426 913 tunc
2467 858 2765 916 Marcionis
2808 861 3064 933 discipuli
3110 867 3247 921 satis
3277 867 3538 925 celebres.
3578 870 3741 928 Certe

2146 948 2592 1006 Marcionitarum
2646 954 2889 1008 meminit
2941 953 3193 1013 Justinus
3249 970 3458 1032 martyr
3509 962 3739 1036 Dialogo

2149 1058 2269 1095 cum
2302 1041 2577 1112 Tryphone
2617 1043 2831 1110 Judazo,
2875 1047 3080 1117 scripto
3126 1058 3186 1103 ut
3237 1050 3501 1119 diximus,
3550 1057 3737 1110 statim

2145 1133 2249 1187 sub
2272 1134 2431 1188 initio
2456 1134 2719 1191 Antonini
2766 1136 2881 1206 Pii;
2931 1139 2978 1194 si
3026 1138 3364 1211 Scaligerum
3417 1145 3734 1213 audiamus,

2145 1224 2247 1279 sub
2271 1226 2379 1281 [ine
2403 1226 2650 1283 Adriani.
2688 1231 2767 1285 Ita
2806 1233 2955 1286 enim
2998 1232 3088 1288 ille
3126 1234 3193 1289 ad
3240 1233 3463 1291 Eusebii
3497 1239 3736 1294 Chroni-

2143 1333 2270 1373 con.
2315 1338 2334 1370 ‹
2383 1318 2515 1374 Belli
2576 1320 2787 1379 Judaici
2848 1334 3093 1394 tempore
3148 1326 3369 1396 scripsit
3441 1326 3736 1400 Tryphona

2142 1410 2444 1481 dialogum,
2487 1413 2594 1469 hoc
2644 1427 2728 1471 est
2772 1416 2874 1471 sub
2898 1417 3164 1485 Adriano,
3193 1426 3253 1472 ut
3280 1420 3394 1488 ipse
3418 1422 3674 1477 ostendit.
3708 1442 3729 1476 ι

2142 1502 2398 1576 Τρύφων,
2435 1506 2591 1576 φησὶ,
2626 1507 2914 1579 καλοῦμαιο
2952 1509 3067 1579 εἰμὶ
3093 1509 3152 1562 δὲ
3198 1509 3448 1583 Ἐϐραῖος
3480 1514 3545 1566 ἐκ
3578 1527 3736 1585 περι-

2140 1599 2335 1669 τομῆς,
2385 1598 2577 1669 φυγὼν
2630 1601 2720 1655 τὸν
2752 1601 2847 1656 νῦν
2882 1601 3138 1673 πόλεμον,
3179 1603 3237 1658 ἐν
3270 1608 3338 1675 τῇ
3395 1604 3603 1659 Ἑλλάδι
3638 1607 3736 1659 καὶ

2141 1694 2208 1763 τῇ
2244 1692 2498 1764 Κορίνθῳ
2528 1693 2598 1747 τὰ
2652 1693 2823 1749 πολλὰ
2875 1695 3096 1762 διάγων.
3158 1715 3177 1750 ‹
3240 1695 3482 1769 Trypho,
3532 1698 3732 1770 inquit,

2140 1799 2309 1840 vocor
2341 1802 2355 1839 :
2396 1800 2517 1839 sum
2561 1796 2747 1842 autem
2779 1802 2847 1843 ex
2889 1788 3315 1845 circumcisione
3348 1788 3631 1857 Hebraeus,
3664 1806 3735 1847 ex

2141 1891 2353 1947 nupero
2384 1877 2528 1932 bello
2562 1877 2851 1948 profugus,
2880 1888 3044 1950 atque
3075 1880 3130 1934 in
3162 1879 3370 1937 Graecia
3400 1891 3454 1937 et
3481 1883 3737 1939 Corinthi

2140 1970 2439 2037 plurimum
2472 1972 2669 2042 degere
2699 1973 2916 2028 solitus.
2967 1992 2986 2025 ι
3022 1971 3193 2029 Erant
3232 1973 3399 2044 igitur
3423 1974 3491 2029 iis
3521 1982 3735 2043 tempo-

2139 2062 2293 2117 ribus
2319 2062 2561 2119 celebres
2592 2064 2835 2119 haeretici
2862 2063 3157 2121 Marcionis
3180 2066 3457 2137 discipuli.
3490 2065 3567 2123 De
3589 2067 3736 2122 illar-

2138 2155 2300 2211 cione
2336 2156 2456 2225 ipso
2485 2155 2628 2210 idem
2668 2157 2721 2211 in
2744 2157 3013 2229 Apologia
3049 2158 3249 2228 prima,
3290 2173 3414 2229 quae
3444 2158 3499 2213 in
3538 2160 3737 2216 editio-

2138 2249 2301 2303 nibus
2326 2247 2468 2302 male
2492 2262 2592 2317 pro
2616 2250 2855 2304 secunda
2886 2250 3139 2315 habetur,
3169 2259 3229 2303 ut
3257 2251 3360 2304 viri
3382 2251 3530 2305 docti
3559 2253 3734 2306 adno-

2141 2347 2363 2394 larunt:
2396 2340 2705 2412 Μαρκίωνα.
2734 2341 2793 2395 δέ
2824 2359 2947 2395 τινα.
2990 2341 3271 2407 Ποντικὸν,
3304 2341 3363 2408 ὃς
3397 2344 3492 2397 καὶ
3525 2341 3620 2397 νῦν
3652 2344 3739 2398 ἔτι

2140 2432 2259 2485 ἐστὶ
2290 2431 2559 2488 δτδάσκων
2604 2433 2731 2498 τοὺς
2779 2433 3154 2506 πειθομένους.
3196 2453 3215 2486 ‹
3260 2434 3594 2491 Marcionem
3631 2451 3737 2490 au-

2139 2532 2247 2579 tem
2274 2524 2567 2594 quemdam
2611 2523 2923 2593 Ponticum,
2960 2526 3057 2595 qui
3090 2527 3256 2583 etiam
3295 2528 3476 2584 adhuc
3518 2528 3736 2583 exsistit

2139 2614 2346 2670 docens
2378 2616 2681 2687 discipulos
2709 2632 2860 2673 suos.
2896 2636 2915 2670 ι
2949 2616 3072 2684 Quo
3098 2619 3222 2675 loco
3251 2619 3456 2675 indicat
3493 2619 3732 2674 Marcio-

2138 2722 2263 2763 nem
2323 2708 2417 2763 diu
2462 2708 2693 2764 hatresin
2747 2725 2907 2765 suam
2955 2711 3248 2781 sparsisse,
3296 2723 3587 2783 antequam
3641 2712 3739 2766 illa

2139 2799 2425 2869 scripserit
2460 2799 2733 2857 Justinus.
2768 2801 2845 2855 Ea
2890 2812 3075 2858 autem
3104 2804 3327 2874 scripsit
3359 2820 3504 2860 anno
3532 2814 3739 2875 quarto

2137 2888 2401 2943 Antonini
2438 2888 2543 2954 Pii,
2593 2900 2653 2945 ut
2706 2892 2873 2947 tradit
2900 2892 3175 2949 Eusebius
3206 2895 3260 2948 in
3304 2894 3735 2963 Chronico;ne—

2138 2994 2247 3049 que
2282 2981 2559 3049 posterius
2591 2997 2713 3037 eam
2754 2985 3045 3054 scripsisse
3075 2986 3314 3051 videtur,
3350 3000 3477 3039 nam
3526 2986 3728 3039 bellum

2137 3070 2565 3139 Barchochcbae,
2598 3073 2702 3127 sub
2723 3074 2965 3133 Adriano
2990 3075 3231 3143 finitum,
3258 3076 3489 3146 appellat
3512 3075 3602 3129 τὸν
3634 3075 3735 3130 νῦν

2138 3164 2506 3237 γεγενημένον
2552 3164 2842 3219 Ἰουδαϊκὸν
2868 3164 3101 3236 πόλεμον
3136 3167 3190 3222 in
3221 3168 3411 3221 eadem
3440 3167 3730 3239 Apologia.

442 3262 575 3317 pora
610 3247 989 3302 tantummodo
1018 3247 1289 3303 calculum
1316 3248 1560 3319 deducit,
1585 3266 1685 3306 nec
1708 3252 1874 3308 ullius
1904 3254 2031 3307 anni
2062 3279 2104 3337 ρ
2137 3255 2322 3323 Quare
2353 3272 2480 3312 cum
2517 3256 2769 3312 Justinus
2808 3258 2913 3312 sub
2954 3258 3113 3312 initio
3152 3257 3266 3313 fere
3309 3259 3524 3328 imperii
3560 3258 3737 3314 Anto-

442 3339 566 3409 ejus
596 3340 810 3409 imperii
848 3341 1119 3395 rationem
1150 3340 1334 3397 habet.
1362 3339 1499 3396 Nam
1530 3352 1582 3397 et
1607 3346 1701 3413 qui
1744 3354 1872 3399 ante
1901 3343 2036 3399 Ter—

441 3433 733 3488 tullianum
786 3434 1059 3502 scripsere
1100 3434 1403 3491 Christiani
1454 3437 1641 3507 plures
1669 3438 1835 3493 etiam
1867 3455 2033 3509 quam

443 3526 550 3581 H5
586 3541 762 3581 annos
790 3544 821 3581 a
852 3527 919 3581 15
949 3525 1153 3582 Tiberii
1186 3528 1254 3581 ad
1286 3528 1504 3582 initium
1535 3530 1799 3585 Antonini
1839 3547 2037 3586 nume-

442 3622 660 3676 rabant.
694 3619 987 3675 Videamus
1040 3619 1208 3690 igitur
1239 3635 1309 3674 an
1363 3637 1464 3677 nos
1492 3622 1701 3692 aliquid
1729 3624 1935 3679 certius
1967 3623 2035 3679 de

440 3720 655 3791 origine
686 3719 832 3774 illius
866 3719 1105 3775 iiIBl'CliCi
1132 3734 1200 3773 ex
1222 3719 1622 3788 antiquissimis
1647 3728 1890 3774 veterum
1922 3735 2036 3774 mo-

441 3815 721 3869 numentis
766 3830 960 3869 eruere
999 3814 1309 3884 possimus;
1347 3828 1473 3867 nam
1504 3814 1599 3883 qui
1634 3814 2034 3883 posterioribus

440 3906 649 3972 fidunt,
702 3906 839 3960 nihil
898 3906 1168 3961 hactenus
1218 3906 1351 3960 certi
1409 3905 1656 3959 invenire
1715 3916 2031 3976 potuerunt.

440 3997 729 4065 Origenes,
765 4006 952 4051 contra
974 3996 1186 4052 Celsum
1213 3998 1307 4053 lib.
1338 4014 1371 4049 ν
1400 4014 1413 4050 :
1448 4000 1726 4071 Ἐμνήσθη
1749 4000 1804 4054 δὲ
1832 4004 1862 4054 ὁ
1891 4000 2033 4056 Κέλ-

444 4104 537 4152 σος
590 4090 685 4142 καὶ
739 4090 1173 4160 Μαρκιωνιστῶν
1229 4093 1648 4164 προϊσταμένων
1706 4095 2030 4166 Μαρκίωνα.

452 4201 471 4233 ‹
512 4179 760 4237 Me’minit
787 4192 970 4238 autem
1027 4183 1220 4240 Celsus
1254 4184 1702 4240 Marcionitarum
1733 4187 2030 4244 Marcionis

445 4282 807 4329 sectatorum.
862 4292 881 4325 ι
928 4275 1238 4346 Antequam
1292 4277 1459 4346 igitur
1504 4280 1769 4334 scriberet
1814 4281 2029 4348 Celsus,

443 4364 779 4420 Marcionita:
820 4366 1059 4421 haeretici
1116 4356 1583 4425 erantomnibus
1641 4385 1751 4425 non
1818 4380 2031 4427 tantum

445 4457 805 4523 Christianis,
843 4458 939 4512 sed
978 4459 1143 4514 etiam
1176 4460 1470 4529 gentilibus
1502 4462 1671 4530 probe
1708 4464 1843 4517 noti.
1875 4462 2032 4520 Etas

445 4561 630 4607 autem
663 4552 805 4609 Celsi
839 4554 999 4609 istius
1039 4555 1111 4609 ita
1151 4556 1220 4609 ab
1260 4553 1493 4625 Origene
1523 4556 1853 4612 describitur
1881 4575 1893 4611 :
1928 4560 2033 4612 Δύο

2140 3350 2258 3404 nini
2294 3349 2546 3419 majoris,
2579 3351 2893 3406 meminerit
2928 3350 3224 3407 Marcionis
3249 3351 3731 3421 discipulorum,a

2138 3441 2529 3497 communione
2579 3440 2840 3499 Ecclesia:
2894 3443 3227 3514 ejectorum,
3284 3452 3339 3499 et
3396 3442 3730 3499 Marcionem

2134 3535 2247 3605 jam
2285 3534 2377 3590 diu
2420 3534 2679 3590 haeretica
2729 3550 2829 3590 sua
2861 3535 3116 3607 dogmata
3146 3536 3525 3607 promulgasse
3551 3552 3734 3597 euuna.

2138 3626 2389 3694 tiavcrit;
2420 3626 2789 3697 quisquamne
2816 3626 3003 3682 induci
3042 3626 3219 3698 possit
3246 3637 3305 3681 ut
3346 3628 3531 3682 credat
3587 3625 3733 3681 Mar-

2137 3718 2349 3771 cionem
2395 3718 2586 3787 paucis
2630 3728 2755 3787 post
2803 3718 3021 3774 initium
3051 3718 3278 3773 Adriani
3309 3720 3473 3775 annis
3508 3719 3731 3773 lucreti-

2138 3824 2263 3864 cum
2298 3824 2409 3864 non
2441 3809 2652 3865 fuisse?
2677 3808 2796 3865 Non
2843 3812 3096 3882 equidem
3123 3820 3257 3881 puto
3285 3826 3411 3866 vera
3444 3825 3568 3867 esse
3608 3827 3732 3880 quae

2138 3901 2212 3955 de.
2245 3899 2524 3957 Marcione
2569 3902 2791 3972 scripsit
2833 3901 3213 3959 Philastrius:
3266 3922 3285 3957 ί
3335 3902 3437 3970 Qui
3483 3904 3731 3960 devictus

2139 4001 2304 4061 atque
2342 3993 2565 4065 fugatus
2596 4010 2628 4049 a
2669 3995 2830 4050 beato
2865 3993 3077 4051 Joanne
3107 3997 3444 4068 evangelista
3477 4007 3532 4051 et
3555 4012 3585 4051 a
3607 4012 3733 4067 pre-

2138 4086 2375 4159 sbyteris
2400 4088 2467 4141 de
2494 4086 2721 4142 civitate
2744 4087 2965 4157 Ephesi,
2999 4086 3188 4142 Romae
3215 4088 3359 4142 banc
3391 4088 3623 4144 haeresin
3649 4103 3732 4142 se-

2137 4179 2412 4235 minavit:
2453 4198 2473 4234 ›
2504 4180 2765 4235 existimo
2797 4188 2981 4235 tamen
3009 4196 3075 4236 ea
3117 4196 3240 4236 esse
3282 4180 3430 4236 illius
3457 4180 3730 4235 haereseos

2138 4270 2485 4341 antiquitatis
2530 4272 2755 4341 aliquod
2802 4281 3213 4343 argumentum.
3272 4270 3340 4325 Et
3374 4287 3442 4327 ex
3487 4272 3575 4327 his
3607 4287 3731 4342 quae

2135 4365 2282 4420 dicta
2314 4374 2445 4420 sunt
2475 4365 2650 4420 obiter
2680 4366 2944 4431 observo,
2974 4366 3433 4421 verisimillimum
3472 4381 3592 4422 esse
3631 4372 3731 4436 pa-

2137 4466 2275 4512 trem
2306 4458 2601 4513 Marcionis
2624 4467 2749 4514 ante
2775 4462 3098 4532 martyrium
3127 4459 3317 4530 lgnatii
3343 4460 3396 4513 in
3415 4459 3591 4514 Ponto
3609 4460 3728 4529 epi-

2140 4564 2369 4620 scopum
2400 4549 2595 4617 fuisse,
2621 4560 2675 4605 et
2696 4550 2916 4620 quidem
2946 4550 3315 4622 διαπρέποντα
3336 4553 3393 4605 ὲν
3421 4554 3487 4622 τῇ
3508 4553 3731 4604 ἐπισκο-

443 4645 502 4698 δὲ
541 4645 957 4718 παρειλήφαμεν
988 4647 1229 4711 Κέλσους
1257 4648 1535 4717 γεγονέναι
1590 4651 2031 4722 Ἐπικουρείους·
2073 4634 2116 4689 υ
2147 4643 2257 4713 πῆς
2279 4641 2613 4713 λειτουργίᾳ,
2648 4653 2707 4696 υι
2737 4642 2982 4712 ιοίιυίιιιν
3020 4641 3359 4712 Epiphanius
3390 4661 3405 4697 ³
3448 4651 3544 4697 θυι
3582 4651 3731 4697 cem:

443 4739 537 4791 τὸν
584 4739 683 4810 μὲν
733 4740 995 4811 πρότερον
1041 4739 1182 4793 κατὰ
1231 4741 1495 4811 Νέρωνα,
1551 4743 1740 4796 τοῦτον
1785 4744 1840 4797 δὲ
1890 4745 2034 4799 κατὰ

455 4830 757 4903 Ἀδριανὸν,
789 4833 883 4885 καὶ
913 4833 1232 4905 κατωτέρω.
1265 4853 1283 4885 ‹
1316 4833 1465 4889 Duos
1492 4844 1674 4889 autem
1705 4835 1877 4892 fuisse
1912 4835 2034 4891 Cel-

445 4936 540 4977 sos
569 4922 871 4993 Epicureos
931 4926 1297 4995 accepimus:
1337 4927 1579 4997 priorem
1644 4930 1867 4998 quidem
1929 4931 2034 4985 sub

443 5014 693 5084 Nerone,
749 5018 897 5073 hunc
949 5027 1130 5073 autem
1180 5020 1284 5074 sub
1342 5021 1624 5087 Adriano,
1663 5031 1718 5077 et
1760 5032 1968 5093 postea.
2010 5043 2028 5074 ι

444 5105 640 5163 Celsus
692 5109 860 5180 igitur
920 5111 1015 5181 qui
1076 5111 1525 5168 Marcionitarum
1589 5115 1871 5182 meminit,
1932 5117 2035 5171 sub

444 5198 692 5255 Adriano
721 5202 887 5269 vixit;
922 5204 1214 5273 scripsisse
1259 5206 1480 5275 quidem
1513 5208 1616 5261 sub
1644 5208 1888 5262 Adriano
1923 5224 2032 5262 non

443 5301 702 5360 constat,
747 5295 877 5363 quia
923 5305 1049 5365 post
1096 5297 1321 5352 Adriani
1372 5299 1659 5369 imperium
1711 5302 2031 5371 permansit.

442 5381 564 5440 Non
604 5386 752 5439 enim
782 5387 873 5442 illa
912 5389 1086 5457 probo
1125 5405 1248 5456 qua;
1298 5393 1518 5462 scripsit
1559 5393 1831 5450 Baronius
1864 5414 1877 5449 :
1916 5413 1935 5446 ι
1975 5394 2033 5450 Si

445 5475 670 5549 Origeni
725 5480 1037 5548 credimus,
1081 5483 1175 5552 qui
1224 5484 1389 5540 tradit
1433 5486 1655 5541 Celsum
1702 5486 2032 5558 Epicureum

448 5568 554 5623 sub
575 5570 818 5651 Adriano
854 5574 1143 5643 scripsisse
1183 5577 1445 5633 adversus
1491 5579 1838 5635 Christianos
1868 5581 2035 5635 Com-

448 5663 750 5719 mentarios
780 5680 932 5733 suos,
965 5666 1018 5719 in
1050 5668 1253 5736 quibus
1284 5672 1619 5725 mentionem
1649 5670 1779 5727 facit
1809 5673 2034 5729 haeresis

444 5751 741 5810 Marcionis
775 5773 789 5810 :
820 5772 1044 5813 necesse
1085 5767 1170 5812 est
1219 5760 1422 5824 dicere,
1457 5762 1569 5831 jam
1614 5772 1739 5818 ante
1764 5762 2033 5820 Antonini

443 5855 689 5916 tempora
741 5864 862 5904 esse
912 5849 1207 5908 Marcionis
1260 5856 1497 5911 haereses
1556 5856 1946 5926 promulgatas.
2008 5877 2028 5910 ι

442 5938 565 5997 Non
620 5942 765 5999 enim
829 5944 967 6001 dixit
1018 5942 1282 6015 Origenes
1345 5946 1569 6008 Celsum
1620 5951 2033 6028 subgAdriano

2137 4737 2232 4790 diu
2262 4746 2388 4789 ante
2416 4735 2510 4788 illa
2551 4743 2798 4804 tempora
2839 4735 3041 4804 quibus
3082 4736 3380 4806 primulum
3421 4745 3585 4805 caput
3628 4752 3728 4790 ex-

2137 4830 2332 4884 tulisse
2354 4829 2733 4898 episcopatum
2760 4829 3067 4884 decernunt
3092 4827 3403 4884 Blundcllus
3427 4844 3481 4884 et
3516 4828 3731 4883 Salma-

2138 4924 2278 4978 sius.
2309 4921 2436 4976 Harc
2466 4931 2651 4976 autem
2679 4923 2746 4977 de
2786 4931 2943 4979 aetate
2972 4923 3270 4979 Marcionis
3308 4941 3375 4979 ex
3407 4922 3730 4993 antiquissi-

2136 5018 2244 5073 mis
2285 5026 2530 5071 veterum
2583 5018 2960 5072 monumentis
2997 5017 3264 5088 qdecerpta
3322 5018 3388 5072 ad
3423 5017 3727 5071 eruendum

2139 5110 2418 5166 Valentini
2458 5128 2633 5167 aevum
2708 5114 3177 5184 quamplurimum
3232 5114 3433 5169 valent.
3504 5112 3727 5170 Veteres

2137 5206 2282 5259 enim
2308 5220 2502 5259 onmes
2523 5205 2719 5260 docent
2755 5221 2880 5261 eum
2930 5206 3101 5262 fuisse
3138 5205 3417 5263 Marcione
3450 5208 3729 5279 antiquio-

2137 5313 2289 5365 rem;
2350 5306 2559 5367 quanto
2632 5307 2815 5353 autem
2879 5298 3157 5368 antiquior
3226 5297 3358 5365 iuit,
3434 5300 3541 5356 hoc
3608 5316 3727 5355 mo-

2138 5394 2230 5455 do,
2260 5392 2313 5445 ni
2346 5391 2527 5457 fallor,
2556 5392 2768 5448 discere
2804 5392 3153 5462 aliquatenus
3188 5394 3514 5463 poterimus.
3552 5391 3725 5447 Nemo

2137 5488 2336 5557 estqui
2367 5502 2474 5540 non
2520 5486 2686 5539 tradit
2727 5486 3032 5541 Cerdonem
3066 5483 3362 5542 Marcionis
3394 5485 3720 5556 magistrum

2138 5580 2341 5645 fuisse;
2378 5578 2600 5649 Κέρδων
2633 5576 2689 5629 δὲ
2722 5579 2750 5629 ὀ
2784 5575 2889 5651 πρὸ
2921 5577 3267 5651 Μαρκίωνος,
3311 5597 3331 5629 ε
3369 5577 3582 5632 Cerdon
3620 5591 3722 5629 au-

2137 5679 2246 5724 tem
2271 5671 2367 5740 qui
2397 5678 2525 5724 ante
2552 5668 2908 5733 Marcionem,
2954 5687 2973 5719 »
3024 5679 3129 5724 et:
3177 5688 3196 5720 ‹
3243 5669 3488 5724 Marcion
3538 5678 3723 5724 autem

2138 5763 2219 5818 illi
2258 5763 2583 5829 succedens,
2627 5780 2645 5814 ι
2690 5762 2869 5832 inquit
2912 5761 3150 5818 lrenaeus
3208 5764 3305 5818 lib.
3357 5778 3442 5828 tu,
3493 5778 3614 5833 cap.
3662 5762 3720 5829 4,

2137 5858 2231 5927 qui
2271 5867 2327 5912 et
2364 5859 2462 5914 lib.
2517 5874 2535 5911 ι
2589 5858 2748 5913 docet
2797 5859 3099 5913 Cerdonem
3143 5875 3243 5915 sua
3299 5874 3329 5913 a
3379 5859 3722 5914 Simonianis

2137 5952 2391 6013 hausisse
2418 5970 2432 6009 ;
2462 5952 2853 6026 Διαδεξάμενος
2874 5952 2929 6007 δὲ
2963 5952 3142 6023 αὐτὸν,
3178 5955 3376 6025 inquit,
3402 5955 3431 6008 ὁ
3462 5951 3725 6018 Ποντικὸς
