  <div class='ocr_page' id='page_1' title='image "/cluster/home/n/w/nwhite01/storage/ocr_20150623/5/coo.31924054872845/178.png"; bbox 0 0 4078 6394; ppageno 0'>
   <div class='ocr_carea' id='block_1_1' title="bbox 333 396 440 455">
    <p class='ocr_par' dir='ltr' id='par_1_1' title="bbox 333 396 440 455">
     <span class='ocr_line' id='line_1_1' title="bbox 333 396 440 455; baseline -0.009 -1"><span class='ocrx_word' id='word_1_1' title='bbox 333 396 440 455; x_wconf 66' lang='lat' dir='ltr'><strong>3i!</strong></span> 
     </span>
    </p>
   </div>
   <div class='ocr_carea' id='block_1_2' title="bbox 1098 383 2815 453">
    <p class='ocr_par' dir='ltr' id='par_1_2' title="bbox 1098 383 2815 453">
     <span class='ocr_line' id='line_1_2' title="bbox 1098 383 2815 453; baseline -0.008 -1"><span class='ocrx_word' id='word_1_2' title='bbox 1098 397 1150 453; x_wconf 83' lang='lat' dir='ltr'><strong>J.</strong></span> <span class='ocrx_word' id='word_1_3' title='bbox 1196 393 1565 451; x_wconf 81' lang='lat' dir='ltr'><strong>PEARSONII</strong></span> <span class='ocrx_word' id='word_1_4' title='bbox 1602 391 1928 450; x_wconf 61' lang='lat' dir='ltr'><strong>VlNDlClIE</strong></span> <span class='ocrx_word' id='word_1_5' title='bbox 1967 388 2391 450; x_wconf 70' lang='grc' dir='ltr'><strong>ιθΝΑΤΙΑΝΑΞ.</strong></span> <span class='ocrx_word' id='word_1_6' title='bbox 2424 418 2490 430; x_wconf 89' lang='lat'><strong>-—-</strong></span> <span class='ocrx_word' id='word_1_7' title='bbox 2525 385 2710 441; x_wconf 83' lang='lat' dir='ltr'><strong>PARS</strong></span> <span class='ocrx_word' id='word_1_8' title='bbox 2749 383 2815 439; x_wconf 89' lang='lat' dir='ltr'><strong>ll.</strong></span> 
     </span>
    </p>
   </div>
   <div class='ocr_carea' id='block_1_3' title="bbox 3507 379 3613 434">
    <p class='ocr_par' dir='ltr' id='par_1_3' title="bbox 3507 379 3613 434">
     <span class='ocr_line' id='line_1_3' title="bbox 3507 379 3613 434; baseline -0.019 0"><span class='ocrx_word' id='word_1_9' title='bbox 3507 379 3613 434; x_wconf 67' lang='grc' dir='ltr'><strong>δη</strong></span> 
     </span>
    </p>
   </div>
   <div class='ocr_carea' id='block_1_4' title="bbox 335 494 1948 598">
    <p class='ocr_par' dir='ltr' id='par_1_4' title="bbox 335 517 1927 598">
     <span class='ocr_line' id='line_1_4' title="bbox 335 517 1927 598; baseline -0.006 -19"><span class='ocrx_word' id='word_1_10' title='bbox 335 523 607 598; x_wconf 73' lang='grc' dir='ltr'>Μαρκίων</span> <span class='ocrx_word' id='word_1_11' title='bbox 639 520 849 593; x_wconf 73' lang='grc' dir='ltr'>ηὔξησε</span> <span class='ocrx_word' id='word_1_12' title='bbox 881 521 942 574; x_wconf 81' lang='grc' dir='ltr'><strong>τὸ</strong></span> <span class='ocrx_word' id='word_1_13' title='bbox 972 519 1359 574; x_wconf 83' lang='grc' dir='ltr'><strong>διδασκαλεῖον.</strong></span> <span class='ocrx_word' id='word_1_14' title='bbox 1405 537 1423 570; x_wconf 75' lang='grc' dir='ltr'><strong>ι</strong></span> <span class='ocrx_word' id='word_1_15' title='bbox 1474 517 1784 573; x_wconf 85' lang='lat' dir='ltr'><strong>Succedens</strong></span> <span class='ocrx_word' id='word_1_16' title='bbox 1824 531 1927 569; x_wconf 80' lang='lat' dir='ltr'><strong>au-</strong></span> 
     </span>
    </p>
   </div>
   <div class='ocr_carea' id='block_1_5' title="bbox 2049 494 3613 598">
    <p class='ocr_par' dir='ltr' id='par_1_5' title="bbox 2049 494 3613 576">
     <span class='ocr_line' id='line_1_5' title="bbox 2049 494 3613 576; baseline -0.012 -11"><span class='ocrx_word' id='word_1_17' title='bbox 2049 511 2213 567; x_wconf 82' lang='lat' dir='ltr'><strong>Verba</strong></span> <span class='ocrx_word' id='word_1_18' title='bbox 2238 512 2402 565; x_wconf 86' lang='lat' dir='ltr'><strong>etiam</strong></span> <span class='ocrx_word' id='word_1_19' title='bbox 2432 506 2712 576; x_wconf 72' lang='lat' dir='ltr'><strong>sequentia</strong></span> <span class='ocrx_word' id='word_1_20' title='bbox 2744 502 2889 558; x_wconf 91' lang='lat' dir='ltr'><strong>idem</strong></span> <span class='ocrx_word' id='word_1_21' title='bbox 2933 499 3194 555; x_wconf 90' lang='lat' dir='ltr'><strong>evincunt</strong></span> <span class='ocrx_word' id='word_1_22' title='bbox 3225 514 3238 551; x_wconf 91' lang='lat'>:</span> <span class='ocrx_word' id='word_1_23' title='bbox 3275 515 3291 549; x_wconf 82' lang='grc' dir='ltr'><strong>ι</strong></span> <span class='ocrx_word' id='word_1_24' title='bbox 3323 494 3443 564; x_wconf 84' lang='lat' dir='ltr'><strong>Qua</strong></span> <span class='ocrx_word' id='word_1_25' title='bbox 3476 504 3613 549; x_wconf 90' lang='lat' dir='ltr'><strong>tem-</strong></span> 
     </span>
    </p>
   </div>
   <div class='ocr_carea' id='block_1_6' title="bbox 336 611 1931 673">
    <p class='ocr_par' dir='ltr' id='par_1_6' title="bbox 336 611 1931 673">
     <span class='ocr_line' id='line_1_6' title="bbox 336 611 1931 673; baseline -0.005 -2"><span class='ocrx_word' id='word_1_26' title='bbox 336 627 449 671; x_wconf 87' lang='lat' dir='ltr'><strong>tem</strong></span> <span class='ocrx_word' id='word_1_27' title='bbox 478 618 527 673; x_wconf 92' lang='lat' dir='ltr'><strong>ei</strong></span> <span class='ocrx_word' id='word_1_28' title='bbox 559 616 802 671; x_wconf 80' lang='lat' dir='ltr'><strong>Marcion</strong></span> <span class='ocrx_word' id='word_1_29' title='bbox 834 614 1096 669; x_wconf 85' lang='lat' dir='ltr'><strong>Ponticus</strong></span> <span class='ocrx_word' id='word_1_30' title='bbox 1141 615 1385 669; x_wconf 84' lang='lat' dir='ltr'><strong>scholam</strong></span> <span class='ocrx_word' id='word_1_31' title='bbox 1418 612 1590 669; x_wconf 79' lang='lat' dir='ltr'><strong>auxit.</strong></span> <span class='ocrx_word' id='word_1_32' title='bbox 1640 632 1658 666; x_wconf 77' lang='grc' dir='ltr'><strong>ι</strong></span> <span class='ocrx_word' id='word_1_33' title='bbox 1693 611 1770 666; x_wconf 89' lang='lat' dir='ltr'><strong>Ita</strong></span> <span class='ocrx_word' id='word_1_34' title='bbox 1799 611 1931 664; x_wconf 79' lang='lat' dir='ltr'><strong>Ter.</strong></span> 
     </span>
    </p>
   </div>
   <div class='ocr_carea' id='block_1_7' title="bbox 337 708 1931 780">
    <p class='ocr_par' dir='ltr' id='par_1_7' title="bbox 337 708 1931 780">
     <span class='ocr_line' id='line_1_7' title="bbox 337 708 1931 780; baseline 0 -16"><span class='ocrx_word' id='word_1_35' title='bbox 337 711 640 775; x_wconf 88' lang='lat' dir='ltr'><strong>tullianus;</strong></span> <span class='ocrx_word' id='word_1_36' title='bbox 680 710 753 764; x_wconf 90' lang='lat' dir='ltr'><strong>ita</strong></span> <span class='ocrx_word' id='word_1_37' title='bbox 789 710 1005 780; x_wconf 77' lang='lat' dir='ltr'><strong>reliqui.</strong></span> <span class='ocrx_word' id='word_1_38' title='bbox 1038 708 1103 763; x_wconf 88' lang='lat' dir='ltr'><strong>Et</strong></span> <span class='ocrx_word' id='word_1_39' title='bbox 1126 710 1346 779; x_wconf 81' lang='lat' dir='ltr'><strong>quidem</strong></span> <span class='ocrx_word' id='word_1_40' title='bbox 1376 708 1723 764; x_wconf 77' lang='lat' dir='ltr'><strong>Valentinum</strong></span> <span class='ocrx_word' id='word_1_41' title='bbox 1753 710 1931 780; x_wconf 92' lang='lat' dir='ltr'><strong>primo</strong></span> 
     </span>
    </p>
   </div>
   <div class='ocr_carea' id='block_1_8' title="bbox 337 799 1931 873">
    <p class='ocr_par' dir='ltr' id='par_1_8' title="bbox 337 799 1931 873">
     <span class='ocr_line' id='line_1_8' title="bbox 337 799 1931 873; baseline -0.001 -17"><span class='ocrx_word' id='word_1_42' title='bbox 337 802 447 856; x_wconf 86' lang='lat' dir='ltr'><strong>sub</strong></span> <span class='ocrx_word' id='word_1_43' title='bbox 478 799 692 873; x_wconf 81' lang='lat' dir='ltr'><strong>Hygino</strong></span> <span class='ocrx_word' id='word_1_44' title='bbox 725 802 956 858; x_wconf 80' lang='lat' dir='ltr'><strong>Romam</strong></span> <span class='ocrx_word' id='word_1_45' title='bbox 984 803 1222 868; x_wconf 86' lang='lat' dir='ltr'><strong>venisse,</strong></span> <span class='ocrx_word' id='word_1_46' title='bbox 1248 800 1373 856; x_wconf 87' lang='lat' dir='ltr'><strong>dein</strong></span> <span class='ocrx_word' id='word_1_47' title='bbox 1412 802 1718 863; x_wconf 81' lang='lat' dir='ltr'><strong>Cerdonem</strong></span> <span class='ocrx_word' id='word_1_48' title='bbox 1766 802 1931 856; x_wconf 89' lang='lat' dir='ltr'><strong>tradit</strong></span> 
     </span>
    </p>
   </div>
   <div class='ocr_carea' id='block_1_9' title="bbox 337 893 1929 965">
    <p class='ocr_par' dir='ltr' id='par_1_9' title="bbox 337 893 1929 965">
     <span class='ocr_line' id='line_1_9' title="bbox 337 893 1929 965; baseline 0.001 -19"><span class='ocrx_word' id='word_1_49' title='bbox 337 893 601 950; x_wconf 73' lang='lat' dir='ltr'><strong>lrenteus.</strong></span> <span class='ocrx_word' id='word_1_50' title='bbox 637 894 766 949; x_wconf 84' lang='lat' dir='ltr'><strong>Inde</strong></span> <span class='ocrx_word' id='word_1_51' title='bbox 816 904 996 949; x_wconf 88' lang='lat' dir='ltr'><strong>autem</strong></span> <span class='ocrx_word' id='word_1_52' title='bbox 1032 895 1168 949; x_wconf 89' lang='lat' dir='ltr'><strong>nihil</strong></span> <span class='ocrx_word' id='word_1_53' title='bbox 1203 895 1336 949; x_wconf 91' lang='lat' dir='ltr'><strong>certi</strong></span> <span class='ocrx_word' id='word_1_54' title='bbox 1378 893 1446 949; x_wconf 91' lang='lat' dir='ltr'><strong>de</strong></span> <span class='ocrx_word' id='word_1_55' title='bbox 1476 903 1723 965; x_wconf 88' lang='lat' dir='ltr'><strong>tempore</strong></span> <span class='ocrx_word' id='word_1_56' title='bbox 1748 894 1929 965; x_wconf 85' lang='lat' dir='ltr'><strong>colligi</strong></span> 
     </span>
    </p>
   </div>
   <div class='ocr_carea' id='block_1_10' title="bbox 338 986 1934 1058">
    <p class='ocr_par' dir='ltr' id='par_1_10' title="bbox 338 986 1934 1058">
     <span class='ocr_line' id='line_1_10' title="bbox 338 986 1934 1058; baseline 0.003 -20"><span class='ocrx_word' id='word_1_57' title='bbox 338 997 541 1058; x_wconf 80' lang='lat' dir='ltr'><strong>potest.</strong></span> <span class='ocrx_word' id='word_1_58' title='bbox 570 987 761 1044; x_wconf 87' lang='lat' dir='ltr'><strong>Nullos</strong></span> <span class='ocrx_word' id='word_1_59' title='bbox 787 990 933 1044; x_wconf 91' lang='lat' dir='ltr'><strong>enim</strong></span> <span class='ocrx_word' id='word_1_60' title='bbox 961 987 1308 1057; x_wconf 83' lang='lat' dir='ltr'><strong>pontificibus</strong></span> <span class='ocrx_word' id='word_1_61' title='bbox 1338 986 1601 1042; x_wconf 83' lang='lat' dir='ltr'><strong>Romanis</strong></span> <span class='ocrx_word' id='word_1_62' title='bbox 1639 1003 1813 1042; x_wconf 86' lang='lat' dir='ltr'><strong>annos</strong></span> <span class='ocrx_word' id='word_1_63' title='bbox 1842 1003 1934 1042; x_wconf 88' lang='lat' dir='ltr'><strong>as-</strong></span> 
     </span>
    </p>
   </div>
   <div class='ocr_carea' id='block_1_11' title="bbox 338 1079 1930 1151">
    <p class='ocr_par' dir='ltr' id='par_1_11' title="bbox 338 1079 1930 1151">
     <span class='ocr_line' id='line_1_11' title="bbox 338 1079 1930 1151; baseline -0.001 -15"><span class='ocrx_word' id='word_1_64' title='bbox 338 1082 549 1151; x_wconf 81' lang='lat' dir='ltr'><strong>signat,</strong></span> <span class='ocrx_word' id='word_1_65' title='bbox 598 1095 776 1149; x_wconf 87' lang='lat' dir='ltr'><strong>neque</strong></span> <span class='ocrx_word' id='word_1_66' title='bbox 824 1095 923 1134; x_wconf 93' lang='lat' dir='ltr'><strong>eos</strong></span> <span class='ocrx_word' id='word_1_67' title='bbox 982 1096 1108 1134; x_wconf 92' lang='lat' dir='ltr'><strong>cum</strong></span> <span class='ocrx_word' id='word_1_68' title='bbox 1176 1079 1443 1133; x_wconf 82' lang='lat' dir='ltr'><strong>Romanis</strong></span> <span class='ocrx_word' id='word_1_69' title='bbox 1506 1079 1930 1149; x_wconf 87' lang='lat' dir='ltr'><strong>imperatoribus</strong></span> 
     </span>
    </p>
   </div>
   <div class='ocr_carea' id='block_1_12' title="bbox 338 1168 1931 1240">
    <p class='ocr_par' dir='ltr' id='par_1_12' title="bbox 338 1168 1931 1240">
     <span class='ocr_line' id='line_1_12' title="bbox 338 1168 1931 1240; baseline 0.001 -17"><span class='ocrx_word' id='word_1_70' title='bbox 338 1178 632 1238; x_wconf 87' lang='lat' dir='ltr'><strong>comparat</strong></span> <span class='ocrx_word' id='word_1_71' title='bbox 662 1170 918 1225; x_wconf 74' lang='lat' dir='ltr'><strong>Irenaeus.</strong></span> <span class='ocrx_word' id='word_1_72' title='bbox 953 1168 1223 1225; x_wconf 84' lang='lat' dir='ltr'><strong>Eusebius</strong></span> <span class='ocrx_word' id='word_1_73' title='bbox 1267 1171 1487 1240; x_wconf 88' lang='lat' dir='ltr'><strong>quidem</strong></span> <span class='ocrx_word' id='word_1_74' title='bbox 1546 1171 1599 1224; x_wconf 93' lang='lat' dir='ltr'><strong>in</strong></span> <span class='ocrx_word' id='word_1_75' title='bbox 1657 1171 1931 1226; x_wconf 88' lang='lat' dir='ltr'><strong>Chronico</strong></span> 
     </span>
    </p>
   </div>
   <div class='ocr_carea' id='block_1_13' title="bbox 338 1262 1927 1335">
    <p class='ocr_par' dir='ltr' id='par_1_13' title="bbox 338 1262 1927 1335">
     <span class='ocr_line' id='line_1_13' title="bbox 338 1262 1927 1335; baseline 0.001 -20"><span class='ocrx_word' id='word_1_76' title='bbox 338 1262 585 1331; x_wconf 88' lang='lat' dir='ltr'><strong>primum</strong></span> <span class='ocrx_word' id='word_1_77' title='bbox 615 1277 821 1317; x_wconf 89' lang='lat' dir='ltr'><strong>annum</strong></span> <span class='ocrx_word' id='word_1_78' title='bbox 850 1262 1044 1335; x_wconf 87' lang='lat' dir='ltr'><strong>Hygini</strong></span> <span class='ocrx_word' id='word_1_79' title='bbox 1068 1264 1308 1318; x_wconf 89' lang='lat' dir='ltr'><strong>secundo</strong></span> <span class='ocrx_word' id='word_1_80' title='bbox 1333 1263 1595 1317; x_wconf 83' lang='lat' dir='ltr'><strong>Antonini</strong></span> <span class='ocrx_word' id='word_1_81' title='bbox 1615 1263 1696 1317; x_wconf 90' lang='lat' dir='ltr'><strong>Pii</strong></span> <span class='ocrx_word' id='word_1_82' title='bbox 1718 1264 1927 1329; x_wconf 84' lang='lat' dir='ltr'><strong>tribuit,</strong></span> 
     </span>
    </p>
   </div>
   <div class='ocr_carea' id='block_1_14' title="bbox 340 1354 1930 1426">
    <p class='ocr_par' dir='ltr' id='par_1_14' title="bbox 340 1354 1930 1426">
     <span class='ocr_line' id='line_1_14' title="bbox 340 1354 1930 1426; baseline 0.003 -18"><span class='ocrx_word' id='word_1_83' title='bbox 340 1354 654 1426; x_wconf 82' lang='lat' dir='ltr'><strong>Eutychius</strong></span> <span class='ocrx_word' id='word_1_84' title='bbox 698 1364 881 1410; x_wconf 90' lang='lat' dir='ltr'><strong>autem</strong></span> <span class='ocrx_word' id='word_1_85' title='bbox 908 1359 1075 1415; x_wconf 67' lang='lat' dir='ltr'><strong>Tsexto</strong></span> <span class='ocrx_word' id='word_1_86' title='bbox 1105 1355 1352 1412; x_wconf 89' lang='lat' dir='ltr'><strong>Adriani.</strong></span> <span class='ocrx_word' id='word_1_87' title='bbox 1391 1355 1591 1412; x_wconf 90' lang='lat' dir='ltr'><strong>Tribus</strong></span> <span class='ocrx_word' id='word_1_88' title='bbox 1639 1357 1799 1412; x_wconf 90' lang='lat' dir='ltr'><strong>annis</strong></span> <span class='ocrx_word' id='word_1_89' title='bbox 1845 1372 1930 1413; x_wconf 90' lang='lat' dir='ltr'><strong>se-</strong></span> 
     </span>
    </p>
   </div>
   <div class='ocr_carea' id='block_1_15' title="bbox 341 1445 1929 1518">
    <p class='ocr_par' dir='ltr' id='par_1_15' title="bbox 341 1445 1929 1518">
     <span class='ocr_line' id='line_1_15' title="bbox 341 1445 1929 1518; baseline 0.002 -16"><span class='ocrx_word' id='word_1_90' title='bbox 341 1448 497 1503; x_wconf 86' lang='lat' dir='ltr'><strong>disse</strong></span> <span class='ocrx_word' id='word_1_91' title='bbox 516 1448 637 1502; x_wconf 92' lang='lat' dir='ltr'><strong>vult</strong></span> <span class='ocrx_word' id='word_1_92' title='bbox 664 1445 936 1518; x_wconf 80' lang='lat' dir='ltr'><strong>Hyginum</strong></span> <span class='ocrx_word' id='word_1_93' title='bbox 974 1447 1243 1504; x_wconf 88' lang='lat' dir='ltr'><strong>Eusebius</strong></span> <span class='ocrx_word' id='word_1_94' title='bbox 1292 1467 1306 1504; x_wconf 88' lang='lat'><strong>:</strong></span> <span class='ocrx_word' id='word_1_95' title='bbox 1362 1468 1381 1501; x_wconf 77' lang='grc' dir='ltr'><strong>ι</strong></span> <span class='ocrx_word' id='word_1_96' title='bbox 1426 1448 1600 1503; x_wconf 90' lang='lat' dir='ltr'><strong>Annis</strong></span> <span class='ocrx_word' id='word_1_97' title='bbox 1638 1447 1929 1505; x_wconf 86' lang='lat' dir='ltr'><strong>duodecim</strong></span> 
     </span>
    </p>
   </div>
   <div class='ocr_carea' id='block_1_16' title="bbox 340 1540 1930 1608">
    <p class='ocr_par' dir='ltr' id='par_1_16' title="bbox 340 1540 1930 1608">
     <span class='ocr_line' id='line_1_16' title="bbox 340 1540 1930 1608; baseline 0.003 -14"><span class='ocrx_word' id='word_1_98' title='bbox 340 1540 636 1596; x_wconf 84' lang='lat' dir='ltr'><strong>mensibus</strong></span> <span class='ocrx_word' id='word_1_99' title='bbox 666 1541 866 1606; x_wconf 89' lang='lat' dir='ltr'><strong>tribus,</strong></span> <span class='ocrx_word' id='word_1_100' title='bbox 894 1542 1088 1599; x_wconf 90' lang='lat' dir='ltr'><strong>diebus</strong></span> <span class='ocrx_word' id='word_1_101' title='bbox 1116 1558 1237 1608; x_wconf 81' lang='lat' dir='ltr'><strong>sex,</strong></span> <span class='ocrx_word' id='word_1_102' title='bbox 1278 1562 1297 1595; x_wconf 84' lang='grc'><strong>›</strong></span> <span class='ocrx_word' id='word_1_103' title='bbox 1341 1552 1533 1599; x_wconf 84' lang='lat' dir='ltr'><strong>auctor</strong></span> <span class='ocrx_word' id='word_1_104' title='bbox 1569 1543 1930 1600; x_wconf 87' lang='lat' dir='ltr'><strong>vetustissimi</strong></span> 
     </span>
    </p>
   </div>
   <div class='ocr_carea' id='block_1_17' title="bbox 342 1632 1931 1707">
    <p class='ocr_par' dir='ltr' id='par_1_17' title="bbox 342 1632 1931 1707">
     <span class='ocr_line' id='line_1_17' title="bbox 342 1632 1931 1707; baseline 0.002 -20"><span class='ocrx_word' id='word_1_105' title='bbox 342 1632 586 1703; x_wconf 87' lang='lat' dir='ltr'><strong>catalogi</strong></span> <span class='ocrx_word' id='word_1_106' title='bbox 624 1633 769 1703; x_wconf 89' lang='lat' dir='ltr'><strong>apud</strong></span> <span class='ocrx_word' id='word_1_107' title='bbox 802 1633 1155 1690; x_wconf 88' lang='lat' dir='ltr'><strong>Bucherium.</strong></span> <span class='ocrx_word' id='word_1_108' title='bbox 1209 1635 1275 1690; x_wconf 90' lang='lat' dir='ltr'><strong>Et</strong></span> <span class='ocrx_word' id='word_1_109' title='bbox 1324 1652 1453 1691; x_wconf 91' lang='lat' dir='ltr'><strong>vera</strong></span> <span class='ocrx_word' id='word_1_110' title='bbox 1504 1637 1723 1707; x_wconf 87' lang='lat' dir='ltr'><strong>quidem</strong></span> <span class='ocrx_word' id='word_1_111' title='bbox 1775 1636 1931 1691; x_wconf 87' lang='lat' dir='ltr'><strong>initia</strong></span> 
     </span>
    </p>
   </div>
   <div class='ocr_carea' id='block_1_18' title="bbox 343 1726 1929 1800">
    <p class='ocr_par' dir='ltr' id='par_1_18' title="bbox 343 1726 1929 1800">
     <span class='ocr_line' id='line_1_18' title="bbox 343 1726 1929 1800; baseline 0 -19"><span class='ocrx_word' id='word_1_112' title='bbox 343 1735 467 1781; x_wconf 91' lang='lat' dir='ltr'><strong>tum</strong></span> <span class='ocrx_word' id='word_1_113' title='bbox 506 1726 739 1791; x_wconf 85' lang='lat' dir='ltr'><strong>Aniceti,</strong></span> <span class='ocrx_word' id='word_1_114' title='bbox 783 1735 898 1781; x_wconf 89' lang='lat' dir='ltr'><strong>tum</strong></span> <span class='ocrx_word' id='word_1_115' title='bbox 951 1726 1068 1791; x_wconf 89' lang='lat' dir='ltr'><strong>Pii,</strong></span> <span class='ocrx_word' id='word_1_116' title='bbox 1108 1737 1223 1783; x_wconf 91' lang='lat' dir='ltr'><strong>tum</strong></span> <span class='ocrx_word' id='word_1_117' title='bbox 1267 1726 1461 1800; x_wconf 85' lang='lat' dir='ltr'><strong>Hygini</strong></span> <span class='ocrx_word' id='word_1_118' title='bbox 1515 1728 1929 1798; x_wconf 88' lang='lat' dir='ltr'><strong>pontificatuum</strong></span> 
     </span>
    </p>
   </div>
   <div class='ocr_carea' id='block_1_19' title="bbox 342 1818 1932 1890">
    <p class='ocr_par' dir='ltr' id='par_1_19' title="bbox 342 1818 1932 1890">
     <span class='ocr_line' id='line_1_19' title="bbox 342 1818 1932 1890; baseline -0.001 -17"><span class='ocrx_word' id='word_1_119' title='bbox 342 1827 484 1888; x_wconf 89' lang='lat' dir='ltr'><strong>puto</strong></span> <span class='ocrx_word' id='word_1_120' title='bbox 506 1834 629 1873; x_wconf 87' lang='lat' dir='ltr'><strong>esse</strong></span> <span class='ocrx_word' id='word_1_121' title='bbox 656 1819 924 1875; x_wconf 81' lang='lat' dir='ltr'><strong>hactenus</strong></span> <span class='ocrx_word' id='word_1_122' title='bbox 957 1820 1253 1890; x_wconf 86' lang='lat' dir='ltr'><strong>incognita.</strong></span> <span class='ocrx_word' id='word_1_123' title='bbox 1285 1818 1364 1873; x_wconf 82' lang='lat' dir='ltr'><strong>Ex</strong></span> <span class='ocrx_word' id='word_1_124' title='bbox 1392 1820 1744 1875; x_wconf 85' lang='lat' dir='ltr'><strong>successione</strong></span> <span class='ocrx_word' id='word_1_125' title='bbox 1768 1819 1932 1890; x_wconf 87' lang='lat' dir='ltr'><strong>igitur</strong></span> 
     </span>
    </p>
   </div>
   <div class='ocr_carea' id='block_1_20' title="bbox 344 1910 1931 1982">
    <p class='ocr_par' dir='ltr' id='par_1_20' title="bbox 344 1910 1931 1982">
     <span class='ocr_line' id='line_1_20' title="bbox 344 1910 1931 1982; baseline -0.001 -18"><span class='ocrx_word' id='word_1_126' title='bbox 344 1910 736 1966; x_wconf 67' lang='lat' dir='ltr'><strong>haereticorum</strong></span> <span class='ocrx_word' id='word_1_127' title='bbox 760 1912 828 1966; x_wconf 92' lang='lat' dir='ltr'><strong>de</strong></span> <span class='ocrx_word' id='word_1_128' title='bbox 852 1912 1010 1966; x_wconf 91' lang='lat' dir='ltr'><strong>initio</strong></span> <span class='ocrx_word' id='word_1_129' title='bbox 1041 1912 1311 1967; x_wconf 81' lang='lat' dir='ltr'><strong>Valentini</strong></span> <span class='ocrx_word' id='word_1_130' title='bbox 1342 1913 1524 1981; x_wconf 90' lang='lat' dir='ltr'><strong>potius</strong></span> <span class='ocrx_word' id='word_1_131' title='bbox 1542 1912 1931 1982; x_wconf 89' lang='lat' dir='ltr'><strong>judicandum,</strong></span> 
     </span>
    </p>
   </div>
   <div class='ocr_carea' id='block_1_21' title="bbox 345 2003 1936 2060">
    <p class='ocr_par' dir='ltr' id='par_1_21' title="bbox 345 2003 1936 2060">
     <span class='ocr_line' id='line_1_21' title="bbox 345 2003 1936 2060; baseline 0.002 -3"><span class='ocrx_word' id='word_1_132' title='bbox 345 2004 480 2058; x_wconf 81' lang='lat' dir='ltr'><strong>talis</strong></span> <span class='ocrx_word' id='word_1_133' title='bbox 530 2012 713 2059; x_wconf 86' lang='lat' dir='ltr'><strong>autem</strong></span> <span class='ocrx_word' id='word_1_134' title='bbox 778 2020 809 2058; x_wconf 94' lang='lat' dir='ltr'><strong>a</strong></span> <span class='ocrx_word' id='word_1_135' title='bbox 861 2005 1139 2059; x_wconf 88' lang='lat' dir='ltr'><strong>veteribus</strong></span> <span class='ocrx_word' id='word_1_136' title='bbox 1191 2020 1381 2059; x_wconf 86' lang='lat' dir='ltr'><strong>eorum</strong></span> <span class='ocrx_word' id='word_1_137' title='bbox 1441 2004 1721 2060; x_wconf 75' lang='lat' dir='ltr'><strong>successio</strong></span> <span class='ocrx_word' id='word_1_138' title='bbox 1772 2003 1936 2060; x_wconf 84' lang='lat' dir='ltr'><strong>nobis</strong></span> 
     </span>
    </p>
   </div>
   <div class='ocr_carea' id='block_1_22' title="bbox 346 2095 1938 2165">
    <p class='ocr_par' dir='ltr' id='par_1_22' title="bbox 346 2095 1938 2165">
     <span class='ocr_line' id='line_1_22' title="bbox 346 2095 1938 2165; baseline -0.002 -14"><span class='ocrx_word' id='word_1_139' title='bbox 346 2097 554 2151; x_wconf 81' lang='lat' dir='ltr'><strong>tradita</strong></span> <span class='ocrx_word' id='word_1_140' title='bbox 605 2107 722 2163; x_wconf 90' lang='lat' dir='ltr'><strong>est;</strong></span> <span class='ocrx_word' id='word_1_141' title='bbox 772 2096 948 2151; x_wconf 87' lang='lat' dir='ltr'><strong>Cerdo</strong></span> <span class='ocrx_word' id='word_1_142' title='bbox 990 2097 1259 2152; x_wconf 87' lang='lat' dir='ltr'><strong>successit</strong></span> <span class='ocrx_word' id='word_1_143' title='bbox 1299 2096 1653 2161; x_wconf 84' lang='lat' dir='ltr'><strong>Heracleoni,</strong></span> <span class='ocrx_word' id='word_1_144' title='bbox 1703 2097 1775 2150; x_wconf 92' lang='lat' dir='ltr'><strong>ita</strong></span> <span class='ocrx_word' id='word_1_145' title='bbox 1817 2095 1938 2165; x_wconf 86' lang='lat' dir='ltr'><strong>Epi-</strong></span> 
     </span>
    </p>
   </div>
   <div class='ocr_carea' id='block_1_23' title="bbox 344 2188 1939 2262">
    <p class='ocr_par' dir='ltr' id='par_1_23' title="bbox 344 2188 1939 2262">
     <span class='ocr_line' id='line_1_23' title="bbox 344 2188 1939 2262; baseline -0.002 -19"><span class='ocrx_word' id='word_1_146' title='bbox 344 2190 593 2259; x_wconf 86' lang='lat' dir='ltr'><strong>phanius</strong></span> <span class='ocrx_word' id='word_1_147' title='bbox 628 2207 642 2243; x_wconf 89' lang='lat'><strong>:</strong></span> <span class='ocrx_word' id='word_1_148' title='bbox 676 2188 903 2262; x_wconf 84' lang='grc' dir='ltr'>Κέρδων</span> <span class='ocrx_word' id='word_1_149' title='bbox 934 2207 1017 2253; x_wconf 82' lang='grc' dir='ltr'><strong>τις</strong></span> <span class='ocrx_word' id='word_1_150' title='bbox 1050 2192 1269 2254; x_wconf 81' lang='grc' dir='ltr'><strong>τούτους</strong></span> <span class='ocrx_word' id='word_1_151' title='bbox 1296 2190 1389 2244; x_wconf 76' lang='grc' dir='ltr'>καὶ</span> <span class='ocrx_word' id='word_1_152' title='bbox 1439 2190 1528 2244; x_wconf 83' lang='grc' dir='ltr'>τὸν</span> <span class='ocrx_word' id='word_1_153' title='bbox 1591 2188 1939 2261; x_wconf 80' lang='grc' dir='ltr'><strong>Ἡρακλέωνα</strong></span> 
     </span>
    </p>
   </div>
   <div class='ocr_carea' id='block_1_24' title="bbox 345 2281 1936 2355">
    <p class='ocr_par' dir='ltr' id='par_1_24' title="bbox 345 2281 1936 2355">
     <span class='ocr_line' id='line_1_24' title="bbox 345 2281 1936 2355; baseline 0.001 -20"><span class='ocrx_word' id='word_1_154' title='bbox 345 2282 653 2353; x_wconf 78' lang='grc' dir='ltr'><strong>διαδέχεται</strong></span> <span class='ocrx_word' id='word_1_155' title='bbox 686 2285 751 2335; x_wconf 81' lang='grc' dir='ltr'>ὲκ</span> <span class='ocrx_word' id='word_1_156' title='bbox 782 2283 880 2354; x_wconf 79' lang='grc' dir='ltr'><strong>τῆς</strong></span> <span class='ocrx_word' id='word_1_157' title='bbox 911 2281 1089 2336; x_wconf 79' lang='grc' dir='ltr'>αὐτῶν</span> <span class='ocrx_word' id='word_1_158' title='bbox 1125 2284 1319 2355; x_wconf 84' lang='grc' dir='ltr'>σχολῆς</span> <span class='ocrx_word' id='word_1_159' title='bbox 1349 2282 1444 2338; x_wconf 80' lang='grc' dir='ltr'><strong>ῶν.</strong></span> <span class='ocrx_word' id='word_1_160' title='bbox 1483 2302 1502 2335; x_wconf 76' lang='grc' dir='ltr'><strong>ι</strong></span> <span class='ocrx_word' id='word_1_161' title='bbox 1553 2282 1765 2338; x_wconf 88' lang='lat' dir='ltr'><strong>Cerdon</strong></span> <span class='ocrx_word' id='word_1_162' title='bbox 1811 2282 1936 2353; x_wconf 81' lang='lat' dir='ltr'><strong>qui-</strong></span> 
     </span>
    </p>
   </div>
   <div class='ocr_carea' id='block_1_25' title="bbox 345 2374 1939 2443">
    <p class='ocr_par' dir='ltr' id='par_1_25' title="bbox 345 2374 1939 2443">
     <span class='ocr_line' id='line_1_25' title="bbox 345 2374 1939 2443; baseline -0.001 -13"><span class='ocrx_word' id='word_1_163' title='bbox 345 2376 477 2430; x_wconf 90' lang='lat' dir='ltr'><strong>dem</strong></span> <span class='ocrx_word' id='word_1_164' title='bbox 507 2376 595 2431; x_wconf 88' lang='lat' dir='ltr'><strong>bis</strong></span> <span class='ocrx_word' id='word_1_165' title='bbox 621 2384 677 2431; x_wconf 89' lang='lat' dir='ltr'><strong>et</strong></span> <span class='ocrx_word' id='word_1_166' title='bbox 716 2374 1040 2431; x_wconf 88' lang='lat' dir='ltr'><strong>Heracleoni</strong></span> <span class='ocrx_word' id='word_1_167' title='bbox 1092 2376 1352 2443; x_wconf 87' lang='lat' dir='ltr'><strong>succedit,</strong></span> <span class='ocrx_word' id='word_1_168' title='bbox 1400 2392 1467 2431; x_wconf 76' lang='lat' dir='ltr'><strong>ex</strong></span> <span class='ocrx_word' id='word_1_169' title='bbox 1520 2391 1710 2431; x_wconf 90' lang='lat' dir='ltr'><strong>eorum</strong></span> <span class='ocrx_word' id='word_1_170' title='bbox 1752 2377 1939 2431; x_wconf 87' lang='lat' dir='ltr'><strong>schola</strong></span> 
     </span>
    </p>
   </div>
   <div class='ocr_carea' id='block_1_26' title="bbox 346 2466 1941 2536">
    <p class='ocr_par' dir='ltr' id='par_1_26' title="bbox 346 2466 1941 2536">
     <span class='ocr_line' id='line_1_26' title="bbox 346 2466 1941 2536; baseline 0 -13"><span class='ocrx_word' id='word_1_171' title='bbox 346 2468 602 2523; x_wconf 75' lang='lat' dir='ltr'><strong>existens</strong></span> <span class='ocrx_word' id='word_1_172' title='bbox 634 2486 647 2523; x_wconf 92' lang='lat'><strong>:</strong></span> <span class='ocrx_word' id='word_1_173' title='bbox 681 2487 699 2520; x_wconf 78' lang='grc' dir='ltr'><strong>ι</strong></span> <span class='ocrx_word' id='word_1_174' title='bbox 743 2466 1041 2524; x_wconf 90' lang='lat' dir='ltr'><strong>Heracleon</strong></span> <span class='ocrx_word' id='word_1_175' title='bbox 1074 2469 1392 2536; x_wconf 85' lang='lat' dir='ltr'><strong>Colarbaso,</strong></span> <span class='ocrx_word' id='word_1_176' title='bbox 1436 2470 1770 2525; x_wconf 86' lang='lat' dir='ltr'><strong>Colarbasus</strong></span> <span class='ocrx_word' id='word_1_177' title='bbox 1816 2469 1941 2523; x_wconf 82' lang='lat' dir='ltr'><strong>Pto-</strong></span> 
     </span>
    </p>
   </div>
   <div class='ocr_carea' id='block_1_27' title="bbox 348 2560 1938 2634">
    <p class='ocr_par' dir='ltr' id='par_1_27' title="bbox 348 2560 1938 2634">
     <span class='ocr_line' id='line_1_27' title="bbox 348 2560 1938 2634; baseline 0.001 -19"><span class='ocrx_word' id='word_1_178' title='bbox 348 2562 571 2629; x_wconf 71' lang='lat' dir='ltr'><strong>temaeo,</strong></span> <span class='ocrx_word' id='word_1_179' title='bbox 601 2560 931 2618; x_wconf 68' lang='lat' dir='ltr'><strong>Ptolemaeus</strong></span> <span class='ocrx_word' id='word_1_180' title='bbox 970 2560 1266 2633; x_wconf 85' lang='lat' dir='ltr'><strong>Epiphani,</strong></span> <span class='ocrx_word' id='word_1_181' title='bbox 1308 2563 1619 2634; x_wconf 87' lang='lat' dir='ltr'><strong>Epiphanes</strong></span> <span class='ocrx_word' id='word_1_182' title='bbox 1666 2561 1938 2630; x_wconf 87' lang='lat' dir='ltr'><strong>Secundo,</strong></span> 
     </span>
    </p>
   </div>
   <div class='ocr_carea' id='block_1_28' title="bbox 352 2653 1940 2726">
    <p class='ocr_par' dir='ltr' id='par_1_28' title="bbox 352 2653 1940 2726">
     <span class='ocr_line' id='line_1_28' title="bbox 352 2653 1940 2726; baseline 0.001 -17"><span class='ocrx_word' id='word_1_183' title='bbox 352 2654 651 2710; x_wconf 87' lang='lat' dir='ltr'><strong>Secundus</strong></span> <span class='ocrx_word' id='word_1_184' title='bbox 682 2653 973 2711; x_wconf 89' lang='lat' dir='ltr'><strong>Valentino</strong></span> <span class='ocrx_word' id='word_1_185' title='bbox 999 2657 1287 2711; x_wconf 90' lang='lat' dir='ltr'><strong>successit.</strong></span> <span class='ocrx_word' id='word_1_186' title='bbox 1320 2654 1642 2712; x_wconf 87' lang='lat' dir='ltr'><strong>Valentinus</strong></span> <span class='ocrx_word' id='word_1_187' title='bbox 1674 2657 1857 2726; x_wconf 79' lang='lat' dir='ltr'><strong>igitur,</strong></span> <span class='ocrx_word' id='word_1_188' title='bbox 1909 2672 1940 2711; x_wconf 93' lang='lat' dir='ltr'><strong>e</strong></span> 
     </span>
    </p>
   </div>
   <div class='ocr_carea' id='block_1_29' title="bbox 349 2749 1941 2820">
    <p class='ocr_par' dir='ltr' id='par_1_29' title="bbox 349 2749 1941 2820">
     <span class='ocr_line' id='line_1_29' title="bbox 349 2749 1941 2820; baseline -0.001 -16"><span class='ocrx_word' id='word_1_189' title='bbox 349 2749 519 2818; x_wconf 89' lang='lat' dir='ltr'><strong>cujus</strong></span> <span class='ocrx_word' id='word_1_190' title='bbox 558 2749 745 2804; x_wconf 86' lang='lat' dir='ltr'><strong>schola</strong></span> <span class='ocrx_word' id='word_1_191' title='bbox 778 2750 975 2820; x_wconf 87' lang='lat' dir='ltr'><strong>reliqui</strong></span> <span class='ocrx_word' id='word_1_192' title='bbox 1011 2751 1350 2819; x_wconf 88' lang='lat' dir='ltr'><strong>prodierunt,</strong></span> <span class='ocrx_word' id='word_1_193' title='bbox 1388 2766 1495 2805; x_wconf 88' lang='lat' dir='ltr'><strong>non</strong></span> <span class='ocrx_word' id='word_1_194' title='bbox 1547 2751 1737 2820; x_wconf 89' lang='lat' dir='ltr'><strong>paucis</strong></span> <span class='ocrx_word' id='word_1_195' title='bbox 1782 2751 1941 2804; x_wconf 91' lang='lat' dir='ltr'><strong>annis</strong></span> 
     </span>
    </p>
   </div>
   <div class='ocr_carea' id='block_1_30' title="bbox 350 2840 1943 2913">
    <p class='ocr_par' dir='ltr' id='par_1_30' title="bbox 350 2840 1943 2913">
     <span class='ocr_line' id='line_1_30' title="bbox 350 2840 1943 2913; baseline 0.001 -19"><span class='ocrx_word' id='word_1_196' title='bbox 350 2840 609 2913; x_wconf 88' lang='lat' dir='ltr'><strong>Cerdone</strong></span> <span class='ocrx_word' id='word_1_197' title='bbox 642 2842 897 2911; x_wconf 89' lang='lat' dir='ltr'><strong>superior</strong></span> <span class='ocrx_word' id='word_1_198' title='bbox 925 2842 1049 2896; x_wconf 91' lang='lat' dir='ltr'><strong>fuit.</strong></span> <span class='ocrx_word' id='word_1_199' title='bbox 1092 2840 1149 2895; x_wconf 91' lang='lat' dir='ltr'><strong>Si</strong></span> <span class='ocrx_word' id='word_1_200' title='bbox 1183 2852 1363 2897; x_wconf 90' lang='lat' dir='ltr'><strong>autem</strong></span> <span class='ocrx_word' id='word_1_201' title='bbox 1397 2842 1701 2897; x_wconf 91' lang='lat' dir='ltr'><strong>Cerdonem</strong></span> <span class='ocrx_word' id='word_1_202' title='bbox 1734 2850 1943 2896; x_wconf 89' lang='lat' dir='ltr'><strong>statua-</strong></span> 
     </span>
    </p>
   </div>
   <div class='ocr_carea' id='block_1_31' title="bbox 350 2933 1941 3003">
    <p class='ocr_par' dir='ltr' id='par_1_31' title="bbox 350 2933 1941 3003">
     <span class='ocr_line' id='line_1_31' title="bbox 350 2933 1941 3003; baseline 0 -17"><span class='ocrx_word' id='word_1_203' title='bbox 350 2948 485 2987; x_wconf 87' lang='lat' dir='ltr'><strong>mus</strong></span> <span class='ocrx_word' id='word_1_204' title='bbox 516 2934 563 2988; x_wconf 91' lang='lat' dir='ltr'><strong>si</strong></span> <span class='ocrx_word' id='word_1_205' title='bbox 593 2949 703 2988; x_wconf 87' lang='lat' dir='ltr'><strong>non</strong></span> <span class='ocrx_word' id='word_1_206' title='bbox 730 2942 876 3000; x_wconf 88' lang='lat' dir='ltr'><strong>ante,</strong></span> <span class='ocrx_word' id='word_1_207' title='bbox 909 2934 1030 3003; x_wconf 88' lang='lat' dir='ltr'><strong>ipso</strong></span> <span class='ocrx_word' id='word_1_208' title='bbox 1063 2942 1246 2989; x_wconf 90' lang='lat' dir='ltr'><strong>tamen</strong></span> <span class='ocrx_word' id='word_1_209' title='bbox 1290 2934 1476 2989; x_wconf 90' lang='lat' dir='ltr'><strong>statim</strong></span> <span class='ocrx_word' id='word_1_210' title='bbox 1518 2934 1675 2988; x_wconf 91' lang='lat' dir='ltr'><strong>initio</strong></span> <span class='ocrx_word' id='word_1_211' title='bbox 1713 2933 1941 2988; x_wconf 87' lang='lat' dir='ltr'><strong>Adriani</strong></span> 
     </span>
    </p>
   </div>
   <div class='ocr_carea' id='block_1_32' title="bbox 350 3025 1944 3097">
    <p class='ocr_par' dir='ltr' id='par_1_32' title="bbox 350 3025 1944 3097">
     <span class='ocr_line' id='line_1_32' title="bbox 350 3025 1944 3097; baseline -0.001 -16"><span class='ocrx_word' id='word_1_212' title='bbox 350 3042 459 3081; x_wconf 90' lang='lat' dir='ltr'><strong>sua</strong></span> <span class='ocrx_word' id='word_1_213' title='bbox 491 3027 684 3082; x_wconf 89' lang='lat' dir='ltr'><strong>deliria</strong></span> <span class='ocrx_word' id='word_1_214' title='bbox 722 3027 1141 3092; x_wconf 90' lang='lat' dir='ltr'><strong>disseminasse,</strong></span> <span class='ocrx_word' id='word_1_215' title='bbox 1186 3026 1333 3097; x_wconf 90' lang='lat' dir='ltr'><strong>quod</strong></span> <span class='ocrx_word' id='word_1_216' title='bbox 1377 3026 1616 3080; x_wconf 77' lang='lat' dir='ltr'><strong>maxime</strong></span> <span class='ocrx_word' id='word_1_217' title='bbox 1661 3025 1944 3095; x_wconf 88' lang='lat' dir='ltr'><strong>probabile</strong></span> 
     </span>
    </p>
   </div>
   <div class='ocr_carea' id='block_1_33' title="bbox 350 3117 1942 3190">
    <p class='ocr_par' dir='ltr' id='par_1_33' title="bbox 350 3117 1942 3190">
     <span class='ocr_line' id='line_1_33' title="bbox 350 3117 1942 3190; baseline -0.001 -16"><span class='ocrx_word' id='word_1_218' title='bbox 350 3119 720 3187; x_wconf 91' lang='lat' dir='ltr'><strong>reddidimus,</strong></span> <span class='ocrx_word' id='word_1_219' title='bbox 774 3136 938 3175; x_wconf 87' lang='lat' dir='ltr'><strong>nemo</strong></span> <span class='ocrx_word' id='word_1_220' title='bbox 983 3119 1203 3190; x_wconf 81' lang='lat' dir='ltr'><strong>negabit</strong></span> <span class='ocrx_word' id='word_1_221' title='bbox 1250 3119 1413 3175; x_wconf 86' lang='lat' dir='ltr'><strong>etiam</strong></span> <span class='ocrx_word' id='word_1_222' title='bbox 1454 3117 1799 3173; x_wconf 86' lang='lat' dir='ltr'><strong>Valentinum</strong></span> <span class='ocrx_word' id='word_1_223' title='bbox 1843 3134 1942 3173; x_wconf 89' lang='lat' dir='ltr'><strong>sua</strong></span> 
     </span>
    </p>
   </div>
   <div class='ocr_carea' id='block_1_34' title="bbox 2031 586 3617 675">
    <p class='ocr_par' dir='ltr' id='par_1_34' title="bbox 2031 586 3617 675">
     <span class='ocr_line' id='line_1_34' title="bbox 2031 586 3617 675; baseline -0.013 -15"><span class='ocrx_word' id='word_1_224' title='bbox 2031 613 2239 675; x_wconf 89' lang='lat' dir='ltr'><strong>pestate</strong></span> <span class='ocrx_word' id='word_1_225' title='bbox 2259 611 2312 658; x_wconf 92' lang='lat' dir='ltr'><strong>et</strong></span> <span class='ocrx_word' id='word_1_226' title='bbox 2342 599 2668 656; x_wconf 90' lang='lat' dir='ltr'><strong>Chochebas</strong></span> <span class='ocrx_word' id='word_1_227' title='bbox 2694 596 2807 651; x_wconf 84' lang='lat' dir='ltr'><strong>dux</strong></span> <span class='ocrx_word' id='word_1_228' title='bbox 2852 592 3095 647; x_wconf 69' lang='lat' dir='ltr'><strong>Iudaicae</strong></span> <span class='ocrx_word' id='word_1_229' title='bbox 3144 589 3402 646; x_wconf 82' lang='lat' dir='ltr'><strong>factionis</strong></span> <span class='ocrx_word' id='word_1_230' title='bbox 3452 586 3617 651; x_wconf 80' lang='lat' dir='ltr'><strong>Chri—</strong></span> 
     </span>
    </p>
   </div>
   <div class='ocr_carea' id='block_1_35' title="bbox 2031 679 3613 759">
    <p class='ocr_par' dir='ltr' id='par_1_35' title="bbox 2031 679 3613 759">
     <span class='ocr_line' id='line_1_35' title="bbox 2031 679 3613 759; baseline -0.011 -10"><span class='ocrx_word' id='word_1_231' title='bbox 2031 696 2241 750; x_wconf 91' lang='lat' dir='ltr'><strong>stianos</strong></span> <span class='ocrx_word' id='word_1_232' title='bbox 2276 693 2442 748; x_wconf 91' lang='lat' dir='ltr'><strong>variis</strong></span> <span class='ocrx_word' id='word_1_233' title='bbox 2488 687 2773 759; x_wconf 88' lang='lat' dir='ltr'><strong>suppliciis</strong></span> <span class='ocrx_word' id='word_1_234' title='bbox 2825 684 3093 740; x_wconf 86' lang='lat' dir='ltr'><strong>enecavit.</strong></span> <span class='ocrx_word' id='word_1_235' title='bbox 3149 703 3168 735; x_wconf 75' lang='grc' dir='ltr'><strong>ι</strong></span> <span class='ocrx_word' id='word_1_236' title='bbox 3223 681 3305 736; x_wconf 87' lang='lat' dir='ltr'><strong>Ad</strong></span> <span class='ocrx_word' id='word_1_237' title='bbox 3356 679 3613 735; x_wconf 92' lang='lat' dir='ltr'><strong>eumdem</strong></span> 
     </span>
    </p>
   </div>
   <div class='ocr_carea' id='block_1_36' title="bbox 2030 768 3614 840">
    <p class='ocr_par' dir='ltr' id='par_1_36' title="bbox 2030 768 3614 840">
     <span class='ocr_line' id='line_1_36' title="bbox 2030 768 3614 840; baseline -0.012 0"><span class='ocrx_word' id='word_1_238' title='bbox 2030 787 2177 840; x_wconf 90' lang='lat' dir='ltr'><strong>enim</strong></span> <span class='ocrx_word' id='word_1_239' title='bbox 2202 782 2428 839; x_wconf 88' lang='lat' dir='ltr'><strong>Adriani</strong></span> <span class='ocrx_word' id='word_1_240' title='bbox 2450 796 2655 837; x_wconf 89' lang='lat' dir='ltr'><strong>annum</strong></span> <span class='ocrx_word' id='word_1_241' title='bbox 2685 779 2739 832; x_wconf 94' lang='lat' dir='ltr'><strong>in</strong></span> <span class='ocrx_word' id='word_1_242' title='bbox 2761 776 3039 832; x_wconf 88' lang='lat' dir='ltr'><strong>Chronico</strong></span> <span class='ocrx_word' id='word_1_243' title='bbox 3066 772 3282 829; x_wconf 89' lang='lat' dir='ltr'><strong>Eusebii</strong></span> <span class='ocrx_word' id='word_1_244' title='bbox 3306 771 3422 826; x_wconf 61' lang='lat' dir='ltr'><strong>haec</strong></span> <span class='ocrx_word' id='word_1_245' title='bbox 3445 768 3614 824; x_wconf 85' lang='lat' dir='ltr'><strong>verba</strong></span> 
     </span>
    </p>
   </div>
   <div class='ocr_carea' id='block_1_37' title="bbox 2030 860 3614 949">
    <p class='ocr_par' dir='ltr' id='par_1_37' title="bbox 2030 860 3614 949">
     <span class='ocr_line' id='line_1_37' title="bbox 2030 860 3614 949; baseline -0.011 -17"><span class='ocrx_word' id='word_1_246' title='bbox 2030 877 2307 949; x_wconf 86' lang='lat' dir='ltr'><strong>prioribus</strong></span> <span class='ocrx_word' id='word_1_247' title='bbox 2340 875 2750 944; x_wconf 72' lang='lat' dir='ltr'><strong>subiunguntur</strong></span> <span class='ocrx_word' id='word_1_248' title='bbox 2779 888 2793 923; x_wconf 91' lang='lat'><strong>:</strong></span> <span class='ocrx_word' id='word_1_249' title='bbox 2825 887 2844 920; x_wconf 78' lang='grc' dir='ltr'>ί</span> <span class='ocrx_word' id='word_1_250' title='bbox 2876 866 3199 922; x_wconf 89' lang='lat' dir='ltr'><strong>Chochebas</strong></span> <span class='ocrx_word' id='word_1_251' title='bbox 3228 865 3339 919; x_wconf 79' lang='lat' dir='ltr'><strong>dux</strong></span> <span class='ocrx_word' id='word_1_252' title='bbox 3369 860 3614 916; x_wconf 67' lang='lat' dir='ltr'><strong>Iudaicae</strong></span> 
     </span>
    </p>
   </div>
   <div class='ocr_carea' id='block_1_38' title="bbox 2030 949 3614 1025">
    <p class='ocr_par' dir='ltr' id='par_1_38' title="bbox 2030 949 3614 1025">
     <span class='ocr_line' id='line_1_38' title="bbox 2030 949 3614 1025; baseline -0.011 0"><span class='ocrx_word' id='word_1_253' title='bbox 2030 970 2287 1025; x_wconf 81' lang='lat' dir='ltr'><strong>factionis</strong></span> <span class='ocrx_word' id='word_1_254' title='bbox 2334 968 2582 1021; x_wconf 90' lang='lat' dir='ltr'><strong>nolentes</strong></span> <span class='ocrx_word' id='word_1_255' title='bbox 2622 963 2724 1019; x_wconf 89' lang='lat' dir='ltr'><strong>sibi</strong></span> <span class='ocrx_word' id='word_1_256' title='bbox 2769 960 3119 1015; x_wconf 90' lang='lat' dir='ltr'><strong>Christianos</strong></span> <span class='ocrx_word' id='word_1_257' title='bbox 3169 956 3458 1011; x_wconf 90' lang='lat' dir='ltr'><strong>adversum</strong></span> <span class='ocrx_word' id='word_1_258' title='bbox 3501 949 3614 1007; x_wconf 87' lang='lat' dir='ltr'><strong>Ro-</strong></span> 
     </span>
    </p>
   </div>
   <div class='ocr_carea' id='block_1_39' title="bbox 2030 1047 3613 1119">
    <p class='ocr_par' dir='ltr' id='par_1_39' title="bbox 2030 1047 3613 1119">
     <span class='ocr_line' id='line_1_39' title="bbox 2030 1047 3613 1119; baseline -0.012 0"><span class='ocrx_word' id='word_1_259' title='bbox 2030 1079 2255 1119; x_wconf 91' lang='lat' dir='ltr'><strong>manum</strong></span> <span class='ocrx_word' id='word_1_260' title='bbox 2277 1062 2504 1117; x_wconf 88' lang='lat' dir='ltr'><strong>militem</strong></span> <span class='ocrx_word' id='word_1_261' title='bbox 2534 1058 2676 1114; x_wconf 86' lang='lat' dir='ltr'><strong>ferre</strong></span> <span class='ocrx_word' id='word_1_262' title='bbox 2702 1054 3008 1111; x_wconf 89' lang='lat' dir='ltr'><strong>subsidium</strong></span> <span class='ocrx_word' id='word_1_263' title='bbox 3047 1050 3378 1108; x_wconf 90' lang='lat' dir='ltr'><strong>omnimodis</strong></span> <span class='ocrx_word' id='word_1_264' title='bbox 3399 1047 3613 1103; x_wconf 89' lang='lat' dir='ltr'><strong>crucia-</strong></span> 
     </span>
    </p>
   </div>
   <div class='ocr_carea' id='block_1_40' title="bbox 2031 1146 3612 1224">
    <p class='ocr_par' dir='ltr' id='par_1_40' title="bbox 2031 1146 3612 1224">
     <span class='ocr_line' id='line_1_40' title="bbox 2031 1146 3612 1224; baseline -0.009 -10"><span class='ocrx_word' id='word_1_265' title='bbox 2031 1161 2178 1215; x_wconf 89' lang='lat' dir='ltr'><strong>tibus</strong></span> <span class='ocrx_word' id='word_1_266' title='bbox 2205 1166 2381 1213; x_wconf 89' lang='lat' dir='ltr'><strong>necat.</strong></span> <span class='ocrx_word' id='word_1_267' title='bbox 2423 1176 2441 1208; x_wconf 78' lang='grc' dir='ltr'><strong>ι</strong></span> <span class='ocrx_word' id='word_1_268' title='bbox 2477 1155 2615 1209; x_wconf 91' lang='lat' dir='ltr'><strong>Eum</strong></span> <span class='ocrx_word' id='word_1_269' title='bbox 2668 1153 2833 1224; x_wconf 88' lang='lat' dir='ltr'><strong>igitur</strong></span> <span class='ocrx_word' id='word_1_270' title='bbox 2882 1166 3113 1215; x_wconf 91' lang='lat' dir='ltr'><strong>annum,</strong></span> <span class='ocrx_word' id='word_1_271' title='bbox 3167 1164 3327 1219; x_wconf 90' lang='lat' dir='ltr'><strong>quem</strong></span> <span class='ocrx_word' id='word_1_272' title='bbox 3369 1146 3612 1217; x_wconf 72' lang='lat' dir='ltr'><strong>_Dallaeus</strong></span> 
     </span>
    </p>
   </div>
   <div class='ocr_carea' id='block_1_41' title="bbox 2029 1240 3619 1324">
    <p class='ocr_par' dir='ltr' id='par_1_41' title="bbox 2029 1240 3619 1324">
     <span class='ocr_line' id='line_1_41' title="bbox 2029 1240 3619 1324; baseline -0.011 -15"><span class='ocrx_word' id='word_1_273' title='bbox 2029 1270 2129 1324; x_wconf 88' lang='lat' dir='ltr'><strong>pro</strong></span> <span class='ocrx_word' id='word_1_274' title='bbox 2158 1268 2255 1309; x_wconf 87' lang='lat' dir='ltr'><strong>sua</strong></span> <span class='ocrx_word' id='word_1_275' title='bbox 2288 1250 2556 1306; x_wconf 79' lang='lat' dir='ltr'><strong>sententia</strong></span> <span class='ocrx_word' id='word_1_276' title='bbox 2593 1246 2847 1317; x_wconf 86' lang='lat' dir='ltr'><strong>arripuit,</strong></span> <span class='ocrx_word' id='word_1_277' title='bbox 2878 1260 2979 1314; x_wconf 89' lang='lat' dir='ltr'><strong>pro</strong></span> <span class='ocrx_word' id='word_1_278' title='bbox 3008 1252 3211 1299; x_wconf 73' lang='lat' dir='ltr'><strong>nostra:</strong></span> <span class='ocrx_word' id='word_1_279' title='bbox 3252 1240 3619 1295; x_wconf 87' lang='lat' dir='ltr'><strong>fundamento</strong></span> 
     </span>
    </p>
   </div>
   <div class='ocr_carea' id='block_1_42' title="bbox 2030 1331 3616 1418">
    <p class='ocr_par' dir='ltr' id='par_1_42' title="bbox 2030 1331 3616 1418">
     <span class='ocr_line' id='line_1_42' title="bbox 2030 1331 3616 1418; baseline -0.01 -17"><span class='ocrx_word' id='word_1_280' title='bbox 2030 1362 2211 1418; x_wconf 90' lang='lat' dir='ltr'><strong>pono;</strong></span> <span class='ocrx_word' id='word_1_281' title='bbox 2239 1356 2293 1399; x_wconf 92' lang='lat' dir='ltr'><strong>et</strong></span> <span class='ocrx_word' id='word_1_282' title='bbox 2310 1342 2603 1397; x_wconf 87' lang='lat' dir='ltr'><strong>Basilidem</strong></span> <span class='ocrx_word' id='word_1_283' title='bbox 2631 1354 2779 1394; x_wconf 90' lang='lat' dir='ltr'><strong>anno</strong></span> <span class='ocrx_word' id='word_1_284' title='bbox 2806 1339 2873 1391; x_wconf 79' lang='grc'><strong>17</strong></span> <span class='ocrx_word' id='word_1_285' title='bbox 2908 1336 3159 1405; x_wconf 88' lang='lat' dir='ltr'><strong>Adriani,</strong></span> <span class='ocrx_word' id='word_1_286' title='bbox 3198 1342 3323 1404; x_wconf 85' lang='lat' dir='ltr'><strong>post</strong></span> <span class='ocrx_word' id='word_1_287' title='bbox 3355 1331 3416 1388; x_wconf 91' lang='lat' dir='ltr'><strong>S.</strong></span> <span class='ocrx_word' id='word_1_288' title='bbox 3458 1332 3616 1403; x_wconf 86' lang='lat' dir='ltr'><strong>lgna-</strong></span> 
     </span>
    </p>
   </div>
   <div class='ocr_carea' id='block_1_43' title="bbox 2033 1432 3611 1509">
    <p class='ocr_par' dir='ltr' id='par_1_43' title="bbox 2033 1432 3611 1509">
     <span class='ocr_line' id='line_1_43' title="bbox 2033 1432 3611 1509; baseline -0.01 -15"><span class='ocrx_word' id='word_1_289' title='bbox 2033 1440 2093 1494; x_wconf 91' lang='lat' dir='ltr'><strong>tii</strong></span> <span class='ocrx_word' id='word_1_290' title='bbox 2138 1438 2463 1509; x_wconf 84' lang='lat' dir='ltr'><strong>martyrium</strong></span> <span class='ocrx_word' id='word_1_291' title='bbox 2511 1435 2732 1491; x_wconf 87' lang='lat' dir='ltr'><strong>circiter</strong></span> <span class='ocrx_word' id='word_1_292' title='bbox 2767 1432 2838 1488; x_wconf 74' lang='grc'><strong>27</strong></span> <span class='ocrx_word' id='word_1_293' title='bbox 2893 1440 3176 1487; x_wconf 90' lang='lat' dir='ltr'><strong>mortuum</strong></span> <span class='ocrx_word' id='word_1_294' title='bbox 3227 1444 3352 1484; x_wconf 88' lang='lat' dir='ltr'><strong>esse</strong></span> <span class='ocrx_word' id='word_1_295' title='bbox 3409 1434 3611 1482; x_wconf 86' lang='lat' dir='ltr'><strong>statuo.</strong></span> 
     </span>
    </p>
   </div>
   <div class='ocr_carea' id='block_1_44' title="bbox 2030 1515 3617 1589">
    <p class='ocr_par' dir='ltr' id='par_1_44' title="bbox 2030 1515 3617 1589">
     <span class='ocr_line' id='line_1_44' title="bbox 2030 1515 3617 1589; baseline -0.011 -4"><span class='ocrx_word' id='word_1_296' title='bbox 2030 1530 2171 1585; x_wconf 92' lang='lat' dir='ltr'><strong>Dum</strong></span> <span class='ocrx_word' id='word_1_297' title='bbox 2220 1538 2400 1584; x_wconf 91' lang='lat' dir='ltr'><strong>autem</strong></span> <span class='ocrx_word' id='word_1_298' title='bbox 2439 1526 2670 1583; x_wconf 87' lang='lat' dir='ltr'><strong>schedas</strong></span> <span class='ocrx_word' id='word_1_299' title='bbox 2699 1523 2965 1579; x_wconf 87' lang='lat' dir='ltr'><strong>Notarum</strong></span> <span class='ocrx_word' id='word_1_300' title='bbox 3010 1519 3244 1575; x_wconf 83' lang='lat' dir='ltr'><strong>Joannis</strong></span> <span class='ocrx_word' id='word_1_301' title='bbox 3272 1515 3617 1589; x_wconf 77' lang='lat' dir='ltr'><strong>Coteleriiin</strong></span> 
     </span>
    </p>
   </div>
   <div class='ocr_carea' id='block_1_45' title="bbox 2030 1608 3619 1690">
    <p class='ocr_par' dir='ltr' id='par_1_45' title="bbox 2030 1608 3619 1690">
     <span class='ocr_line' id='line_1_45' title="bbox 2030 1608 3619 1690; baseline -0.012 -10"><span class='ocrx_word' id='word_1_302' title='bbox 2030 1622 2467 1680; x_wconf 88' lang='lat' dir='ltr'><strong>Constitutiones</strong></span> <span class='ocrx_word' id='word_1_303' title='bbox 2506 1619 2836 1690; x_wconf 90' lang='lat' dir='ltr'><strong>apostolicas</strong></span> <span class='ocrx_word' id='word_1_304' title='bbox 2866 1615 3192 1671; x_wconf 81' lang='lat' dir='ltr'><strong>festinanter</strong></span> <span class='ocrx_word' id='word_1_305' title='bbox 3231 1612 3431 1677; x_wconf 90' lang='lat' dir='ltr'><strong>lustro,</strong></span> <span class='ocrx_word' id='word_1_306' title='bbox 3460 1608 3619 1662; x_wconf 91' lang='lat' dir='ltr'><strong>video</strong></span> 
     </span>
    </p>
   </div>
   <div class='ocr_carea' id='block_1_46' title="bbox 2032 1709 3622 1786">
    <p class='ocr_par' dir='ltr' id='par_1_46' title="bbox 2032 1709 3622 1786">
     <span class='ocr_line' id='line_1_46' title="bbox 2032 1709 3622 1786; baseline -0.013 -11"><span class='ocrx_word' id='word_1_307' title='bbox 2032 1736 2156 1775; x_wconf 91' lang='lat' dir='ltr'><strong>eum</strong></span> <span class='ocrx_word' id='word_1_308' title='bbox 2190 1718 2345 1773; x_wconf 86' lang='lat' dir='ltr'><strong>aliter</strong></span> <span class='ocrx_word' id='word_1_309' title='bbox 2380 1716 2769 1786; x_wconf 85' lang='lat' dir='ltr'><strong>Hieronymum</strong></span> <span class='ocrx_word' id='word_1_310' title='bbox 2806 1709 3130 1780; x_wconf 88' lang='lat' dir='ltr'><strong>intelligere,</strong></span> <span class='ocrx_word' id='word_1_311' title='bbox 3169 1714 3225 1761; x_wconf 87' lang='lat' dir='ltr'><strong>et</strong></span> <span class='ocrx_word' id='word_1_312' title='bbox 3260 1720 3361 1775; x_wconf 90' lang='lat' dir='ltr'><strong>pro</strong></span> <span class='ocrx_word' id='word_1_313' title='bbox 3418 1722 3437 1753; x_wconf 72' lang='grc' dir='ltr'><strong>ι</strong></span> <span class='ocrx_word' id='word_1_314' title='bbox 3470 1717 3622 1756; x_wconf 89' lang='lat' dir='ltr'><strong>mor-</strong></span> 
     </span>
    </p>
   </div>
   <div class='ocr_carea' id='block_1_47' title="bbox 2036 1791 3617 1878">
    <p class='ocr_par' dir='ltr' id='par_1_47' title="bbox 2036 1791 3617 1878">
     <span class='ocr_line' id='line_1_47' title="bbox 2036 1791 3617 1878; baseline -0.015 -11"><span class='ocrx_word' id='word_1_315' title='bbox 2036 1824 2164 1867; x_wconf 89' lang='lat' dir='ltr'><strong>tuus</strong></span> <span class='ocrx_word' id='word_1_316' title='bbox 2196 1822 2281 1865; x_wconf 86' lang='lat' dir='ltr'><strong>est.</strong></span> <span class='ocrx_word' id='word_1_317' title='bbox 2314 1828 2332 1860; x_wconf 83' lang='grc'>›</span> <span class='ocrx_word' id='word_1_318' title='bbox 2368 1809 2546 1878; x_wconf 89' lang='lat' dir='ltr'><strong>legere</strong></span> <span class='ocrx_word' id='word_1_319' title='bbox 2577 1824 2596 1853; x_wconf 76' lang='grc' dir='ltr'>σ</span> <span class='ocrx_word' id='word_1_320' title='bbox 2642 1811 2892 1859; x_wconf 90' lang='lat' dir='ltr'><strong>moratus</strong></span> <span class='ocrx_word' id='word_1_321' title='bbox 2920 1808 3023 1856; x_wconf 90' lang='lat' dir='ltr'><strong>est.</strong></span> <span class='ocrx_word' id='word_1_322' title='bbox 3062 1819 3080 1851; x_wconf 74' lang='grc' dir='ltr'><strong>ι</strong></span> <span class='ocrx_word' id='word_1_323' title='bbox 3118 1796 3273 1863; x_wconf 88' lang='lat' dir='ltr'><strong>Quod</strong></span> <span class='ocrx_word' id='word_1_324' title='bbox 3308 1802 3369 1848; x_wconf 94' lang='lat' dir='ltr'><strong>ut</strong></span> <span class='ocrx_word' id='word_1_325' title='bbox 3392 1791 3617 1855; x_wconf 90' lang='lat' dir='ltr'><strong>faceret,</strong></span> 
     </span>
    </p>
   </div>
   <div class='ocr_carea' id='block_1_48' title="bbox 2040 1888 3618 1965">
    <p class='ocr_par' dir='ltr' id='par_1_48' title="bbox 2040 1888 3618 1965">
     <span class='ocr_line' id='line_1_48' title="bbox 2040 1888 3618 1965; baseline -0.014 -4"><span class='ocrx_word' id='word_1_326' title='bbox 2040 1907 2140 1960; x_wconf 89' lang='lat' dir='ltr'><strong>tria</strong></span> <span class='ocrx_word' id='word_1_327' title='bbox 2172 1904 2351 1959; x_wconf 90' lang='lat' dir='ltr'><strong>virum</strong></span> <span class='ocrx_word' id='word_1_328' title='bbox 2400 1902 2552 1956; x_wconf 90' lang='lat' dir='ltr'><strong>illum</strong></span> <span class='ocrx_word' id='word_1_329' title='bbox 2594 1898 2871 1955; x_wconf 89' lang='lat' dir='ltr'><strong>eruditum</strong></span> <span class='ocrx_word' id='word_1_330' title='bbox 2905 1899 3313 1965; x_wconf 80' lang='lat' dir='ltr'><strong>permoverunt.</strong></span> <span class='ocrx_word' id='word_1_331' title='bbox 3348 1888 3618 1949; x_wconf 89' lang='lat' dir='ltr'><strong>Primum,</strong></span> 
     </span>
    </p>
   </div>
   <div class='ocr_carea' id='block_1_49' title="bbox 2038 1984 3623 2070">
    <p class='ocr_par' dir='ltr' id='par_1_49' title="bbox 2038 1984 3623 2070">
     <span class='ocr_line' id='line_1_49' title="bbox 2038 1984 3623 2070; baseline -0.015 -16"><span class='ocrx_word' id='word_1_332' title='bbox 2038 1999 2185 2070; x_wconf 91' lang='lat' dir='ltr'><strong>quod</strong></span> <span class='ocrx_word' id='word_1_333' title='bbox 2213 1999 2368 2051; x_wconf 90' lang='lat' dir='ltr'><strong>locus</strong></span> <span class='ocrx_word' id='word_1_334' title='bbox 2398 1993 2645 2061; x_wconf 82' lang='lat' dir='ltr'><strong>Catalogi</strong></span> <span class='ocrx_word' id='word_1_335' title='bbox 2688 1991 2766 2045; x_wconf 89' lang='lat' dir='ltr'><strong>illi</strong></span> <span class='ocrx_word' id='word_1_336' title='bbox 2812 1989 2955 2059; x_wconf 91' lang='lat' dir='ltr'><strong>apud</strong></span> <span class='ocrx_word' id='word_1_337' title='bbox 3000 1984 3314 2043; x_wconf 89' lang='lat' dir='ltr'><strong>Chronicon</strong></span> <span class='ocrx_word' id='word_1_338' title='bbox 3348 1990 3458 2035; x_wconf 90' lang='lat' dir='ltr'><strong>tam</strong></span> <span class='ocrx_word' id='word_1_339' title='bbox 3498 1986 3623 2048; x_wconf 90' lang='lat' dir='ltr'><strong>apte</strong></span> 
     </span>
    </p>
   </div>
   <div class='ocr_carea' id='block_1_50' title="bbox 2042 2072 3623 2162">
    <p class='ocr_par' dir='ltr' id='par_1_50' title="bbox 2042 2072 3623 2162">
     <span class='ocr_line' id='line_1_50' title="bbox 2042 2072 3623 2162; baseline -0.013 -16"><span class='ocrx_word' id='word_1_340' title='bbox 2042 2090 2322 2162; x_wconf 88' lang='lat' dir='ltr'><strong>quadret:</strong></span> <span class='ocrx_word' id='word_1_341' title='bbox 2374 2086 2701 2151; x_wconf 87' lang='lat' dir='ltr'><strong>secundum,</strong></span> <span class='ocrx_word' id='word_1_342' title='bbox 2751 2081 2898 2152; x_wconf 85' lang='lat' dir='ltr'><strong>quod</strong></span> <span class='ocrx_word' id='word_1_343' title='bbox 2945 2081 3002 2134; x_wconf 91' lang='lat' dir='ltr'><strong>in</strong></span> <span class='ocrx_word' id='word_1_344' title='bbox 3048 2079 3292 2148; x_wconf 92' lang='lat' dir='ltr'><strong>quinque</strong></span> <span class='ocrx_word' id='word_1_345' title='bbox 3338 2072 3623 2130; x_wconf 87' lang='lat' dir='ltr'><strong>codicibus</strong></span> 
     </span>
    </p>
   </div>
   <div class='ocr_carea' id='block_1_51' title="bbox 2040 2165 3637 2254">
    <p class='ocr_par' dir='ltr' id='par_1_51' title="bbox 2040 2165 3637 2254">
     <span class='ocr_line' id='line_1_51' title="bbox 2040 2165 3637 2254; baseline -0.014 -14"><span class='ocrx_word' id='word_1_346' title='bbox 2040 2185 2304 2254; x_wconf 79' lang='lat' dir='ltr'><strong>scripturn</strong></span> <span class='ocrx_word' id='word_1_347' title='bbox 2338 2180 2651 2250; x_wconf 85' lang='lat' dir='ltr'><strong>reperisset,</strong></span> <span class='ocrx_word' id='word_1_348' title='bbox 2688 2195 2707 2228; x_wconf 84' lang='grc'><strong><em>‹</em></strong></span> <span class='ocrx_word' id='word_1_349' title='bbox 2749 2182 2998 2230; x_wconf 91' lang='lat' dir='ltr'><strong>moratus</strong></span> <span class='ocrx_word' id='word_1_350' title='bbox 3029 2179 3145 2235; x_wconf 91' lang='lat' dir='ltr'><strong>est;</strong></span> <span class='ocrx_word' id='word_1_351' title='bbox 3188 2189 3205 2221; x_wconf 77' lang='grc' dir='ltr'><strong>ι</strong></span> <span class='ocrx_word' id='word_1_352' title='bbox 3244 2168 3467 2223; x_wconf 90' lang='lat' dir='ltr'><strong>tertium</strong></span> <span class='ocrx_word' id='word_1_353' title='bbox 3496 2165 3637 2219; x_wconf 77' lang='lat' dir='ltr'><strong>Ole--</strong></span> 
     </span>
    </p>
   </div>
   <div class='ocr_carea' id='block_1_52' title="bbox 2041 2262 3626 2337">
    <p class='ocr_par' dir='ltr' id='par_1_52' title="bbox 2041 2262 3626 2337">
     <span class='ocr_line' id='line_1_52' title="bbox 2041 2262 3626 2337; baseline -0.015 -4"><span class='ocrx_word' id='word_1_354' title='bbox 2041 2277 2242 2333; x_wconf 91' lang='lat' dir='ltr'><strong>mentis</strong></span> <span class='ocrx_word' id='word_1_355' title='bbox 2264 2271 2615 2329; x_wconf 74' lang='lat' dir='ltr'><strong>Alexandrini</strong></span> <span class='ocrx_word' id='word_1_356' title='bbox 2642 2269 2825 2323; x_wconf 91' lang='lat' dir='ltr'><strong>locum</strong></span> <span class='ocrx_word' id='word_1_357' title='bbox 2853 2273 3080 2337; x_wconf 89' lang='lat' dir='ltr'><strong>spectat.</strong></span> <span class='ocrx_word' id='word_1_358' title='bbox 3133 2262 3241 2317; x_wconf 89' lang='lat' dir='ltr'><strong>Sed</strong></span> <span class='ocrx_word' id='word_1_359' title='bbox 3284 2262 3402 2315; x_wconf 86' lang='lat' dir='ltr'><strong>haec</strong></span> <span class='ocrx_word' id='word_1_360' title='bbox 3448 2271 3626 2327; x_wconf 90' lang='lat' dir='ltr'><strong>neque</strong></span> 
     </span>
    </p>
   </div>
   <div class='ocr_carea' id='block_1_53' title="bbox 2041 2351 3625 2443">
    <p class='ocr_par' dir='ltr' id='par_1_53' title="bbox 2041 2351 3625 2443">
     <span class='ocr_line' id='line_1_53' title="bbox 2041 2351 3625 2443; baseline -0.016 -15"><span class='ocrx_word' id='word_1_361' title='bbox 2041 2383 2265 2443; x_wconf 89' lang='lat' dir='ltr'><strong>cogunt,</strong></span> <span class='ocrx_word' id='word_1_362' title='bbox 2295 2382 2474 2439; x_wconf 91' lang='lat' dir='ltr'><strong>neque</strong></span> <span class='ocrx_word' id='word_1_363' title='bbox 2516 2363 2871 2436; x_wconf 89' lang='lat' dir='ltr'><strong>persuadent,</strong></span> <span class='ocrx_word' id='word_1_364' title='bbox 2907 2368 2967 2415; x_wconf 90' lang='lat' dir='ltr'><strong>ut</strong></span> <span class='ocrx_word' id='word_1_365' title='bbox 3014 2358 3291 2428; x_wconf 87' lang='lat' dir='ltr'><strong>vulgatam</strong></span> <span class='ocrx_word' id='word_1_366' title='bbox 3331 2351 3625 2443; x_wconf 84' lang='lat' dir='ltr'><strong>lectionem</strong></span> 
     </span>
    </p>
   </div>
   <div class='ocr_carea' id='block_1_54' title="bbox 2041 2442 3626 2525">
    <p class='ocr_par' dir='ltr' id='par_1_54' title="bbox 2041 2442 3626 2525">
     <span class='ocr_line' id='line_1_54' title="bbox 2041 2442 3626 2525; baseline -0.017 -5"><span class='ocrx_word' id='word_1_367' title='bbox 2041 2442 2384 2525; x_wconf 72' lang='lat' dir='ltr'><strong>deaeratuus,</strong></span> <span class='ocrx_word' id='word_1_368' title='bbox 2416 2467 2512 2514; x_wconf 89' lang='lat' dir='ltr'><strong>aut</strong></span> <span class='ocrx_word' id='word_1_369' title='bbox 2537 2455 2831 2512; x_wconf 90' lang='lat' dir='ltr'><strong>Basilidem</strong></span> <span class='ocrx_word' id='word_1_370' title='bbox 2868 2460 2992 2523; x_wconf 92' lang='lat' dir='ltr'><strong>post</strong></span> <span class='ocrx_word' id='word_1_371' title='bbox 3024 2465 3150 2511; x_wconf 85' lang='lat' dir='ltr'><strong>eum</strong></span> <span class='ocrx_word' id='word_1_372' title='bbox 3186 2460 3392 2501; x_wconf 89' lang='lat' dir='ltr'><strong>annum</strong></span> <span class='ocrx_word' id='word_1_373' title='bbox 3422 2442 3626 2497; x_wconf 82' lang='lat' dir='ltr'><strong>vixisse</strong></span> 
     </span>
    </p>
   </div>
   <div class='ocr_carea' id='block_1_55' title="bbox 2043 2541 3629 2619">
    <p class='ocr_par' dir='ltr' id='par_1_55' title="bbox 2043 2541 3629 2619">
     <span class='ocr_line' id='line_1_55' title="bbox 2043 2541 3629 2619; baseline -0.016 -9"><span class='ocrx_word' id='word_1_374' title='bbox 2043 2557 2353 2610; x_wconf 89' lang='lat' dir='ltr'><strong>credamus.</strong></span> <span class='ocrx_word' id='word_1_375' title='bbox 2380 2550 2500 2605; x_wconf 88' lang='lat' dir='ltr'><strong>Non</strong></span> <span class='ocrx_word' id='word_1_376' title='bbox 2531 2547 2794 2619; x_wconf 88' lang='lat' dir='ltr'><strong>primum,</strong></span> <span class='ocrx_word' id='word_1_377' title='bbox 2825 2543 2955 2613; x_wconf 86' lang='lat' dir='ltr'><strong>quia</strong></span> <span class='ocrx_word' id='word_1_378' title='bbox 2999 2541 3192 2596; x_wconf 90' lang='lat' dir='ltr'><strong>eodem</strong></span> <span class='ocrx_word' id='word_1_379' title='bbox 3231 2551 3378 2591; x_wconf 88' lang='lat' dir='ltr'><strong>anno</strong></span> <span class='ocrx_word' id='word_1_380' title='bbox 3414 2541 3471 2588; x_wconf 90' lang='lat' dir='ltr'><strong>et</strong></span> <span class='ocrx_word' id='word_1_381' title='bbox 3506 2546 3629 2585; x_wconf 82' lang='lat' dir='ltr'><strong>mo—-</strong></span> 
     </span>
    </p>
   </div>
   <div class='ocr_carea' id='block_1_56' title="bbox 2016 2620 3625 2717">
    <p class='ocr_par' dir='ltr' id='par_1_56' title="bbox 2016 2620 3625 2717">
     <span class='ocr_line' id='line_1_56' title="bbox 2016 2620 3625 2717; baseline -0.02 -12"><span class='ocrx_word' id='word_1_382' title='bbox 2016 2649 2154 2704; x_wconf 11' lang='lat' dir='ltr'><strong>arari</strong></span> <span class='ocrx_word' id='word_1_383' title='bbox 2209 2646 2389 2717; x_wconf 89' lang='lat' dir='ltr'><strong>potuit</strong></span> <span class='ocrx_word' id='word_1_384' title='bbox 2436 2638 2781 2695; x_wconf 74' lang='lat' dir='ltr'><strong>Alexandriae</strong></span> <span class='ocrx_word' id='word_1_385' title='bbox 2824 2633 3118 2689; x_wconf 70' lang='lat' dir='ltr'><strong>hal&#39;eticus</strong></span> <span class='ocrx_word' id='word_1_386' title='bbox 3165 2628 3287 2693; x_wconf 89' lang='lat' dir='ltr'><strong>ille,</strong></span> <span class='ocrx_word' id='word_1_387' title='bbox 3346 2631 3401 2717; x_wconf 82' lang='lat' dir='ltr'><strong>et</strong></span> <span class='ocrx_word' id='word_1_388' title='bbox 3440 2620 3625 2685; x_wconf 89' lang='lat' dir='ltr'><strong>mori;</strong></span> 
     </span>
    </p>
   </div>
   <div class='ocr_carea' id='block_1_57' title="bbox 2044 2716 3630 2803">
    <p class='ocr_par' dir='ltr' id='par_1_57' title="bbox 2044 2716 3630 2803">
     <span class='ocr_line' id='line_1_57' title="bbox 2044 2716 3630 2803; baseline -0.02 -5"><span class='ocrx_word' id='word_1_389' title='bbox 2044 2716 2491 2798; x_wconf 19' lang='lat' dir='ltr'><strong>unumiindicare</strong></span> <span class='ocrx_word' id='word_1_390' title='bbox 2527 2732 2705 2803; x_wconf 88' lang='lat' dir='ltr'><strong>potuit</strong></span> <span class='ocrx_word' id='word_1_391' title='bbox 2748 2727 3040 2789; x_wconf 87' lang='lat' dir='ltr'><strong>Eusebius,</strong></span> <span class='ocrx_word' id='word_1_392' title='bbox 3076 2724 3309 2779; x_wconf 89' lang='lat' dir='ltr'><strong>alterum</strong></span> <span class='ocrx_word' id='word_1_393' title='bbox 3355 2716 3630 2785; x_wconf 58' lang='lat' dir='ltr'><strong>Hierony»</strong></span> 
     </span>
    </p>
   </div>
   <div class='ocr_carea' id='block_1_58' title="bbox 2044 2806 3633 2899">
    <p class='ocr_par' dir='ltr' id='par_1_58' title="bbox 2044 2806 3633 2899">
     <span class='ocr_line' id='line_1_58' title="bbox 2044 2806 3633 2899; baseline -0.02 -9"><span class='ocrx_word' id='word_1_394' title='bbox 2044 2849 2206 2899; x_wconf 88' lang='lat' dir='ltr'><strong>mus;</strong></span> <span class='ocrx_word' id='word_1_395' title='bbox 2247 2838 2453 2885; x_wconf 89' lang='lat' dir='ltr'><strong>etcum</strong></span> <span class='ocrx_word' id='word_1_396' title='bbox 2485 2826 2553 2881; x_wconf 91' lang='lat' dir='ltr'><strong>de</strong></span> <span class='ocrx_word' id='word_1_397' title='bbox 2584 2831 2746 2880; x_wconf 82' lang='lat' dir='ltr'><strong>aetate</strong></span> <span class='ocrx_word' id='word_1_398' title='bbox 2793 2820 3048 2890; x_wconf 63' lang='lat' dir='ltr'><strong>Agrippa;</strong></span> <span class='ocrx_word' id='word_1_399' title='bbox 3093 2812 3341 2869; x_wconf 78' lang='lat' dir='ltr'><strong>Castoris</strong></span> <span class='ocrx_word' id='word_1_400' title='bbox 3398 2815 3525 2880; x_wconf 86' lang='lat' dir='ltr'><strong>agat</strong></span> <span class='ocrx_word' id='word_1_401' title='bbox 3576 2806 3633 2860; x_wconf 88' lang='lat' dir='ltr'><strong>in</strong></span> 
     </span>
    </p>
   </div>
   <div class='ocr_carea' id='block_1_59' title="bbox 2044 2907 3632 2994">
    <p class='ocr_par' dir='ltr' id='par_1_59' title="bbox 2044 2907 3632 2994">
     <span class='ocr_line' id='line_1_59' title="bbox 2044 2907 3632 2994; baseline -0.018 -13"><span class='ocrx_word' id='word_1_402' title='bbox 2044 2924 2324 2994; x_wconf 87' lang='lat' dir='ltr'><strong>Catalogo,</strong></span> <span class='ocrx_word' id='word_1_403' title='bbox 2348 2919 2532 2990; x_wconf 89' lang='lat' dir='ltr'><strong>potius</strong></span> <span class='ocrx_word' id='word_1_404' title='bbox 2555 2917 2622 2971; x_wconf 91' lang='lat' dir='ltr'><strong>ad</strong></span> <span class='ocrx_word' id='word_1_405' title='bbox 2651 2923 2883 2970; x_wconf 90' lang='lat' dir='ltr'><strong>mortem</strong></span> <span class='ocrx_word' id='word_1_406' title='bbox 2922 2907 3200 2970; x_wconf 90' lang='lat' dir='ltr'><strong>Basilidis,</strong></span> <span class='ocrx_word' id='word_1_407' title='bbox 3245 2912 3435 2960; x_wconf 89' lang='lat' dir='ltr'><strong>contra</strong></span> <span class='ocrx_word' id='word_1_408' title='bbox 3466 2914 3632 2994; x_wconf 83' lang='lat' dir='ltr'><strong>quem</strong></span> 
     </span>
    </p>
   </div>
   <div class='ocr_carea' id='block_1_60' title="bbox 2044 2991 3634 3088">
    <p class='ocr_par' dir='ltr' id='par_1_60' title="bbox 2044 2991 3634 3088">
     <span class='ocr_line' id='line_1_60' title="bbox 2044 2991 3634 3088; baseline -0.018 -16"><span class='ocrx_word' id='word_1_409' title='bbox 2044 2991 2283 3088; x_wconf 75' lang='lat' dir='ltr'><strong>Agrippa</strong></span> <span class='ocrx_word' id='word_1_410' title='bbox 2341 3013 2445 3068; x_wconf 88' lang='lat' dir='ltr'><strong>sub</strong></span> <span class='ocrx_word' id='word_1_411' title='bbox 2481 3010 2727 3064; x_wconf 89' lang='lat' dir='ltr'><strong>Adriano</strong></span> <span class='ocrx_word' id='word_1_412' title='bbox 2773 3004 3015 3074; x_wconf 87' lang='lat' dir='ltr'><strong>scripsit,</strong></span> <span class='ocrx_word' id='word_1_413' title='bbox 3052 3000 3327 3069; x_wconf 88' lang='lat' dir='ltr'><strong>respicere</strong></span> <span class='ocrx_word' id='word_1_414' title='bbox 3354 2991 3634 3088; x_wconf 69' lang='lat' dir='ltr'><strong>putandus</strong></span> 
     </span>
    </p>
   </div>
   <div class='ocr_carea' id='block_1_61' title="bbox 2045 3082 3636 3178">
    <p class='ocr_par' dir='ltr' id='par_1_61' title="bbox 2045 3082 3636 3178">
     <span class='ocr_line' id='line_1_61' title="bbox 2045 3082 3636 3178; baseline -0.019 -14"><span class='ocrx_word' id='word_1_415' title='bbox 2045 3082 2148 3175; x_wconf 65' lang='lat' dir='ltr'><strong>est,</strong></span> <span class='ocrx_word' id='word_1_416' title='bbox 2182 3082 2347 3178; x_wconf 80' lang='lat' dir='ltr'><strong>quam</strong></span> <span class='ocrx_word' id='word_1_417' title='bbox 2378 3104 2445 3159; x_wconf 89' lang='lat' dir='ltr'><strong>ad</strong></span> <span class='ocrx_word' id='word_1_418' title='bbox 2473 3117 2719 3166; x_wconf 89' lang='lat' dir='ltr'><strong>moram;</strong></span> <span class='ocrx_word' id='word_1_419' title='bbox 2750 3106 2804 3154; x_wconf 89' lang='lat' dir='ltr'><strong>et</strong></span> <span class='ocrx_word' id='word_1_420' title='bbox 2834 3093 3131 3151; x_wconf 83' lang='lat' dir='ltr'><strong>verisimile</strong></span> <span class='ocrx_word' id='word_1_421' title='bbox 3149 3097 3236 3145; x_wconf 91' lang='lat' dir='ltr'><strong>est</strong></span> <span class='ocrx_word' id='word_1_422' title='bbox 3263 3102 3389 3178; x_wconf 84' lang='lat' dir='ltr'><strong>eum</strong></span> <span class='ocrx_word' id='word_1_423' title='bbox 3418 3082 3636 3178; x_wconf 69' lang='lat' dir='ltr'><strong>itaEu-</strong></span> 
     </span>
    </p>
   </div>
   <div class='ocr_carea' id='block_1_62' title="bbox 352 3173 3639 3285">
    <p class='ocr_par' dir='ltr' id='par_1_62' title="bbox 352 3173 3639 3285">
     <span class='ocr_line' id='line_1_62' title="bbox 352 3173 3639 3285; baseline -0.012 -20"><span class='ocrx_word' id='word_1_424' title='bbox 352 3225 623 3283; x_wconf 83' lang='lat' dir='ltr'><strong>spargere</strong></span> <span class='ocrx_word' id='word_1_425' title='bbox 646 3212 896 3282; x_wconf 89' lang='lat' dir='ltr'><strong>potuisse</strong></span> <span class='ocrx_word' id='word_1_426' title='bbox 926 3219 1052 3266; x_wconf 89' lang='lat' dir='ltr'><strong>ante</strong></span> <span class='ocrx_word' id='word_1_427' title='bbox 1077 3210 1426 3265; x_wconf 90' lang='lat' dir='ltr'><strong>undecimum</strong></span> <span class='ocrx_word' id='word_1_428' title='bbox 1457 3226 1660 3264; x_wconf 91' lang='lat' dir='ltr'><strong>annum</strong></span> <span class='ocrx_word' id='word_1_429' title='bbox 1696 3208 1956 3285; x_wconf 64' lang='lat' dir='ltr'><strong>Trajanio,</strong></span> <span class='ocrx_word' id='word_1_430' title='bbox 1985 3219 2031 3282; x_wconf 71' lang='grc' dir='ltr'>ο</span> <span class='ocrx_word' id='word_1_431' title='bbox 2063 3199 2273 3255; x_wconf 83' lang='lat' dir='ltr'><strong>sebium</strong></span> <span class='ocrx_word' id='word_1_432' title='bbox 2306 3192 2660 3257; x_wconf 81' lang='lat' dir='ltr'><strong>intellexisse,</strong></span> <span class='ocrx_word' id='word_1_433' title='bbox 2696 3197 2755 3243; x_wconf 91' lang='lat' dir='ltr'><strong>ut</strong></span> <span class='ocrx_word' id='word_1_434' title='bbox 2789 3201 2966 3285; x_wconf 81' lang='lat' dir='ltr'><strong>usque</strong></span> <span class='ocrx_word' id='word_1_435' title='bbox 3010 3183 3079 3238; x_wconf 92' lang='lat' dir='ltr'><strong>ad</strong></span> <span class='ocrx_word' id='word_1_436' title='bbox 3125 3195 3336 3285; x_wconf 72' lang='lat' dir='ltr'><strong>annum</strong></span> <span class='ocrx_word' id='word_1_437' title='bbox 3369 3177 3425 3280; x_wconf 75' lang='lat' dir='ltr'><strong>in</strong></span> <span class='ocrx_word' id='word_1_438' title='bbox 3460 3173 3639 3229; x_wconf 90' lang='lat' dir='ltr'><strong>Chro-</strong></span> 
     </span>
    </p>
   </div>
   <div class='ocr_carea' id='block_1_63' title="bbox 349 3302 1944 3374">
    <p class='ocr_par' dir='ltr' id='par_1_63' title="bbox 349 3302 1944 3374">
     <span class='ocr_line' id='line_1_63' title="bbox 349 3302 1944 3374; baseline -0.003 -15"><span class='ocrx_word' id='word_1_439' title='bbox 349 3320 535 3374; x_wconf 85' lang='lat' dir='ltr'><strong>caque</strong></span> <span class='ocrx_word' id='word_1_440' title='bbox 566 3319 731 3359; x_wconf 88' lang='lat' dir='ltr'><strong>nemo</strong></span> <span class='ocrx_word' id='word_1_441' title='bbox 772 3320 882 3359; x_wconf 92' lang='lat' dir='ltr'><strong>non</strong></span> <span class='ocrx_word' id='word_1_442' title='bbox 913 3303 1172 3358; x_wconf 84' lang='lat' dir='ltr'><strong>concedet</strong></span> <span class='ocrx_word' id='word_1_443' title='bbox 1202 3302 1271 3358; x_wconf 91' lang='lat' dir='ltr'><strong>ab</strong></span> <span class='ocrx_word' id='word_1_444' title='bbox 1322 3302 1533 3374; x_wconf 89' lang='lat' dir='ltr'><strong>lgnatio</strong></span> <span class='ocrx_word' id='word_1_445' title='bbox 1573 3311 1699 3358; x_wconf 88' lang='lat' dir='ltr'><strong>ante</strong></span> <span class='ocrx_word' id='word_1_446' title='bbox 1738 3310 1944 3374; x_wconf 88' lang='lat' dir='ltr'><strong>marty-</strong></span> 
     </span>
    </p>
   </div>
   <div class='ocr_carea' id='block_1_64' title="bbox 354 3394 1089 3465">
    <p class='ocr_par' dir='ltr' id='par_1_64' title="bbox 354 3394 1089 3465">
     <span class='ocr_line' id='line_1_64' title="bbox 354 3394 1089 3465; baseline -0.003 -15"><span class='ocrx_word' id='word_1_447' title='bbox 354 3397 506 3450; x_wconf 88' lang='lat' dir='ltr'><strong>rium</strong></span> <span class='ocrx_word' id='word_1_448' title='bbox 530 3394 774 3464; x_wconf 90' lang='lat' dir='ltr'><strong>potuisse</strong></span> <span class='ocrx_word' id='word_1_449' title='bbox 804 3394 1089 3465; x_wconf 86' lang='lat' dir='ltr'><strong>cognosci.</strong></span> 
     </span>
    </p>
   </div>
   <div class='ocr_carea' id='block_1_65' title="bbox 430 3485 1949 3558">
    <p class='ocr_par' dir='ltr' id='par_1_65' title="bbox 430 3485 1949 3558">
     <span class='ocr_line' id='line_1_65' title="bbox 430 3485 1949 3558; baseline 0.001 -19"><span class='ocrx_word' id='word_1_450' title='bbox 430 3486 559 3541; x_wconf 90' lang='lat' dir='ltr'><strong>Alio</strong></span> <span class='ocrx_word' id='word_1_451' title='bbox 588 3486 750 3541; x_wconf 89' lang='lat' dir='ltr'><strong>etiam</strong></span> <span class='ocrx_word' id='word_1_452' title='bbox 774 3495 1099 3558; x_wconf 85' lang='lat' dir='ltr'><strong>argumento</strong></span> <span class='ocrx_word' id='word_1_453' title='bbox 1130 3487 1304 3541; x_wconf 90' lang='lat' dir='ltr'><strong>utitur</strong></span> <span class='ocrx_word' id='word_1_454' title='bbox 1340 3485 1574 3542; x_wconf 69' lang='lat' dir='ltr'><strong>Dallzeus</strong></span> <span class='ocrx_word' id='word_1_455' title='bbox 1620 3505 1633 3541; x_wconf 90' lang='lat'><strong>:</strong></span> <span class='ocrx_word' id='word_1_456' title='bbox 1684 3506 1703 3538; x_wconf 86' lang='grc'><strong><em>‹</em></strong></span> <span class='ocrx_word' id='word_1_457' title='bbox 1757 3485 1949 3542; x_wconf 88' lang='lat' dir='ltr'><strong>Satur-</strong></span> 
     </span>
    </p>
   </div>
   <div class='ocr_carea' id='block_1_66' title="bbox 353 3579 1950 3650">
    <p class='ocr_par' dir='ltr' id='par_1_66' title="bbox 353 3579 1950 3650">
     <span class='ocr_line' id='line_1_66' title="bbox 353 3579 1950 3650; baseline -0.002 -14"><span class='ocrx_word' id='word_1_458' title='bbox 353 3581 510 3636; x_wconf 85' lang='lat' dir='ltr'><strong>nilns</strong></span> <span class='ocrx_word' id='word_1_459' title='bbox 564 3592 617 3635; x_wconf 92' lang='lat' dir='ltr'><strong>et</strong></span> <span class='ocrx_word' id='word_1_460' title='bbox 661 3579 929 3636; x_wconf 74' lang='lat' dir='ltr'><strong>Basilides</strong></span> <span class='ocrx_word' id='word_1_461' title='bbox 982 3580 1143 3635; x_wconf 87' lang='lat' dir='ltr'><strong>annis</strong></span> <span class='ocrx_word' id='word_1_462' title='bbox 1195 3579 1441 3648; x_wconf 83' lang='lat' dir='ltr'><strong>pluribus</strong></span> <span class='ocrx_word' id='word_1_463' title='bbox 1496 3595 1660 3649; x_wconf 82' lang='lat' dir='ltr'><strong>quam</strong></span> <span class='ocrx_word' id='word_1_464' title='bbox 1715 3579 1786 3633; x_wconf 69' lang='lat'><strong>20</strong></span> <span class='ocrx_word' id='word_1_465' title='bbox 1824 3588 1950 3650; x_wconf 86' lang='lat' dir='ltr'><strong>post</strong></span> 
     </span>
    </p>
   </div>
   <div class='ocr_carea' id='block_1_67' title="bbox 355 3672 1946 3743">
    <p class='ocr_par' dir='ltr' id='par_1_67' title="bbox 355 3672 1946 3743">
     <span class='ocr_line' id='line_1_67' title="bbox 355 3672 1946 3743; baseline 0.001 -18"><span class='ocrx_word' id='word_1_466' title='bbox 355 3672 559 3733; x_wconf 69' lang='lat' dir='ltr'><strong>lgnatii</strong></span> <span class='ocrx_word' id='word_1_467' title='bbox 598 3673 923 3743; x_wconf 82' lang='lat' dir='ltr'><strong>martyrium</strong></span> <span class='ocrx_word' id='word_1_468' title='bbox 966 3688 1062 3727; x_wconf 88' lang='lat' dir='ltr'><strong>sua</strong></span> <span class='ocrx_word' id='word_1_469' title='bbox 1100 3672 1291 3727; x_wconf 82' lang='lat' dir='ltr'><strong>deliria</strong></span> <span class='ocrx_word' id='word_1_470' title='bbox 1338 3687 1594 3741; x_wconf 85' lang='lat' dir='ltr'><strong>spargere</strong></span> <span class='ocrx_word' id='word_1_471' title='bbox 1641 3682 1946 3742; x_wconf 62' lang='lat' dir='ltr'><strong>creperum.</strong></span> 
     </span>
    </p>
   </div>
   <div class='ocr_carea' id='block_1_68' title="bbox 363 3764 1951 3836">
    <p class='ocr_par' dir='ltr' id='par_1_68' title="bbox 363 3764 1951 3836">
     <span class='ocr_line' id='line_1_68' title="bbox 363 3764 1951 3836; baseline 0 -20"><span class='ocrx_word' id='word_1_472' title='bbox 363 3764 691 3821; x_wconf 82' lang='lat' dir='ltr'><strong>Valentinus</strong></span> <span class='ocrx_word' id='word_1_473' title='bbox 729 3774 910 3820; x_wconf 89' lang='lat' dir='ltr'><strong>autem</strong></span> <span class='ocrx_word' id='word_1_474' title='bbox 943 3774 1065 3836; x_wconf 88' lang='lat' dir='ltr'><strong>post</strong></span> <span class='ocrx_word' id='word_1_475' title='bbox 1112 3766 1212 3821; x_wconf 92' lang='lat' dir='ltr'><strong>hos</strong></span> <span class='ocrx_word' id='word_1_476' title='bbox 1260 3766 1401 3820; x_wconf 89' lang='lat' dir='ltr'><strong>duos</strong></span> <span class='ocrx_word' id='word_1_477' title='bbox 1446 3765 1643 3834; x_wconf 89' lang='lat' dir='ltr'><strong>erupit.</strong></span> <span class='ocrx_word' id='word_1_478' title='bbox 1700 3784 1718 3816; x_wconf 84' lang='grc'><strong>›</strong></span> <span class='ocrx_word' id='word_1_479' title='bbox 1765 3764 1951 3818; x_wconf 90' lang='lat' dir='ltr'><strong>Primo</strong></span> 
     </span>
    </p>
   </div>
   <div class='ocr_carea' id='block_1_69' title="bbox 356 3857 1948 3928">
    <p class='ocr_par' dir='ltr' id='par_1_69' title="bbox 356 3857 1948 3928">
     <span class='ocr_line' id='line_1_69' title="bbox 356 3857 1948 3928; baseline 0 -17"><span class='ocrx_word' id='word_1_480' title='bbox 356 3858 589 3927; x_wconf 88' lang='lat' dir='ltr'><strong>quidem</strong></span> <span class='ocrx_word' id='word_1_481' title='bbox 617 3857 794 3913; x_wconf 87' lang='lat' dir='ltr'><strong>fateor</strong></span> <span class='ocrx_word' id='word_1_482' title='bbox 818 3857 1170 3912; x_wconf 88' lang='lat' dir='ltr'><strong>Valentinum</strong></span> <span class='ocrx_word' id='word_1_483' title='bbox 1202 3868 1328 3928; x_wconf 91' lang='lat' dir='ltr'><strong>post</strong></span> <span class='ocrx_word' id='word_1_484' title='bbox 1367 3874 1461 3913; x_wconf 90' lang='lat' dir='ltr'><strong>eos</strong></span> <span class='ocrx_word' id='word_1_485' title='bbox 1495 3858 1636 3913; x_wconf 92' lang='lat' dir='ltr'><strong>duos</strong></span> <span class='ocrx_word' id='word_1_486' title='bbox 1679 3860 1948 3928; x_wconf 87' lang='lat' dir='ltr'><strong>erupisse,</strong></span> 
     </span>
    </p>
   </div>
   <div class='ocr_carea' id='block_1_70' title="bbox 358 3951 1952 4022">
    <p class='ocr_par' dir='ltr' id='par_1_70' title="bbox 358 3951 1952 4022">
     <span class='ocr_line' id='line_1_70' title="bbox 358 3951 1952 4022; baseline 0.001 -17"><span class='ocrx_word' id='word_1_487' title='bbox 358 3952 461 4006; x_wconf 86' lang='lat' dir='ltr'><strong>sed</strong></span> <span class='ocrx_word' id='word_1_488' title='bbox 496 3966 605 4005; x_wconf 90' lang='lat' dir='ltr'><strong>non</strong></span> <span class='ocrx_word' id='word_1_489' title='bbox 633 3966 832 4022; x_wconf 88' lang='lat' dir='ltr'><strong>magno</strong></span> <span class='ocrx_word' id='word_1_490' title='bbox 865 3951 1170 4007; x_wconf 89' lang='lat' dir='ltr'><strong>intervallo.</strong></span> <span class='ocrx_word' id='word_1_491' title='bbox 1209 3952 1461 4009; x_wconf 86' lang='lat' dir='ltr'><strong>Secundo</strong></span> <span class='ocrx_word' id='word_1_492' title='bbox 1502 3951 1667 4006; x_wconf 91' lang='lat' dir='ltr'><strong>etiam</strong></span> <span class='ocrx_word' id='word_1_493' title='bbox 1712 3966 1952 4022; x_wconf 83' lang='lat' dir='ltr'><strong>agnosco</strong></span> 
     </span>
    </p>
   </div>
   <div class='ocr_carea' id='block_1_71' title="bbox 362 4042 1954 4115">
    <p class='ocr_par' dir='ltr' id='par_1_71' title="bbox 362 4042 1954 4115">
     <span class='ocr_line' id='line_1_71' title="bbox 362 4042 1954 4115; baseline 0.001 -18"><span class='ocrx_word' id='word_1_494' title='bbox 362 4042 712 4098; x_wconf 85' lang='lat' dir='ltr'><strong>Saturnilum</strong></span> <span class='ocrx_word' id='word_1_495' title='bbox 742 4044 895 4114; x_wconf 90' lang='lat' dir='ltr'><strong>prius</strong></span> <span class='ocrx_word' id='word_1_496' title='bbox 921 4061 1078 4100; x_wconf 92' lang='lat' dir='ltr'><strong>suam</strong></span> <span class='ocrx_word' id='word_1_497' title='bbox 1110 4045 1340 4100; x_wconf 71' lang='lat' dir='ltr'><strong>haeresin</strong></span> <span class='ocrx_word' id='word_1_498' title='bbox 1372 4045 1628 4100; x_wconf 92' lang='lat' dir='ltr'><strong>docuisse</strong></span> <span class='ocrx_word' id='word_1_499' title='bbox 1653 4060 1817 4115; x_wconf 88' lang='lat' dir='ltr'><strong>quam</strong></span> <span class='ocrx_word' id='word_1_500' title='bbox 1847 4044 1954 4098; x_wconf 86' lang='lat' dir='ltr'><strong>Ba-</strong></span> 
     </span>
    </p>
   </div>
   <div class='ocr_carea' id='block_1_72' title="bbox 360 4134 1955 4206">
    <p class='ocr_par' dir='ltr' id='par_1_72' title="bbox 360 4134 1955 4206">
     <span class='ocr_line' id='line_1_72' title="bbox 360 4134 1955 4206; baseline 0.001 -15"><span class='ocrx_word' id='word_1_501' title='bbox 360 4134 609 4200; x_wconf 86' lang='lat' dir='ltr'><strong>silidem,</strong></span> <span class='ocrx_word' id='word_1_502' title='bbox 650 4135 797 4205; x_wconf 90' lang='lat' dir='ltr'><strong>quod</strong></span> <span class='ocrx_word' id='word_1_503' title='bbox 827 4134 1022 4191; x_wconf 88' lang='lat' dir='ltr'><strong>frivola</strong></span> <span class='ocrx_word' id='word_1_504' title='bbox 1065 4136 1385 4206; x_wconf 85' lang='lat' dir='ltr'><strong>suspicione</strong></span> <span class='ocrx_word' id='word_1_505' title='bbox 1430 4136 1631 4193; x_wconf 81' lang='lat' dir='ltr'><strong>ductus</strong></span> <span class='ocrx_word' id='word_1_506' title='bbox 1683 4136 1955 4193; x_wconf 89' lang='lat' dir='ltr'><strong>Baronius</strong></span> 
     </span>
    </p>
   </div>
   <div class='ocr_carea' id='block_1_73' title="bbox 360 4226 1956 4300">
    <p class='ocr_par' dir='ltr' id='par_1_73' title="bbox 360 4226 1956 4300">
     <span class='ocr_line' id='line_1_73' title="bbox 360 4226 1956 4300; baseline 0 -18"><span class='ocrx_word' id='word_1_507' title='bbox 360 4226 607 4298; x_wconf 86' lang='lat' dir='ltr'><strong>negavit.</strong></span> <span class='ocrx_word' id='word_1_508' title='bbox 640 4227 746 4282; x_wconf 91' lang='lat' dir='ltr'><strong>Sed</strong></span> <span class='ocrx_word' id='word_1_509' title='bbox 778 4228 995 4283; x_wconf 89' lang='lat' dir='ltr'><strong>interim</strong></span> <span class='ocrx_word' id='word_1_510' title='bbox 1031 4238 1217 4298; x_wconf 84' lang='lat' dir='ltr'><strong>aperte</strong></span> <span class='ocrx_word' id='word_1_511' title='bbox 1244 4243 1383 4300; x_wconf 88' lang='lat' dir='ltr'><strong>nego</strong></span> <span class='ocrx_word' id='word_1_512' title='bbox 1404 4229 1516 4284; x_wconf 93' lang='lat' dir='ltr'><strong>ullo</strong></span> <span class='ocrx_word' id='word_1_513' title='bbox 1542 4229 1708 4285; x_wconf 91' lang='lat' dir='ltr'><strong>modo</strong></span> <span class='ocrx_word' id='word_1_514' title='bbox 1733 4229 1956 4299; x_wconf 89' lang='lat' dir='ltr'><strong>probari</strong></span> 
     </span>
    </p>
   </div>
   <div class='ocr_carea' id='block_1_74' title="bbox 361 4317 1957 4391">
    <p class='ocr_par' dir='ltr' id='par_1_74' title="bbox 361 4317 1957 4391">
     <span class='ocr_line' id='line_1_74' title="bbox 361 4317 1957 4391; baseline 0.003 -20"><span class='ocrx_word' id='word_1_515' title='bbox 361 4332 554 4387; x_wconf 86' lang='lat' dir='ltr'><strong>posse,</strong></span> <span class='ocrx_word' id='word_1_516' title='bbox 581 4317 873 4373; x_wconf 88' lang='lat' dir='ltr'><strong>Basilidem</strong></span> <span class='ocrx_word' id='word_1_517' title='bbox 916 4327 996 4373; x_wconf 91' lang='lat' dir='ltr'><strong>tot</strong></span> <span class='ocrx_word' id='word_1_518' title='bbox 1020 4322 1181 4375; x_wconf 89' lang='lat' dir='ltr'><strong>annis</strong></span> <span class='ocrx_word' id='word_1_519' title='bbox 1213 4330 1342 4390; x_wconf 90' lang='lat' dir='ltr'><strong>post</strong></span> <span class='ocrx_word' id='word_1_520' title='bbox 1364 4319 1559 4391; x_wconf 86' lang='lat' dir='ltr'><strong>lgnatii</strong></span> <span class='ocrx_word' id='word_1_521' title='bbox 1591 4329 1824 4377; x_wconf 89' lang='lat' dir='ltr'><strong>mortem</strong></span> <span class='ocrx_word' id='word_1_522' title='bbox 1857 4336 1957 4375; x_wconf 90' lang='lat' dir='ltr'><strong>sua</strong></span> 
     </span>
    </p>
   </div>
   <div class='ocr_carea' id='block_1_75' title="bbox 363 4409 1960 4483">
    <p class='ocr_par' dir='ltr' id='par_1_75' title="bbox 363 4409 1960 4483">
     <span class='ocr_line' id='line_1_75' title="bbox 363 4409 1960 4483; baseline 0.001 -19"><span class='ocrx_word' id='word_1_523' title='bbox 363 4409 566 4464; x_wconf 87' lang='lat' dir='ltr'><strong>deliria</strong></span> <span class='ocrx_word' id='word_1_524' title='bbox 596 4426 854 4479; x_wconf 72' lang='lat' dir='ltr'><strong>spargere</strong></span> <span class='ocrx_word' id='word_1_525' title='bbox 883 4412 1136 4480; x_wconf 71' lang='lat' dir='ltr'><strong>cmpisse.</strong></span> <span class='ocrx_word' id='word_1_526' title='bbox 1171 4411 1363 4468; x_wconf 90' lang='lat' dir='ltr'><strong>Plures</strong></span> <span class='ocrx_word' id='word_1_527' title='bbox 1417 4429 1581 4482; x_wconf 90' lang='lat' dir='ltr'><strong>quam</strong></span> <span class='ocrx_word' id='word_1_528' title='bbox 1632 4413 1823 4483; x_wconf 73' lang='lat' dir='ltr'><strong>viginti</strong></span> <span class='ocrx_word' id='word_1_529' title='bbox 1861 4429 1960 4466; x_wconf 90' lang='lat' dir='ltr'><strong>an-</strong></span> 
     </span>
    </p>
   </div>
   <div class='ocr_carea' id='block_1_76' title="bbox 366 4500 1959 4575">
    <p class='ocr_par' dir='ltr' id='par_1_76' title="bbox 366 4500 1959 4575">
     <span class='ocr_line' id='line_1_76' title="bbox 366 4500 1959 4575; baseline 0.003 -20"><span class='ocrx_word' id='word_1_530' title='bbox 366 4516 473 4555; x_wconf 88' lang='lat' dir='ltr'><strong>nos</strong></span> <span class='ocrx_word' id='word_1_531' title='bbox 521 4500 629 4555; x_wconf 88' lang='lat' dir='ltr'><strong>hoc</strong></span> <span class='ocrx_word' id='word_1_532' title='bbox 672 4501 794 4555; x_wconf 90' lang='lat' dir='ltr'><strong>loco</strong></span> <span class='ocrx_word' id='word_1_533' title='bbox 852 4504 1120 4567; x_wconf 89' lang='lat' dir='ltr'><strong>nominat,</strong></span> <span class='ocrx_word' id='word_1_534' title='bbox 1164 4505 1342 4574; x_wconf 88' lang='lat' dir='ltr'><strong>capite</strong></span> <span class='ocrx_word' id='word_1_535' title='bbox 1381 4515 1563 4569; x_wconf 84' lang='lat' dir='ltr'><strong>autem</strong></span> <span class='ocrx_word' id='word_1_536' title='bbox 1611 4505 1679 4559; x_wconf 76' lang='lat'><strong>10</strong></span> <span class='ocrx_word' id='word_1_537' title='bbox 1714 4505 1781 4560; x_wconf 89' lang='lat' dir='ltr'><strong>ad</strong></span> <span class='ocrx_word' id='word_1_538' title='bbox 1815 4506 1959 4575; x_wconf 89' lang='lat' dir='ltr'><strong>quod</strong></span> 
     </span>
    </p>
   </div>
   <div class='ocr_carea' id='block_1_77' title="bbox 2050 3269 3637 3348">
    <p class='ocr_par' dir='ltr' id='par_1_77' title="bbox 2050 3269 3637 3348">
     <span class='ocr_line' id='line_1_77' title="bbox 2050 3269 3637 3348; baseline -0.019 0"><span class='ocrx_word' id='word_1_539' title='bbox 2050 3293 2176 3348; x_wconf 90' lang='lat' dir='ltr'><strong>nico</strong></span> <span class='ocrx_word' id='word_1_540' title='bbox 2203 3296 2452 3344; x_wconf 89' lang='lat' dir='ltr'><strong>notatum</strong></span> <span class='ocrx_word' id='word_1_541' title='bbox 2480 3283 2776 3339; x_wconf 90' lang='lat' dir='ltr'><strong>Basilidem</strong></span> <span class='ocrx_word' id='word_1_542' title='bbox 2813 3280 3019 3334; x_wconf 85' lang='lat' dir='ltr'><strong>vixisse</strong></span> <span class='ocrx_word' id='word_1_543' title='bbox 3050 3273 3306 3338; x_wconf 89' lang='lat' dir='ltr'><strong>voluerit,</strong></span> <span class='ocrx_word' id='word_1_544' title='bbox 3347 3269 3395 3326; x_wconf 90' lang='lat' dir='ltr'><strong>si</strong></span> <span class='ocrx_word' id='word_1_545' title='bbox 3448 3281 3637 3323; x_wconf 89' lang='lat' dir='ltr'><strong>revera</strong></span> 
     </span>
    </p>
   </div>
   <div class='ocr_carea' id='block_1_78' title="bbox 2050 3367 3633 3445">
    <p class='ocr_par' dir='ltr' id='par_1_78' title="bbox 2050 3367 3633 3445">
     <span class='ocr_line' id='line_1_78' title="bbox 2050 3367 3633 3445; baseline -0.018 -8"><span class='ocrx_word' id='word_1_546' title='bbox 2050 3383 2103 3437; x_wconf 91' lang='lat' dir='ltr'><strong>in</strong></span> <span class='ocrx_word' id='word_1_547' title='bbox 2125 3378 2402 3435; x_wconf 87' lang='lat' dir='ltr'><strong>Chronico</strong></span> <span class='ocrx_word' id='word_1_548' title='bbox 2425 3374 2792 3445; x_wconf 87' lang='lat' dir='ltr'><strong>Hieronymus</strong></span> <span class='ocrx_word' id='word_1_549' title='bbox 2815 3368 3099 3440; x_wconf 85' lang='lat' dir='ltr'><strong>scripserit</strong></span> <span class='ocrx_word' id='word_1_550' title='bbox 3127 3384 3146 3417; x_wconf 77' lang='grc' dir='ltr'><strong>ι</strong></span> <span class='ocrx_word' id='word_1_551' title='bbox 3182 3367 3573 3420; x_wconf 89' lang='lat' dir='ltr'><strong>commoratur.</strong></span> <span class='ocrx_word' id='word_1_552' title='bbox 3613 3377 3633 3408; x_wconf 75' lang='grc' dir='ltr'><strong>ι</strong></span> 
     </span>
    </p>
   </div>
   <div class='ocr_carea' id='block_1_79' title="bbox 2048 3450 3641 3531">
    <p class='ocr_par' dir='ltr' id='par_1_79' title="bbox 2048 3450 3641 3531">
     <span class='ocr_line' id='line_1_79' title="bbox 2048 3450 3641 3531; baseline -0.016 -5"><span class='ocrx_word' id='word_1_553' title='bbox 2048 3469 2186 3526; x_wconf 83' lang='lat' dir='ltr'><strong>Nam</strong></span> <span class='ocrx_word' id='word_1_554' title='bbox 2217 3484 2320 3525; x_wconf 90' lang='lat' dir='ltr'><strong>nec</strong></span> <span class='ocrx_word' id='word_1_555' title='bbox 2366 3470 2471 3522; x_wconf 92' lang='lat' dir='ltr'><strong>hoc</strong></span> <span class='ocrx_word' id='word_1_556' title='bbox 2504 3473 2716 3521; x_wconf 90' lang='lat' dir='ltr'><strong>certum</strong></span> <span class='ocrx_word' id='word_1_557' title='bbox 2762 3471 2877 3530; x_wconf 90' lang='lat' dir='ltr'><strong>est;</strong></span> <span class='ocrx_word' id='word_1_558' title='bbox 2915 3460 3176 3531; x_wconf 91' lang='lat' dir='ltr'><strong>quoniam</strong></span> <span class='ocrx_word' id='word_1_559' title='bbox 3206 3469 3274 3510; x_wconf 92' lang='lat' dir='ltr'><strong>eo</strong></span> <span class='ocrx_word' id='word_1_560' title='bbox 3301 3451 3413 3508; x_wconf 89' lang='lat' dir='ltr'><strong>loci</strong></span> <span class='ocrx_word' id='word_1_561' title='bbox 3438 3450 3641 3519; x_wconf 84' lang='lat' dir='ltr'><strong>legitur</strong></span> 
     </span>
    </p>
   </div>
   <div class='ocr_carea' id='block_1_80' title="bbox 2050 3539 3641 3621">
    <p class='ocr_par' dir='ltr' id='par_1_80' title="bbox 2050 3539 3641 3621">
     <span class='ocr_line' id='line_1_80' title="bbox 2050 3539 3641 3621; baseline -0.018 -1"><span class='ocrx_word' id='word_1_562' title='bbox 2050 3565 2217 3620; x_wconf 89' lang='lat' dir='ltr'><strong>etiam</strong></span> <span class='ocrx_word' id='word_1_563' title='bbox 2256 3581 2276 3615; x_wconf 78' lang='grc' dir='ltr'><strong>ι</strong></span> <span class='ocrx_word' id='word_1_564' title='bbox 2307 3565 2815 3616; x_wconf 88' lang='lat' dir='ltr'><strong>commemoratur:</strong></span> <span class='ocrx_word' id='word_1_565' title='bbox 2864 3571 2884 3606; x_wconf 72' lang='grc' dir='ltr'><strong>ι</strong></span> <span class='ocrx_word' id='word_1_566' title='bbox 2922 3560 2977 3607; x_wconf 89' lang='lat' dir='ltr'><strong>et</strong></span> <span class='ocrx_word' id='word_1_567' title='bbox 3002 3546 3256 3621; x_wconf 83' lang='lat' dir='ltr'><strong>quamvis</strong></span> <span class='ocrx_word' id='word_1_568' title='bbox 3279 3544 3559 3599; x_wconf 89' lang='lat' dir='ltr'><strong>Pontacus</strong></span> <span class='ocrx_word' id='word_1_569' title='bbox 3584 3539 3641 3592; x_wconf 91' lang='lat' dir='ltr'><strong>in</strong></span> 
     </span>
    </p>
   </div>
   <div class='ocr_carea' id='block_1_81' title="bbox 2053 3632 3641 3727">
    <p class='ocr_par' dir='ltr' id='par_1_81' title="bbox 2053 3632 3641 3727">
     <span class='ocr_line' id='line_1_81' title="bbox 2053 3632 3641 3727; baseline -0.018 -14"><span class='ocrx_word' id='word_1_570' title='bbox 2053 3656 2329 3727; x_wconf 91' lang='lat' dir='ltr'><strong>aliquibus</strong></span> <span class='ocrx_word' id='word_1_571' title='bbox 2361 3669 2496 3709; x_wconf 91' lang='lat' dir='ltr'><strong>mss.</strong></span> <span class='ocrx_word' id='word_1_572' title='bbox 2545 3670 2563 3703; x_wconf 78' lang='grc' dir='ltr'><strong>ι</strong></span> <span class='ocrx_word' id='word_1_573' title='bbox 2602 3654 2979 3704; x_wconf 89' lang='lat' dir='ltr'><strong>commoratur</strong></span> <span class='ocrx_word' id='word_1_574' title='bbox 3008 3663 3027 3696; x_wconf 76' lang='grc' dir='ltr'><strong>ι</strong></span> <span class='ocrx_word' id='word_1_575' title='bbox 3068 3640 3174 3711; x_wconf 87' lang='lat' dir='ltr'><strong>legi</strong></span> <span class='ocrx_word' id='word_1_576' title='bbox 3214 3640 3430 3701; x_wconf 88' lang='lat' dir='ltr'><strong>doceat,</strong></span> <span class='ocrx_word' id='word_1_577' title='bbox 3472 3632 3641 3727; x_wconf 85' lang='lat' dir='ltr'><strong>(ut</strong></span> 
     </span>
    </p>
   </div>
   <div class='ocr_carea' id='block_1_82' title="bbox 2055 3723 3642 3815">
    <p class='ocr_par' dir='ltr' id='par_1_82' title="bbox 2055 3723 3642 3815">
     <span class='ocr_line' id='line_1_82' title="bbox 2055 3723 3642 3815; baseline -0.019 -9"><span class='ocrx_word' id='word_1_578' title='bbox 2055 3723 2166 3806; x_wconf 83' lang='lat' dir='ltr'><strong>uno</strong></span> <span class='ocrx_word' id='word_1_579' title='bbox 2195 3742 2637 3815; x_wconf 88' lang='lat' dir='ltr'><strong>Cantabrigiensi</strong></span> <span class='ocrx_word' id='word_1_580' title='bbox 2688 3739 2878 3795; x_wconf 86' lang='lat' dir='ltr'><strong>codice</strong></span> <span class='ocrx_word' id='word_1_581' title='bbox 2925 3734 3189 3803; x_wconf 90' lang='lat' dir='ltr'><strong>scriptum</strong></span> <span class='ocrx_word' id='word_1_582' title='bbox 3231 3729 3398 3785; x_wconf 88' lang='lat' dir='ltr'><strong>etiam</strong></span> <span class='ocrx_word' id='word_1_583' title='bbox 3440 3723 3642 3795; x_wconf 90' lang='lat' dir='ltr'><strong>reperi)</strong></span> 
     </span>
    </p>
   </div>
   <div class='ocr_carea' id='block_1_83' title="bbox 2055 3816 3643 3903">
    <p class='ocr_par' dir='ltr' id='par_1_83' title="bbox 2055 3816 3643 3903">
     <span class='ocr_line' id='line_1_83' title="bbox 2055 3816 3643 3903; baseline -0.017 -7"><span class='ocrx_word' id='word_1_584' title='bbox 2055 3842 2197 3896; x_wconf 91' lang='lat' dir='ltr'><strong>idem</strong></span> <span class='ocrx_word' id='word_1_585' title='bbox 2222 3848 2404 3893; x_wconf 88' lang='lat' dir='ltr'><strong>tamen</strong></span> <span class='ocrx_word' id='word_1_586' title='bbox 2436 3835 2491 3889; x_wconf 94' lang='lat' dir='ltr'><strong>in</strong></span> <span class='ocrx_word' id='word_1_587' title='bbox 2526 3832 2777 3903; x_wconf 89' lang='lat' dir='ltr'><strong>pluribus</strong></span> <span class='ocrx_word' id='word_1_588' title='bbox 2815 3847 2835 3880; x_wconf 72' lang='grc' dir='ltr'><strong>ι</strong></span> <span class='ocrx_word' id='word_1_589' title='bbox 2878 3830 3345 3884; x_wconf 80' lang='lat' dir='ltr'><strong>commemoratur</strong></span> <span class='ocrx_word' id='word_1_590' title='bbox 3390 3837 3410 3871; x_wconf 72' lang='grc' dir='ltr'><strong>ι</strong></span> <span class='ocrx_word' id='word_1_591' title='bbox 3448 3816 3643 3871; x_wconf 90' lang='lat' dir='ltr'><strong>haberi</strong></span> 
     </span>
    </p>
   </div>
   <div class='ocr_carea' id='block_1_84' title="bbox 2056 3913 3647 4000">
    <p class='ocr_par' dir='ltr' id='par_1_84' title="bbox 2056 3913 3647 4000">
     <span class='ocr_line' id='line_1_84' title="bbox 2056 3913 3647 4000; baseline -0.015 -13"><span class='ocrx_word' id='word_1_592' title='bbox 2056 3931 2236 3987; x_wconf 90' lang='lat' dir='ltr'><strong>innuit</strong></span> <span class='ocrx_word' id='word_1_593' title='bbox 2264 3950 2276 3985; x_wconf 95' lang='lat'>:</span> <span class='ocrx_word' id='word_1_594' title='bbox 2305 3944 2429 4000; x_wconf 73' lang='lat' dir='ltr'><strong>quae</strong></span> <span class='ocrx_word' id='word_1_595' title='bbox 2466 3943 2572 3981; x_wconf 83' lang='lat' dir='ltr'><strong>vox</strong></span> <span class='ocrx_word' id='word_1_596' title='bbox 2605 3926 2653 3982; x_wconf 92' lang='lat' dir='ltr'><strong>si</strong></span> <span class='ocrx_word' id='word_1_597' title='bbox 2694 3922 3014 3992; x_wconf 88' lang='lat' dir='ltr'><strong>recipiatur,</strong></span> <span class='ocrx_word' id='word_1_598' title='bbox 3061 3914 3365 3974; x_wconf 89' lang='lat' dir='ltr'><strong>similitudo</strong></span> <span class='ocrx_word' id='word_1_599' title='bbox 3395 3913 3647 3967; x_wconf 87' lang='lat' dir='ltr'><strong>locorum</strong></span> 
     </span>
    </p>
   </div>
   <div class='ocr_carea' id='block_1_85' title="bbox 2054 4002 3647 4097">
    <p class='ocr_par' dir='ltr' id='par_1_85' title="bbox 2054 4002 3647 4097">
     <span class='ocr_line' id='line_1_85' title="bbox 2054 4002 3647 4097; baseline -0.017 -17"><span class='ocrx_word' id='word_1_600' title='bbox 2054 4025 2216 4097; x_wconf 86' lang='lat' dir='ltr'><strong>perit.</strong></span> <span class='ocrx_word' id='word_1_601' title='bbox 2252 4021 2438 4092; x_wconf 85' lang='lat' dir='ltr'><strong>Neque</strong></span> <span class='ocrx_word' id='word_1_602' title='bbox 2486 4016 2792 4074; x_wconf 91' lang='lat' dir='ltr'><strong>secundum</strong></span> <span class='ocrx_word' id='word_1_603' title='bbox 2843 4011 3145 4083; x_wconf 86' lang='lat' dir='ltr'><strong>quidquam</strong></span> <span class='ocrx_word' id='word_1_604' title='bbox 3184 4006 3368 4097; x_wconf 85' lang='lat' dir='ltr'><strong>valet;</strong></span> <span class='ocrx_word' id='word_1_605' title='bbox 3411 4002 3547 4097; x_wconf 85' lang='lat' dir='ltr'><strong>quia</strong></span> <span class='ocrx_word' id='word_1_606' title='bbox 3590 4006 3647 4054; x_wconf 87' lang='lat' dir='ltr'><strong>et</strong></span> 
     </span>
    </p>
   </div>
   <div class='ocr_carea' id='block_1_86' title="bbox 2057 4093 3648 4178">
    <p class='ocr_par' dir='ltr' id='par_1_86' title="bbox 2057 4093 3648 4178">
     <span class='ocr_line' id='line_1_86' title="bbox 2057 4093 3648 4178; baseline -0.018 -5"><span class='ocrx_word' id='word_1_607' title='bbox 2057 4093 2359 4178; x_wconf 78' lang='lat' dir='ltr'><strong>editiones,</strong></span> <span class='ocrx_word' id='word_1_608' title='bbox 2422 4117 2478 4167; x_wconf 92' lang='lat' dir='ltr'><strong>et</strong></span> <span class='ocrx_word' id='word_1_609' title='bbox 2524 4109 2636 4164; x_wconf 91' lang='lat' dir='ltr'><strong>duo</strong></span> <span class='ocrx_word' id='word_1_610' title='bbox 2695 4104 2838 4176; x_wconf 91' lang='lat' dir='ltr'><strong>apud</strong></span> <span class='ocrx_word' id='word_1_611' title='bbox 2893 4110 3118 4158; x_wconf 90' lang='lat' dir='ltr'><strong>nostros</strong></span> <span class='ocrx_word' id='word_1_612' title='bbox 3164 4093 3648 4165; x_wconf 85' lang='lat' dir='ltr'><strong>Cautabrigienses</strong></span> 
     </span>
    </p>
   </div>
   <div class='ocr_carea' id='block_1_87' title="bbox 2059 4185 3647 4271">
    <p class='ocr_par' dir='ltr' id='par_1_87' title="bbox 2059 4185 3647 4271">
     <span class='ocr_line' id='line_1_87' title="bbox 2059 4185 3647 4271; baseline -0.017 -7"><span class='ocrx_word' id='word_1_613' title='bbox 2059 4222 2196 4264; x_wconf 90' lang='lat' dir='ltr'><strong>mss.</strong></span> <span class='ocrx_word' id='word_1_614' title='bbox 2226 4204 2467 4266; x_wconf 87' lang='lat' dir='ltr'><strong>codices,</strong></span> <span class='ocrx_word' id='word_1_615' title='bbox 2506 4215 2667 4271; x_wconf 92' lang='lat' dir='ltr'><strong>quos,</strong></span> <span class='ocrx_word' id='word_1_616' title='bbox 2706 4197 2838 4252; x_wconf 90' lang='lat' dir='ltr'><strong>dum</strong></span> <span class='ocrx_word' id='word_1_617' title='bbox 2878 4194 3087 4257; x_wconf 90' lang='lat' dir='ltr'><strong>scribo,</strong></span> <span class='ocrx_word' id='word_1_618' title='bbox 3149 4189 3419 4260; x_wconf 89' lang='lat' dir='ltr'><strong>inspicere</strong></span> <span class='ocrx_word' id='word_1_619' title='bbox 3471 4185 3647 4245; x_wconf 87' lang='lat' dir='ltr'><strong>licuit,</strong></span> 
     </span>
    </p>
   </div>
   <div class='ocr_carea' id='block_1_88' title="bbox 2059 4277 3653 4369">
    <p class='ocr_par' dir='ltr' id='par_1_88' title="bbox 2059 4277 3653 4369">
     <span class='ocr_line' id='line_1_88' title="bbox 2059 4277 3653 4369; baseline -0.016 -15"><span class='ocrx_word' id='word_1_620' title='bbox 2059 4296 2359 4369; x_wconf 83' lang='lat' dir='ltr'><strong>praeferunt</strong></span> <span class='ocrx_word' id='word_1_621' title='bbox 2380 4301 2633 4349; x_wconf 91' lang='lat' dir='ltr'><strong>mortuus</strong></span> <span class='ocrx_word' id='word_1_622' title='bbox 2650 4298 2752 4355; x_wconf 89' lang='lat' dir='ltr'><strong>est,</strong></span> <span class='ocrx_word' id='word_1_623' title='bbox 2781 4296 2833 4343; x_wconf 90' lang='lat' dir='ltr'><strong>et</strong></span> <span class='ocrx_word' id='word_1_624' title='bbox 2863 4286 3053 4342; x_wconf 72' lang='lat' dir='ltr'><strong>Graeca</strong></span> <span class='ocrx_word' id='word_1_625' title='bbox 3072 4282 3257 4338; x_wconf 90' lang='lat' dir='ltr'><strong>versio</strong></span> <span class='ocrx_word' id='word_1_626' title='bbox 3278 4280 3381 4336; x_wconf 86' lang='lat' dir='ltr'><strong>sub</strong></span> <span class='ocrx_word' id='word_1_627' title='bbox 3406 4277 3653 4347; x_wconf 85' lang='lat' dir='ltr'><strong>Sophro-</strong></span> 
     </span>
    </p>
   </div>
   <div class='ocr_carea' id='block_1_89' title="bbox 2060 4371 3653 4456">
    <p class='ocr_par' dir='ltr' id='par_1_89' title="bbox 2060 4371 3653 4456">
     <span class='ocr_line' id='line_1_89' title="bbox 2060 4371 3653 4456; baseline -0.016 -10"><span class='ocrx_word' id='word_1_628' title='bbox 2060 4392 2138 4446; x_wconf 89' lang='lat' dir='ltr'><strong>nii</strong></span> <span class='ocrx_word' id='word_1_629' title='bbox 2163 4388 2408 4454; x_wconf 90' lang='lat' dir='ltr'><strong>nomine,</strong></span> <span class='ocrx_word' id='word_1_630' title='bbox 2443 4385 2688 4456; x_wconf 91' lang='lat' dir='ltr'><strong>quinque</strong></span> <span class='ocrx_word' id='word_1_631' title='bbox 2715 4373 2822 4436; x_wconf 77' lang='lat' dir='ltr'><strong>illis</strong></span> <span class='ocrx_word' id='word_1_632' title='bbox 2846 4378 3131 4436; x_wconf 90' lang='lat' dir='ltr'><strong>codicibus</strong></span> <span class='ocrx_word' id='word_1_633' title='bbox 3154 4375 3275 4431; x_wconf 90' lang='lat' dir='ltr'><strong>sine</strong></span> <span class='ocrx_word' id='word_1_634' title='bbox 3300 4372 3468 4430; x_wconf 90' lang='lat' dir='ltr'><strong>dubio</strong></span> <span class='ocrx_word' id='word_1_635' title='bbox 3494 4371 3653 4439; x_wconf 90' lang='lat' dir='ltr'><strong>longe</strong></span> 
     </span>
    </p>
   </div>
   <div class='ocr_carea' id='block_1_90' title="bbox 2064 4469 3654 4556">
    <p class='ocr_par' dir='ltr' id='par_1_90' title="bbox 2064 4469 3654 4556">
     <span class='ocr_line' id='line_1_90' title="bbox 2064 4469 3654 4556; baseline -0.017 -15"><span class='ocrx_word' id='word_1_636' title='bbox 2064 4484 2363 4556; x_wconf 88' lang='lat' dir='ltr'><strong>antiquior,</strong></span> <span class='ocrx_word' id='word_1_637' title='bbox 2395 4483 2538 4536; x_wconf 90' lang='lat' dir='ltr'><strong>hanc</strong></span> <span class='ocrx_word' id='word_1_638' title='bbox 2567 4479 2840 4547; x_wconf 89' lang='lat' dir='ltr'><strong>vulgatam</strong></span> <span class='ocrx_word' id='word_1_639' title='bbox 2869 4473 3162 4528; x_wconf 91' lang='lat' dir='ltr'><strong>lectionem</strong></span> <span class='ocrx_word' id='word_1_640' title='bbox 3188 4472 3561 4539; x_wconf 55' lang='lat' dir='ltr'><strong>repraesentat,</strong></span> <span class='ocrx_word' id='word_1_641' title='bbox 3600 4469 3654 4515; x_wconf 89' lang='lat' dir='ltr'><strong>et</strong></span> 
     </span>
    </p>
   </div>
   <div class='ocr_carea' id='block_1_91' title="bbox 366 4555 1948 4669">
    <p class='ocr_par' dir='ltr' id='par_1_91' title="bbox 366 4596 1948 4669">
     <span class='ocr_line' id='line_1_91' title="bbox 366 4596 1948 4669; baseline 0.003 -21"><span class='ocrx_word' id='word_1_642' title='bbox 366 4610 475 4649; x_wconf 91' lang='lat' dir='ltr'><strong>nos</strong></span> <span class='ocrx_word' id='word_1_643' title='bbox 510 4596 760 4662; x_wconf 91' lang='lat' dir='ltr'><strong>remittit,</strong></span> <span class='ocrx_word' id='word_1_644' title='bbox 814 4597 1077 4666; x_wconf 90' lang='lat' dir='ltr'><strong>epocham</strong></span> <span class='ocrx_word' id='word_1_645' title='bbox 1122 4598 1393 4653; x_wconf 64' lang='lat' dir='ltr'><strong>haereseos</strong></span> <span class='ocrx_word' id='word_1_646' title='bbox 1434 4598 1783 4653; x_wconf 75' lang='lat' dir='ltr'><strong>Basilidianae</strong></span> <span class='ocrx_word' id='word_1_647' title='bbox 1824 4599 1948 4669; x_wconf 73' lang='lat' dir='ltr'><strong>figit,</strong></span> 
     </span>
    </p>
   </div>
   <div class='ocr_carea' id='block_1_92' title="bbox 2049 4555 3654 4669">
    <p class='ocr_par' dir='ltr' id='par_1_92' title="bbox 2067 4555 3654 4636">
     <span class='ocr_line' id='line_1_92' title="bbox 2067 4555 3654 4636; baseline -0.018 -2"><span class='ocrx_word' id='word_1_648' title='bbox 2067 4555 2265 4635; x_wconf 83' lang='lat' dir='ltr'><strong>tuetur.</strong></span> <span class='ocrx_word' id='word_1_649' title='bbox 2296 4574 2665 4636; x_wconf 81' lang='grc' dir='ltr'>Τελευτῶντος</span> <span class='ocrx_word' id='word_1_650' title='bbox 2695 4568 3005 4624; x_wconf 78' lang='grc' dir='ltr'>Βασιλείδου</span> <span class='ocrx_word' id='word_1_651' title='bbox 3034 4560 3334 4617; x_wconf 72' lang='grc' dir='ltr'>Γνωστικοὶ</span> <span class='ocrx_word' id='word_1_652' title='bbox 3370 4560 3429 4612; x_wconf 82' lang='grc' dir='ltr'>ὲν</span> <span class='ocrx_word' id='word_1_653' title='bbox 3480 4555 3654 4619; x_wconf 80' lang='grc' dir='ltr'><strong>Ἀλεξ-</strong></span> 
     </span>
    </p>
   </div>
   <div class='ocr_carea' id='block_1_93' title="bbox 368 4686 1960 4761">
    <p class='ocr_par' dir='ltr' id='par_1_93' title="bbox 368 4686 1960 4761">
     <span class='ocr_line' id='line_1_93' title="bbox 368 4686 1960 4761; baseline 0.004 -24"><span class='ocrx_word' id='word_1_654' title='bbox 368 4700 551 4739; x_wconf 89' lang='lat' dir='ltr'><strong>annos</strong></span> <span class='ocrx_word' id='word_1_655' title='bbox 571 4686 644 4739; x_wconf 71' lang='lat'><strong>27</strong></span> <span class='ocrx_word' id='word_1_656' title='bbox 674 4696 795 4756; x_wconf 90' lang='lat' dir='ltr'><strong>post</strong></span> <span class='ocrx_word' id='word_1_657' title='bbox 822 4686 1014 4759; x_wconf 90' lang='lat' dir='ltr'><strong>lgnatii</strong></span> <span class='ocrx_word' id='word_1_658' title='bbox 1052 4690 1377 4761; x_wconf 87' lang='lat' dir='ltr'><strong>martyrium</strong></span> <span class='ocrx_word' id='word_1_659' title='bbox 1409 4700 1682 4754; x_wconf 92' lang='lat' dir='ltr'><strong>numerat,</strong></span> <span class='ocrx_word' id='word_1_660' title='bbox 1718 4699 1769 4745; x_wconf 91' lang='lat' dir='ltr'><strong>et</strong></span> <span class='ocrx_word' id='word_1_661' title='bbox 1793 4691 1960 4744; x_wconf 92' lang='lat' dir='ltr'><strong>verba</strong></span> 
     </span>
    </p>
   </div>
   <div class='ocr_carea' id='block_1_94' title="bbox 369 4775 1962 4836">
    <p class='ocr_par' dir='ltr' id='par_1_94' title="bbox 369 4775 1962 4836">
     <span class='ocr_line' id='line_1_94' title="bbox 369 4775 1962 4836; baseline 0.004 -8"><span class='ocrx_word' id='word_1_662' title='bbox 369 4775 597 4831; x_wconf 89' lang='lat' dir='ltr'><strong>Eusebii</strong></span> <span class='ocrx_word' id='word_1_663' title='bbox 633 4777 686 4831; x_wconf 92' lang='lat' dir='ltr'><strong>in</strong></span> <span class='ocrx_word' id='word_1_664' title='bbox 713 4778 987 4834; x_wconf 87' lang='lat' dir='ltr'><strong>Chronico</strong></span> <span class='ocrx_word' id='word_1_665' title='bbox 1024 4781 1090 4835; x_wconf 87' lang='lat' dir='ltr'><strong>ad</strong></span> <span class='ocrx_word' id='word_1_666' title='bbox 1120 4797 1325 4835; x_wconf 88' lang='lat' dir='ltr'><strong>annum</strong></span> <span class='ocrx_word' id='word_1_667' title='bbox 1362 4781 1590 4836; x_wconf 87' lang='lat' dir='ltr'><strong>Adriani</strong></span> <span class='ocrx_word' id='word_1_668' title='bbox 1632 4780 1697 4835; x_wconf 79' lang='grc' dir='ltr'><strong><em>Π</em></strong></span> <span class='ocrx_word' id='word_1_669' title='bbox 1743 4780 1962 4835; x_wconf 90' lang='lat' dir='ltr'><strong>Domini</strong></span> 
     </span>
    </p>
   </div>
   <div class='ocr_carea' id='block_1_95' title="bbox 370 4868 1963 4938">
    <p class='ocr_par' dir='ltr' id='par_1_95' title="bbox 370 4868 1963 4938">
     <span class='ocr_line' id='line_1_95' title="bbox 370 4868 1963 4938; baseline 0.004 -17"><span class='ocrx_word' id='word_1_670' title='bbox 370 4884 507 4921; x_wconf 86' lang='lat' dir='ltr'><strong>vero</strong></span> <span class='ocrx_word' id='word_1_671' title='bbox 546 4868 651 4922; x_wconf 69' lang='grc'><strong>154</strong></span> <span class='ocrx_word' id='word_1_672' title='bbox 691 4871 849 4938; x_wconf 88' lang='lat' dir='ltr'><strong>quasi</strong></span> <span class='ocrx_word' id='word_1_673' title='bbox 900 4870 1129 4926; x_wconf 88' lang='lat' dir='ltr'><strong>fundum</strong></span> <span class='ocrx_word' id='word_1_674' title='bbox 1188 4874 1474 4927; x_wconf 66' lang='lat' dir='ltr'><strong>sententiae</strong></span> <span class='ocrx_word' id='word_1_675' title='bbox 1526 4873 1733 4929; x_wconf 88' lang='lat' dir='ltr'><strong>laudat.</strong></span> <span class='ocrx_word' id='word_1_676' title='bbox 1786 4872 1963 4928; x_wconf 90' lang='lat' dir='ltr'><strong>Verba</strong></span> 
     </span>
    </p>
   </div>
   <div class='ocr_carea' id='block_1_96' title="bbox 372 4959 1968 5019">
    <p class='ocr_par' dir='ltr' id='par_1_96' title="bbox 372 4959 1968 5019">
     <span class='ocr_line' id='line_1_96' title="bbox 372 4959 1968 5019; baseline 0.003 -7"><span class='ocrx_word' id='word_1_677' title='bbox 372 4959 599 5014; x_wconf 81' lang='lat' dir='ltr'><strong>Eusebii</strong></span> <span class='ocrx_word' id='word_1_678' title='bbox 637 4971 766 5016; x_wconf 89' lang='lat' dir='ltr'><strong>sunt</strong></span> <span class='ocrx_word' id='word_1_679' title='bbox 802 4983 814 5016; x_wconf 95' lang='lat'>:</span> <span class='ocrx_word' id='word_1_680' title='bbox 855 4981 873 5013; x_wconf 75' lang='grc' dir='ltr'><strong>ι</strong></span> <span class='ocrx_word' id='word_1_681' title='bbox 919 4962 1187 5019; x_wconf 81' lang='lat' dir='ltr'><strong>Basilides</strong></span> <span class='ocrx_word' id='word_1_682' title='bbox 1217 4964 1608 5019; x_wconf 73' lang='lat' dir='ltr'><strong>hzeresiarches</strong></span> <span class='ocrx_word' id='word_1_683' title='bbox 1640 4964 1694 5017; x_wconf 92' lang='lat' dir='ltr'><strong>in</strong></span> <span class='ocrx_word' id='word_1_684' title='bbox 1731 4963 1968 5018; x_wconf 77' lang='lat' dir='ltr'><strong>Alexan-</strong></span> 
     </span>
    </p>
   </div>
   <div class='ocr_carea' id='block_1_97' title="bbox 373 5053 1969 5125">
    <p class='ocr_par' dir='ltr' id='par_1_97' title="bbox 373 5053 1969 5125">
     <span class='ocr_line' id='line_1_97' title="bbox 373 5053 1969 5125; baseline 0.001 -19"><span class='ocrx_word' id='word_1_685' title='bbox 373 5053 503 5107; x_wconf 91' lang='lat' dir='ltr'><strong>dria</strong></span> <span class='ocrx_word' id='word_1_686' title='bbox 535 5064 932 5121; x_wconf 87' lang='lat' dir='ltr'><strong>commoratur,</strong></span> <span class='ocrx_word' id='word_1_687' title='bbox 967 5071 996 5108; x_wconf 87' lang='lat' dir='ltr'><strong>a</strong></span> <span class='ocrx_word' id='word_1_688' title='bbox 1026 5071 1138 5125; x_wconf 89' lang='lat' dir='ltr'><strong>quo</strong></span> <span class='ocrx_word' id='word_1_689' title='bbox 1169 5055 1435 5111; x_wconf 89' lang='lat' dir='ltr'><strong>Gnostici.</strong></span> <span class='ocrx_word' id='word_1_690' title='bbox 1472 5076 1490 5108; x_wconf 74' lang='grc' dir='ltr'><strong>ι</strong></span> <span class='ocrx_word' id='word_1_691' title='bbox 1522 5055 1625 5109; x_wconf 88' lang='lat' dir='ltr'><strong>Sed</strong></span> <span class='ocrx_word' id='word_1_692' title='bbox 1650 5070 1814 5124; x_wconf 90' lang='lat' dir='ltr'><strong>quam</strong></span> <span class='ocrx_word' id='word_1_693' title='bbox 1845 5070 1969 5123; x_wconf 87' lang='lat' dir='ltr'><strong>per-</strong></span> 
     </span>
    </p>
   </div>
   <div class='ocr_carea' id='block_1_98' title="bbox 373 5145 1969 5217">
    <p class='ocr_par' dir='ltr' id='par_1_98' title="bbox 373 5145 1969 5217">
     <span class='ocr_line' id='line_1_98' title="bbox 373 5145 1969 5217; baseline 0.001 -20"><span class='ocrx_word' id='word_1_694' title='bbox 373 5158 571 5212; x_wconf 83' lang='lat' dir='ltr'><strong>peram</strong></span> <span class='ocrx_word' id='word_1_695' title='bbox 603 5145 717 5200; x_wconf 63' lang='lat' dir='ltr'><strong>haec</strong></span> <span class='ocrx_word' id='word_1_696' title='bbox 747 5146 816 5201; x_wconf 90' lang='lat' dir='ltr'><strong>ad</strong></span> <span class='ocrx_word' id='word_1_697' title='bbox 862 5147 1077 5202; x_wconf 90' lang='lat' dir='ltr'><strong>initium</strong></span> <span class='ocrx_word' id='word_1_698' title='bbox 1133 5148 1402 5203; x_wconf 85' lang='lat' dir='ltr'><strong>haereseos</strong></span> <span class='ocrx_word' id='word_1_699' title='bbox 1455 5148 1784 5213; x_wconf 87' lang='lat' dir='ltr'><strong>trahuntur;</strong></span> <span class='ocrx_word' id='word_1_700' title='bbox 1846 5162 1969 5217; x_wconf 71' lang='lat' dir='ltr'><strong>qua:</strong></span> 
     </span>
    </p>
   </div>
   <div class='ocr_carea' id='block_1_99' title="bbox 375 5235 1972 5307">
    <p class='ocr_par' dir='ltr' id='par_1_99' title="bbox 375 5235 1972 5307">
     <span class='ocr_line' id='line_1_99' title="bbox 375 5235 1972 5307; baseline 0.002 -19"><span class='ocrx_word' id='word_1_701' title='bbox 375 5235 567 5305; x_wconf 91' lang='lat' dir='ltr'><strong>potius</strong></span> <span class='ocrx_word' id='word_1_702' title='bbox 597 5236 802 5293; x_wconf 80' lang='lat' dir='ltr'><strong>exitum</strong></span> <span class='ocrx_word' id='word_1_703' title='bbox 848 5238 1089 5293; x_wconf 57' lang='lat' dir='ltr'><strong>haeretici</strong></span> <span class='ocrx_word' id='word_1_704' title='bbox 1140 5239 1423 5293; x_wconf 86' lang='lat' dir='ltr'><strong>indicant?</strong></span> <span class='ocrx_word' id='word_1_705' title='bbox 1461 5238 1539 5293; x_wconf 86' lang='lat' dir='ltr'><strong>Eo</strong></span> <span class='ocrx_word' id='word_1_706' title='bbox 1574 5238 1795 5307; x_wconf 84' lang='lat' dir='ltr'><strong>quidem</strong></span> <span class='ocrx_word' id='word_1_707' title='bbox 1825 5253 1972 5291; x_wconf 92' lang='lat' dir='ltr'><strong>anno</strong></span> 
     </span>
    </p>
   </div>
   <div class='ocr_carea' id='block_1_100' title="bbox 376 5326 1971 5396">
    <p class='ocr_par' dir='ltr' id='par_1_100' title="bbox 376 5326 1971 5396">
     <span class='ocr_line' id='line_1_100' title="bbox 376 5326 1971 5396; baseline -0.001 -17"><span class='ocrx_word' id='word_1_708' title='bbox 376 5326 728 5382; x_wconf 69' lang='lat' dir='ltr'><strong>Alexandria:</strong></span> <span class='ocrx_word' id='word_1_709' title='bbox 758 5329 939 5383; x_wconf 90' lang='lat' dir='ltr'><strong>adhuc</strong></span> <span class='ocrx_word' id='word_1_710' title='bbox 962 5329 1294 5383; x_wconf 88' lang='lat' dir='ltr'><strong>commorari</strong></span> <span class='ocrx_word' id='word_1_711' title='bbox 1325 5329 1547 5393; x_wconf 89' lang='lat' dir='ltr'><strong>dicitur,</strong></span> <span class='ocrx_word' id='word_1_712' title='bbox 1571 5328 1663 5396; x_wconf 91' lang='lat' dir='ltr'><strong>qui</strong></span> <span class='ocrx_word' id='word_1_713' title='bbox 1692 5336 1816 5395; x_wconf 90' lang='lat' dir='ltr'><strong>post</strong></span> <span class='ocrx_word' id='word_1_714' title='bbox 1844 5341 1971 5380; x_wconf 89' lang='lat' dir='ltr'><strong>eum</strong></span> 
     </span>
    </p>
   </div>
   <div class='ocr_carea' id='block_1_101' title="bbox 379 5421 1976 5492">
    <p class='ocr_par' dir='ltr' id='par_1_101' title="bbox 379 5421 1976 5492">
     <span class='ocr_line' id='line_1_101' title="bbox 379 5421 1976 5492; baseline 0.001 -18"><span class='ocrx_word' id='word_1_715' title='bbox 379 5435 591 5474; x_wconf 86' lang='lat' dir='ltr'><strong>annum</strong></span> <span class='ocrx_word' id='word_1_716' title='bbox 624 5434 898 5492; x_wconf 83' lang='lat' dir='ltr'><strong>nusquam</strong></span> <span class='ocrx_word' id='word_1_717' title='bbox 926 5423 1254 5491; x_wconf 87' lang='lat' dir='ltr'><strong>comparuit.</strong></span> <span class='ocrx_word' id='word_1_718' title='bbox 1283 5421 1357 5476; x_wconf 89' lang='lat' dir='ltr'><strong>Ita</strong></span> <span class='ocrx_word' id='word_1_719' title='bbox 1382 5421 1676 5476; x_wconf 88' lang='lat' dir='ltr'><strong>Eusebium</strong></span> <span class='ocrx_word' id='word_1_720' title='bbox 1710 5421 1976 5489; x_wconf 71' lang='lat' dir='ltr'><strong>interpre-</strong></span> 
     </span>
    </p>
   </div>
   <div class='ocr_carea' id='block_1_102' title="bbox 379 5513 1976 5586">
    <p class='ocr_par' dir='ltr' id='par_1_102' title="bbox 379 5513 1976 5586">
     <span class='ocr_line' id='line_1_102' title="bbox 379 5513 1976 5586; baseline 0.001 -18"><span class='ocrx_word' id='word_1_721' title='bbox 379 5524 535 5569; x_wconf 85' lang='lat' dir='ltr'><strong>tatus</strong></span> <span class='ocrx_word' id='word_1_722' title='bbox 561 5523 668 5581; x_wconf 89' lang='lat' dir='ltr'><strong>est,</strong></span> <span class='ocrx_word' id='word_1_723' title='bbox 725 5517 819 5586; x_wconf 89' lang='lat' dir='ltr'><strong>qui</strong></span> <span class='ocrx_word' id='word_1_724' title='bbox 851 5532 914 5571; x_wconf 90' lang='lat' dir='ltr'><strong>ea</strong></span> <span class='ocrx_word' id='word_1_725' title='bbox 961 5518 1126 5572; x_wconf 90' lang='lat' dir='ltr'><strong>verba</strong></span> <span class='ocrx_word' id='word_1_726' title='bbox 1164 5532 1194 5571; x_wconf 92' lang='lat' dir='ltr'><strong>e</strong></span> <span class='ocrx_word' id='word_1_727' title='bbox 1236 5516 1427 5572; x_wconf 85' lang='lat' dir='ltr'><strong>Graeco</strong></span> <span class='ocrx_word' id='word_1_728' title='bbox 1458 5515 1758 5580; x_wconf 90' lang='lat' dir='ltr'><strong>transtulit,</strong></span> <span class='ocrx_word' id='word_1_729' title='bbox 1785 5513 1976 5569; x_wconf 87' lang='lat' dir='ltr'><strong>Hiero-</strong></span> 
     </span>
    </p>
   </div>
   <div class='ocr_carea' id='block_1_103' title="bbox 383 5608 1979 5679">
    <p class='ocr_par' dir='ltr' id='par_1_103' title="bbox 383 5608 1979 5679">
     <span class='ocr_line' id='line_1_103' title="bbox 383 5608 1979 5679; baseline 0.001 -17"><span class='ocrx_word' id='word_1_730' title='bbox 383 5623 612 5677; x_wconf 76' lang='lat' dir='ltr'><strong>nymus.</strong></span> <span class='ocrx_word' id='word_1_731' title='bbox 647 5610 707 5663; x_wconf 85' lang='grc' dir='ltr'><strong>ιιι</strong></span> <span class='ocrx_word' id='word_1_732' title='bbox 753 5608 1018 5679; x_wconf 86' lang='lat' dir='ltr'><strong>Catalogo</strong></span> <span class='ocrx_word' id='word_1_733' title='bbox 1069 5611 1240 5677; x_wconf 90' lang='lat' dir='ltr'><strong>enim,</strong></span> <span class='ocrx_word' id='word_1_734' title='bbox 1273 5625 1411 5665; x_wconf 89' lang='lat' dir='ltr'><strong>voce</strong></span> <span class='ocrx_word' id='word_1_735' title='bbox 1447 5629 1466 5661; x_wconf 71' lang='grc' dir='ltr'>ί</span> <span class='ocrx_word' id='word_1_736' title='bbox 1506 5608 1768 5678; x_wconf 88' lang='lat' dir='ltr'><strong>Agrippa,</strong></span> <span class='ocrx_word' id='word_1_737' title='bbox 1805 5626 1823 5659; x_wconf 76' lang='grc' dir='ltr'><strong>ι</strong></span> <span class='ocrx_word' id='word_1_738' title='bbox 1861 5608 1979 5663; x_wconf 66' lang='lat' dir='ltr'><strong>haec</strong></span> 
     </span>
    </p>
   </div>
   <div class='ocr_carea' id='block_1_104' title="bbox 385 5693 1980 5765">
    <p class='ocr_par' dir='ltr' id='par_1_104' title="bbox 385 5693 1980 5765">
     <span class='ocr_line' id='line_1_104' title="bbox 385 5693 1980 5765; baseline -0.003 -13"><span class='ocrx_word' id='word_1_739' title='bbox 385 5697 558 5752; x_wconf 89' lang='lat' dir='ltr'><strong>habet</strong></span> <span class='ocrx_word' id='word_1_740' title='bbox 587 5716 599 5752; x_wconf 90' lang='lat'>:</span> <span class='ocrx_word' id='word_1_741' title='bbox 632 5717 651 5751; x_wconf 75' lang='grc' dir='ltr'><strong>ι</strong></span> <span class='ocrx_word' id='word_1_742' title='bbox 696 5698 947 5753; x_wconf 78' lang='lat' dir='ltr'><strong>Mortuus</strong></span> <span class='ocrx_word' id='word_1_743' title='bbox 975 5708 1062 5754; x_wconf 89' lang='lat' dir='ltr'><strong>est</strong></span> <span class='ocrx_word' id='word_1_744' title='bbox 1096 5707 1278 5753; x_wconf 89' lang='lat' dir='ltr'><strong>autem</strong></span> <span class='ocrx_word' id='word_1_745' title='bbox 1308 5697 1597 5762; x_wconf 90' lang='lat' dir='ltr'><strong>Basilides,</strong></span> <span class='ocrx_word' id='word_1_746' title='bbox 1626 5712 1657 5751; x_wconf 88' lang='lat' dir='ltr'><strong>a</strong></span> <span class='ocrx_word' id='word_1_747' title='bbox 1685 5711 1797 5765; x_wconf 89' lang='lat' dir='ltr'><strong>quo</strong></span> <span class='ocrx_word' id='word_1_748' title='bbox 1831 5693 1980 5749; x_wconf 85' lang='lat' dir='ltr'><strong>Gno-</strong></span> 
     </span>
    </p>
   </div>
   <div class='ocr_carea' id='block_1_105' title="bbox 386 5785 1981 5860">
    <p class='ocr_par' dir='ltr' id='par_1_105' title="bbox 386 5785 1981 5860">
     <span class='ocr_line' id='line_1_105' title="bbox 386 5785 1981 5860; baseline -0.004 -13"><span class='ocrx_word' id='word_1_749' title='bbox 386 5791 537 5857; x_wconf 80' lang='lat' dir='ltr'><strong>stici,</strong></span> <span class='ocrx_word' id='word_1_750' title='bbox 588 5790 642 5844; x_wconf 91' lang='lat' dir='ltr'><strong>in</strong></span> <span class='ocrx_word' id='word_1_751' title='bbox 696 5792 1027 5847; x_wconf 83' lang='lat' dir='ltr'><strong>Alexandria</strong></span> <span class='ocrx_word' id='word_1_752' title='bbox 1074 5791 1417 5860; x_wconf 88' lang='lat' dir='ltr'><strong>temporibus</strong></span> <span class='ocrx_word' id='word_1_753' title='bbox 1460 5788 1709 5843; x_wconf 88' lang='lat' dir='ltr'><strong>Adriani.</strong></span> <span class='ocrx_word' id='word_1_754' title='bbox 1764 5806 1783 5838; x_wconf 84' lang='grc'><strong>›</strong></span> <span class='ocrx_word' id='word_1_755' title='bbox 1846 5785 1981 5851; x_wconf 82' lang='lat' dir='ltr'><strong>Quis</strong></span> 
     </span>
    </p>
   </div>
   <div class='ocr_carea' id='block_1_106' title="bbox 388 5876 1982 5952">
    <p class='ocr_par' dir='ltr' id='par_1_106' title="bbox 388 5876 1982 5952">
     <span class='ocr_line' id='line_1_106' title="bbox 388 5876 1982 5952; baseline -0.002 -18"><span class='ocrx_word' id='word_1_756' title='bbox 388 5887 578 5936; x_wconf 82' lang='lat' dir='ltr'><strong>autem</strong></span> <span class='ocrx_word' id='word_1_757' title='bbox 610 5894 721 5937; x_wconf 86' lang='lat' dir='ltr'><strong>non</strong></span> <span class='ocrx_word' id='word_1_758' title='bbox 753 5880 900 5936; x_wconf 86' lang='lat' dir='ltr'><strong>videt</strong></span> <span class='ocrx_word' id='word_1_759' title='bbox 930 5895 1056 5937; x_wconf 87' lang='lat' dir='ltr'><strong>eum</strong></span> <span class='ocrx_word' id='word_1_760' title='bbox 1091 5878 1160 5936; x_wconf 85' lang='lat' dir='ltr'><strong>ad</strong></span> <span class='ocrx_word' id='word_1_761' title='bbox 1192 5878 1503 5937; x_wconf 87' lang='lat' dir='ltr'><strong>Eusebiana</strong></span> <span class='ocrx_word' id='word_1_762' title='bbox 1528 5879 1643 5952; x_wconf 71' lang='lat' dir='ltr'><strong>alia</strong></span> <span class='ocrx_word' id='word_1_763' title='bbox 1676 5876 1982 5950; x_wconf 82' lang='lat' dir='ltr'><strong>respicere?</strong></span> 
     </span>
    </p>
   </div>
   <div class='ocr_carea' id='block_1_107' title="bbox 2063 4650 3651 4743">
    <p class='ocr_par' dir='ltr' id='par_1_107' title="bbox 2063 4650 3651 4743">
     <span class='ocr_line' id='line_1_107' title="bbox 2063 4650 3651 4743; baseline -0.016 -17"><span class='ocrx_word' id='word_1_764' title='bbox 2063 4670 2283 4743; x_wconf 81' lang='grc' dir='ltr'>ανδρείᾳ</span> <span class='ocrx_word' id='word_1_765' title='bbox 2351 4668 2659 4739; x_wconf 78' lang='grc' dir='ltr'>ἐκλήθησαν</span> <span class='ocrx_word' id='word_1_766' title='bbox 2726 4665 2787 4716; x_wconf 83' lang='grc' dir='ltr'>ὲν</span> <span class='ocrx_word' id='word_1_767' title='bbox 2868 4662 2981 4724; x_wconf 79' lang='grc' dir='ltr'><strong>τοῖς</strong></span> <span class='ocrx_word' id='word_1_768' title='bbox 3063 4657 3274 4729; x_wconf 86' lang='grc' dir='ltr'>χρόνοις</span> <span class='ocrx_word' id='word_1_769' title='bbox 3351 4650 3651 4743; x_wconf 45' lang='grc' dir='ltr'>Ἀδριανοῦι</span> 
     </span>
    </p>
   </div>
   <div class='ocr_carea' id='block_1_108' title="bbox 2071 4742 3655 4816">
    <p class='ocr_par' dir='ltr' id='par_1_108' title="bbox 2071 4742 3655 4816">
     <span class='ocr_line' id='line_1_108' title="bbox 2071 4742 3655 4816; baseline -0.015 1"><span class='ocrx_word' id='word_1_770' title='bbox 2071 4783 2089 4815; x_wconf 75' lang='grc' dir='ltr'><strong>ι</strong></span> <span class='ocrx_word' id='word_1_771' title='bbox 2141 4742 2356 4816; x_wconf 81' lang='lat' dir='ltr'><strong>Mortuo</strong></span> <span class='ocrx_word' id='word_1_772' title='bbox 2397 4757 2635 4813; x_wconf 90' lang='lat' dir='ltr'><strong>Basilide</strong></span> <span class='ocrx_word' id='word_1_773' title='bbox 2683 4752 2931 4810; x_wconf 89' lang='lat' dir='ltr'><strong>Cnostici</strong></span> <span class='ocrx_word' id='word_1_774' title='bbox 2982 4750 3039 4804; x_wconf 88' lang='lat' dir='ltr'><strong>in</strong></span> <span class='ocrx_word' id='word_1_775' title='bbox 3093 4744 3427 4802; x_wconf 80' lang='lat' dir='ltr'><strong>Alexandria</strong></span> <span class='ocrx_word' id='word_1_776' title='bbox 3470 4742 3655 4797; x_wconf 89' lang='lat' dir='ltr'><strong>vocati</strong></span> 
     </span>
    </p>
   </div>
   <div class='ocr_carea' id='block_1_109' title="bbox 2066 4834 3699 4920">
    <p class='ocr_par' dir='ltr' id='par_1_109' title="bbox 2066 4834 3699 4920">
     <span class='ocr_line' id='line_1_109' title="bbox 2066 4834 3699 4920; baseline -0.018 -5"><span class='ocrx_word' id='word_1_777' title='bbox 2066 4865 2197 4915; x_wconf 87' lang='lat' dir='ltr'><strong>sunt</strong></span> <span class='ocrx_word' id='word_1_778' title='bbox 2228 4852 2572 4920; x_wconf 90' lang='lat' dir='ltr'><strong>temporibus</strong></span> <span class='ocrx_word' id='word_1_779' title='bbox 2604 4846 2850 4903; x_wconf 89' lang='lat' dir='ltr'><strong>Adriani.</strong></span> <span class='ocrx_word' id='word_1_780' title='bbox 2888 4863 2907 4896; x_wconf 73' lang='grc' dir='ltr'><strong>ι</strong></span> <span class='ocrx_word' id='word_1_781' title='bbox 2946 4843 3021 4896; x_wconf 89' lang='lat' dir='ltr'><strong>De</strong></span> <span class='ocrx_word' id='word_1_782' title='bbox 3047 4840 3211 4897; x_wconf 89' lang='lat' dir='ltr'><strong>tertio</strong></span> <span class='ocrx_word' id='word_1_783' title='bbox 3243 4838 3508 4893; x_wconf 85' lang='lat' dir='ltr'><strong>adversus</strong></span> <span class='ocrx_word' id='word_1_784' title='bbox 3532 4834 3660 4888; x_wconf 75' lang='lat' dir='ltr'><strong>Dal—</strong></span> <span class='ocrx_word' id='word_1_785' title='bbox 3690 4846 3699 4856; x_wconf 85' lang='lat'><strong><em>&#39;</em></strong></span> 
     </span>
    </p>
   </div>
   <div class='ocr_carea' id='block_1_110' title="bbox 2068 4933 3659 5019">
    <p class='ocr_par' dir='ltr' id='par_1_110' title="bbox 2068 4933 3659 5019">
     <span class='ocr_line' id='line_1_110' title="bbox 2068 4933 3659 5019; baseline -0.018 -12"><span class='ocrx_word' id='word_1_786' title='bbox 2068 4953 2229 5007; x_wconf 86' lang='lat' dir='ltr'><strong>laeum</strong></span> <span class='ocrx_word' id='word_1_787' title='bbox 2260 4949 2495 5019; x_wconf 90' lang='lat' dir='ltr'><strong>agimus.</strong></span> <span class='ocrx_word' id='word_1_788' title='bbox 2532 4943 2639 4998; x_wconf 89' lang='lat' dir='ltr'><strong>Sed</strong></span> <span class='ocrx_word' id='word_1_789' title='bbox 2675 4940 2909 4995; x_wconf 82' lang='lat' dir='ltr'><strong>Dallaeus</strong></span> <span class='ocrx_word' id='word_1_790' title='bbox 2940 4934 3115 4991; x_wconf 87' lang='lat' dir='ltr'><strong>nescit</strong></span> <span class='ocrx_word' id='word_1_791' title='bbox 3142 4933 3248 4987; x_wconf 86' lang='lat' dir='ltr'><strong>hoc</strong></span> <span class='ocrx_word' id='word_1_792' title='bbox 3268 4946 3434 5000; x_wconf 91' lang='lat' dir='ltr'><strong>quam</strong></span> <span class='ocrx_word' id='word_1_793' title='bbox 3464 4943 3659 4982; x_wconf 87' lang='lat' dir='ltr'><strong>verum</strong></span> 
     </span>
    </p>
   </div>
   <div class='ocr_carea' id='block_1_111' title="bbox 2071 5018 3660 5109">
    <p class='ocr_par' dir='ltr' id='par_1_111' title="bbox 2071 5018 3660 5109">
     <span class='ocr_line' id='line_1_111' title="bbox 2071 5018 3660 5109; baseline -0.018 -8"><span class='ocrx_word' id='word_1_794' title='bbox 2071 5045 2173 5109; x_wconf 89' lang='lat' dir='ltr'><strong>sit;</strong></span> <span class='ocrx_word' id='word_1_795' title='bbox 2207 5062 2225 5094; x_wconf 84' lang='grc'><strong><em>‹</em></strong></span> <span class='ocrx_word' id='word_1_796' title='bbox 2268 5018 2416 5097; x_wconf 84' lang='lat' dir='ltr'><strong>certe</strong></span> <span class='ocrx_word' id='word_1_797' title='bbox 2451 5053 2560 5092; x_wconf 91' lang='lat' dir='ltr'><strong>non</strong></span> <span class='ocrx_word' id='word_1_798' title='bbox 2589 5034 2805 5089; x_wconf 88' lang='lat' dir='ltr'><strong>videtur</strong></span> <span class='ocrx_word' id='word_1_799' title='bbox 2836 5030 3133 5091; x_wconf 65' lang='lat' dir='ltr'><strong>cohaerere,</strong></span> <span class='ocrx_word' id='word_1_800' title='bbox 3181 5023 3381 5093; x_wconf 91' lang='lat' dir='ltr'><strong>inquit,</strong></span> <span class='ocrx_word' id='word_1_801' title='bbox 3418 5035 3545 5076; x_wconf 90' lang='lat' dir='ltr'><strong>cum</strong></span> <span class='ocrx_word' id='word_1_802' title='bbox 3589 5018 3660 5073; x_wconf 89' lang='lat' dir='ltr'><strong>iis</strong></span> 
     </span>
    </p>
   </div>
   <div class='ocr_carea' id='block_1_112' title="bbox 2071 5110 3663 5206">
    <p class='ocr_par' dir='ltr' id='par_1_112' title="bbox 2071 5110 3663 5206">
     <span class='ocr_line' id='line_1_112' title="bbox 2071 5110 3663 5206; baseline -0.019 -14"><span class='ocrx_word' id='word_1_803' title='bbox 2071 5152 2193 5206; x_wconf 66' lang='lat' dir='ltr'><strong>quae</strong></span> <span class='ocrx_word' id='word_1_804' title='bbox 2212 5134 2464 5189; x_wconf 80' lang='lat' dir='ltr'><strong>Clemens</strong></span> <span class='ocrx_word' id='word_1_805' title='bbox 2493 5127 2735 5191; x_wconf 90' lang='lat' dir='ltr'><strong>tradidit,</strong></span> <span class='ocrx_word' id='word_1_806' title='bbox 2766 5123 2997 5185; x_wconf 88' lang='lat' dir='ltr'><strong>scilicet,</strong></span> <span class='ocrx_word' id='word_1_807' title='bbox 3026 5116 3317 5173; x_wconf 88' lang='lat' dir='ltr'><strong>Basilidem</strong></span> <span class='ocrx_word' id='word_1_808' title='bbox 3344 5110 3663 5206; x_wconf 78' lang='lat' dir='ltr'><strong>pervenisse</strong></span> 
     </span>
    </p>
   </div>
   <div class='ocr_carea' id='block_1_113' title="bbox 2073 5203 3664 5283">
    <p class='ocr_par' dir='ltr' id='par_1_113' title="bbox 2073 5203 3664 5283">
     <span class='ocr_line' id='line_1_113' title="bbox 2073 5203 3664 5283; baseline -0.017 -1"><span class='ocrx_word' id='word_1_809' title='bbox 2073 5203 2140 5283; x_wconf 83' lang='lat' dir='ltr'><strong>ad</strong></span> <span class='ocrx_word' id='word_1_810' title='bbox 2171 5224 2435 5280; x_wconf 85' lang='lat' dir='ltr'><strong>Antonini</strong></span> <span class='ocrx_word' id='word_1_811' title='bbox 2470 5222 2552 5276; x_wconf 86' lang='lat' dir='ltr'><strong>Pii</strong></span> <span class='ocrx_word' id='word_1_812' title='bbox 2577 5235 2773 5275; x_wconf 65' lang='lat' dir='ltr'><strong>aevum.</strong></span> <span class='ocrx_word' id='word_1_813' title='bbox 2815 5237 2834 5269; x_wconf 74' lang='grc' dir='ltr'><strong>ι</strong></span> <span class='ocrx_word' id='word_1_814' title='bbox 2875 5214 2981 5270; x_wconf 86' lang='lat' dir='ltr'><strong>Sed</strong></span> <span class='ocrx_word' id='word_1_815' title='bbox 3018 5227 3122 5266; x_wconf 88' lang='lat' dir='ltr'><strong>nec</strong></span> <span class='ocrx_word' id='word_1_816' title='bbox 3164 5212 3270 5263; x_wconf 88' lang='lat' dir='ltr'><strong>hoc</strong></span> <span class='ocrx_word' id='word_1_817' title='bbox 3301 5207 3505 5263; x_wconf 90' lang='lat' dir='ltr'><strong>diserte</strong></span> <span class='ocrx_word' id='word_1_818' title='bbox 3530 5203 3664 5259; x_wconf 89' lang='lat' dir='ltr'><strong>dicit</strong></span> 
     </span>
    </p>
   </div>
   <div class='ocr_carea' id='block_1_114' title="bbox 2074 5295 3664 5375">
    <p class='ocr_par' dir='ltr' id='par_1_114' title="bbox 2074 5295 3664 5375">
     <span class='ocr_line' id='line_1_114' title="bbox 2074 5295 3664 5375; baseline -0.018 -1"><span class='ocrx_word' id='word_1_819' title='bbox 2074 5320 2327 5375; x_wconf 89' lang='lat' dir='ltr'><strong>Clemens</strong></span> <span class='ocrx_word' id='word_1_820' title='bbox 2356 5316 2410 5369; x_wconf 89' lang='lat' dir='ltr'><strong>in</strong></span> <span class='ocrx_word' id='word_1_821' title='bbox 2434 5315 2555 5368; x_wconf 90' lang='lat' dir='ltr'><strong>loco</strong></span> <span class='ocrx_word' id='word_1_822' title='bbox 2583 5312 2675 5367; x_wconf 92' lang='lat' dir='ltr'><strong>illo</strong></span> <span class='ocrx_word' id='word_1_823' title='bbox 2698 5311 2956 5370; x_wconf 86' lang='lat' dir='ltr'><strong>obscuro,</strong></span> <span class='ocrx_word' id='word_1_824' title='bbox 2993 5320 3156 5374; x_wconf 90' lang='lat' dir='ltr'><strong>quem</strong></span> <span class='ocrx_word' id='word_1_825' title='bbox 3188 5316 3315 5355; x_wconf 74' lang='lat' dir='ltr'><strong>mox</strong></span> <span class='ocrx_word' id='word_1_826' title='bbox 3344 5295 3664 5353; x_wconf 88' lang='lat' dir='ltr'><strong>considera-</strong></span> 
     </span>
    </p>
   </div>
   <div class='ocr_carea' id='block_1_115' title="bbox 2076 5390 3665 5478">
    <p class='ocr_par' dir='ltr' id='par_1_115' title="bbox 2076 5390 3665 5478">
     <span class='ocr_line' id='line_1_115' title="bbox 2076 5390 3665 5478; baseline -0.018 -11"><span class='ocrx_word' id='word_1_827' title='bbox 2076 5414 2294 5478; x_wconf 92' lang='lat' dir='ltr'><strong>bimus;</strong></span> <span class='ocrx_word' id='word_1_828' title='bbox 2329 5424 2433 5464; x_wconf 89' lang='lat' dir='ltr'><strong>nee</strong></span> <span class='ocrx_word' id='word_1_829' title='bbox 2469 5408 2517 5463; x_wconf 92' lang='lat' dir='ltr'><strong>si</strong></span> <span class='ocrx_word' id='word_1_830' title='bbox 2554 5406 2607 5460; x_wconf 87' lang='lat' dir='ltr'><strong>id</strong></span> <span class='ocrx_word' id='word_1_831' title='bbox 2636 5403 2885 5464; x_wconf 79' lang='lat' dir='ltr'><strong>dixisset,</strong></span> <span class='ocrx_word' id='word_1_832' title='bbox 2924 5399 3157 5453; x_wconf 88' lang='lat' dir='ltr'><strong>multum</strong></span> <span class='ocrx_word' id='word_1_833' title='bbox 3182 5407 3362 5450; x_wconf 85' lang='lat' dir='ltr'><strong>causae</strong></span> <span class='ocrx_word' id='word_1_834' title='bbox 3400 5390 3665 5444; x_wconf 88' lang='lat' dir='ltr'><strong>adversa-</strong></span> 
     </span>
    </p>
   </div>
   <div class='ocr_carea' id='block_1_116' title="bbox 2078 5483 3663 5564">
    <p class='ocr_par' dir='ltr' id='par_1_116' title="bbox 2078 5483 3663 5564">
     <span class='ocr_line' id='line_1_116' title="bbox 2078 5483 3663 5564; baseline -0.018 -4"><span class='ocrx_word' id='word_1_835' title='bbox 2078 5506 2291 5560; x_wconf 89' lang='lat' dir='ltr'><strong>riorum</strong></span> <span class='ocrx_word' id='word_1_836' title='bbox 2336 5498 2647 5564; x_wconf 90' lang='lat' dir='ltr'><strong>accederet;</strong></span> <span class='ocrx_word' id='word_1_837' title='bbox 2684 5510 2787 5550; x_wconf 88' lang='lat' dir='ltr'><strong>nec</strong></span> <span class='ocrx_word' id='word_1_838' title='bbox 2832 5493 2978 5549; x_wconf 91' lang='lat' dir='ltr'><strong>enim</strong></span> <span class='ocrx_word' id='word_1_839' title='bbox 3028 5488 3158 5543; x_wconf 90' lang='lat' dir='ltr'><strong>inde</strong></span> <span class='ocrx_word' id='word_1_840' title='bbox 3205 5483 3424 5556; x_wconf 85' lang='lat' dir='ltr'><strong>probari</strong></span> <span class='ocrx_word' id='word_1_841' title='bbox 3455 5487 3663 5551; x_wconf 86' lang='lat' dir='ltr'><strong>posset.</strong></span> 
     </span>
    </p>
   </div>
   <div class='ocr_carea' id='block_1_117' title="bbox 2079 5569 3665 5663">
    <p class='ocr_par' dir='ltr' id='par_1_117' title="bbox 2079 5569 3665 5663">
     <span class='ocr_line' id='line_1_117' title="bbox 2079 5569 3665 5663; baseline -0.018 -13"><span class='ocrx_word' id='word_1_842' title='bbox 2079 5597 2225 5650; x_wconf 86' lang='lat' dir='ltr'><strong>ultra</strong></span> <span class='ocrx_word' id='word_1_843' title='bbox 2266 5587 2705 5663; x_wconf 87' lang='lat' dir='ltr'><strong>quinquennium</strong></span> <span class='ocrx_word' id='word_1_844' title='bbox 2743 5592 2869 5655; x_wconf 90' lang='lat' dir='ltr'><strong>post</strong></span> <span class='ocrx_word' id='word_1_845' title='bbox 2924 5595 3049 5635; x_wconf 89' lang='lat' dir='ltr'><strong>eum</strong></span> <span class='ocrx_word' id='word_1_846' title='bbox 3108 5591 3313 5631; x_wconf 84' lang='lat' dir='ltr'><strong>annum</strong></span> <span class='ocrx_word' id='word_1_847' title='bbox 3367 5569 3665 5663; x_wconf 83' lang='lat' dir='ltr'><strong>Basilidem</strong></span> 
     </span>
    </p>
   </div>
   <div class='ocr_carea' id='block_1_118' title="bbox 2079 5660 3668 5743">
    <p class='ocr_par' dir='ltr' id='par_1_118' title="bbox 2079 5660 3668 5743">
     <span class='ocr_line' id='line_1_118' title="bbox 2079 5660 3668 5743; baseline -0.018 -3"><span class='ocrx_word' id='word_1_848' title='bbox 2079 5660 2306 5743; x_wconf 65' lang='lat' dir='ltr'><strong>vixisse.</strong></span> <span class='ocrx_word' id='word_1_849' title='bbox 2371 5681 2500 5738; x_wconf 89' lang='lat' dir='ltr'><strong>Inde</strong></span> <span class='ocrx_word' id='word_1_850' title='bbox 2543 5680 2711 5734; x_wconf 82' lang='lat' dir='ltr'><strong>etiam</strong></span> <span class='ocrx_word' id='word_1_851' title='bbox 2760 5674 2957 5739; x_wconf 90' lang='lat' dir='ltr'><strong>infero,</strong></span> <span class='ocrx_word' id='word_1_852' title='bbox 3012 5667 3236 5741; x_wconf 87' lang='lat' dir='ltr'><strong>probari</strong></span> <span class='ocrx_word' id='word_1_853' title='bbox 3294 5665 3447 5720; x_wconf 88' lang='lat' dir='ltr'><strong>nullo</strong></span> <span class='ocrx_word' id='word_1_854' title='bbox 3502 5660 3668 5715; x_wconf 88' lang='lat' dir='ltr'><strong>modo</strong></span> 
     </span>
    </p>
   </div>
   <div class='ocr_carea' id='block_1_119' title="bbox 2080 5753 3668 5853">
    <p class='ocr_par' dir='ltr' id='par_1_119' title="bbox 2080 5753 3668 5853">
     <span class='ocr_line' id='line_1_119' title="bbox 2080 5753 3668 5853; baseline -0.022 -15"><span class='ocrx_word' id='word_1_855' title='bbox 2080 5795 2266 5853; x_wconf 88' lang='lat' dir='ltr'><strong>posse.</strong></span> <span class='ocrx_word' id='word_1_856' title='bbox 2294 5785 2420 5847; x_wconf 90' lang='lat' dir='ltr'><strong>post</strong></span> <span class='ocrx_word' id='word_1_857' title='bbox 2450 5772 2640 5844; x_wconf 84' lang='lat' dir='ltr'><strong>lgnatii</strong></span> <span class='ocrx_word' id='word_1_858' title='bbox 2660 5778 2890 5826; x_wconf 89' lang='lat' dir='ltr'><strong>mortem</strong></span> <span class='ocrx_word' id='word_1_859' title='bbox 2908 5762 3143 5820; x_wconf 70' lang='lat' dir='ltr'><strong>haeresin</strong></span> <span class='ocrx_word' id='word_1_860' title='bbox 3166 5775 3321 5853; x_wconf 73' lang='lat' dir='ltr'><strong>suam</strong></span> <span class='ocrx_word' id='word_1_861' title='bbox 3347 5757 3400 5811; x_wconf 91' lang='lat' dir='ltr'><strong>in</strong></span> <span class='ocrx_word' id='word_1_862' title='bbox 3432 5753 3668 5825; x_wconf 73' lang='lat' dir='ltr'><strong>.oEgypto</strong></span> 
     </span>
    </p>
   </div>
   <div class='ocr_carea' id='block_1_120' title="bbox 2084 5850 3668 5943">
    <p class='ocr_par' dir='ltr' id='par_1_120' title="bbox 2084 5850 3668 5943">
     <span class='ocr_line' id='line_1_120' title="bbox 2084 5850 3668 5943; baseline -0.021 -12"><span class='ocrx_word' id='word_1_863' title='bbox 2084 5850 2211 5931; x_wconf 71' lang='lat' dir='ltr'><strong>cum</strong></span> <span class='ocrx_word' id='word_1_864' title='bbox 2243 5868 2532 5943; x_wconf 83' lang='lat' dir='ltr'><strong>sparsisse.</strong></span> <span class='ocrx_word' id='word_1_865' title='bbox 2563 5863 2740 5934; x_wconf 79' lang='lat' dir='ltr'><strong>Quam</strong></span> <span class='ocrx_word' id='word_1_866' title='bbox 2775 5857 3102 5921; x_wconf 80' lang='lat' dir='ltr'><strong>sententiam</strong></span> <span class='ocrx_word' id='word_1_867' title='bbox 3136 5870 3203 5913; x_wconf 82' lang='lat' dir='ltr'><strong>ex</strong></span> <span class='ocrx_word' id='word_1_868' title='bbox 3247 5850 3506 5909; x_wconf 81' lang='lat' dir='ltr'><strong>Veterum</strong></span> <span class='ocrx_word' id='word_1_869' title='bbox 3548 5860 3668 5900; x_wconf 61' lang='lat' dir='ltr'><strong>mor</strong></span> 
     </span>
    </p>
   </div>
  </div>
