4078 6412
482 411 589 466 543

1525 409 1581 465 S.
1619 408 1970 465 IGNATIUS.
2022 440 2083 447 —
2119 404 2659 463 PliOLEGOMENA.

3652 402 3755 458 3-H

481 529 763 584 numcntis
789 529 867 585 sic
889 527 1176 584 conﬁrmo.
1195 528 1310 583 Sub
1330 528 1560 598 imperio
1588 528 1810 582 Adriani
1834 526 2066 598 Agrippa
2098 531 2145 585 Α
2174 525 2413 580 fatentur
2440 522 2768 593 discipulum
2802 521 2971 577 {uisse
2996 520 3238 575 Simonis
3259 516 3430 591 Magi;
3455 527 3602 574 certe
3627 534 3753 575 eum

478 616 679 673 Castor
736 617 994 674 Basilidis
1053 619 1385 674 luculentam
1447 618 1880 673 confutationem
1932 618 2068 673 scri-

478 712 611 781 psit,
649 713 702 765 in
730 728 838 781 qua
869 722 922 766 et
956 714 1290 766 mentionem
1330 711 1458 766 fecit
1485 710 1553 765 ‘24
1592 710 1859 764 librorum
1898 710 1967 764 ab
1998 724 2064 763 co

478 803 532 855 in
578 802 937 872 Evangelium
994 806 1348 874 scriptorum,
1399 812 1541 858 teste
1601 802 1858 866 Eusebio,
1917 799 2063 854 Hist.

476 893 574 947 lib.
608 910 681 959 tv,
718 910 837 964 cap.
875 895 926 960 7,
958 910 1137 964 neque
1178 904 1391 948 tantum
1437 895 1702 949 adversus
1746 891 2064 958 Basiliden],

476 987 568 1041 sed
593 997 647 1041 et
681 987 849 1042 lilium
878 989 998 1057 ejus
1040 1005 1103 1043 ac
1135 988 1463 1057 discipulum
1504 986 1773 1042 Isidorum
1822 984 2063 1053 scripsit,

410 1068 417 1071 ’
477 1084 614 1130 teste
637 1077 1003 1132 Thcodoretn.
1042 1078 1145 1145 Qui
1194 1079 1298 1133 sub
1343 1078 1585 1132 Adriano
1616 1086 1697 1131 tot
1732 1077 1904 1131 libros
1947 1076 2065 1129 edi-

475 1168 651 1235 derat,
684 1170 971 1241 tiliumque
1005 1187 1071 1226 ac
1102 1171 1439 1241 discipulum
1488 1181 1679 1223 notum
1718 1168 1884 1222 etiam
1929 1167 2067 1221 scri-

474 1270 685 1331 ptorem
711 1273 842 1317 tunc
873 1264 1083 1331 habuit,
1119 1278 1243 1318 eum
1277 1264 1379 1319 sub
1420 1261 1659 1332 Trajano
1687 1277 1785 1317 sua
1810 1260 2065 1314 docuisse

473 1366 573 1421 par
628 1362 713 1406 est
763 1354 1006 1407 credere.
1058 1352 1227 1408 Joelis
1272 1355 1439 1424 igitur
1503 1350 2067 1421 chronographusjde

474 1443 718 1513 Trajano
748 1447 1077 1515 imperatore
1105 1462 1294 1516 agens,
1336 1447 1452 1501 haec
1482 1445 1645 1499 habet
1672 1464 1684 1497 :
1727 1445 1842 1513 Ἐφ’
1875 1438 1936 1496 οὖ
1972 1442 2065 1495 καὶ

471 1534 695 1605 Συμεὼν
727 1537 755 1587 ὁ
784 1535 877 1588 τοῦ
904 1536 1144 1589 Κλεωπᾶ
1173 1537 1263 1590 καί
1309 1536 1566 1605 Ἰγνάτιος
1598 1535 1627 1586 ὁ
1658 1533 1944 1604 Θεοφόρος,
1971 1532 2065 1585 καὶ

470 1619 809 1693 Βασιλείδης,
831 1624 924 1677 καὶ
943 1624 1232 1688 Νικόλαος,
1265 1626 1358 1679 καὶ
1394 1626 1705 1688 Ἐὅιωναῖος
1724 1624 2065 1695 οἱαίρεσιάρ-

469 1730 563 1781 χαι
593 1715 685 1766 καὶ
716 1715 899 1786 ἐχθροὶ
922 1716 1021 1786 τῆς
1048 1715 1305 1788 ἀληθείας
1332 1715 1704 1788 ἐγνωρίζοντο,
1734 1734 1752 1766 ι
1799 1714 1912 1767 Sub
1955 1731 2066 1783 quo

469 1817 524 1859 et
547 1804 769 1860 Simcon
792 1808 1005 1877 Cleopae
1034 1808 1203 1875 ﬁlius,
1234 1819 1288 1862 et
1312 1807 1555 1877 lgnatius
1585 1806 1786 1870 Deifer,
1807 1820 1859 1861 et
1875 1804 2066 1859 Basili-

2172 616 2418 688 μαθητὴν
2492 615 2585 670 τοῦ
2652 616 2895 685 Σίμωνος
2967 622 3127 668 vocat
3204 612 3456 668 Justinus
3522 623 3749 684 martyr.

2171 706 2477 778 Utrumque
2516 706 2713 777 igitur;
2744 705 2891 776 quod
2924 705 2990 759 ad
3030 704 3291 774 temporis
3323 704 3592 758 rationem
3625 720 3755 773 spe-

2169 814 2301 867 ctat,
2331 802 2521 857 audire
2548 799 2726 871 potuit
2746 807 2801 852 ct
2825 796 3108 852 Glauciam
3144 806 3199 850 et
3229 795 3611 857 Menandrum,
3645 795 3752 849 nisi

2168 902 2534 965 praematurus
2565 891 2715 947 illius
2748 889 2988 945 Glaucia:
3014 888 3197 943 obitus
3234 886 3397 942 alicui
3426 887 3539 956 jam
3588 897 3753 941 notus

2169 983 2259 1037 sit.
2280 982 2529 1036 Mortuus
2553 991 2634 1036 est
2661 980 2851 1035 Simon
2881 979 2984 1035 sub
3010 977 3258 1045 Nerone;
3292 979 3395 1033 sub
3414 976 3755 1049 Vespasiano

2168 1077 2336 1145 igitur
2374 1075 2560 1130 ﬂoruit
2589 1073 2908 1139 Menander,
2951 1072 3053 1127 sub
3085 1070 3398 1126 Domitiano
3431 1071 3597 1140 igitur
3634 1086 3756 1127 crc-

2166 1168 2332 1223 dibile
2362 1178 2446 1223 est
2488 1183 2612 1221 eum
2655 1165 2932 1221 audivisse
2968 1164 3307 1219 Saturnilum
3349 1172 3403 1217 et
3434 1161 3752 1228 Basilidcm,

2168 1261 2271 1316 sub
2295 1259 2535 1330 Trajano
2572 1276 2702 1316 suas
2750 1259 2989 1313 haereses
3031 1256 3354 1311 eﬂormasse
3381 1263 3547 1325 atque
3565 1257 3755 1324 prodi-

2166 1353 2335 1418 disse,
2394 1351 2613 1408 scholas
2666 1352 2833 1407 etiam
2883 1366 2981 1405 seu
3035 1348 3297 1405 ecclesias
3359 1348 3463 1402 sub
3508 1346 3755 1402 Adriano

2167 1446 2500 1502 condidisse.
2539 1445 2615 1501 De
2643 1446 2843 1516 quibus
2882 1444 3152 1500 Eusebius
3186 1463 3199 1498 :
3252 1438 3351 1497 Ὧν
3400 1444 3430 1496 ὁ
3478 1443 3575 1514 μὲν
3612 1442 3753 1513 μετὰ

2168 1539 2418 1610 Συρίανδ
2458 1538 2516 1591 δὲ
2560 1540 2681 1593 κατ’
2725 1537 3000 1606 Αἴγυπτον
3043 1538 3439 1608 συνεστήσαντο
3485 1534 3755 1601 θεομισῶν

2167 1632 2428 1702 αἱρέσεων
2442 1631 2805 1686 διδασκαλεῖα.
2824 1650 2842 1682 ι
2872 1630 3116 1697 Quorum
3142 1630 3231 1683 ille
3249 1628 3467 1699 quidem
3487 1627 3540 1681 in
3569 1626 3750 1697 Syria,

2169 1723 2259 1778 hic
2279 1738 2409 1778 vero
2440 1723 2581 1792 apud
2612 1722 2908 1794 IEgyptum
2942 1722 3235 1791 impiarum
3279 1720 3560 1775 hmreseon
3588 1718 3755 1772 scho-

2169 1817 2248 1872 las
2274 1816 2538 1871 condidit.
2573 1835 2590 1868 ι
2640 1814 2795 1871 Unde
2837 1816 3032 1886 probat
3067 1814 3323 1870 Clemens
3345 1812 3755 1868 Alexandrinus

468 1898 587 1966 des,
607 1909 659 1956 et
680 1898 963 1967 Nieolaus,
989 1911 1043 1957 et
1073 1901 1365 1959 Ebionaeus
1398 1902 1776 1959 haeresiarchte
1799 1910 1853 1955 et
1870 1901 2058 1955 verita-

2190 1909 2660 1980 μεταγενεστέροις
2703 1909 2801 1980 τῆς
2836 1907 3128 1979 καθολικῆς
3179 1906 3505 1976 Ἐκκλησίας
3530 1906 3627 1969 τὰς
3654 1906 3754 1958 ἁν-

468 1995 540 2050 tis
584 1995 776 2050 hostes
817 1996 990 2066 agniti
1042 2006 1190 2053 sunt.
1257 2017 1276 2048 ι
1340 1996 1416 2052 De
1472 1997 1664 2052 eodem
1726 1996 2061 2064 imperatore

467 2102 637 2158 agens
668 2088 1024 2144 Abulfaraius
1066 2107 1078 2141 :
1122 2108 1140 2141 ‹
1182 2088 1295 2144 Hoc
1338 2097 1586 2159 tempore
1623 2086 1821 2156 prodiit
1870 2083 2063 2137 Διιιίοο

467 2180 606 2236 chize
635 2181 859 2250 quidam
908 2182 1134 2236 nomine
1179 2180 1500 2247 Suterinus,
1554 2181 1669 2234 sive
1708 2174 2060 2231 Saturninus.

463 2268 677 2325 Prodiit
702 2272 866 2325 etiam
896 2269 1187 2328 Basilides.
1235 2292 1254 2325 ι
1286 2270 1475 2340 Neque
1496 2271 1696 2325 mirqu
1724 2269 1827 2322 hos
1863 2280 2057 2319 recen-

462 2364 637 2420 tiores
663 2364 778 2421 haac
818 2365 1149 2434 prodidisse,
1199 2382 1323 2419 cum
1360 2363 1584 2420 Veteres
1627 2361 1782 2433 paria
1835 2356 2064 2413 tradide-

462 2456 595 2510 rint.
645 2456 986 2526 Epiphanius
1038 2458 1235 2514 haaresi
1294 2459 1358 2512 ’51
1395 2475 1409 2511 :
1451 2455 1808 2516 Ούαλεντῖνος
1839 2451 1937 2521 μὲν
1970 2444 2062 2501 οῦν

462 2540 620 2611 οὗτος
650 2547 729 2617 τῷ
754 2550 930 2619 χρόνῳ
960 2549 1265 2620 διαδέχεται
1296 2549 1422 2612 τοὺς
1447 2546 1552 2617 πρὸ
1583 2543 1749 2599 αὑτοῦ
1798 2558 2064 2614 προτετα-

461 2642 721 2711 γμένους,
750 2642 1066 2714 Βασιλείδην
1104 2660 1163 2697 τε
1197 2645 1290 2699 καὶ
1330 2643 1671 2715 Σατορνῖλον,
1736 2638 1966 2693 Ἐϐίωνά
2005 2652 2063 2688 τε

463 2734 557 2787 καὶ
587 2735 861 2805 Κήρινθον
902 2737 994 2789 καὶ
1033 2737 1334 2807 Μήρινθον,
1370 2737 1465 2790 καί¹
1512 2738 1638 2799 τοὺς
1680 2732 1816 2804 ἀμφ’
1844 2729 2061 2792 αὐτούς.

461 2819 625 2879 οὗτοι
656 2827 766 2899 γὰρ
798 2827 999 2890 πάντες
1028 2830 1085 2880 ὲν
1117 2829 1197 2881 ὲνὶ
1227 2827 1403 2900 καιρῷ
1429 2826 1506 2897 τῷ
1540 2825 1639 2897 βίῳ
1683 2822 1867 2886 κακῶς
1898 2820 2065 2893 ἐφύη“

461 2936 586 2980 σαν,
624 2918 790 2989 ὀλίγῳ
821 2920 878 2972 δὲ
910 2919 1146 2989 πρόσθεν
1177 2919 1378 2991 μᾶλλον
1407 2921 1457 2973 οἱ
1487 2918 1613 2989 περὶ
1642 2914 1935 2988 Κήρινθον,
1969 2912 2061 2967 καὶ

459 3008 767 3081 Μήρινθον,
802 3011 896 3063 καὶ
937 3011 1189 3065 Ἐ6ίωνα.
1226 3029 1244 3063 t
1284 3009 1610 3065 Valentinus
1642 3009 1745 3063 iste
1786 3004 2062 3075 prioribus

460 3102 572 3158 illis
606 3118 638 3157 a
687 3118 775 3157 me
815 3111 977 3159 antea
1013 3102 1460 3159 commemoratis
1490 3111 1737 3171 tempore
1764 3107 1849 3154 est
1878 3104 2061 3167 poste—

460 3194 597 3260 rior,
632 3193 888 3260 Basilide,
924 3196 1209 3262 nimirum,
1255 3210 1321 3250 ac
1347 3194 1647 3259 Saturnilo,
1678 3192 1907 3254 Ebione,
1947 3186 2054 3243 Ce-

460 3290 651 3348 rintho
716 3306 782 3348 ac
831 3290 1108 3346 Merintho
1156 3304 1460 3360 eorumque
1522 3288 1709 3344 sociis.
1767 3283 2054 3355 Siquidem

462 3398 658 3438 omnes
730 3399 843 3438 uno
920 3394 1175 3455 tempore
1228 3384 1296 3438 ad
1377 3382 1607 3436 humani
1662 3380 1878 3450 generis
1926 3375 2064 3434 ,ειιί-

459 3476 601 3531 tium
644 3475 857 3546 profusi
920 3486 1051 3532 sunt
1131 3495 1145 3532 :
1215 3490 1532 3546 quanquam
1597 3471 1928 3537 Cerinthus,
1990 3481 2056 3521 ac

458 3565 767 3623 Merinthus
815 3578 870 3624 et
917 3568 1094 3624 Ebion
1145 3568 1433 3640 paululum
1488 3564 1793 3635 antegressi
1846 3569 1995 3616 sunt.
2029 3578 2052 3612 ι

459 3654 580 3710 Non
611 3659 845 3712 multum
885 3660 1146 3729 temporis
1193 3659 1360 3729 igitur
1404 3656 1716 3713 intercessit
1770 3655 1912 3708 inter
1954 3651 2055 3705 Ce-

459 3750 707 3804 rinthum
757 3751 1075 3807 haereticum
1131 3750 1187 3805 in
1238 3750 1370 3805 Asia
1423 3748 1703 3819 agnitum,
1757 3752 2053 3814 antequam

462 3839 524 3897 S.
576 3840 816 3899 Joannes
857 3842 1213 3913 Evangelium
1256 3841 1571 3912 scripserat,
1628 3848 1685 3894 et
1733 3837 2055 3903 Basilidem,

459 3943 603 3990 teste
626 3933 958 4006 Epiphanio.
990 3936 1302 4002 Quinetiam
1331 3936 1447 4006 ipse
1489 3933 1857 4004 Hieronymus
1899 3931 2055 3986 Basi-

460 4030 627 4085 lidem
663 4032 806 4085 inter
834 4029 1126 4084 haereticos
1160 4028 1587 4097 apostolicorum
1614 4037 1919 4095 temporum
1952 4039 2055 4076 nu-

461 4129 661 4187 merat,
680 4121 969 4190 disputans
997 4121 1263 4175 adversus
1283 4119 1664 4175 Luciferianos
1691 4136 1704 4171 :
1740 4135 1758 4167 ι
1786 4116 1893 4171 Sed
1922 4115 2054 4185 quid

462 4214 531 4267 de
561 4212 965 4282 posterioribus
992 4212 1173 4266 adhuc
1213 4211 1446 4282 loquor?
1481 4208 1761 4280 Apostolis
1790 4207 1969 4261 adhuc
1999 4206 2051 4258 in

463 4304 669 4360 sarculo
696 4304 1111 4373 superstitibus,
1132 4304 1273 4373 apud
1294 4302 1538 4357 Iudaeam
1556 4301 1761 4355 Christi
1788 4298 2055 4368 sanguine

461 4392 670 4446 recenti
703 4392 1026 4460 phantasma
1060 4391 1278 4445 Domini
1306 4406 1507 4462 corpus
1540 4389 1911 4445 asserebatur.
1944 4386 2053 4441 Ga-

460 4487 605 4537 latas
654 4484 722 4538 ad
772 4483 1210 4537 observationem
1265 4482 1401 4552 legis
1444 4481 1723 4535 traductos
1760 4478 2054 4547 Apostolus

464 4579 664 4631 iterum
693 4576 947 4647 parturit.
1006 4576 1322 4630 Corinthios
1366 4574 1825 4629 resurrectionem
1869 4569 2053 4624 carnis

462 4684 575 4724 non
609 4670 893 4725 credentes
934 4667 1183 4737 pluribus
1231 4665 1568 4736 argumentis
1601 4664 1669 4718 ad
1712 4678 1903 4717 verum
1948 4661 2052 4716 iter

462 4763 681 4817 trahere
708 4770 962 4817 conatur.
1001 4760 1157 4815 Tunc
1198 4758 1388 4813 Simon
1425 4756 1617 4827 Magus
1646 4764 1700 4812 et
1756 4755 2051 4809 Menander

461 4855 769 4923 discipulus
799 4854 919 4923 ejus
953 4851 1050 4906 Dei
1076 4866 1135 4905 se
1165 4865 1451 4906 asseruere
1484 4848 1749 4914 virtutes;
1784 4855 1913 4900 tunc
1942 4845 2049 4898 Ba-

463 4946 652 5002 silides
680 4962 956 5001 summum
983 4945 1155 4999 Deum
1182 4943 1432 4997 Abraxas
1454 4958 1577 4997 cum
1605 4939 1863 4995 trecentis
1894 4953 2052 4991 sexa-

463 5038 614 5107 ginta
654 5039 899 5106 quinque
926 5035 1198 5091 [Eonibus
1230 5042 1638 5089 commentatus
1666 5041 1768 5087 est.
1804 5049 1822 5081 ›
1862 5030 1919 5083 Si
1955 5028 2055 5082 Ba-

463 5129 733 5184 silidianis
771 5128 905 5198 ipsis
941 5126 1257 5194 credamus,
1305 5125 1498 5180 habuit
1550 5123 1816 5179 Basilides
1879 5122 2051 5189 magi-

462 5233 643 5278 strum
683 5223 989 5283 Glauciam,
1028 5220 1241 5291 fuitque
1270 5220 1359 5275 ille
1409 5219 1664 5274 Glaucias
1694 5219 1752 5272 S.
1788 5216 1934 5271 Petri
1967 5216 2052 5270 in-

464 5326 697 5384 terpres.
728 5316 983 5371 Clemens
1027 5314 1452 5380 Alexandrinus,
1493 5313 1753 5368 Stromat.
1794 5312 1889 5365 lib.
1925 5327 1999 5365 vtt
2033 5328 2048 5365 :

463 5408 735 5481 Καθάπερ
764 5411 793 5462 ὁ
826 5393 1160 5479 Βασιλείδης,
1212 5407 1311 5461 κᾶν
1358 5407 1627 5460 Γλαυκίαν
1678 5406 2051 5477 ἐπιγράφηται

464 5501 805 5567 διδάσκαλον,
837 5503 912 5566 ὼς
946 5502 1200 5572 αὐχοῦσιν
1231 5502 1404 5565 αὐτοὶ,
1430 5501 1519 5554 τὸν
1549 5501 1755 5573 Πέτρου
1788 5501 2050 5571 ἑρμηνέα.

466 5592 578 5648 Nec
619 5595 726 5649 hoc
771 5594 953 5650 statim
983 5594 1401 5663 repudiandum,
1432 5594 1577 5662 quod
1626 5609 1657 5647 a
1700 5593 2053 5649 Basilidianis

467 5686 676 5740 dictum
707 5686 796 5750 sit,
826 5686 973 5756 quod
1012 5685 1063 5739 ei
1099 5686 1246 5740 aetati
1286 5686 1515 5739 minime
1552 5694 1842 5755 repugnat,
1884 5701 2051 5754 quam

470 5778 645 5832 nostri
666 5780 833 5833 etiam
858 5787 1184 5849 agnoscunt.
1220 5777 1279 5831 Si
1326 5776 1584 5832 Glaucias
1624 5787 1742 5833 erat
1787 5778 2053 5847 interpres

468 5867 533 5926 ε.
568 5870 738 5942 Petri,
775 5873 1121 5947 synchronus
1171 5871 1276 5928 fuit
1311 5869 1632 5941 Menandro,
1672 5886 1836 5942 quem
1861 5885 2053 5927 omnes

2164 2000 2442 2071 θρωπίνας
2496 2000 2832 2071 συνηλύσεις,
2897 2019 2916 2053 t
2973 2008 3277 2057 conventus
3323 1999 3427 2054 hos
3478 1998 3753 2054 humanos

2164 2091 2431 2145 catholica
2459 2089 2703 2146 Ecclesia
2739 2092 3091 2161 posteriores.
3129 2108 3149 2141 ι

2237 2180 2501 2248 Ωυειηιιὶε
2529 2182 2644 2238 haec
2671 2200 2701 2239 a
2727 2184 2886 2239 nobis
2910 2195 3020 2240 tam
3043 2184 3332 2255 perspicue
3360 2183 3587 2252 probata
3619 2183 3754 2250 sint,

2163 2274 2326 2330 habet
2352 2283 2533 2330 tamen
2572 2275 2806 2334 Dallzeus
2837 2289 3113 2344 auctores,
3143 2285 3202 2331 ut
3229 2286 3402 2346 putat,
3433 2277 3526 2346 qui
3556 2275 3755 2331 Basili-

2162 2370 2285 2425 dem
2308 2369 2479 2437 hunc,
2507 2369 2791 2426 Menandri
2824 2373 3182 2443 discipulum,
3222 2371 3417 2427 lsidori
3462 2382 3672 2443 patrem
3695 2381 3755 2428 et

2163 2462 2510 2532 magistrum,
2538 2464 2644 2518 sub
2672 2465 2917 2520 Adriano
2944 2466 3181 2535 primum
3222 2466 3493 2535 erupisse,
3537 2474 3592 2520 et
3636 2465 3753 2520 bar-

2164 2555 2308 2609 resin
2340 2569 2498 2610 suam
2525 2555 2723 2611 docere
2747 2558 2982 2626 ccepisse
3012 2558 3254 2613 tradunt.
3280 2557 3359 2612 Ac
3390 2557 3567 2626 primo
3587 2558 3753 2614 nobis

2164 2648 2415 2703 nominat
2458 2648 2793 2705 Clementem
2848 2649 3305 2716 Alexandrinum,
3347 2651 3507 2717 cujus
3564 2651 3751 2706 locum

2164 2742 2323 2805 mire,
2374 2750 2435 2797 ut
2476 2743 2697 2811 opinor,
2753 2752 3072 2812 corruptum
3107 2752 3204 2797 aut
3236 2744 3377 2799 male
3412 2744 3750 2799 intellectum

2166 2830 2327 2886 t0ties
2356 2830 2647 2886 advocant.
2694 2829 2833 2886 Eum
2869 2832 3035 2902 igitur
3066 2848 3163 2902 per
3194 2844 3379 2902 partes
3407 2834 3754 2888 examinabi-

2164 2936 2309 2976 mus.
2352 2922 2417 2975 Ἡ
2451 2922 2551 2993 μὲν
2577 2923 2687 2993 γὰρ
2729 2922 2824 2975 τοῦ
2860 2922 3066 2993 Κυρίου
3114 2923 3257 2977 κατὰ
3294 2924 3394 2993 τὴν
3443 2924 3752 2995 παρουσίαν

2162 3012 2480 3069 διδασκαλία
2525 3014 2634 3069 ἀπὸ
2680 3014 2987 3084 Αὐγούστου
3024 3017 3119 3069 καὶ
3169 3017 3417 3087 Τιϐερίου
3467 3017 3752 3088 Καίσαρος

2162 3108 2465 3180 ἀρξαμένη,
2529 3108 2837 3178 μεσούντων
2888 3108 2983 3161 τοῦ
3045 3107 3355 3176 Αὐγούστου
3410 3108 3617 3180 χρόνων
3660 3126 3752 3162 τε-

2162 3196 2421 3253 λειοῦται.
2458 3197 2563 3254 Ubi
2600 3215 2702 3254 vox
2731 3199 3042 3268 Αὐγούστου
3073 3199 3379 3267 posteriore
3429 3201 3552 3257 loco
3600 3210 3749 3257 recte

2158 3288 2289 3358 poni
2334 3303 2444 3342 non
2489 3299 2699 3359 potest;
2739 3304 2918 3358 neque
2952 3290 3099 3344 enim
3140 3289 3207 3345 de
3239 3290 3491 3359 Augusto
3519 3290 3638 3359 ipso
3663 3292 3749 3345 in-

2156 3381 2324 3452 telligi
2378 3382 2599 3451 poterit,
2650 3389 2776 3451 post
2819 3381 2978 3450 cujus
3023 3381 3240 3451 imperii
3278 3381 3459 3435 media
3498 3390 3751 3451 tempora

2155 3474 2411 3531 Christus
2440 3484 2634 3540 natus;
2668 3489 2845 3543 neque
2879 3472 3099 3531 Tiberio
3129 3489 3193 3529 ea
3220 3489 3327 3528 vox
3361 3475 3619 3530 convenit
3652 3476 3746 3530 ubi

2155 3577 2387 3635 uterque
2436 3566 2605 3620 simul
2654 3566 2992 3620 nominatur.
3040 3564 3298 3620 Mendum
3332 3566 3583 3637 agnoscit
3624 3564 3749 3638 Syl-

2154 3658 2385 3729 burgius
2414 3668 2469 3712 et
2496 3674 2595 3729 pro
2624 3658 2940 3727 Αὐγούστου
2974 3658 3105 3730 legit
3140 3674 3266 3713 cum
3316 3659 3610 3731 interprete
3651 3662 3749 3714 Tt-

2157 3749 2363 3822 δερίου.
2413 3749 2480 3804 Ει
2523 3750 2749 3820 quidem
2782 3750 2918 3806 satis
2969 3748 3160 3804 Graece
3191 3749 3393 3805 dicitur
3436 3751 3748 3821 μεσούντων

2156 3843 2265 3897 τῶν
2312 3841 2563 3915 Τιϐερίου
2621 3840 2847 3913 χρόνων,
2900 3860 2918 3894 t
2967 3843 3147 3897 medio
3178 3841 3384 3897 Tiberii
3415 3853 3680 3913 tempore,
3719 3860 3747 3895 ι

2156 3935 2250 3992 sed
2283 3935 2479 3990 dubito
2505 3951 2573 3989 an
2608 3936 2683 3990 ita
2729 3935 3049 4005 loqueretur
3072 3935 3348 4003 Clemens,
3386 3936 3481 4008 qui
3514 3936 3581 3992 15
3614 3936 3746 4007 qui-

2156 4028 2278 4083 dem
2320 4026 2526 4082 Tiberii
2561 4027 2900 4099 baptizatum
2932 4044 3056 4084 esse
3088 4029 3370 4085 Christum
3405 4030 3648 4097 agnovit,
3689 4038 3746 4082 et

2156 4129 2284 4190 post
2312 4137 2485 4176 unum
2525 4136 2733 4175 annum
2766 4136 2993 4190 passum
3041 4121 3209 4175 etiam
3254 4121 3484 4192 putavit,
3538 4122 3631 4176 sed
3671 4121 3748 4174 9.2

2158 4221 2370 4266 tantum
2406 4228 2583 4267 annos
2620 4211 2843 4267 Tiberio
2888 4214 3211 4283 assignavit.
3265 4212 3405 4269 Cum
3452 4214 3617 4282 igitur
3658 4214 3745 4269 le-

2154 4307 2276 4359 vior
2305 4304 2537 4358 mutatio
2569 4303 2817 4359 sufﬁcere
2860 4320 3024 4374 posse
3072 4306 3343 4374 videatur,
3383 4306 3524 4362 forte
3556 4306 3747 4376 legen-

2156 4396 2287 4449 dttm
2318 4394 2629 4465 μεσούντων
2679 4395 2786 4449 τῶν
2820 4396 3146 4464 Αύγούστων
3169 4398 3382 4469 χρόνον,
3420 4417 3439 4450 ‹
3478 4397 3746 4468 Augustis

2158 4486 2266 4539 illis
2298 4494 2513 4554 tempus
2544 4485 2986 4552 dimidiantibus,
3029 4507 3048 4539 ι
3084 4489 3190 4555 vel,
3238 4500 3472 4559 utroque
3508 4489 3747 4559 impera-

2085 4596 2129 4652 Ι)
2158 4587 2276 4632 tore
2302 4577 2591 4631 dimidium
2628 4579 2891 4648 temporis
2931 4579 3035 4633 sibi
3073 4589 3343 4634 sumente.
3395 4579 3466 4634 Ut
3495 4581 3609 4649 ipse
3656 4581 3748 4633 lo-

2156 4668 2364 4739 quitur,
2409 4668 2503 4723 lib.
2554 4684 2571 4721 ι
2621 4685 2634 4721 :
2690 4668 3167 4740 Πεντεκαιδεκάτῳ
3192 4666 3285 4723 οῦν
3313 4668 3422 4722 ἔτει
3468 4668 3745 4740 Τιϐερίου,

2155 4758 2250 4812 καὶ
2285 4758 2755 4829 πεντεκαιδεκάτῳ
2789 4758 3099 4827 Αὐγούστου
3132 4759 3274 4813 οὕτω
3315 4759 3646 4832 πληροῦνται
3672 4761 3746 4815 τὰ

2154 4851 2447 4922 τριάκοντα
2481 4850 2579 4921 ἔτη
2600 4850 2704 4913 ἓως
2737 4846 2796 4905 οῦ
2822 4851 3041 4906 ἔπαθεν.
3084 4871 3102 4903 t
3154 4852 3578 4918 Quintodecimo
3610 4868 3749 4922 ergo

2156 4959 2302 4997 anno
2324 4942 2529 4997 Tiberii
2555 4952 2609 4997 et
2629 4944 3037 5013 quintodecimo
3060 4944 3291 5015 Augusti
3330 4947 3411 4999 sic
3449 4945 3747 5014 implentur

2157 5035 2379 5105 triginta
2411 5034 2539 5089 anni
2567 5050 2740 5105 usque
2767 5036 2835 5090 ad
2872 5045 3086 5107 tempus
3109 5044 3439 5107 quo'passus
3461 5045 3545 5092 est
3582 5036 3747 5091 Chri-

2157 5143 2295 5187 stus.
2336 5152 2355 5183 ι
2391 5131 2493 5187 Sed
2523 5132 2729 5202 Optima
2767 5136 3038 5187 correctio
3072 5148 3102 5186 a
3143 5132 3358 5187 meliori
3405 5132 3596 5188 codice
3646 5148 3747 5187 ex—

2155 5222 2447 5293 Spuctattda
2480 5236 2579 5278 est.
2607 5222 2719 5293 Ego
2756 5231 2966 5277 tantum
2995 5224 3175 5278 locum
3205 5239 3331 5279 eum
3364 5233 3423 5277 ut
3449 5239 3596 5278 nunc
3619 5221 3743 5277 edi-

2157 5324 2243 5370 tus
2265 5326 2371 5380 est,
2403 5318 2457 5370 in
2497 5316 2694 5370 mendo
2743 5315 2945 5369 cubare
2989 5315 3240 5369 observo.
3285 5314 3349 5367 Ἡ
3380 5314 3437 5367 δὲ
3470 5314 3579 5368 τῶν
3603 5314 3745 5367 ἀποπ-

2157 5408 2358 5462 στὸλων
2392 5407 2557 5462 αὐτοῦ
2602 5407 2763 5479 μέχρι
2799 5424 2863 5477 γε
2897 5407 2993 5476 τῆς
3022 5406 3235 5460 Παύλου
3269 5406 3611 5478 λειτουργίας
3648 5405 3744 5459 ἐπὶ

2154 5496 2406 5567 Νέρωνος
2438 5495 2759 5551 τελειοῦται.
2792 5514 2812 5547 ι
2848 5495 3233 5564 Apostolorum
3276 5506 3457 5551 autem
3484 5496 3605 5566 ejus
3642 5496 3745 5549 do-

2155 5594 2352 5657 ctrina,
2373 5606 2548 5661 usque
2570 5591 2635 5644 ad
2660 5588 2812 5643 Pauli
2844 5588 3231 5655 ministerium,
3251 5590 3355 5644 sub
3376 5587 3594 5643 Nerone
3616 5602 3743 5641 con-

2156 5693 2487 5741 summatur.
2512 5682 2663 5738 DHIBC
2676 5683 2741 5737 de
2763 5680 3088 5750 antiquitate
3105 5682 3367 5736 doctrina:
3390 5680 3738 5743 Christianas;

2155 5779 2223 5833 de
2255 5776 2495 5831 novitate
2534 5776 2817 5829 haereseon
2854 5774 2928 5827 ita
2976 5773 3219 5842 loquitur
3258 5791 3271 5827 :
3307 5773 3475 5827 Κάτω
3498 5770 3576 5834 δὲ,
3613 5768 3734 5840 περὶ

2157 5871 2280 5934 τοὺς
2327 5866 2602 5940 Ἀδριανοῦ
2646 5866 2742 5922 τοῦ
2776 5866 3033 5936 βασιλέως
3058 5867 3280 5939 χρόνους
3305 5868 3359 5919 οἱ
3382 5865 3479 5929 τὰς
3505 5864 3739 5936 αἱρέσει-ν
