4078 6380
338 413 447 468 5ίῦ
1095 413 1148 469 J.
1197 411 1570 470 PEARSONII
1607 413 1919 469 ἾΙΝΒΙΕΙᾹ

2021 412 2393 468 ἱΝΛΤΙΑΝᾹΞ.
2427 440 2493 449 --
2526 408 2705 464 PARS
2741 407 2805 463 11.
3519 403 3625 462 3ίῦ

333 535 734 607 ἐπινοήσαντες
758 534 1038 605 γεγόνασι.
1064 555 1081 587 ι
1120 535 1356 591 Inferius
1385 545 1589 599 autem,
1615 536 1761 589 circa
1804 544 1919 589 tem'

2045 547 2192 601 sunt,
2233 551 2261 590 a
2304 532 2585 589 Clemente
2627 526 2899 603 prolicisei
2946 542 3056 581 non
3102 535 3416 595 potuerunt.
3443 523 3625 591 Quare

330 641 475 696 pora
524 627 756 681 Adriani
798 627 1173 697 imperatoris,
1212 627 1433 682 fuerunt
1467 628 1541 681 illi
1583 628 1675 698 qui
1708 627 1943 683 haereses
2048 626 2269 682 lsaaeus
2302 624 2532 680 Vossius
2576 623 2705 675 huic
2754 622 2877 673 loco
2920 628 3179 688 tanquam
3224 618 3447 671 minime
3485 632 3623 671 sano

329 720 755 787 exeogitaruut.
808 738 826 770 ι
870 717 991 773 Non
1046 728 1208 789 negat
1252 734 1586 789 quemquam
1626 718 1939 773 haareticum
2046 717 2315 771 medelam
2366 712 2639 776 adhibuit,
2680 719 2734 764 et
2786 725 2883 778 pro
2918 709 3023 762 illis
3051 724 3171 777 qua:
3200 708 3472 768 dedimus,
3508 708 3624 761 hinc

330 820 467 863 ante
509 808 740 863 Adriani
768 823 1016 881 tempora
1044 809 1251 876 fuisse;
1299 812 1401 866 hoc
1442 814 1586 865 enim
1619 812 1803 881 negari
1833 827 1919 864 non

2042 812 2171 882 legit
2202 830 2215 865 :
2256 808 2523 877 Μαρκίων
2548 804 2657 874 γὰρ
2689 801 2828 855 κατὰ
2866 802 2964 872 τὴν
3002 800 3171 870 αὐτὴν
3202 799 3381 862 αὐτοῖς
3410 798 3621 870 ἡλικίαν

326 899 539 968 potuit.
555 897 676 953 Non
696 900 961 965 diciteos,
981 900 1046 954 de
1065 902 1266 969 quibus
1301 901 1563 970 loquitur,
1582 902 1684 955 sub
1698 900 1919 953 Adriani

2041 903 2330 973 γενόμενος
2362 900 2437 962 ὡς
2468 895 2801 969 πρεσϐύταις
2829 892 3091 963 νεώτερος
3130 892 3471 959 συνεγένετο,
3503 890 3621 960 μεθ’

326 993 581 1059 primum
626 1007 726 1045 sua
754 993 947 1046 deliria
972 993 1246 1058 docuisse,
1276 995 1421 1063 quod
1455 992 1753 1047 adversarii
1788 1008 1941 1047 asse-
2040 986 2114 1046 ὧν
2140 994 2339 1063 Σίμων.
2364 990 2497 1057 Qum
2525 989 2570 1043 si
2597 996 2741 1042 recte
2768 985 2925 1054 capio
2947 985 3049 1038 hoc
3069 994 3266 1038 sonant
3292 1001 3305 1036 :
3338 1002 3355 1033 ι
3376 982 3619 1037 Marcion

324 1092 494 1150 runt,
514 1099 910 1159 nosnegamus.
940 1082 1052 1137 Hoc
1067 1094 1274 1138 tantum
1300 1085 1558 1151 dicit,eos
1582 1085 1674 1153 qui
1701 1086 1937 1139 haereses
2040 1088 2185 1141 enim
2221 1086 2324 1139 sub
2355 1083 2544 1137 eadem
2575 1089 2737 1134 aetate
2766 1093 2891 1133 cuin
2932 1077 3041 1130 illis
3072 1084 3332 1145 tanquam
3366 1091 3490 1129 eum
3534 1090 3620 1129 se-

322 1176 764 1246 exeogitaruut,
795 1176 941 1231 circa
977 1186 1219 1246 tempora
1257 1177 1483 1231 Adriani
1526 1177 1819 1231 exstitisse.
1849 1175 1930 1230 Ita
2039 1178 2201 1231 nibus
2229 1175 2417 1245 junior
2440 1182 2691 1226 versatus
2718 1178 2823 1236 est,
2847 1184 2973 1224 cum
2996 1168 3197 1238 quibus
3230 1166 3441 1233 Simon,
3466 1185 3485 1218 ι
3506 1177 3614 1220 etc.

321 1277 557 1322 veteres
601 1267 707 1337 ipsi
759 1266 1097 1322 Clementem
1150 1268 1575 1322 intellexerunt:
1630 1269 1744 1322 haac
1789 1268 1934 1322 enim
2038 1262 2114 1318 ita
2146 1265 2254 1328 ille,
2286 1270 2446 1317 acute
2499 1260 2755 1330 quidem,
2814 1268 2872 1312 ut
2925 1258 3084 1312 solet.
3118 1256 3383 1311 Henricus
3431 1266 3614 1311 autem

319 1356 629 1411 Cedrenus
675 1373 741 1411 ex
784 1358 892 1413 illis
940 1359 1141 1413 habet:
1188 1359 1272 1423 Ὠς
1302 1358 1410 1429 γὰρ
1449 1360 1581 1429 φησὶ
1630 1358 1862 1429 Κλήμης
1905 1359 1919 1410 ἐ

2039 1357 2291 1411 Valesius
2328 1355 2464 1408 nihil
2495 1354 2818 1407 mutandum
2848 1352 3091 1421 putavit,
3122 1351 3215 1406 sed
3250 1350 3365 1421 μεθ’
3392 1351 3471 1415 ὃν,
3504 1352 3620 1405 sive

320 1448 723 1519 Στρωματεὺς
746 1449 837 1500 ἐπὶ
874 1449 1153 1520 Ἀδριανοῦ
1183 1449 1428 1520 ὑπῆρχον
1462 1449 1796 1521 Σατορνῖλος,
1826 1450 1919 1501 Βα-

2043 1468 2061 1500 ι
2087 1458 2210 1519 post
2232 1464 2417 1518 quem,
2444 1466 2463 1499 ι
2502 1447 2643 1501 idem
2676 1445 2859 1499 valere
2890 1445 2984 1509 ait,
3018 1443 3165 1513 quod
3196 1462 3215 1493 ι
3236 1453 3361 1497 ante
3385 1458 3568 1510 quem,
3591 1462 3610 1494 ι

320 1538 605 1609 σιλείδης,
647 1540 741 1591 καὶ
771 1541 1202 1612 Καρποκράτης.
1239 1560 1256 1592 ι
1287 1539 1357 1595 Ut
1386 1542 1530 1596 enim
1573 1542 1648 1595 ait
1682 1540 1919 1596 Clemens

2036 1551 2090 1597 et
2127 1543 2232 1597 hoc
2272 1542 2506 1611 probare
2536 1540 2731 1594 nititur
2760 1538 2815 1592 in
2860 1536 3322 1591 Adnotationibus
3353 1537 3417 1590 ad
3447 1535 3618 1590 Euse-

320 1631 697 1685 Stromateon
738 1640 964 1697 auctor,
1009 1633 1111 1686 sub
1153 1632 1395 1687 Adriano
1427 1633 1651 1688 fuerunt
1682 1634 1934 1687 Saturni-
2035 1634 2206 1688 bium.
2240 1631 2373 1698 Qua:
2400 1630 2674 1699 expositio
2707 1644 2775 1681 an
2805 1626 2934 1681 ferri
2973 1627 3169 1695 possit,
3206 1626 3452 1695 judicent
3488 1640 3615 1679 eru-

316 1722 446 1787 ius,
483 1720 782 1786 Basilides,
819 1732 873 1776 et
902 1722 1285 1791 Carpoerates.
1322 1742 1341 1775 ι
1380 1724 1546 1778 Addit
1598 1734 1778 1778 autem
1810 1724 1930 1778 Cle-

315 1830 537 1868 meus:
571 1814 687 1866 Καὶ
730 1814 891 1885 μέχρι
921 1832 985 1882 γε
1014 1815 1115 1885 τῆς
1150 1816 1463 1869 Ἀντωνίνου
1504 1816 1596 1869 τοῦ
1632 1816 1931 1885 πρεσϐυτέ-

2034 1726 2155 1779 diti.
2187 1724 2301 1795 Ego
2331 1739 2439 1777 non
2476 1722 2664 1776 dubito
2687 1721 2818 1791 quin
2861 1718 3199 1784 Blondellus,
3232 1717 3327 1787 qui
3360 1716 3616 1771 Clemen-

2037 1827 2142 1871 tem
2174 1816 2279 1870 hoc
2318 1816 2438 1870 loco
2464 1811 2811 1866 Valentinum
2853 1819 2977 1879 post
3029 1810 3358 1863 Marcionem
3412 1806 3616 1862 referre

318 1923 432 1977 ρου
468 1905 740 1958 διέτειναν
791 1908 1043 1977 ἡλικίας,
1089 1906 1341 1979 καθάπερ
1381 1910 1409 1960 ὁ
1453 1909 1786 1981 Βασιλείδης.
1820 1928 1837 1961 ι
1868 1908 1919 1961 El

2036 1909 2264 1973 asserit,
2318 1907 2433 1962 sola
2489 1904 2684 1959 Latina
2737 1904 2989 1959 versione
3038 1902 3297 1970 deceptus
3354 1900 3459 1966 sit;
3492 1915 3615 1970 quas

315 2007 719 2067 pervenerunt
756 2014 934 2068 usque
972 1999 1035 2053 ad
1073 2008 1285 2053 aetatem
1318 2001 1578 2055 Antonini
1624 2003 1877 2067 senioris,
1907 2021 1926 2055 ι

313 2088 440 2155 Pii,
474 2090 713 2156 scilicet,
738 2092 833 2159 qui
866 2091 1111 2145 Adriano
1138 2094 1425 2149 successit.
1459 2092 1498 2145 Ε
1529 2093 1729 2162 quibus
1754 2096 1932 2149 verbis

312 2192 512 2253 patet,
557 2183 625 2236 ad
670 2193 949 2252 postrema
992 2185 1187 2239 horum
1235 2185 1619 2240 haereticorum
1664 2194 1928 2255 tempora,

313 2290 446 2329 non
482 2276 668 2344 priora
712 2276 1426 2346 respexissctllementem;
1488 2293 1552 2332 ac
1590 2278 1635 2333 si
1666 2278 1928 2334 dixisset:

311 2363 731 2420 ﬂwresiarchaa
763 2367 878 2430 illi,
913 2381 1150 2435 quorum
1193 2366 1447 2437 discipuli
1496 2366 1797 2422 etiamnum
1837 2386 1931 2423 ex-

2034 2010 2220 2055 tamen
2256 2000 2369 2068 ipsa
2404 1998 2456 2052 id
2484 2008 2670 2067 aperte
2698 2012 2807 2049 non
2834 1994 2967 2049 dicit
2989 1994 3134 2063 quod
3172 1995 3261 2047 ille
3284 1993 3471 2047 voluit.
3499 1991 3614 2063 Ego

2033 2102 2271 2146 mentem
2302 2089 2600 2145 Clementis
2629 2089 2701 2142 ita
2742 2096 2889 2143 recte
2936 2087 3169 2156 exprimi
3210 2101 3371 2155 posse
3398 2087 3610 2140 sentio:

2038 2182 2223 2249 «Quod
2252 2182 2319 2236 ad
2350 2180 2684 2237 Marcionem
2726 2179 2873 2233 enim
2902 2179 3115 2243 attinet,
3143 2177 3233 2231 ille
3262 2177 3481 2245 quidem
3510 2177 3613 2231 sub

2030 2275 2220 2328 eodem
2250 2274 2483 2342 imperio
2507 2272 2732 2326 Adriani
2760 2269 2930 2336 vixit,
2971 2269 3075 2324 sub
3116 2283 3226 2338 quo
3261 2267 3527 2321 Basilides
3559 2274 3613 2321 et

2032 2367 2375 2433 Valentinus,
2399 2365 2492 2433 sed
2518 2380 2643 2421 cum
2686 2378 2854 2419 senex
2885 2371 3052 2429 esset,
3088 2376 3213 2415 cum
3240 2361 3350 2416 illis
3378 2359 3473 2429 qui
3526 2359 3613 2414 his

312 2468 520 2524 stant,
554 2456 847 2513 inferiores
888 2474 987 2513 seu
1039 2458 1293 2528 juniores
1335 2470 1493 2514 erant
1524 2461 1613 2525 iis,
1646 2462 1738 2531 qui
1765 2460 1929 2515 Chri-
2024 2461 2305 2531 juniores,
2341 2459 2678 2514 recentiores
2701 2473 2796 2511 seu
2827 2455 3161 2526 posteriores
3184 2460 3345 2519 sunt,
3374 2466 3607 2507 conver-

312 2554 576 2610 stianam
634 2554 795 2609 ﬁdem
849 2555 1028 2623 primo
1082 2555 1499 2623 praedicabant;
1555 2557 1925 2625 apostolorum

308 2647 483 2701 enim
520 2646 773 2702 doctrina
809 2647 913 2701 sub
940 2646 1154 2703 Nerone
1185 2657 1568 2703 consummata
1599 2658 1705 2715 est,
1738 2648 1791 2702 hi
1829 2664 1928 2703 an-

321 2746 452 2791 tem
482 2737 591 2791 sub
614 2737 859 2792 Adriano
897 2738 1175 2806 vixerunt,
1214 2748 1268 2793 et
1295 2754 1469 2808 usque
1498 2740 1564 2793 ad
1587 2738 1926 2793 Antoninum

309 2827 495 2883 Pium
532 2829 910 2895 duraverunt;
952 2830 1218 2901 apostolis
1251 2830 1417 2899 igitur
1446 2828 1777 2899 posteriores
1806 2827 1926 2882 fue-

309 2929 485 2973 runt.
522 2918 599 2971 Ex
629 2921 713 2975 his
745 2932 856 2976 tres
899 2921 1170 2985 nominat,
1212 2918 1527 2984 Basilidem,
1550 2916 1922 2985 Valentinum,

309 3022 379 3066 et.
419 3013 466 3066 si
508 3012 647 3067 forte
694 3012 1063 3079 Marcionem;
1098 3013 1144 3067 si
1188 3011 1349 3076 forte,
1394 3013 1640 3082 inquam,
1669 3027 1796 3065 nam
1832 3012 1924 3066 illa

307 3106 505 3159 verba
532 3124 544 3158 :
575 3107 839 3177 Μαρκίων
866 3106 995 3178 γὰρ,
1014 3106 1155 3159 κατὰ
1182 3106 1280 3177 τὴν
1311 3104 1479 3175 αὐτὴν
1500 3105 1684 3168 αὐτοῖς
1709 3104 1925 3176 ἡλικίαν

306 3197 630 3266 γενόμενος
707 3198 782 3261 ὡς
856 3198 1170 3270 πρεσϐύτης
1228 3198 1514 3269 νεωτέροις
1589 3197 1920 3267 συνεγένετο.

316 3310 339 3343 ι
384 3288 639 3343 Marcion
686 3292 835 3346 enim
906 3292 1009 3345 sub
1060 3290 1250 3347 eadem
1298 3300 1455 3346 aetate
1500 3291 1825 3345 versabatur
1862 3298 1923 3344 ut

307 3397 506 3437 senex
539 3397 659 3436 cum
685 3384 1027 3452 junioribus,
1060 3402 1080 3435 ι
1117 3393 1174 3437 ut
1198 3384 1359 3453 vulgo
1386 3394 1756 3453 exponuntur,
1786 3398 1922 3437 sana

306 3486 457 3527 esse
488 3486 597 3524 non
624 3482 876 3541 possunt.
913 3482 974 3527 ut
1014 3490 1115 3528 nec
1139 3490 1261 3543 quze
1303 3482 1651 3543 sequuntur:
1698 3472 1833 3527 Μεθ’
1861 3471 1922 3527 ὃν

305 3564 520 3635 Σίμων
573 3566 659 3616 ἐπ’
702 3564 883 3633 ὀλίγον
931 3566 1300 3637 κηρύσσοντος
1358 3565 1453 3619 τοῦ
1516 3566 1726 3638 Πέτρου
1779 3567 1920 3636 ὑπή-

306 3671 522 3717 κουσε,
558 3672 575 3705 ι
604 3663 728 3724 post
756 3672 919 3726 quem
973 3658 1163 3711 Simon
1200 3656 1423 3712 Petrum
1456 3658 1607 3712 audit
1637 3658 1921 3727 paululum

307 3746 749 3818 prmdieantem,
786 3770 805 3801 ι
844 3760 904 3803 ιιι
946 3749 1108 3804 hodie
1160 3750 1418 3819 leguntur
1444 3758 1497 3803 et
1545 3759 1917 3821 exponuntur.

308 3839 474 3906 Quis
502 3839 650 3892 enim
682 3841 737 3893 in
766 3841 998 3895 historia
1024 3841 1399 3896 ecclesiastica
1428 3840 1572 3895 ferre
1601 3850 1798 3911 potest,
1825 3849 1922 3895 aut

306 3930 671 3986 Marcionem
710 3947 897 3985 senem
933 3932 1126 3997 fuisse,
1162 3948 1287 3986 cum
1333 3931 1602 3987 Basilides
1631 3940 1687 3986 et
1717 3930 1917 3985 Valen-

306 4022 734 4093 tinusjuvenes
760 4033 968 4088 essent,
1015 4034 1110 4079 aut
1146 4022 1426 4078 Simonem
1455 4024 1548 4093 qui
1601 4021 1658 4077 S.
1694 4022 1918 4078 Petrum

310 4111 564 4177 audivit,
609 4123 735 4180 post
784 4111 1118 4167 Marcionem
1169 4113 1489 4168 exstitisse?
1519 4113 1592 4169 De
1640 4112 1920 4170 Marcione

310 4204 489 4259 aliter
541 4205 715 4258 sensit
770 4203 1155 4275 Epiphanius,
1221 4218 1279 4263 ut
1321 4208 1706 4263 ostendimus:
1762 4208 1920 4262 aliter

312 4298 491 4352 etiam
524 4305 736 4352 veteres
786 4298 953 4352 locuti
990 4312 1137 4353 sunt.
1164 4298 1412 4355 Justinus
1445 4308 1650 4371 martyr
1679 4298 1919 4354 Valenti-

313 4392 618 4447 nianorum
648 4400 702 4445 et
736 4390 1195 4447 Basilidianorum
1228 4393 1796 4462 meminit,dictosque
1822 4408 1918 4447 eos

313 4501 345 4539 a
383 4485 710 4538 nominibus
736 4485 1230 4541 haeresiarcharum
1255 4487 1448 4549 docet;
1475 4487 1585 4540 imo
1610 4501 1772 4541 vero:
1806 4486 1916 4538 Καί

2030 2564 2185 2610 satus
2213 2562 2297 2608 est
2330 2551 2622 2607 haereticis.
2656 2570 2674 2602 ι
2712 2548 2829 2605 Vox
2859 2549 3006 2604 enim
3039 2546 3325 2619 νεωτέροις
3355 2561 3479 2600 eum
3508 2544 3611 2597 αὑ-

2027 2650 2139 2711 τοῖς
2168 2646 2428 2717 eonjungi
2480 2660 2592 2699 non
2637 2643 2833 2710 debet,
2864 2642 3023 2713 quasi
3056 2643 3176 2711 ipso
3225 2639 3501 2693 Marcione
3533 2637 3612 2692 illi

2023 2740 2271 2811 juniores
2293 2747 2389 2792 aut
2409 2737 2742 2808 posteriores
2760 2734 2997 2800 fuerint;
3032 2748 3227 2789 sensus
3255 2731 3437 2785 omnis
3458 2730 3611 2785 vocis

2026 2831 2213 2894 αὐτοῖς
2239 2827 2476 2883 refertur
2518 2827 2588 2882 ad
2618 2825 2788 2897 αὐτήν
2815 2834 2870 2881 et
2911 2827 2965 2880 in
3012 2841 3145 2881 voce
3172 2822 3461 2894 γενόμενος
3488 2822 3611 2875 [ini-

2026 2931 2148 2988 tur;
2196 2920 2484 2991 νεωτέροις
2529 2936 2654 2975 cum
2711 2918 3027 2987 συνεγένετο
3059 2925 3209 2971 arcte
3257 2913 3611 2984 coniungitur

2025 3028 2230 3083 eosque
2258 3013 2515 3077 denotat,
2559 3028 2685 3067 cum
2716 3010 2917 3081 quibus
2953 3009 3196 3063 Marcion
3235 3016 3495 3077 tanquam
3528 3005 3611 3060 di-

2026 3106 2272 3175 scipulus
2316 3113 2675 3160 conversatus
2707 3112 2827 3169 est,
2868 3118 2899 3157 a
2925 3102 3127 3172 quibus
3178 3116 3294 3155 suae
3337 3100 3609 3153 haereseos

1951 3241 1993 3298 ϐ
2026 3198 2295 3269 principia
2339 3197 2591 3269 quaedam
2637 3205 2921 3251 mutuatus
2953 3204 3072 3261 est,
3108 3194 3202 3264 qui
3234 3193 3456 3263 quidem
3503 3190 3607 3261 ipsi

2024 3289 2281 3345 Basilidis
2307 3300 2361 3345 et
2409 3289 2680 3345 Valentini
2719 3288 2977 3359 discipuli
3020 3285 3265 3341 fuerunt.
3305 3284 3383 3339 ita
3413 3299 3605 3338 vocem

2021 3396 2141 3437 eam
2169 3382 2298 3436 alibi
2327 3392 2560 3452 usurpat
2581 3381 2836 3436 Clemens
2867 3387 2928 3434 ut
2954 3380 3050 3435 lib.
3074 3395 3086 3433 ι
3109 3397 3123 3433 :
3149 3378 3330 3449 Θάλης
3354 3377 3410 3431 δὲ
3429 3373 3610 3442 Φοῖνιξ

2020 3474 2096 3529 ὢν
2124 3475 2185 3529 τὸ
2223 3475 2380 3544 γένος
2415 3476 2510 3528 καὶ
2542 3477 2656 3539 τοῖς
2686 3473 2999 3543 Αἰγυπτίων
3044 3474 3349 3543 προφήταις
3399 3466 3606 3539 συμϐε-

2022 3569 2283 3641 6ληκέναι
2312 3568 2561 3640 εἴρηται·
2600 3567 2850 3636 καθάπερ
2878 3566 2974 3619 καὶ
3005 3568 3033 3618 ὁ
3068 3563 3396 3634 Πυθαγόρας
3421 3562 3608 3625 αὐτοῖς

2020 3674 2084 3727 γε
2132 3655 2375 3720 τούτοις,
2422 3654 2704 3709 Χαλδαίων
2734 3672 2793 3709 τε
2842 3655 2936 3708 κα)⁸
2988 3655 3179 3725 μάγων
3220 3656 3332 3717 τοῖς
3363 3652 3608 3724 ἀρίστοις

2023 3748 2356 3817 συνεγένετο.
2384 3746 2488 3802 Ubi
2513 3747 2944 3819 ωμὸεὸληκέναι
2974 3756 3029 3802 et
3056 3746 3411 3815 συγγενέσθαι
3434 3746 3596 3799 idem.

2021 3838 2100 3895 Ita
2128 3841 2334 3910 optime
2368 3839 2634 3895 Clementi
2664 3856 2790 3895 cum
2830 3838 3105 3894 veteribus
3134 3838 3410 3893 convenit.
3443 3834 3604 3889 Nullo

2022 3931 2189 3985 modo
2226 3930 2395 4001 igitur
2421 3945 2487 3985 ex
2519 3930 2625 3985 hoc
2653 3930 2777 3985 loco
2799 3929 3097 4000 colligitur,
3132 3938 3228 3983 aut
3254 3926 3604 3983 Valentinum

2021 4034 2146 4093 post
2191 4022 2527 4079 Marcionem
2561 4024 2802 4091 vixisse,
2850 4024 2995 4093 quod
3026 4023 3198 4078 voluit
3246 4020 3561 4075 Blontlellus
3590 4037 3605 4052 ν

2020 4127 2116 4172 aut
2135 4118 2429 4173 Basilidem
2450 4132 2549 4173 sua
2576 4132 2859 4187 nunquam
2880 4115 3141 4171 docuisse
3166 4123 3293 4169 ante
3311 4114 3605 4183 imperium

2020 4210 2273 4278 Adriani,
2301 4211 2449 4281 quod
2482 4210 2612 4266 hinc
2633 4212 2830 4266 elicere
2853 4210 3107 4280 cupiebat
3136 4207 3391 4263 Dallaeus.

2091 4301 2279 4373 Neque
2319 4318 2448 4358 vero
2501 4303 2696 4373 reliqui
2736 4303 2828 4373 qui
2862 4303 2929 4357 de
2975 4302 3220 4356 Adriano
3266 4301 3569 4370 loquuntur

2021 4397 2325 4466 quidquam
2366 4396 2514 4451 aliud
2546 4405 2832 4463 statuunt,
2862 4410 3029 4466 quam
3072 4395 3221 4465 quod
3269 4410 3371 4448 nos
3400 4394 3563 4448 etiam
3588 4433 3604 4459 ,

2022 4488 2319 4544 Basilidem
2374 4489 2479 4543 sub
2518 4489 2640 4558 ejus
2689 4488 2920 4557 imperio
2967 4487 3177 4554 fuisse,
3225 4487 3309 4541 vel
3355 4486 3605 4542 scholam

313 4580 462 4631 εἰσιν
494 4579 586 4646 ὑφ’
622 4578 811 4649 ἡμῶν,
856 4578 1061 4647 inquit,
1099 4579 1206 4631 ἀπὸ
1240 4579 1624 4650 προσωνυμίας
1667 4580 1775 4632 τῶν
1825 4580 1918 4632 ἀν-

2024 4583 2300 4637 habuisse.
2349 4582 2727 4638 Theodoretus
2776 4583 2844 4636 de
2896 4580 3177 4635 Saturnilo
3223 4589 3277 4634 et
3322 4578 3603 4633 Basilide:

311 4669 465 4735 δρῶν
514 4668 572 4733 ἐξ
624 4665 795 4739 οὗπερ
844 4670 1046 4742 ἑκάστη
1082 4670 1268 4742 διδαχὴ
1309 4672 1404 4724 κα)⁹
1443 4670 1635 4743 γνώμη
1691 4671 1912 4743 ἤρξατο.

320 4781 341 4813 ι
375 4761 443 4816 Ει
487 4771 618 4816 sunt
666 4764 808 4832 apud
841 4780 941 4818 nos
970 4764 1062 4833 qui
1101 4780 1130 4818 a
1172 4765 1393 4819 nomine
1428 4781 1619 4819 eorum
1646 4766 1912 4826 virorum.

312 4870 387 4909 ex
428 4868 543 4923 quo
592 4854 846 4908 doctrina
894 4865 946 4909 et
987 4858 1253 4910 sententia
1295 4858 1551 4927 quzclibct
1598 4859 1799 4929 incepit
1828 4898 1843 4924 ,
1889 4878 1908 4911 ι

312 4945 667 5000 denominati
695 4955 845 5010 sunt,
882 4948 1060 5001 solum
1094 4947 1425 5003 Marcionem
1455 4961 1727 5006 memorat
1755 4952 1914 5022 quasi

312 5038 508 5092 adhuc
562 5037 616 5090 in
668 5037 809 5092 vivis
853 5054 978 5091 cum
1020 5039 1136 5108 ipse
1179 5041 1464 5109 scriberet,
1515 5053 1571 5097 et
1620 5053 1912 5113 postquam

310 5138 521 5184 contra
549 5143 746 5183 omnes
776 5129 1015 5184 haereses
1038 5132 1371 5200 scripsisset.
1404 5134 1486 5187 Au
1514 5150 1639 5188 eum
1672 5143 1915 5190 tantum-

310 5221 490 5275 modo
521 5220 575 5273 in
606 5221 748 5276 vivis
778 5231 909 5277 tunc
934 5221 1104 5278 fuisse
1130 5226 1456 5290 monuisset,
1485 5226 1536 5280 si
1558 5227 1748 5282 eodem
1774 5239 1914 5283 tem-

310 5327 457 5383 pore
489 5310 758 5370 Basilides
791 5324 847 5369 et
875 5314 1219 5384 Valentinus,
1251 5333 1359 5371 non
1386 5327 1599 5373 tantum
1622 5320 1910 5389 vixissent,

312 5406 416 5461 sed
450 5406 618 5461 etiam
651 5409 885 5478 juvenes
916 5410 1051 5464 etin
1091 5410 1304 5465 ﬂorenti
1354 5411 1535 5465 adhuc
1566 5422 1723 5467 aetate
1771 5414 1911 5471 fuis-

311 5497 491 5553 sent?
560 5496 830 5555 Observat
896 5499 1134 5557 lrcnzeus
1192 5504 1263 5557 de
1316 5513 1475 5558 aetate
1529 5505 1909 5565 haereticorum

308 5605 492 5660 agens
514 5588 865 5647 Valentinum
894 5595 996 5647 sub
1019 5593 1231 5665 Hygino
1255 5596 1485 5651 Romam
1509 5600 1746 5665 venisse,
1770 5600 1913 5655 Mar-

308 5698 538 5737 cionem
571 5684 675 5738 sub
719 5686 952 5739 Aniceto
993 5701 1179 5756 postea
1213 5688 1541 5757 invaluisse;
1591 5706 1659 5745 an
1694 5692 1783 5747 ille
1805 5709 1911 5763 pu-

310 5776 457 5833 tavit
487 5774 834 5831 Valentinum
856 5778 1134 5848 juniorem
1160 5780 1352 5849 fuisse,
1382 5797 1507 5838 eum
1534 5783 1774 5839 Marcion
1794 5787 1909 5857 jam

310 5884 491 5927 senes
532 5870 715 5928 esset?
751 5868 876 5927 llaec
909 5872 1109 5947 igitur,
1141 5874 1337 5931 saltem
1370 5885 1427 5932 ut
1461 5877 1531 5933 ab
1566 5878 1630 5936 iis
1663 5879 1910 5951 exposita

2024 4678 2226 4748 ’Ἄμφω
2273 4677 2330 4729 δὲ
2382 4678 2475 4729 ἐπὶ
2516 4674 2792 4747 Ἀδριανοῦ
2845 4672 2940 4728 τοῦ
2995 4675 3273 4744 Καίσαρος
3331 4672 3598 4740 ἐγένοντο.

2024 4788 2044 4821 ι
2074 4771 2252 4824 Ambo
2284 4779 2469 4824 autem
2501 4769 2729 4823 Adriani
2764 4768 2998 4823 Caesaris
3030 4776 3275 4835 tempore
3302 4764 3544 4819 fuerunt.
3575 4782 3600 4817 ι

2018 4860 2293 4917 Eusebius
2340 4861 2562 4931 quidem
2608 4862 2753 4917 circa
2783 4859 3009 4913 Adriani
3045 4867 3293 4927 tempora
3324 4857 3601 4911 narratio-

2018 4968 2141 5007 nem
2173 4954 2239 5008 de
2264 4954 2471 5009 scholis
2495 4953 2760 5008 Saturnili
2791 4961 2845 5005 et
2870 4949 3125 5005 Basilidis
3150 4949 3391 5003 instituit
3414 4968 3427 5003 :
3452 4943 3553 5000 ’Ὧν
3572 4950 3606 5002 ὁ

2021 5046 2122 5116 μὲν
2153 5045 2295 5099 κατὰ
2329 5046 2547 5117 Συρίαν,
2582 5046 2610 5098 ὁ
2653 5044 2710 5097 δὲ
2742 5045 2863 5097 κατ’
2888 5042 3164 5111 Αἴγυπτον
3202 5040 3607 5110 συνεστήσαντο

2019 5138 2294 5209 Θεομισῶν
2328 5139 2593 5209 αἱρέσεων
2619 5136 2985 5191 διδασκαλεῖα.
3019 5155 3037 5187 ι
3064 5134 3312 5201 Quorum
3348 5133 3439 5187 ille
3476 5133 3603 5202 qui-

2016 5231 2139 5285 dem
2180 5231 2234 5285 in
2263 5229 2451 5302 Syria,
2481 5231 2571 5285 hic
2601 5244 2729 5283 vero
2769 5230 2912 5299 apud
2956 5227 3252 5300 Egyptum
3282 5226 3463 5296 impia:
3501 5226 3602 5281 do—

2014 5326 2210 5379 ctrina:
2239 5325 2461 5380 scholas
2494 5322 2929 5379 contlidit.iNon
2963 5332 3075 5376 tum
3100 5322 3339 5392 primum
3363 5320 3597 5375 hazresin

2015 5416 2273 5471 docuisse
2299 5417 2396 5484 ait,
2430 5417 2527 5473 sed
2566 5422 2713 5486 quod
2748 5416 3085 5471 contrarium
3117 5429 3343 5485 prorsus
3374 5412 3601 5481 evincit,

2018 5525 2048 5563 a
2078 5508 2381 5563 Menandro
2414 5508 2658 5564 Simonis
2684 5524 3008 5565 successore
3040 5509 3273 5563 haeresin
3318 5510 3599 5579 accepisse

2013 5603 2202 5670 docet;
2237 5604 2340 5658 sub
2360 5604 2551 5657 eodem
2577 5604 2907 5672 imperatore
2946 5603 3161 5674 aliquos
3189 5603 3600 5659 ecclesiasticos

2015 5695 2166 5749 viros
2204 5696 2470 5750 adversus
2500 5711 2597 5751 eos
2640 5697 2863 5766 scriptis
2895 5710 3200 5767 pugnasse,
3228 5711 3294 5750 ac
3324 5695 3601 5766 pracipue

2014 5786 2310 5859 Agrippam
2343 5788 2630 5845 Castorem
2672 5800 2865 5845 contra
2895 5790 2967 5846 24
3006 5789 3287 5846 volumina
3342 5788 3605 5845 Basilidis

2016 5883 2336 5954 scripsisse,
2382 5896 2435 5941 et
2486 5883 2777 5943 Basilidem
2826 5885 3007 5959 ipsum
3030 5924 3049 5957 ,
3082 5884 3379 5957 interprete
3406 5882 3602 5941 Hiero.
