4078 6398
483 392 589 449 δη

1508 390 1569 446 S.
1606 390 1962 449 lGNATIUS.
2000 426 2068 434 —-
2098 392 2633 449 PROLECOMENA.

3632 393 3738 451 358

484 526 671 581 nymo,
724 510 827 565 sub
869 509 1061 565 eodem
1095 509 1423 577 imperatore
1454 508 1681 564 obiisse.
1720 510 1917 563 Fateor
1957 509 2063 564 Va-
2091 514 2137 570 A
2162 512 2405 581 exsculpi
2439 520 2635 581 potest.
2692 509 2797 566 Sed
2845 499 3082 569 Irenmus
3112 512 3411 569 Clementis
3445 514 3511 568 ad
3540 510 3737 567 Corin-

483 602 681 659 lesium
714 604 780 657 ad
808 618 933 658 eum
961 603 1141 657 locum
1165 602 1280 656 bree
1311 610 1531 655 notare:
1565 621 1583 654 ‹
1611 601 1775 657 Recte
1796 602 2065 657 Eusebius

487 698 739 753 Basilidis
765 696 992 751 hmresin
1018 696 1325 766 principatu
1349 696 1572 750 Adriani
1600 697 1848 766 erupisse
1871 696 2059 750 dicit.»

487 790 589 844 Sed
626 805 789 859 quam
822 800 966 844 recte
996 788 1066 842 ita
1090 788 1380 856 judicavit,
1406 803 1470 842 ex
1507 787 1717 842 ratione
1738 803 1901 857 quam
1931 786 2065 841 sub-

480 880 682 951 jungit,
723 882 969 951 patebit:
1014 900 1033 932 ι
1063 879 1218 934 Tunc
1262 882 1409 935 enim
1444 882 1682 951 primum
1724 879 1965 934 haeretici
1996 894 2063 933 ex

484 970 707 1026 latebris
754 972 971 1040 prodire
1002 980 1055 1025 et
1107 978 1271 1039 caput
1302 970 1549 1025 attollere
1591 978 1907 1039 cmperunt,
1939 985 2063 1024 cum

486 1064 750 1131 apostolis
782 1062 1037 1116 omnibus
1066 1062 1178 1132 jam
1211 1062 1519 1130 exstinctis,
1560 1070 1926 1132 opportunum
1960 1061 2064 1115 sibi

486 1156 680 1210 adesse
724 1165 941 1224 tempus
983 1155 1049 1209 ad
1080 1156 1384 1223 evulganda
1415 1170 1667 1210 errorum
1716 1171 1943 1209 suorum
1969 1154 2068 1209 do-

486 1256 668 1319 gmata
711 1247 1109 1302 existimarent.
1144 1266 1161 1299 ι
1195 1246 1345 1301 Licet
1382 1248 1536 1301 multi
1576 1248 1818 1302 haeretici
1864 1244 2068 1301 fuerint

487 1339 592 1394 sub
633 1339 971 1407 temporibus
1010 1340 1362 1407 apostolicis,
1397 1348 1456 1393 ut
1496 1349 1707 1394 veteres
1748 1339 2051 1409 saapissime

488 1439 816 1496 memorant,
834 1438 887 1484 et
928 1431 993 1485 de
1026 1430 1093 1484 iis
1121 1446 1263 1501 smpe
1306 1431 1623 1500 disputant;
1668 1439 1900 1498 tantum,
1929 1432 2065 1487 sub-

490 1524 629 1579 latisx
655 1524 913 1578 omnibus
954 1524 1272 1593 apostolicis
1296 1564 1312 1589 ,
1356 1525 1528 1579 multo
1559 1525 1787 1580 liberius
1832 1541 1932 1580 sua
1963 1525 2065 1579 do-

490 1625 673 1686 gmata
706 1617 1147 1688 promulgabant.
1188 1616 1294 1671 Sed
1340 1632 1409 1671 an
1445 1632 1638 1672 omnes
1683 1618 1915 1687 apostoli
1944 1626 2070 1671 ante

490 1708 716 1762 Adriani
781 1708 1072 1778 imperium
1125 1710 1325 1763 sublati
1372 1725 1485 1764 non
1538 1711 1707 1765 sunt?
1754 1727 1822 1764 an
1876 1726 2068 1765 eorum

490 1800 779 1869 quisquam
808 1810 927 1869 post
961 1798 1303 1855 S.Joannem
1329 1800 1621 1870 superfuit,
1653 1802 1747 1872 qui
1777 1802 1880 1857 sub
1912 1802 2068 1856 initio

2166 603 2313 659 thios
2344 604 2627 674 epistolam
2651 604 2882 660 afﬁrmat
2911 607 3263 662 vetustiorem
3310 622 3433 662 esse
3467 607 3739 662 haereticis

2167 695 2397 749 alterum
2423 694 2592 750 Deum
2618 712 2780 765 super
2796 694 3147 765 Demiurgum
3173 697 3736 763 comminiscentibns,

2166 785 2219 839 id
2243 793 2348 850 est,
2380 793 2441 838 ut
2472 786 2663 855 liquet,
2695 786 2993 843 Gnosticis.
3028 787 3178 854 lnde,
3230 789 3460 853 scilicet,
3493 799 3741 858 apparet,

2166 874 2458 931 Basilidem
2484 892 2583 931 sua
2614 878 2869 947 dogmata
2918 887 3045 933 ante
3086 878 3310 934 Adriani
3345 888 3586 949 tempora
3632 878 3739 932 mi-

2167 966 2315 1021 nime
2346 968 2680 1036 prOpalasse.
2711 965 2847 1022 Nam
2874 984 2936 1023 ea
2966 969 3196 1038 epistola
3221 988 3239 1020 ι
3263 985 3371 1023 ηοη
3402 970 3587 1024 multis
3616 980 3743 1022 ante

2167 1056 2361 1127 lgnatii
2414 1059 2739 1130 martyrium
2768 1060 2927 1115 annis
2974 1060 3175 1130 scripta
3211 1069 3352 1115 est.)
3380 1061 3457 1114 lla
3485 1061 3609 1127 ille;
3646 1060 3743 1115 sed

2168 1149 2481 1205 Blondellus
2515 1151 2630 1219 ipse
2685 1152 2869 1205 datam
2914 1166 3034 1205 eam
3075 1152 3361 1220 epistolam
3397 1152 3535 1205 inter
3570 1166 3624 1207 a.
3676 1150 3739 1204 D.

2168 1240 2237 1295 68
2284 1250 2337 1295 et
2378 1242 2445 1295 76
2492 1242 2725 1310 fatetur;
2760 1244 3008 1312 pluribus
3044 1245 3209 1315 igitur
3260 1259 3422 1313 quam
3470 1243 3539 1297 50
3584 1244 3744 1297 annis

2170 1340 2295 1385 ante
2348 1330 2543 1402 lgnatii
2572 1335 2894 1404 martyrium
2945 1336 3144 1404 scripta
3174 1344 3277 1390 est.
3312 1333 3389 1389 De
3426 1334 3529 1389 hac
3555 1333 3745 1389 lrentei

2168 1422 2333 1476 verba
2366 1432 2495 1478 sunt
2521 1443 2533 1478 :
2573 1442 2591 1476 κ
2621 1423 2758 1479 Cum
2789 1426 2859 1481 sit
2879 1428 3147 1482 vetustior
3177 1428 3263 1482 his
3294 1426 3389 1496 qui
3423 1442 3570 1481 nunc
3603 1424 3748 1480 falso

2169 1514 2391 1581 docent,
2415 1524 2469 1569 et
2490 1516 2724 1571 alterum
2772 1516 2943 1573 Deum
2986 1535 3152 1590 super
3184 1518 3539 1589 Demiurgum
3571 1529 3624 1573 et
3661 1517 3748 1571 fa-

2170 1618 2377 1661 ctorem
2410 1609 2609 1663 horum
2640 1612 2885 1666 omnium
2914 1628 3037 1683 qua:
3062 1623 3192 1668 sunt
3222 1612 3740 1671 commentiuntur.»

2174 1697 2405 1755 Dallazus
2442 1716 2506 1754 ea
2537 1703 2723 1769 verba,
2774 1722 2793 1755 σ
2816 1706 2911 1774 qui
2934 1721 3091 1761 nunc-
3122 1705 3262 1761 falso
3296 1706 3511 1771 docent,
3539 1725 3557 1757 ι
3588 1705 3751 1776 plane

2173 1792 2394 1860 omisit,
2431 1803 2491 1850 ut
2520 1810 2905 1867 argumentum
2957 1799 3198 1868 aliquam
3232 1799 3491 1869 ponderis
3512 1798 3750 1868 speciem

490 1890 714 1962 Trajani
761 1902 1013 1949 mortuus
1055 1895 1178 1948 est?
1210 1911 1279 1947 an
1321 1894 1525 1948 nullam
1570 1895 1835 1963 temporis
1865 1911 2064 1965 oppor—

2177 1884 2403 1940 haberet
2430 1904 2444 1953 ;
2486 1888 2635 1957 quod
2665 1906 2811 1946 nunc
2840 1890 3085 1960 epistola:
3128 1890 3483 1945 Clementinte
3506 1888 3750 1957 antiqui-

491 1985 781 2039 tunitatem
818 1987 1062 2055 arripere
1087 1996 1382 2055 potuerunt
1428 1987 1531 2041 sub
1564 1996 1677 2041 toto
1702 1985 1923 2057 Trajani
1965 1988 2063 2041 im-

488 2078 662 2146 perio,
697 2093 805 2147 qua
837 2094 933 2132 sua
968 2080 1221 2149 dogmata
1252 2078 1355 2133 viri
1380 2078 1575 2134 fervidi
1600 2089 1652 2134 et
1680 2080 1825 2135 docti
1850 2089 1905 2134 et
1942 2095 2068 2149 per-

489 2170 787 2223 secutionis
834 2178 1029 2223 aestum
1076 2171 1301 2225 minime
1346 2178 1649 2226 metuentes
1697 2170 2072 2241 exponerent?

488 2256 688 2315 Procul
752 2262 922 2316 dubio
970 2278 1066 2331 per
1124 2263 1260 2317 illud
1304 2278 1479 2318 atrum
1545 2264 1828 2319 doctrinas
1891 2280 1920 2317 a
1960 2262 2071 2317 Me-

489 2352 702 2407 nandro
736 2364 990 2423 acceptas
1028 2356 1433 2424 perpoliebant,
1464 2356 1682 2425 scriptis
1714 2356 2069 2422 mandabant,

487 2444 790 2514 discipulos
819 2448 1256 2518 congregabant,
1289 2464 1354 2502 ac
1402 2449 1621 2503 demum
1662 2449 1765 2503 sub
1798 2449 2070 2515 Adriano,

490 2553 621 2592 suas
653 2539 1000 2609 συνηλύσεις,
1030 2550 1088 2594 ut
1120 2542 1366 2611 loquitur
1394 2540 2068 2607 Clemens;6t6acxa.)tsia,

489 2636 551 2681 ut
601 2627 903 2695 Eusebius;
938 2631 1231 2697 ecclesias,
1282 2641 1343 2685 ut
1391 2630 1801 2695 Tertullianus,
1856 2632 2073 2700 publice

489 2721 681 2777 multis
730 2723 787 2777 in
840 2723 976 2779 locis
1036 2724 1297 2780 habuere.
1335 2724 1491 2780 Tune
1521 2726 1687 2797 igitur
1733 2726 1837 2780 viri
1893 2726 2073 2781 eccle-

489 2813 699 2869 siastici
731 2816 1125 2887 quamplurimi
1156 2817 1224 2872 iis
1277 2818 1600 2871 restiterunt
1627 2834 1641 2883 ;
1672 2828 1804 2872 tunc
1831 2817 2071 2887 primum

491 2907 744 2961 nonnulli
794 2909 1059 2964 adversus
1110 2924 1304 2964 eorum
1340 2909 1573 2964 haeresin
1618 2909 1798 2979 palam
1854 2918 1909 2964 et
1966 2910 2074 2964 late

490 3007 863 3071 grassantem,
889 3009 944 3055 et
982 3001 1153 3057 libros
1184 3002 1386 3071 ubique
1421 3002 1713 3057 volitantes
1737 3001 1886 3071 justa
1918 3001 2074 3056 volu-

490 3093 641 3147 mina
676 3094 1143 3164 conscripserunt.
1186 3093 1333 3149 Nihil
1365 3094 1513 3149 aliud
1544 3094 1833 3149 voluerunt
1861 3102 2073 3151 veteres

487 3186 581 3255 qui
610 3186 677 3241 de
710 3195 869 3242 aetate
899 3187 1125 3242 Adriani
1150 3188 1318 3243 locuti
1351 3197 1501 3245 sunt.

560 3278 665 3345 Qui
697 3296 827 3335 vero
868 3280 1178 3352 generalius
1210 3281 1514 3351 loquuntur
1555 3280 1622 3335 de
1671 3288 1829 3335 aetate
1854 3278 2072 3335 bmreti—
2098 3255 2142 3312 ο

488 3388 681 3429 corum
718 3375 1059 3445 temporibus
1105 3376 1480 3446 apostolorum
1533 3374 1857 3445 posteriori,
1898 3373 2072 3427 multo

488 3466 674 3521 minus
740 3470 1001 3522 evincunt
1052 3466 1346 3523 Basilidem
1418 3467 1648 3522 hzeresin
1715 3480 1873 3522 suam
1944 3475 2073 3520 ante

488 3558 716 3613 Adriani
750 3568 997 3630 tempora
1036 3560 1261 3614 minime
1296 3559 1574 3614 docuisse.
1610 3558 1916 3613 Firmiliani
1948 3558 2073 3628 qui-

488 3650 611 3705 dem
639 3653 801 3706 verba
832 3661 963 3707 sunt
1001 3654 1056 3706 in
1104 3652 1346 3723 Epistola
1376 3655 1440 3706 ad
1493 3652 1864 3726 Cyprianum:
1907 3670 1927 3704 t
1963 3649 2071 3706 Sed

486 3751 541 3796 et
573 3741 845 3798 Valentini
892 3755 946 3800 et
993 3745 1250 3799 Basilidis
1299 3754 1509 3815 tempus
1565 3744 1918 3800 manifestum
1949 3753 2068 3811 est,

488 3835 638 3904 quod
668 3844 723 3890 et
750 3836 856 3905 ipsi
889 3845 1013 3906 post
1038 3838 1342 3905 apostolos,
1372 3846 1427 3891 et
1454 3846 1577 3906 post
1605 3838 1822 3909 longam
1851 3845 2070 3892 aetatem

486 3928 753 3982 adversus
792 3926 1092 3983 Ecclesiam
1129 3928 1222 3983 Dei
1267 3929 1549 3985 sceleratis
1600 3928 1900 3985 mendaciis
1950 3929 2068 3983 suis

488 4018 910 4085 rebellaverint;
944 4038 961 4071 ι
1002 4036 1067 4073 ex
1096 4020 1297 4091 quibus
1326 4022 1567 4091 primum
1594 4021 1829 4077 observo
1868 4019 2071 4075 Firmi-

488 4109 695 4163 lianum
752 4122 977 4180 putasse
1034 4121 1150 4166 tum
1201 4112 1492 4167 Basilidem
1546 4122 1662 4168 tum
1717 4113 2068 4168 Valentinum

487 4198 772 4255 Marcione
822 4202 1191 4271 antiquiorem
1240 4202 1446 4270 fuisse,
1500 4203 1762 4259 adversus
1805 4202 2070 4257 Bloudelli

488 4293 839 4354 sententiam,
876 4303 935 4347 ut
964 4294 1193 4350 cuilibet
1215 4296 1395 4349 locum
1448 4295 1719 4365 integrum
1758 4295 2070 4365 inspicienti

488 4384 722 4454 patebit.
778 4383 966 4454 Neque
1034 4387 1338 4457 quidquam
1404 4387 1711 4441 Firmiliani
1772 4387 2071 4456 disputatio

486 4484 678 4528 contra
710 4484 952 4530 nostram
987 4479 1313 4532 sententiam
1354 4478 1422 4533 de
1461 4479 1617 4532 initio
1652 4480 1923 4534 haereseos
1967 4478 2073 4532 Ba-

486 4566 754 4621 silidianae
781 4566 931 4623 facit.
968 4568 1042 4623 De
1069 4571 1364 4625 rebellione
1400 4572 1517 4641 ejus
1542 4580 1736 4626 contra
1768 4570 2067 4625 Ecclesium
2102 4603 2151 4663 Ι)

486 4658 598 4729 agit
623 4659 732 4727 ille,
766 4677 931 4730 quam
965 4662 1128 4716 istius
1169 4663 1269 4716 aevi
1307 4663 1546 4717 hazretiei
1591 4663 1832 4733 quandiu
1878 4672 2070 4732 potue-

438 4790 441 4793 ι
484 4760 617 4806 runt
646 4768 861 4823 semper
900 4756 1213 4822 evitabant,
1246 4764 1306 4809 ut
1344 4770 1489 4825 saepe
1539 4756 1791 4826 legimus.
1832 4754 1903 4811 De
1937 4770 2071 4824 apo-

484 4846 641 4901 stolis
681 4846 928 4917 loquitur
965 4848 1156 4901 eodem
1195 4848 1360 4902 modo
1389 4864 1500 4918 quo
1540 4849 1796 4904 Clemens
1830 4848 2068 4901 Alexan-

483 4936 679 4992 drinus
697 4938 763 4993 de
788 4954 843 4993 re
866 4938 1055 4993 eadem
1080 4939 1359 5006 scribens;
1386 4950 1446 4994 ut
1474 4941 1618 4995 enim
1646 4940 1735 4995 ille
1759 4939 2067 4995 doctrinam

484 5032 843 5101 apostolicam
873 5047 967 5102 per
998 5033 1056 5086 S.
1076 5031 1307 5086 Paulum
1336 5034 1438 5088 sub
1467 5031 1684 5088 Nerone
1713 5048 2067 5089 consumma-

483 5130 597 5175 tam
623 5138 745 5178 esse
780 5124 933 5189 dicit,
968 5124 1041 5179 ita
1064 5141 1159 5195 per
1188 5126 1469 5195 apostolos
1495 5124 1716 5179 Petrum
1751 5136 1805 5180 et
1833 5124 2063 5178 Paulum

483 5212 743 5284 intelligit
771 5215 1059 5285 disputans
1099 5224 1289 5270 contra
1322 5216 1673 5270 traditionem
1708 5217 2065 5286 apostolicam

482 5319 513 5358 a
549 5302 830 5375 Stephano
855 5309 1112 5377 pontifice
1143 5309 1391 5363 Romano
1429 5310 1588 5375 falso,
1632 5320 1689 5363 ut
1734 5311 1829 5375 ait,
1862 5309 2066 5379 produ-

482 5408 650 5455 ctam.
686 5400 765 5455 lta
797 5418 855 5456 se
886 5404 1065 5471 ipsum
1110 5403 1362 5472 explicat,
1388 5406 1517 5458 dum
1552 5404 1865 5473 Stephanus
1897 5422 2067 5475 rapu—

481 5495 593 5561 lat,
628 5514 647 5547 ι
677 5497 836 5566 quasi
871 5497 1146 5553 infamans
1200 5497 1424 5553 Petrum
1472 5509 1527 5553 et
1572 5498 1801 5553 Paulum
1826 5541 1839 5565 ,
1876 5500 2066 5556 beatos

483 5590 795 5659 apostolos,
843 5591 1001 5660 quasi
1040 5590 1144 5646 hoc
1181 5591 1283 5661 ipsi
1339 5591 1683 5646 tradiderint.
1708 5611 1725 5644 ι
1764 5590 1864 5646 Diu
1900 5593 2066 5661 igitur

482 5690 609 5751 post
656 5680 877 5738 Petrth
918 5693 975 5737 et
1000 5682 1231 5738 Paulum
1274 5682 1544 5740 Basilides
1574 5684 1842 5741 adversus
1875 5686 2066 5741 Eccle-

481 5776 621 5830 siam
671 5776 952 5833 rebellavit
1005 5794 1071 5834 ex
1124 5778 1397 5833 sententia
1430 5777 1775 5847 Firmiliani;
1827 5780 1978 5848 quod
2010 5789 2066 5836 et

482 5884 584 5927 nos
617 5868 887 5941 fatcmur;
931 5888 1105 5946 neque
1141 5871 1286 5930 aliud
1317 5871 1598 5943 quidpiam
1635 5888 1703 5932 ex
1728 5888 1791 5930 ea
1830 5873 2060 5945 epistola

2172 1984 2279 2041 tas,
2312 1986 2365 2031 et
2392 1977 2580 2033 lrenmi
2611 1981 2783 2050 ipsius
2814 1982 2976 2037 verba
3009 1983 3143 2037 nihil
3171 1983 3399 2037 omnino
3422 1996 3545 2037 esse
3568 1988 3755 2050 aperte

2171 2070 2490 2125 ostendunt.
2531 2070 2638 2127 Sed
2690 2090 2883 2129 rursus
2927 2075 3119 2130 scribit
3161 2074 3328 2141 alibi,
3378 2090 3570 2130 omnes
3615 2074 3754 2129 istos

2175 2160 2462 2218 hzereticos
2503 2165 2661 2219 valde
2707 2168 3043 2235 posteriores
3086 2184 3209 2225 esse
3232 2184 3398 2240 quam
3441 2168 3753 2238 episcopos,

2172 2254 2376 2322 quibus
2412 2258 2647 2326 apostoli
2682 2261 3025 2316 tradiderunt
3061 2259 3358 2327 Ecelesias,
3390 2282 3408 2315 ι
3434 2261 3679 2330 adeoque
3698 2268 3759 2313 et

2174 2346 2385 2416 lgnatio
2436 2350 2530 2418 qui
2584 2350 2780 2406 horum
2823 2354 3205 2423 episcoporum
3255 2371 3398 2409 unus
3442 2353 3561 2408 fuit.
3596 2373 3613 2405 ι
3656 2352 3759 2407 llic

2173 2441 2335 2494 etiam
2369 2442 2555 2497 omisit
2595 2445 2761 2499 verba
2792 2461 2914 2517 qute
2944 2458 3269 2517 sequuntur,
3301 2466 3319 2499 ι
3356 2454 3409 2502 et
3436 2448 3614 2501 hocin
3646 2456 3759 2500 ter-

2173 2530 2251 2585 tio
2302 2531 2445 2586 libro
2493 2548 2618 2587 cum
2669 2535 2820 2589 omni
2862 2536 3143 2608 diligentia
3200 2536 3693 2591 manifestavimus.
3729 2554 3753 2587 ι

2173 2622 2320 2678 Nihil
2345 2624 2513 2695 igitur
2543 2626 2647 2682 hoc
2668 2628 2790 2683 loco
2822 2630 2975 2694 dicit,
3004 2629 3151 2701 quod
3186 2645 3294 2683 non
3335 2640 3494 2683 antea
3520 2628 3757 2682 dixerat.

2174 2716 2245 2770 At
2287 2732 2414 2771 cum
2457 2720 2609 2773 omni
2654 2721 2938 2792 diligentia
2990 2732 3270 2787 uteretur,
3320 2722 3457 2777 nihil
3488 2722 3555 2776 de
3600 2730 3764 2777 aetate

2175 2806 2430 2863 Basilidis
2459 2808 2617 2875 dixit,
2662 2812 2731 2867 de
2765 2829 2875 2883 qua
2910 2829 3057 2869 nunc
3109 2815 3440 2883 disputatur.
3482 2810 3765 2867 Valentini

2172 2900 2393 2969 quidem
2418 2904 2668 2959 meminit
2696 2904 2839 2960 inter
2864 2906 3186 2972 haereticos;
3217 2904 3340 2959 Lini
3362 2946 3377 2967 ,
3408 2904 3654 2959 Anacleti
3704 2911 3767 2957 et

2174 2991 2476 3050 Clementis
2510 2996 2651 3051 inter
2676 2998 3006 3068 episcopos:
3042 3000 3243 3067 quibus
3272 2998 3529 3053 omnibus
3562 3005 3617 3051 et
3648 2994 3766 3050 Va-

2173 3087 2443 3143 lentinum
2490 3099 2544 3145 et
2585 3089 2880 3147 Basilidem
2928 3093 3085 3147 valde
3114 3092 3445 3163 posteriores
3495 3092 3764 3161 agnosci»

2176 3195 2321 3235 mus.
2370 3178 2622 3236 Nondum
2679 3183 2846 3252 igitur
2895 3184 3200 3253 probarunt
3252 3183 3354 3237 viri
3410 3181 3765 3249 doctissimi,

2176 3285 2355 3341 neque
2406 3274 2767 3342 probaturum
2822 3290 3155 3345 quemquam
3204 3284 3366 3346 puto,
3403 3273 3765 3329 Valentinum

2176 3362 2314 3418 adeo
2347 3380 2473 3419 sero
2503 3366 2734 3432 vixisse,
2774 3375 2869 3420 aut
2912 3365 2965 3419 in
3000 3367 3233 3421 haeresin
3271 3367 3558 3436 delapsum
3610 3380 3764 3431 esse,

2176 3464 2235 3509 ut
2283 3456 2404 3527 ejus
2437 3471 2656 3511 errores
2708 3457 3023 3513 necessario
3072 3459 3278 3514 fuerint
3331 3459 3389 3513 S.
3440 3458 3649 3530 lgnatio
3689 3461 3765 3515 azl

2176 3548 2501 3620 martyrium
2538 3547 2818 3603 festinanti
2858 3550 3077 3619 penitus
3116 3550 3401 3621 incogniti.

2245 3638 2489 3694 Tandem
2512 3680 2527 3705 ,
2557 3640 2636 3693 uti
2666 3655 2827 3710 spero
2847 3681 2862 3705 ,
2895 3649 3221 3707 argumento
3250 3657 3280 3695 a
3316 3638 3586 3695 Valentini
3631 3639 3766 3712 Sige

2172 3734 2408 3790 deducto
2456 3732 2674 3789 abunde
2706 3748 3033 3802 responsum
3078 3742 3181 3788 est.
3215 3732 3463 3799 Quatuor
3493 3733 3636 3788 enim
3670 3748 3767 3787 as-

2172 3824 2443 3881 sertiones
2474 3823 2657 3887 attuli,
2708 3837 2921 3887 omnes,
2956 3832 3015 3877 ut
3068 3823 3202 3877 mihi
3233 3824 3467 3891 videtur,
3513 3833 3673 3879 certae
3704 3830 3767 3876 et

2171 3912 2471 3981 explorata:
2499 3912 2770 3968 veritatis.
2816 3909 2894 3966 lta
2926 3920 3108 3965 tamen
3144 3924 3478 3982 comparata:
3505 3923 3666 3983 sunt,
3699 3923 3763 3968 ut

2173 4007 2219 4061 si
2247 4005 2331 4059 vel
2361 4021 2471 4059 una
2494 4020 2684 4059 earum
2708 4019 2868 4059 versa
2911 4004 3003 4071 sit,
3038 4019 3103 4059 ea
3149 4007 3311 4061 unica
3342 4021 3559 4062 omnem
3589 4024 3760 4077 argu-

2171 4097 2340 4155 menti
2381 4096 2822 4155 adversariorum
2859 4096 2968 4150 vim
3006 4096 3192 4152 elidat.

2752 4187 2984 4243 CAPUT
3044 4188 3176 4244 Vlll.

2172 4283 2255 4338 Ad
2298 4290 2529 4351 quatuor
2566 4281 2758 4334 ultima
2811 4297 2907 4350 pro
2965 4281 3250 4335 violatione
3290 4282 3538 4349 temporis
3590 4298 3762 4351 argu-

2244 4350 2421 4405 menta
2471 4352 2833 4420 respondetur.
2869 4352 3069 4403 Auctor
3118 4352 3465 4421 epistolarum
3508 4353 3569 4405 de
3612 4350 3762 4407 Con-

2243 4424 2467 4476 stantini
2513 4422 2926 4475 Christianismo
2972 4423 3104 4474 nihil
3142 4424 3464 4491 suspicatus.
3493 4422 3763 4491 Leopardi

2245 4507 2343 4573 rea:
2388 4493 2759 4577 antiquitatem
2792 4492 3037 4577 Epistolis:
3068 4494 3135 4544 ad
3168 4492 3435 4577 Ennianus
3473 4494 3617 4545 haud
3640 4496 3760 4577 int-

2247 4565 2461 4616 ntinuit.
2484 4562 2761 4632 Figmenta
2782 4562 2975 4615 Βαιίωί
2997 4564 3059 4615 de
3089 4566 3215 4615 certi
3250 4564 3527 4632 cujusdam
3554 4566 3759 4619 ordinis

2246 4634 2479 4687 militum
2521 4632 2897 4701 appellatione.
2938 4633 3198 4700 Leopardi
3247 4651 3417 4687 vocem
3452 4644 3573 4687 ante
3611 4636 3762 4689 Con-

2243 4707 2469 4757 stantini
2515 4720 2683 4758 wvunt
2716 4704 2769 4757 in
2806 4721 2905 4756 usu
2950 4705 3113 4772 fuisse
3146 4706 3397 4757 adversus
3428 4704 3761 4761 Bac/(artum

2243 4777 2563 4829 ostenditur.
2600 4773 2843 4843 Receptio
2868 4776 3229 4844 pwnitentium
3253 4777 3539 4828 novitatem
3561 4778 3760 4845 episto-

2243 4846 2421 4898 larum
2452 4863 2549 4897 non
2582 4846 2791 4911 probat.
2824 4845 2897 4899 De
2922 4846 3249 4914 .dlbaspinazi
3280 4848 3539 4899 sententia
3562 4849 3759 4915 dispu-

2245 4925 2411 4970 tatur.
2445 4916 2771 4973 Onesimum.
2797 4933 2948 4985 quem
2981 4915 3224 4984 lgnatius
3252 4916 3456 4986 Epheso
3476 4920 3760 4985 prie/uisse

2238 4988 2339 5043 ait.
2377 4999 2643 5039 ntortuum
2684 4987 2848 5053 fuisse
2888 4988 2981 5039 sub
3017 4999 3245 5058 tempore
3296 4989 3541 5057 martyrii
3584 4985 3755 5058 Igna-

2242 5058 2374 5110 tiani
2421 5074 2696 5127 perperam
2757 5060 3032 5111 asseritur.
3091 5057 3264 5111 Varia:
3301 5057 3651 5127 quorumdam
3689 5061 3758 5114 de

2243 5127 2491 5181 Onesimo
2522 5129 2795 5182 sententiw
2825 5130 2877 5181 id
2901 5146 3005 5182 non
3033 5131 3297 5183 evincunt.

2237 5218 2515 5276 llactenus
2548 5222 2614 5276 de
2656 5221 2924 5276 luereticis
2962 5231 3015 5275 et
3064 5222 3363 5277 haaresibus
3416 5222 3749 5275 observata:

2168 5315 2263 5370 sed
2298 5315 2475 5385 capite
2502 5316 2716 5371 decimo
2746 5316 2907 5370 tertio
2939 5315 3109 5369 multa
3140 5316 3246 5369 alia
3281 5325 3591 5381 coacervat,
3628 5331 3753 5383 qua:

2166 5419 2362 5478 praeter
2394 5418 2701 5479 temporum
2744 5410 2903 5464 tidem
2941 5410 3065 5463 ficta
3108 5424 3231 5464 esse
3275 5418 3461 5478 putat;
3510 5424 3750 5478 quorum

2166 5502 2401 5570 plurima
2453 5500 2535 5554 vel
2583 5500 2827 5554 lictorem
2865 5499 2949 5552 vel
3003 5498 3452 5568 interpolatorem
3506 5500 3745 5567 feriunt;

2166 5596 2351 5664 qualia
2386 5603 2515 5649 sunt
2550 5609 2672 5663 qua:
2695 5593 2762 5647 de
2796 5593 3082 5659 Anacleto,
3112 5594 3178 5648 de
3198 5592 3504 5657 Nicolaitis,
3528 5593 3597 5647 de
3626 5593 3746 5648 Caz~

2167 5701 2312 5752 sare,
2331 5686 2397 5740 de
2425 5685 2711 5740 ordinibus
2739 5684 3152 5749 ecclesiasticis,
3184 5684 3252 5740 de
3272 5684 3546 5754 virginum
3580 5684 3748 5740 colle-

2165 5779 2294 5850 giis,
2324 5779 2392 5834 de
2428 5776 2860 5847 Quadragesima
2881 5817 2896 5843 ,
2928 5776 2996 5831 de
3029 5775 3087 5831 S.
3110 5775 3321 5832 Joanne
3350 5777 3563 5832 scribit.
3592 5777 3744 5843 Qua-

2167 5881 2293 5931 tuor
2323 5883 2507 5929 tamen
2535 5886 2657 5930 esse
2686 5870 2869 5940 video,
2902 5884 3025 5943 qua:
3054 5878 3335 5949 auctorem
3367 5870 3546 5942 ipsum
3579 5868 3747 5924 terim
