4078 6448
363 473 473 537 549

1122 482 1174 539 J.
1210 484 1577 542 PEARSONII
1616 485 1941 544 VlNDiClE
1982 488 2407 547 IGNATIANIE.
2444 520 2516 532 —
2548 488 2730 546 PARS
2768 489 2811 544 Il

3540 486 3646 545 550

363 600 685 668 videantur,
729 601 797 659 de
835 602 1209 677 principibus,
1256 608 1323 664 de
1352 608 1655 681 leopardis,
1687 609 1755 666 de
1779 612 1961 682 poeni-
1988 626 2033 683 Α
2064 623 2184 669 sent
2222 614 2298 668 illi
2324 611 2570 683 leopardi
2604 626 2635 666 a
2680 612 2882 681 quibus
2911 610 3139 680 ligatum
3168 624 3228 666 se
3277 606 3403 666 duci
3429 609 3645 678 scribit,

363 697 619 752 tentibus
665 705 829 767 atque
861 698 929 753 de
966 697 1251 755 Onesimo.

436 786 657 859 Primo,
700 790 922 860 scripsit
967 800 1161 847 auctor
1195 792 1442 862 epistola:
1481 793 1549 848 ad
1604 791 1958 866 Smyrnaeos:

366 879 475 935 «Et
505 897 673 952 super
717 882 963 938 cmlestia
983 923 999 948 ,
1029 893 1084 938 et
1128 884 1303 955 gloria
1350 886 1694 955 angelorum,
1726 896 1781 942 et
1812 886 1962 956 prin-

359 972 524 1042 cipes
558 974 807 1029 visibiles
835 986 888 1031 et
912 976 1218 1033 invisibiles
1268 977 1314 1033 si
1350 992 1459 1033 non
1491 979 1717 1034 credant
1748 979 1801 1033 in
1833 994 1962 1034 san-

360 1066 594 1135 guinem
621 1066 850 1130 Christi.
882 1078 936 1124 et
977 1069 1085 1123 illis
1111 1069 1380 1139 judicium
1417 1070 1542 1124 erit.
1575 1088 1594 1122 ›
1622 1068 1809 1125 Obiter
1832 1069 1961 1139 qui-

356 1158 495 1212 dem
526 1157 679 1213 hunc
725 1159 907 1214 locum
963 1161 1141 1232 tangit
1170 1162 1256 1216 vir
1298 1162 1673 1227 doctissimus,
1699 1171 1753 1217 ct
1793 1163 1959 1217 verba

356 1251 511 1308 satis
545 1254 682 1308 mira
714 1270 837 1309 esse
868 1263 1064 1324 putat;
1098 1256 1247 1325 quod
1298 1256 1365 1311 ad
1406 1255 1683 1326 principes
1714 1254 1959 1312 visibiles

353 1345 587 1412 attinet,
625 1346 743 1401 vult
782 1346 931 1403 hunc
962 1348 1287 1418 scriptorem
1340 1348 1463 1404 ideo
1512 1347 1751 1404 fortasse
1781 1363 1844 1403 ea
1875 1347 1959 1402 di-

351 1440 540 1505 xisse,
596 1459 615 1491 α
648 1440 797 1510 quod
856 1440 976 1511 ejus
1006 1456 1123 1495 aavo
1185 1441 1369 1511 aliqua
1393 1441 1508 1512 jam
1540 1450 1659 1496 erat
1694 1442 1762 1497 de
1806 1440 1956 1496 Con-

352 1533 558 1587 stantii
598 1534 686 1588 vel
724 1532 1072 1590 Constantini
1106 1534 1229 1605 ejus
1265 1535 1361 1589 ﬁlii
1408 1535 1492 1590 vel
1533 1534 1957 1590 Christianismo

348 1625 449 1678 vel
487 1626 556 1679 ad
593 1626 1081 1682 Christianismum
1109 1628 1478 1698 propensione
1506 1644 1693 1698 sparsa
1728 1627 1894 1683 fama.
1930 1646 1950 1681 ι

349 1716 547 1783 Quam
581 1717 818 1772 obscura
845 1720 962 1774 hac
989 1720 1327 1789 conjectura,
1365 1736 1528 1790 quam
1570 1721 1761 1786 dubia,
1790 1736 1954 1790 quam

350 1808 577 1864 incerta
602 1811 614 1863 !
656 1808 754 1863 Vel
783 1810 989 1880 aliquid
1017 1811 1227 1866 audivit
1258 1811 1325 1866 de
1353 1811 1657 1866 Constantii
1681 1810 1956 1867 Christia-

345 1901 587 1965 nismo,
628 1902 710 1956 vel
762 1901 1150 1967 Constantini,
1206 1904 1291 1958 vel
1327 1905 1516 1959 saltem
1566 1905 1951 1975 propensione.

346 1994 725 2051 Constantius
774 2012 884 2050 non
920 2005 1005 2051 est
1054 2007 1320 2065 angustus
1368 1998 1548 2054 factus
1582 2007 1710 2053 ante
1745 2013 1951 2054 annum

345 2080 500 2147 504,
548 2090 604 2137 et
660 2083 878 2151 quidem
922 2084 976 2137 in
1007 2083 1218 2151 Callia;
1273 2084 1676 2143 Constantinus
1727 2102 1836 2143 non
1868 2099 1952 2144 est

343 2174 552 2228 Caesar
578 2183 799 2231 creatus
841 2186 971 2232 ante
1005 2193 1210 2233 annum
1240 2178 1365 2243 506,
1391 2190 1445 2234 et
1488 2180 1710 2249 quidem
1742 2181 1797 2235 in
1832 2180 1951 2235 Bri-

342 2266 572 2321 tannia.
600 2266 826 2323 Graecus
881 2269 1068 2340 itaque
1121 2272 1211 2327 hic
1258 2272 1511 2342 scriptor,
1558 2272 1603 2328 si
1657 2273 1724 2327 ad
1757 2288 1948 2329 eorum

342 2358 605 2428 aliquem
666 2367 931 2430 tanquam
984 2362 1287 2431 principem
1346 2363 1633 2432 respexit,
1678 2372 1803 2419 ante
1835 2365 1953 2422 haec

340 2461 614 2519 tempora
646 2451 892 2507 scribere
924 2468 1031 2506 non
1058 2454 1255 2522 potuit.
1290 2454 1360 2509 At
1385 2456 1501 2525 ipse
1541 2454 1771 2510 Dallmus
1810 2455 1952 2512 forte

343 2541 599 2610 scriptas
652 2541 754 2597 has
792 2542 1055 2611 epistolas
1113 2543 1190 2597 ait
1239 2544 1456 2600 labente
1504 2544 1664 2601 tertio
1706 2549 1945 2612 sarculo,

345 2631 680 2687 Blondcllus
706 2633 952 2699 ineunte,
981 2632 1287 2692 Salmasius
1311 2645 1365 2692 et
1380 2637 1697 2694 Albertinus
1725 2641 1951 2695 secundi

342 2724 567 2780 medio.
600 2724 764 2782 Nullo
796 2729 874 2782 illi
923 2732 994 2784 de
1039 2732 1286 2802 principe
1326 2733 1640 2789 Christiano
1671 2744 1950 2790 auctorem

2060 707 2174 757 non
2193 703 2593 774 intelligerent:
2625 700 2773 771 quod
2798 699 3040 771 lgnatius
3066 716 3176 754 non
3204 709 3351 756 esset
3380 700 3642 755 veritus.»

2062 793 2243 861 Quare
2284 804 2466 849 autem
2520 793 2767 864 lgnatius
2796 793 2972 848 vereri
3024 810 3134 848 non
3176 793 3379 863 potuit,
3431 793 3475 849 si
3506 794 3647 849 alius

2059 888 2355 958 quisquam
2386 886 2669 958 potuerit?
2698 885 2881 953 Quare
2908 903 3016 941 non
3052 886 3141 941 ille
3156 886 3457 941 cavendum
3489 895 3647 954 puta~

2059 988 2164 1043 ret,
2191 996 2259 1035 ne
2285 995 2383 1035 sua
2430 980 2593 1034 verba
2622 994 2652 1033 a
2678 978 2947 1033 Romanis
2979 978 3128 1034 haud
3176 989 3325 1034 recte
3373 978 3647 1048 intellige-

2058 1072 2287 1128 rentur?
2313 1071 2564 1143 Ligatum
2595 1088 2654 1127 se
2683 1072 2871 1127 decem
2907 1072 3183 1141 leopardis
3209 1072 3439 1137 dixerat;
3461 1071 3511 1125 id
3541 1088 3645 1125 au-

2060 1169 2169 1214 tem
2199 1162 2412 1217 solebat
2446 1176 2589 1230 saepe
2620 1160 2736 1216 fieri
2767 1176 2894 1215 cum
2925 1161 3169 1215 bestiarii
3197 1161 3425 1230 jamjam
3472 1162 3644 1216 mori-

2058 1252 2169 1307 turi
2196 1262 2402 1315 essent,
2437 1253 2515 1307 uti
2546 1250 2822 1307 Saturnus
2845 1252 2901 1305 in
2934 1266 3126 1307 ursum
3168 1252 3500 1307 substrictus
3537 1260 3643 1317 est,

2057 1356 2113 1403 et
2136 1360 2271 1416 apro
2296 1345 2620 1416 subligatus,
2646 1355 2705 1400 ut
2726 1347 2779 1400 in
2824 1345 2882 1401 S.
2908 1345 3192 1416 Perpetua;
3212 1344 3476 1401 Passione
3511 1346 3645 1415 legi-

2058 1454 2204 1494 mus.
2233 1437 2371 1493 Cum
2425 1438 2595 1510 igitur
2626 1437 2936 1508 scripsisset
2981 1435 3039 1493 S.
3069 1436 3312 1510 lgnatius
3346 1454 3404 1494 se
3454 1439 3643 1493 decem

2057 1530 2334 1601 leopardis
2377 1531 2491 1600 jam
2538 1531 2805 1601 illigatum
2841 1547 2986 1595 esse,
3016 1532 3211 1602 (pardi
3253 1542 3433 1586 autem
3487 1540 3647 1585 erant

2057 1623 2199 1679 inter
2222 1623 2395 1696 Θῆρας
2427 1623 2758 1696 αἱμοϐόρους
2804 1633 2858 1679 et
2899 1623 3351 1696 ἀνθρωποὸόρους
3376 1666 3391 1690 ,
3443 1623 3646 1693 quibus

2057 1715 2304 1771 bestiarii
2329 1716 2493 1786 objici
2522 1716 2774 1772 solebant
2798 1758 2815 1783 ,
2856 1727 2916 1771 ut
2945 1716 3089 1786 apud
3118 1726 3332 1772 veteres
3362 1716 3643 1788 legimus)

2056 1822 2166 1862 non
2192 1807 2539 1863 incommode
2557 1823 2784 1863 monere
2808 1809 3008 1877 potuit,
3032 1824 3131 1865 eos
3163 1823 3273 1863 non
3300 1822 3422 1863 esse
3440 1807 3645 1861 bestias

2059 1899 2241 1969 ipsum
2285 1901 2469 1955 statim
2502 1898 2885 1966 devoraturas,
2939 1900 3035 1955 sed
3083 1900 3285 1955 milites
3338 1899 3407 1955 ad
3451 1900 3644 1954 urbem

1985 1979 2029 2034 Β
2059 1990 2290 2047 Romam
2338 1991 2627 2046 ducturos.
2674 1991 2880 2047 Verum
2930 1993 3078 2047 aliud
3116 2008 3242 2047 eum
3299 1991 3642 2062 suspicatum

2050 2098 2175 2139 esse
2221 2082 2376 2138 novit
2424 2083 2682 2138 Dallaeus.
2733 2081 2870 2138 Nam
2915 2104 2933 2137 ι
2969 2085 3159 2156 Ignatii
3211 2100 3328 2139 aevo
3359 2085 3641 2147 omnibus,

2050 2175 2353 2245 praesertim
2379 2175 2594 2230 civibus
2620 2174 2909 2243 Romanis,
2944 2186 3069 2232 nota
3113 2186 3233 2231 erat
3268 2185 3322 2231 et
3352 2176 3641 2231 familiaris

2051 2269 2143 2323 illa
2174 2268 2406 2323 militum
2441 2271 2579 2325 certi
2606 2269 2894 2339 cujusdam
2919 2270 3128 2325 ordinis
3154 2270 3444 2340 appellatio
3520 2268 3642 2322 vul-

2052 2360 2221 2430 garis.
2255 2379 2273 2411 ι
2330 2359 2476 2416 Itane
2525 2362 2690 2417 vero?
2719 2378 2788 2416 an
2835 2362 3128 2432 leopardus
3166 2372 3249 2418 est
3274 2362 3467 2417 militis
3503 2361 3641 2417 certi

2051 2451 2341 2522 cujusdam
2372 2454 2586 2508 ordinis
2617 2455 2907 2525 appellatio
2927 2456 2951 2509 Ὺ
2973 2471 3043 2510 an
3062 2471 3123 2509 ea
3153 2455 3413 2510 omnibus
3440 2454 3640 2525 lgnatii

2049 2561 2166 2601 aevo
2188 2555 2319 2601 nota
2360 2556 2414 2601 et
2434 2545 2880 2603 familiarisfuit?
2900 2547 3156 2603 Profecto
3185 2548 3300 2603 haec
3327 2549 3642 2603 observatio

2050 2644 2146 2691 aut
2178 2652 2244 2692 ex
2276 2639 2541 2708 prazclara
2581 2640 2932 2710 antiquitatis
2979 2641 3296 2711 cognitione
3337 2641 3643 2711 proficisci-

2050 2736 2164 2796 tur,
2196 2738 2292 2784 aut
2314 2732 2592 2802 egregium
2623 2742 2996 2788 commentum
3030 2742 3134 2789 est.
3166 2731 3342 2799 Unde,
3387 2748 3498 2803 quo
3538 2748 3640 2788 au-

2051 2830 2221 2888 ctore,
2259 2822 2374 2878 haec
2408 2838 2511 2879 nos
2540 2823 2737 2879 docet?
2764 2823 3047 2881 Neminem
3079 2826 3296 2892 laudat;
3330 2826 3532 2880 nullius
3559 2834 3638 2881 te-

2052 2913 2377 2971 stimonium
2410 2915 2639 2987 profert.
2675 2917 2790 2989 Ego
2820 2926 2970 2974 certe
3002 2934 3123 2974 eam
3154 2919 3399 2989 leopardi
3424 2919 3640 2990 signiti-

2052 3005 2325 3061 cationem
2368 3008 2615 3062 nondum
2653 3008 2898 3065 invenio.
2936 3008 3050 3064 Sub
3080 3009 3320 3080 Trajano
3368 3011 3642 3080 scripsere
3690 3002 3692 3005 ’

337 2820 719 2888 epistolarum
771 2823 1080 2879 somniasse
1126 2826 1509 2894 crediderunt;
1553 2828 1725 2883 multo
1765 2829 1950 2885 minus

338 2929 461 2968 nos
486 2914 691 2970 Dallazo
726 2916 1136 2988 credimus,qui
1161 2928 1240 2974 tot
1261 2921 1572 2976 testimonia
1603 2938 1704 2992 pro
1732 2922 1817 2977 his
1837 2922 1953 2993 epi-

334 3003 513 3059 stolis
540 3016 665 3060 ante
694 3017 955 3075 quartum
994 3010 1257 3065 smculum
1296 3013 1648 3082 protulimus.
1678 3012 1785 3069 Sed
1811 3014 1949 3069 nihil

334 3096 595 3167 scriptor
656 3109 882 3168 noster,
929 3101 1183 3171 quisquis
1239 3111 1365 3171 est,
1406 3104 1475 3160 dc
1528 3103 1951 3174 imperatoribus
2053 3096 2300 3167 Tacitus,
2333 3099 2546 3156 Plinius
2581 3104 2879 3168 secundus,
2916 3103 3141 3171 Florus;
3182 3105 3286 3158 sub
3316 3102 3557 3171 Traiano
3587 3110 3643 3158 et

330 3190 691 3246 Christianis
742 3195 965 3263 proprie
998 3194 1180 3263 dixit;
1220 3196 1493 3268 ἄρχοντας
1519 3207 1732 3252 tantum
1767 3200 1951 3254 nomi-
2052 3190 2300 3247 Adriano
2323 3192 2461 3247 vixit
2503 3192 2821 3252 Suetonius.
2856 3197 3056 3252 Iisdem
3079 3197 3418 3267 temporibus
3452 3196 3641 3252 Graece

331 3284 544 3346 navit,
591 3284 685 3353 qui
739 3294 869 3340 sunt
896 3287 1129 3356 quilibet
1174 3289 1572 3360 magistratus;
1624 3292 1838 3347 monuit,
1882 3309 1950 3349 ne
1977 3330 2019 3388 Ο
2054 3283 2397 3353 scripserunt
2421 3285 2772 3355 Plutarchus,
2800 3288 3091 3357 Arrianus,
3124 3289 3413 3357 IElianus,
3445 3305 3639 3345 omnes

331 3391 521 3444 quem
576 3376 766 3444 locus,
816 3378 934 3434 sive
980 3380 1218 3450 dignitas
1264 3381 1416 3437 inﬂet
1460 3382 1627 3455 (nam
1662 3394 1716 3439 et
1756 3385 1951 3456 ἄρχον.
1981 3376 2019 3388 ’⁸
2051 3393 2237 3433 rerum
2257 3376 2628 3433 Romanarum
2654 3380 2788 3434 satis
2806 3381 3083 3449 periti,rei
3103 3381 3359 3436 militaris
3376 3382 3637 3436 maxime.

326 3486 449 3532 τις
476 3470 754 3524 vocabant
791 3471 1200 3528 ecclesiasticos
1233 3475 1559 3545 praepositos
1583 3478 1946 3533 vetustissimi
2050 3470 2132 3524 An
2155 3486 2219 3525 εἰ
2254 3471 2361 3526 illis
2387 3471 2683 3542 quisquam
2734 3472 2978 3541 prodidi!-
3028 3473 3172 3527 llanc
3223 3472 3456 3527 militum
3502 3472 3636 3525 σοι’ῑὶ

330 3561 674 3631 scriptores,
721 3582 739 3614 ι
769 3562 1033 3634 ἄρχοντες
1073 3565 1335 3621 dicuntur
1369 3567 1645 3638 principes
1686 3579 1742 3624 et
1771 3571 1947 3640 magi-
2048 3562 2336 3630 Cuiusdam
2371 3563 2584 3618 ordinis
2613 3563 3032 3634 appellationem
3070 3563 3243 3618 fuisse
3267 3578 3370 3619 sno
3397 3578 3514 3618 aevo
3557 3562 3639 3617 fa-

329 3665 588 3723 stratus,
622 3675 641 3708 ›
682 3657 865 3728 inquit
891 3656 1313 3726 Tertullianus),
1348 3674 1475 3714 cum
1502 3675 1604 3715 nec
1635 3661 1814 3732 angeli
1847 3677 1948 3717 nec
2048 3653 2359 3708 miliarem?
2384 3669 2496 3709 non
2520 3655 2706 3710 credo.
2738 3654 2842 3709 Sed
2882 3676 2901 3708 r
2928 3673 3015 3711 res
3036 3664 3091 3711 et
3116 3656 3191 3710 rei
3222 3671 3419 3711 nomen
3450 3656 3504 3709 in
3530 3670 3637 3710 usu

328 3749 606 3805 homines
641 3750 962 3819 superiores
1008 3750 1129 3806 sine
1179 3751 1285 3806 ﬁde
1314 3752 1367 3806 in
1398 3750 1679 3809 Christum
1712 3755 1944 3809 salutem
2046 3759 2167 3800 esse
2200 3745 2363 3801 desiit
2388 3758 2514 3801 ante
2543 3747 2979 3803 ducentesimum
3013 3758 3137 3818 post
3166 3747 3358 3819 lgnatii
3399 3760 3633 3801 mortem

326 3841 613 3910 consequi
669 3841 903 3911 possint.
965 3840 1098 3908 Quae
1152 3843 1406 3898 doctrina
1478 3844 1657 3899 cuivis
1705 3845 1940 3914 tempori
2045 3838 2286 3891 annum!
2325 3856 2344 3889 ι
2381 3836 2500 3892 Jam
2528 3837 2695 3909 igitur
2717 3850 2902 3895 certus
2931 3839 3021 3896 ille
3057 3840 3293 3894 militum
3320 3840 3459 3893 ordo
3505 3853 3636 3893 eva-

326 3948 504 4002 aeque
538 3933 815 3996 convenit,
863 3932 978 3988 sive
1009 3933 1287 4003 principes
1315 3932 1615 3987 Christiani
1650 3934 1758 3988 sint
1782 3976 1798 4000 ,
1828 3933 1944 3990 sive
2045 3936 2261 3995 nuerat,
2296 3937 2495 3984 etcum
2521 3930 2640 4000 ipso
2673 3929 2867 3986 ordine
2886 3946 3085 3986 nomen
3108 3932 3275 3987 etiam
3300 3933 3631 3988 exstinctum

329 4039 500 4092 non;
557 4024 698 4079 nihil
733 4040 866 4097 ergo
919 4025 1012 4080 hic
1070 4033 1379 4096 temporum
1416 4025 1579 4081 ﬁdem
1635 4027 1838 4096 pulsat,
1887 4035 1943 4082 et
2044 4019 2189 4075 fuit?
2213 4020 2348 4087 Quis
2369 4022 2484 4077 haec
2508 4021 2671 4077 nobis
2696 4023 2960 4079 tradidit?
2986 4025 3113 4095 quis
3139 4024 3347 4081 militiae
3370 4024 3634 4081 Romana:

324 4118 591 4174 suaviter
627 4118 872 4174 riderent
905 4118 1237 4186 Salmasius,
1263 4120 1583 4176 Blondellus
1618 4131 1673 4177 et
1703 4122 1942 4177 Alberti-

2045 4111 2373 4168 reformator
2398 4113 2539 4169 fuit?
2584 4115 2711 4185 quis
2739 4115 2987 4171 ordinem
3030 4117 3373 4187 exstirpavit,
3430 4131 3631 4172 nomen

324 4226 471 4273 nus,
489 4211 539 4265 si
561 4211 677 4267 haec
699 4212 939 4281 cuipiam
961 4211 1532 4282 negotiumfacessere
1554 4213 1937 4285 intelligerent.

2045 4204 2418 4261 oblitteravit?
2446 4205 2740 4273 Quomodo
2770 4207 2904 4264 illud
2948 4209 3003 4263 in
3033 4224 3137 4264 usu
3177 4209 3425 4273 desierit,
3481 4210 3631 4279 quod

414 4302 696 4369 Secundo,
750 4314 945 4359 auctor
979 4304 1229 4374 epistolae.
1255 4305 1323 4360 ad
1363 4304 1646 4361 Romanos
1697 4322 1823 4362 cum
1881 4324 1941 4364 se
2041 4300 2097 4353 in
2130 4316 2231 4356 usu
2258 4316 2541 4371 nunquam
2584 4300 2712 4368 Τυῖῑ,
2754 4303 2998 4359 ηοηάιιῐη
3028 4304 3211 4361 Video.
3246 4304 3351 4361 Sed
3376 4308 3492 4361 haec
3513 4322 3635 4361 cer-

326 4395 574 4452 dixisset
603 4397 887 4467 alligatum
936 4397 1127 4452 decem
1174 4397 1474 4468 leopardis,
1504 4398 1796 4470 diligenter
1840 4401 1940 4455 do-
2041 4390 2259 4446 ilSSima
2324 4400 2494 4458 ευιιῑν
2537 4409 2719 4463 neque
2766 4410 2798 4449 ει
2844 4398 3104 4466 quopiam
3161 4399 3442 4469 neganda:
3502 4415 3629 4453 nam

328 4497 427 4546 cet
467 4490 602 4560 quid
637 4491 742 4545 hoc
773 4491 864 4546 sit.
911 4510 930 4542 σ
956 4490 1208 4558 Vinctus,
1262 4492 1462 4563 inquit,
1498 4493 1687 4549 decem
1716 4494 1935 4563 leopar-

2045 4500 2065 4534 ς
2096 4481 2289 4553 lgnatii
2316 4485 2607 4540 simulator
2638 4484 3052 4556 Leopardorum
3086 4491 3308 4559 quidem
3339 4506 3535 4547 nomen
3563 4492 3631 4546 ad

326 4583 447 4646 dis,
484 4583 633 4652 quod
663 4592 749 4639 es;
784 4583 1040 4639 mium-is
1085 4584 1243 4639 ordo,
1278 4603 1297 4636 ι
1334 4583 1450 4640 Hoc
1497 4595 1705 4654 autem,
1750 4587 1937 4657 judice
2038 4577 2386 4646 antiquitatis
2413 4578 2651 4646 speciem
2680 4580 2931 4646 retinuit,
2967 4581 3063 4635 sed
3101 4597 3169 4637 ne
3209 4583 3279 4637 ob
3319 4584 3633 4639 obscurita—

326 4676 565 4741 Dallmo,
615 4676 685 4730 ab
714 4675 909 4747 lgnatii
960 4693 1077 4732 avo
1111 4678 1350 4732 alienum
1384 4678 1932 4748 interpretamentum
1969 4697 2012 4751 ι)
2040 4676 2148 4723 ιοῐιι
2182 4670 2416 4725 lectores
2444 4671 2713 4737 ιυνῢθνθιν
2754 4674 2921 4727 θῑίδηι
2956 4674 3427 4744 interpretandum
3470 4688 3631 4747 Pilia-

324 4776 439 4825 est.
472 4768 581 4823 Sed
604 4785 633 4823 a
666 4771 846 4840 cujus,
874 4784 1080 4840 quaso,
1099 4782 1257 4827 aetate
1280 4772 1516 4827 alienum
1540 4779 1646 4837 est,
1671 4787 1730 4826 se
1748 4772 1925 4842 ipsum

2045 4762 2135 4827 vit,
2156 4777 2220 4817 ac
2243 4777 2301 4817 se
2336 4762 2411 4817 ita
2444 4763 2612 4817 nimia
2645 4762 2930 4830 diligentia
2963 4764 3081 4835 ipse
3119 4767 3377 4836 prodidit.
3405 4788 3423 4819 ι
3481 4767 3627 4823 Proh

324 4868 389 4916 ει
417 4860 586 4915 verba
623 4877 722 4916 sua
752 4862 1142 4932 interpretari?
1187 4880 1368 4919 nonne
1401 4865 1648 4935 quolibet
1688 4872 1935 4935 tempore
2035 4855 2259 4909 stultam
2283 4855 2621 4910 simulatoris
2647 4855 3028 4911 calliditatem!
3066 4859 3201 4927 proh
3233 4858 3438 4913 fatuam
3472 4871 3627 4915 astu-

324 4954 440 5009 boc
464 4970 623 5025 aeque
659 4956 859 5011 liccat?
891 4955 1031 5012 Dicit
1066 4958 1453 5013 sanctissimus
1491 4967 1715 5030 martyr,
1746 4974 1933 5014 exem-

321 5051 422 5119 plo
452 5046 513 5102 S.
542 5046 718 5114 Pauli,
742 5064 801 5103 se
829 5065 953 5104 cum
988 5050 1179 5105 bestiis
1220 5066 1485 5121 pugnare,
1518 5066 1613 5107 eas
1645 5052 1716 5105 ob
1740 5050 1930 5106 ferita-

324 5152 441 5195 tem
468 5141 766 5209 leopardos
798 5151 992 5209 vocat;
1043 5144 1286 5213 seipsum
1318 5142 1443 5197 dein
1496 5143 1927 5212 interpretatur;

319 5249 448 5296 eos,
474 5232 710 5301 scilicet,
745 5249 888 5303 quos
924 5234 1150 5301 bestias,
1188 5251 1329 5306 quos
1358 5236 1643 5305 leopardos
1671 5238 1928 5307 appellat,

320 5320 539 5374 milites
582 5336 709 5376 esse
752 5321 876 5385 ait,
931 5337 1167 5388 quorum
1219 5324 1485 5379 custodiae
1534 5325 1768 5381 traditus
1822 5334 1926 5381 est.

321 5411 541 5479 Quidni
566 5413 657 5468 hic
704 5413 851 5468 idem
907 5411 1134 5479 faceret,
1173 5419 1319 5485 quod
1376 5431 1519 5487 smpe
1578 5417 1707 5471 alibi
1760 5417 1930 5473 facit?

318 5504 492 5560 lubet
517 5502 816 5561 Trallesios
840 5505 1129 5579 ἀλλοτρίας
1160 5506 1391 5579 βοτάνης
1423 5507 1749 5580 ἀπέχεσθαι,
1774 5510 1928 5564 addit

317 5596 774 5665 explicationem,
804 5596 838 5666 ἦ
876 5614 959 5661 τις
994 5598 1143 5651 ἐστὶν
1178 5598 1411 5669 αἵρεσις.
1480 5598 1556 5653 De
1593 5601 1810 5655 Docetis
1845 5602 1926 5657 lo-

320 5696 518 5749 cutus,
543 5686 650 5739 ειδ’
685 5685 878 5759 ὥσπερ
913 5690 1059 5753 τινὲς
1079 5689 1228 5743 ἄθεοι
1245 5690 1419 5756 ὄντες,
1440 5690 1742 5762 subjungit,
1771 5710 1927 5746 τουτ-

317 5776 478 5830 έστιν
529 5777 771 5831 ἄπιστοι.
820 5778 1020 5845 Quidni
1065 5780 1339 5851 quispiam
1385 5792 1495 5837 tam
1544 5784 1649 5838 sub
1692 5784 1922 5855 imperio

318 5864 583 5937 Trajani,
619 5884 785 5939 quam
813 5870 1010 5940 quavis
1071 5871 1180 5926 alia
1240 5882 1418 5939 aetate,
1454 5874 1530 5930 ita
1565 5876 1926 5947 loqueretur?

317 5956 557 6029 Nempe,
599 5976 623 6010 ι
643 5961 854 6015 veritus
880 5969 963 6017 est
1008 5961 1267 6034 scriptor,
1313 5979 1381 6021 ne
1415 5962 1656 6024 Romani
1677 5967 1807 6041 quid
1837 5984 1925 6028 es-

2035 4951 2197 5004 tiam!
2227 4948 2662 5020 quisnoindicio
2691 4951 2851 5019 quasi
2882 4966 3045 5006 sorex
3071 4953 3238 5007 hodie
3264 4953 3447 5022 periit,
3478 4954 3627 5022 quod

2032 5055 2264 5095 acumen
2286 5039 2549 5095 Dallzcani
2568 5041 2771 5110 ingenii
2789 5041 3089 5111 praevidere
3107 5058 3215 5097 non
3235 5044 3493 5111 potuerit:
3516 5043 3626 5097 imo

2032 5147 2164 5188 vero
2183 5133 2444 5188 Censoris
2461 5143 2834 5187 commentum
2852 5134 3117 5204 lepidum,
3136 5144 3189 5189 et
3204 5135 3419 5189 inanem
3438 5136 3626 5206 conje-

2032 5236 2122 5282 ctu
2132 5242 2270 5289 ram,
2285 5228 2379 5296 qui
2394 5235 2452 5280 ut
2466 5235 2761 5298 martyrem
2780 5226 2985 5282 faceret
3010 5228 3386 5298 impostorem,
3409 5239 3528 5299 post
3545 5239 3626 5285 tot

2032 5320 2231 5375 saecula
2250 5329 2329 5373 tot
2344 5319 2691 5389 antiquitatis
2715 5320 2896 5375 larvas
2911 5320 3238 5391 etﬁgmcnta
3256 5321 3613 5392 excogitavit.

2103 5408 2243 5464 Illud
2269 5424 2401 5464 vero
2427 5409 2794 5464 admiratione
2826 5410 3052 5481 dignum
3086 5418 3193 5477 est,
3233 5411 3473 5466 edidisse
3507 5412 3623 5465 haec

2032 5501 2295 5557 Dallaanm
2327 5502 2567 5557 triennio
2600 5511 2891 5572 postquam
2914 5502 3186 5559 Samuelis
3207 5503 3462 5558 Bocharti
3496 5503 3622 5558 Hie-

2028 5594 2286 5651 rozoicon
2312 5594 2536 5664 prodiit,
2567 5594 2713 5664 quod
2747 5595 2863 5664 ipse
2894 5595 2949 5649 in
2988 5593 3231 5665 Epistola
3281 5594 3621 5651 dedicatoria

2035 5706 2055 5739 ‹
2079 5688 2324 5754 doctum,
2351 5685 2494 5741 Deus
2530 5686 2692 5750 bone,
2719 5696 2774 5742 et
2794 5687 3133 5743 laboriosum
3158 5701 3297 5757 opus
3321 5705 3339 5739 ι
3361 5688 3619 5757 appellat.

2026 5777 2122 5836 ille
2152 5782 2321 5846 enim,
2349 5788 2408 5834 ut
2439 5779 2797 5850 impostorem
2823 5791 3022 5851 quarto
3074 5780 3277 5837 saculo
3331 5779 3622 5850 scripsisse

2027 5873 2317 5945 probaret,
2341 5882 2394 5926 et
2427 5872 2648 5943 quidem
2692 5888 2759 5927 ex
2795 5872 2903 5929 hoc
2940 5873 3063 5944 ipso
3110 5873 3254 5940 loco,
3304 5872 3413 5927 alio
3460 5872 3624 5942 plane

2027 5980 2192 6042 atque
2233 5969 2520 6028 contrario
2564 5985 2703 6029 usus
2758 5979 2846 6029 est
2886 5979 3250 6044 argumento,
3305 5966 3622 6037 Hierozqici
