4138 6394
502 408 603 466 351

1532 406 1590 459 S.
1634 404 1982 462 lGNATIUS.
2024 431 2091 443 —
2131 401 2667 459 PROLEGOMENA.

3659 409 3768 465 552

507 532 660 596 parte
687 538 725 588 t,
757 522 852 578 lib.
880 538 961 587 ut,
996 537 1116 591 cap.
1151 521 1217 576 8:
1260 541 1277 573 ε
1304 520 1571 590 Leopardi
1604 538 1734 588 vox,
1771 520 1973 589 inquit,
2000 534 2085 574 se-
2115 522 2162 579 Α
2191 515 2459 587 Le0pardi
2485 534 2673 574 vocem
2710 530 2999 589 memorat,
3034 529 3095 577 ut
3126 521 3287 593 longe
3332 522 3448 578 suis
3500 532 3768 594 tempori-

504 617 622 670 rius
646 614 900 684 usurpari
933 614 1120 682 coepit,
1154 628 1348 681 nempe
1379 612 1728 667 Constantini
1763 627 1900 667 arvo.
1947 609 2082 663 Pro-

497 707 624 761 inde
654 705 844 775 lgnatii
875 707 941 759 ad
969 704 1249 759 Romanos
1282 704 1514 773 epistola
1573 718 1739 773 quam
1787 699 2084 757 circumfe-

496 807 646 860 runt,
674 813 739 850 eo
761 797 982 850 demum
1030 797 1232 852 saeculo
1256 796 1427 851 fuisse
1459 797 1717 865 scriptam
1755 795 1837 849 vel
1867 810 1933 848 ex
1982 795 2088 850 hoc

501 896 828 958 argumento
860 889 1121 957 colligas,
1153 890 1296 957 quod
1322 890 1707 958 lcopardorum
1744 890 1945 943 diserte
1969 904 2084 942 me-

503 980 683 1032 minit.
713 999 731 1029 ι
777 980 1101 1049 Argumenti
1136 980 1529 1050 consequentia
1561 978 1852 1034 manifesta
1877 988 1980 1033 est.
2029 977 2087 1032 Si

502 1071 649 1124 enim
681 1073 923 1141 leopardi
960 1088 1065 1125 vox
1093 1072 1197 1126 sub
1223 1073 1588 1126 Constantino
1623 1070 1877 1141 usurpari
1900 1070 2086 1139 cmpit,

505 1165 751 1235 adeoque
774 1174 901 1220 ante
928 1165 1347 1220 Constantinum
1374 1175 1636 1237 usurpata
1675 1181 1783 1219 non
1825 1176 1939 1230 est;
1967 1162 2090 1231 qni-

504 1274 722 1327 cunque
751 1275 871 1313 eam
898 1275 1083 1313 vocem
1113 1261 1419 1329 usurpavit,
1457 1261 1541 1314 vel
1568 1261 1671 1315 sub
1700 1258 2087 1327 Constantino,

502 1352 585 1405 vel
611 1360 733 1420 post
772 1367 895 1405 eum
927 1352 1167 1421 scripsit.
1219 1350 1349 1407 Post
1396 1353 1819 1407 Constantinum
1851 1352 2092 1406 scribere

504 1458 615 1496 non
652 1443 829 1512 potuit
858 1453 1051 1497 auctor
1081 1444 1329 1513 epistolae
1364 1445 1429 1497 ad
1462 1444 1776 1499 Romanos:
1834 1452 2091 1512 excerpta

504 1536 652 1588 enim
682 1536 803 1604 ejus
831 1536 1095 1604 cpistolze,
1124 1537 1177 1589 in
1208 1538 1408 1606 quibus
1457 1536 1722 1606 Leopardi
1755 1552 1863 1590 vox
1924 1536 2095 1590 habe-

507 1640 618 1694 tur,
646 1630 699 1682 in
728 1628 1108 1684 Ecclesiaslica
1145 1629 1364 1687 Eusebii
1393 1630 1636 1685 Ilistoria
1661 1641 1910 1694 exstant,
1971 1648 2095 1702 qua:

507 1721 612 1777 sub
642 1722 1010 1776 Constantino
1041 1723 1187 1777 edita
1229 1733 1331 1778 est.
1399 1722 1522 1778 Vult
1577 1724 1742 1795 igitur
1788 1723 2095 1780 Bochartus

508 1815 612 1868 sub
642 1814 1011 1870 Constantino
1042 1818 1337 1886 primulum
1395 1818 1669 1871 iuventam
1720 1832 1843 1872 esse
1902 1832 2091 1872 vocem

508 1906 813 1977 Leopardi;
858 1908 1142 1964 Romanos
1206 1911 1504 1979 scriptores
1549 1926 1669 1965 eam
1721 1910 1900 1980 primo
1931 1926 2094 1964 usur-

508 2016 704 2071 passe;
748 2001 969 2057 Grrecos
1000 2018 1122 2057 eam
1152 2019 1340 2057 vocem
1378 2019 1408 2057 a
1434 2002 1704 2058 Romanis
1752 2011 1940 2071 postea
1974 2018 2099 2058 mu-

508 2102 695 2147 tuatos
721 2108 878 2160 esse;
907 2094 1290 2149 simulatorem
1320 2094 1517 2167 lgnatii
1557 2096 1699 2151 inter
1727 2094 1945 2151 Graecos
1962 2095 2098 2150 scri-

507 2194 693 2254 ptores
718 2195 773 2241 et
796 2188 1033 2256 primum
1082 2198 1137 2243 et
1169 2190 1345 2244 solum
1390 2191 1639 2245 eamdem
1688 2191 2008 2261 arripuisse,
2044 2200 2100 2246 et

508 2276 719 2348 lgnatio
747 2280 1123 2349 supposuisse,
1149 2289 1314 2351 atque
1338 2281 1479 2337 hanc
1507 2282 1796 2352 epistolam
1823 2282 2097 2345 emisisse,

508 2382 805 2443 antequam
844 2373 1104 2429 Historia:
1134 2375 1335 2430 librum
1365 2376 1590 2430 tertium
1632 2377 1893 2431 conderet
1931 2374 2102 2430 Euse-

509 2465 655 2520 bius.
687 2465 730 2520 Ο
756 2468 923 2522 miras
954 2469 1219 2537 temporis
1246 2470 1772 2539 angustias,quibus
1806 2470 1974 2524 miser
1998 2468 2101 2522 im-

510 2570 702 2630 postor
737 2560 1072 2613 includitur!
1108 2560 1152 2614 0
1202 2560 1435 2614 bardum
1494 2570 1550 2615 et
1596 2561 1877 2627 stupidum
1928 2561 2103 2618 Euse-

511 2652 687 2718 bium,
729 2653 823 2722 qui
850 2668 974 2707 cum
1014 2653 1106 2706 diu
1131 2662 1257 2706 ante
1286 2650 1555 2722 Leopardi
1576 2654 1909 2709 vocabulum
1940 2664 2102 2711 natus

510 2753 682 2807 esset,
721 2744 927 2798 ﬁctitiis
966 2744 1272 2798 litterarum
1301 2745 1578 2801 mercibus
1620 2754 1728 2800 tam
1776 2744 1956 2813 facile,
1991 2755 2101 2801 tam

514 2834 658 2890 (inde
686 2835 947 2905 deceptus
970 2838 1083 2890 est!

588 2929 697 2983 Sed
718 2930 997 2984 videamus
1012 2928 1291 2999 quomodo
1312 2930 1508 2999 probet
1527 2931 1597 2987 cl.
1619 2930 1947 2997 Bochartus,
1979 2946 2102 2985 eam

512 3036 704 3077 vocem
747 3023 1099 3076 Constantini
1151 3038 1267 3079 aevo
1312 3026 1549 3093 coepisse
1594 3026 1871 3094 usurpari.
1906 3044 1925 3075 ‹
1962 3026 2100 3079 Cum

514 3116 686 3179 enim,
720 3116 918 3186 inquit,
947 3117 1126 3171 tribus
1153 3118 1370 3172 saeculis
1400 3127 1525 3187 post
1572 3118 1853 3173 Christum
1911 3127 2102 3174 natum

513 3207 573 3261 ln
599 3204 862 3261 Romanis
878 3207 1242 3277 scriptoribus
1270 3224 1540 3278 nusquam
1563 3210 2103 3281 reperiatur,quarto

512 3304 571 3351 ct
600 3295 797 3351 exinde
847 3298 1053 3366 passim
1099 3300 1361 3354 occurrit.
1403 3319 1423 3351 ι
1460 3298 1586 3355 Haec
1612 3317 1679 3355 ex
1715 3302 2105 3357 observatione

518 3386 773 3443 Gesneri.
812 3388 1014 3444 Verum
1044 3408 1113 3445 an
1142 3399 1269 3445 ante
1322 3401 1571 3462 tempora
1606 3391 1832 3462 Trajani
1880 3393 1936 3447 in
1999 3410 2104 3448 usu

519 3478 686 3534 fuerit
708 3495 770 3535 ea
805 3496 932 3548 vox,
957 3481 1026 3537 ad
1063 3499 1165 3539 nos
1204 3499 1314 3537 non
1363 3486 1625 3555 pertinet;
1653 3486 1908 3555 quamvis
1967 3487 2104 3541 mihi

519 3574 749 3629 dubium
781 3590 889 3629 non
915 3576 985 3631 sit
1004 3578 1137 3645 quin
1177 3577 1273 3632 diu
1298 3587 1425 3633 ante
1451 3589 1714 3649 usurpata
1737 3579 1832 3645 sit,
1866 3596 1975 3634 non
2002 3580 2107 3633 mi-

520 3682 626 3721 nus
643 3683 806 3738 quam
835 3668 1323 3737 Camelopardalis,
1355 3680 1451 3726 aut
1477 3670 1861 3737 Leocrocutta,
1887 3672 1955 3727 de
1983 3672 2108 3743 qui-

520 3757 626 3812 bus
663 3758 775 3828 agit
805 3756 1037 3814 Plinius.
1064 3759 1219 3825 Quod
1250 3771 1379 3815 ante
1404 3770 1661 3829 quartum
1680 3762 1944 3817 saxulum
1962 3762 2107 3832 apud

521 3849 819 3920 scriptores
858 3849 1166 3917 Romanos,
1198 3868 1341 3921 quos
1376 3853 1583 3922 legerat
1630 3852 1959 3917 Bochartus,
1997 3870 2109 3909 non

521 3945 849 4013 reperiatur,
883 3947 1113 4001 minime
1154 3947 1349 4016 probat
1378 3948 1432 4001 in
1463 3964 1563 4003 usu
1599 3964 1711 4001 non
1745 3947 1944 4013 fuisse;
1982 3948 2109 4017 plu-

522 4056 613 4095 res
624 4042 769 4095 enim
791 4042 1086 4112 scriptores
1104 4060 1293 4099 eorum
1322 4053 1627 4114 temporum
1646 4048 1926 4116 perierunt
1943 4064 2109 4117 quam

526 4145 866 4201 supersunt;
901 4136 1071 4206 aliqui
1100 4138 1337 4192 fortasse
1364 4148 1606 4203 exstant,
1664 4155 1805 4208 quos
1860 4140 1953 4195 ille
1998 4156 2110 4193 non

526 4224 687 4293 legit;
724 4227 917 4296 aliqui,
946 4245 1087 4298 quos
1122 4230 1353 4283 credidit
1380 4239 1504 4298 post
1523 4230 1947 4285 Constantinum
1972 4232 2111 4285 scri-

528 4317 725 4386 psisse,
759 4317 899 4373 forte
922 4328 1049 4373 ante
1082 4335 1207 4373 eum
1235 4320 1605 4389 scripserunt;
1654 4321 1825 4391 aliqui
1874 4322 1970 4392 qui
2008 4323 2114 4377 sub

528 4423 595 4461 eo
617 4408 986 4463 meminerunt
1028 4409 1181 4463 vocis
1217 4408 1511 4480 Leopardi,
1559 4411 1872 4480 signiﬁcare
1914 4423 2113 4482 potue-

529 4509 799 4555 runteam
839 4516 1027 4555 vocem
1056 4502 1300 4571 ipsorum
1350 4510 1507 4557 aetate
1560 4503 1717 4573 longe
1748 4504 2113 4574 antiquiorem

2188 606 2292 662 bus
2318 608 2682 678 antiquiorem
2726 626 2849 664 eam
2906 611 3077 667 fuisse
3110 621 3393 681 agnoscat.
3450 610 3578 668 Haec
3619 616 3767 668 enim

2186 699 2353 754 habet
2398 701 2450 754 in
2480 700 2603 756 Vita
2634 702 2896 757 Antonini
2938 702 3115 758 Getae:
3159 723 3177 756 ι
3212 703 3503 759 Familiare
3540 706 3615 759 illi
3667 705 3771 761 fuit

2189 793 2289 848 has
2319 796 2654 863 qrtmstiortes
2674 796 3047 866 grammaticis
3071 812 3390 867 proponere,
3417 808 3476 852 ut
3503 799 3768 863 dicerent,

2190 886 2403 956 singula
2432 888 2689 945 animalia
2720 890 2997 959 quomodo
3020 906 3207 945 vocem
3229 891 3562 955 emitterent,
3599 892 3769 956 velut,

2190 982 2315 1051 agni
2363 982 2590 1047 balant,
2631 982 2854 1053 porcelli
2906 984 3192 1051 gruniunt,
3228 984 3510 1052 palumbes
3558 985 3771 1038 minur-

2192 1074 2363 1140 riunt,
2387 1075 2497 1129 ursi
2517 1076 2768 1141 saeviunt,
2802 1075 2989 1129 leones
3013 1075 3260 1144 rugiunt,
3280 1075 3519 1145 leopardi
3548 1076 3769 1143 rictant,

2192 1169 2463 1238 elephanti
2497 1168 2767 1235 barriunt,
2825 1186 2972 1223 ranae
3028 1178 3298 1236 coaxnnt,
3335 1171 3459 1239 equi
3491 1170 3770 1236 binniunt,

2192 1261 2333 1315 asini
2370 1262 2593 1327 rudunt,
2636 1262 2780 1315 tauri
2825 1262 3100 1333 mugiunt,
3156 1277 3361 1332 easque
3394 1262 3461 1317 de
3496 1262 3773 1317 veteribus

2193 1354 2501 1423 approbare
2525 1395 2540 1417 ,
2576 1355 2661 1409 vel
2718 1356 3104 1425 approbarent.
3142 1374 3160 1407 ι
3223 1354 3549 1425 Spartianus
3590 1356 3775 1425 itaque

2196 1446 2300 1501 100
2332 1457 2459 1503 ante
2487 1447 2914 1503 Constantinum
2940 1448 3101 1503 annis
3126 1447 3316 1504 Getam
3347 1465 3375 1502 a
3400 1448 3774 1519 grammaticis

2194 1539 2521 1609 quresivisse
2559 1541 2844 1607 ostendit,
2891 1556 2962 1595 an
3026 1540 3300 1609 leopardis
3339 1540 3672 1595 conveniret.
3700 1540 3777 1593 ri-

2195 1641 2367 1697 ctare,
2397 1641 2450 1687 et
2470 1632 2696 1702 quinam
2723 1650 2790 1688 ex
2828 1634 3103 1689 veteribus
3127 1648 3248 1687 eam
3283 1650 3471 1687 vocem
3502 1634 3776 1703 leopardis

2196 1727 2539 1781 tribuissent.
2591 1726 2738 1782 Satis
2782 1728 2950 1798 igitur
3012 1727 3238 1796 antiqua
3297 1742 3399 1781 vox
3460 1727 3773 1796 leopardus.

2198 1816 2541 1872 Glossarium
2592 1827 2766 1883 vetus,
2802 1818 2905 1872 sub
2954 1816 3233 1872 Benedicti
3290 1818 3513 1872 nomine
3547 1817 3775 1884 editum,

2198 1909 2425 1962 omnino
2456 1908 2668 1963 videtur
2686 1909 3035 1963 Constantini
3066 1908 3297 1977 imperio
3325 1907 3469 1963 haud
3494 1908 3658 1977 paulo
3680 1924 3780 1961 an—

2197 2002 2426 2071 tiquius,
2454 2003 2507 2056 in
2532 2019 2642 2073 quo
2661 2003 2891 2074 legimus
2912 2018 2924 2054 :
2946 2002 3285 2072 Leopardus,
3306 2000 3591 2072 πάρδαλις.
3616 2000 3779 2055 Pom-

2197 2095 2355 2165 peius
2384 2094 2602 2161 Festus,
2637 2115 2654 2147 ‹
2676 2094 2942 2166 Bigenera
2967 2095 3227 2151 dicuntur
3265 2094 3529 2150 animalia
3564 2111 3631 2149 ex
3695 2094 3779 2149 di-

2198 2204 2361 2244 verso
2392 2204 2591 2259 genere
2638 2200 2789 2255 nata,
2815 2199 2875 2244 ut
2897 2188 3193 2259 leopardus
3228 2204 3295 2243 ex
3326 2188 3485 2243 leone
3542 2197 3596 2242 et
3648 2204 3783 2258 pan-

2200 2281 2376 2335 thera.
2417 2300 2435 2332 ›
2468 2279 2587 2350 Ipse
2610 2290 2791 2335 autem
2818 2280 3038 2349 Festus,
3082 2297 3113 2336 a
3144 2278 3399 2335 Charisio
3424 2289 3479 2334 et
3507 2278 3783 2335 Macrobio

2203 2370 2481 2437 laudatus,
2508 2370 2553 2425 si
2586 2370 2723 2426 satis
2760 2371 3021 2441 antiquus
3054 2387 3166 2426 non
3216 2371 3319 2436 sit;
3367 2379 3516 2425 certe
3558 2368 3785 2425 Verrius

2203 2459 2453 2526 Flaccus,
2480 2461 2639 2529 cujus
2670 2461 2936 2516 librorum
2972 2460 3258 2531 Epitomen
3303 2460 3546 2530 scripsit,
3590 2460 3783 2530 Augu-

2205 2553 2275 2607 sti
2299 2560 2458 2607 zctate
2480 2554 2653 2618 vixit;
2685 2562 2741 2608 et
2778 2553 3031 2623 qui-haec
3056 2554 3205 2609 illius
3233 2554 3399 2608 verba
3434 2553 3605 2608 fuisse
3634 2569 3787 2608 asse-

2205 2654 2371 2708 reret,
2410 2643 2583 2699 refelli
2616 2660 2725 2699 non
2754 2654 2959 2714 posset.
2997 2644 3169 2700 Caute
3204 2645 3371 2715 igitur
3402 2644 3550 2698 hunc
3601 2643 3785 2698 locum

2204 2734 2352 2792 Festi
2414 2736 2766 2806 praetermisit
2808 2736 3260 2808 diligentissimus
3302 2735 3629 2803 Bochartus,
3693 2735 3787 2789 ubi

2206 2830 2327 2899 ejus
2359 2828 2620 2883 aﬁ'erendi
2660 2831 3013 2887 occasionem
3044 2829 3238 2884 habuit
3260 2828 3499 2884 maxime
3528 2837 3792 2899 opportu-

2207 2937 2357 2976 nam.
2387 2921 2526 2977 Cum
2583 2923 2731 2977 enim
2784 2924 3058 2978 attulisset
3106 2938 3230 2992 qua:
3284 2932 3495 2977 veteres
3529 2921 3791 2975 dixerunt

2213 3033 2233 3067 ι
2260 3015 2326 3069 de
2350 3015 2647 3069 leacnarum
2673 3031 2799 3071 cum
2835 3016 3004 3085 pardo
3029 3014 3324 3070 concubitu
3349 3055 3362 3079 ,
3391 3013 3534 3068 unde
3581 3028 3790 3067 novum

2208 3118 2516 3163 monstrum
2548 3109 2749 3173 editur,
2785 3109 2934 3174 huic,
2972 3108 3170 3177 inquit,
3196 3107 3536 3177 designando
3556 3106 3794 3162 conﬁcta

2208 3201 2424 3255 videtur
2469 3201 2712 3270 leopardi
2754 3217 2889 3268 vox;
2926 3219 2945 3252 ι
2988 3199 3084 3254 sed
3118 3200 3271 3255 nullo
3303 3200 3619 3255 testimonio
3666 3216 3797 3254 eam

2208 3292 2585 3362 conjecturam
2623 3292 2829 3359 ﬁrmat,
2861 3308 2986 3347 cum
3004 3291 3072 3345 ad
3106 3307 3327 3345 manum
3351 3299 3497 3346 esset
3528 3292 3618 3345 hic
3643 3290 3800 3347 Festi

2206 3382 2361 3439 locus
2386 3384 2453 3438 ad
2480 3399 2600 3438 eam
2624 3400 2739 3439 rem
2764 3381 3712 3449 accommodatissimus.Quinetiam
3743 3385 3800 3438 si

2206 3493 2309 3532 vox
2342 3477 2585 3546 leopardi
2613 3476 2846 3532 conﬁcta
2877 3476 3114 3547 primum
3151 3478 3223 3533 sit
3260 3475 3339 3531 illi
3366 3487 3617 3532 monstro
3646 3478 3800 3531 desi-

2208 3571 2449 3640 gnando,
2487 3571 2635 3640 quod
2665 3571 2881 3626 videtur
2914 3568 3186 3626 Bocharto
3212 3611 3229 3638 ,
3254 3569 3405 3625 'ante
3444 3568 3801 3624 Constantini

2210 3680 2387 3718 arvum
2418 3664 2541 3717 sine
2561 3663 2732 3718 dubio
2764 3662 2999 3719 conﬁcta
3025 3673 3142 3729 est;
3180 3672 3311 3718 tunc
3342 3663 3489 3718 enim
3530 3677 3629 3732 pro
3656 3678 3802 3731 quo-

2210 3756 2342 3811 libet
2368 3756 2543 3825 pardo
2574 3764 2839 3825 usurpata
2865 3765 2970 3823 est,
2989 3756 3137 3826 quod
3167 3756 3259 3810 ille
3284 3754 3471 3809 multis
3499 3763 3555 3809 et
3573 3754 3800 3824 quidem

2211 3857 2359 3903 recte
2391 3848 2606 3917 probat.
2638 3846 2791 3902 Trita
2824 3848 2990 3918 igitur
3020 3848 3111 3902 illa
3145 3847 3240 3902 sed
3278 3846 3674 3901 cauchreslica
3704 3861 3803 3898 vo-

2212 3942 2293 3996 cis
2323 3942 2611 4011 usurpatio
2643 3941 2902 4011 primaava
2926 3950 2981 3994 et
3017 3941 3237 4010 propria
3268 3939 3539 4010 posterior
3583 3938 3656 3991 sit
3702 3952 3805 3991 ne-

2211 4050 2366 4091 cesse
2385 4044 2489 4090 est.
2519 4034 2577 4089 Si
2610 4035 2777 4105 igitur
2805 4050 2835 4088 a
2877 4033 3144 4089 Romanis
3188 4033 3421 4088 conﬁcta
3451 4046 3516 4085 ea
3563 4046 3667 4083 vox
3702 4030 3800 4094 sit,

2215 4137 2345 4182 tunc
2374 4129 2613 4197 primum
2650 4127 2907 4196 imposita
2948 4126 3120 4181 fuisse
3144 4126 3379 4191 videtur,
3408 4139 3532 4178 cum
3560 4138 3649 4177 res
3681 4122 3803 4190 ipsa

2216 4218 2325 4273 illis
2359 4227 2488 4273 nota
2520 4218 2641 4273 fuit.
2670 4217 2741 4274 Ut
2771 4218 3143 4273 Tertullianus
3171 4218 3239 4272 de
3272 4217 3458 4286 pallio,
3490 4236 3507 4267 ι
3534 4216 3636 4270 etsi
3656 4213 3806 4269 Gras-

2216 4326 2342 4366 cum
2362 4312 2561 4381 magis,
2592 4311 2687 4366 sed
2719 4311 2909 4381 lingua
2949 4310 3062 4379 jam
3096 4326 3263 4380 penes
3287 4308 3502 4363 Latium
3526 4319 3639 4372 est;
3673 4322 3804 4360 cum

2218 4418 2350 4456 voce
2380 4404 2550 4457 vestis
2578 4402 2823 4457 intravit.
2864 4420 2881 4453 ι
2918 4399 3038 4455 Non
3088 4400 3452 4455 dubitandum
3505 4408 3590 4453 est
3638 4397 3806 4467 igitur

2220 4495 2354 4563 quin
2388 4511 2494 4548 vox
2526 4511 2591 4549 ex
2620 4495 2796 4564 prima
2821 4494 2898 4547 rei
2935 4493 3111 4563 ipsius
3134 4492 3445 4562 cognitione
3474 4491 3802 4545 manaverit.

532 4596 727 4652 fuisse.
755 4595 873 4650 Non
900 4597 1050 4666 legit,
1083 4597 1299 4665 opinor,
1326 4595 1632 4652 Bochartus
1661 4596 1982 4652 Passiunem
2010 4596 2111 4653 SS.
2148 4614 2190 4667 ι)
2223 4581 2454 4637 Romani
2485 4583 2633 4638 εηίηι
2662 4583 2745 4637 νει
2779 4598 2939 4638 νοοεε
2974 4583 3122 4653 ipsas
3175 4598 3301 4637 cum
3348 4583 3513 4637 rebus
3564 4581 3808 4650 aCCiPie"

530 4691 817 4759 Perpetua:
850 4699 904 4744 et
928 4689 1223 4744 Felicitatis
1251 4689 1429 4759 primo
1448 4689 1501 4743 in
1532 4689 1710 4744 lucem
1742 4691 1808 4743 ab
1836 4688 2116 4745 llolstenio

532 4785 882 4853 productam.
943 4780 999 4834 In
1052 4781 1139 4834 illa
1172 4788 1355 4834 autem
1402 4777 1665 4835 Passione
1698 4796 1798 4835 nos
1852 4781 2114 4849 legimus:

541 4874 771 4943 «Itaque
794 4874 850 4927 in
882 4872 1278 4928 commissione
1316 4873 1616 4943 spectaculi
1663 4882 1954 4927 revocatus
2003 4874 2118 4927 leo-

535 4966 708 5037 pardo
739 4975 1019 5034 expertus,
1053 4965 1219 5018 etiam
1245 4967 1348 5018 sub
1379 4964 1589 5033 pulpito
1612 4964 1680 5017 ab
1705 4979 1835 5018 urso
1859 4974 1980 5018 erat
2023 4980 2119 5019 ve-

537 5068 721 5113 xatus.
745 5056 978 5111 Saturus
1007 5068 1188 5111 autem
1216 5056 1352 5110 nihil
1382 5057 1558 5126 magis
1585 5072 1747 5126 quam
1776 5072 1968 5111 ursum
1995 5057 2123 5110 abo-

538 5151 871 5216 minabatur,
899 5150 993 5204 sed
1025 5166 1133 5203 uno
1164 5164 1350 5204 morsu
1388 5149 1632 5218 leopardi
1676 5149 1874 5204 conﬁci
1922 5164 1981 5202 se
2006 5148 2120 5216 jam

539 5244 926 5315 praesumebat.
963 5261 981 5293 ι
1012 5241 1078 5295 Ει
1094 5251 1281 5311 postea
1309 5242 1451 5295 idem
1476 5240 1711 5295 Saturus
1736 5240 1965 5294 militem
1987 5238 2124 5293 allo-

541 5335 762 5403 quitur:
820 5333 1002 5388 tEcce
1046 5332 1251 5402 prodeo
1308 5333 1511 5398 illo,et
1545 5331 1615 5386 ad
1651 5347 1821 5385 unum
1873 5345 2123 5385 morsum

540 5426 785 5495 leopardi
810 5440 1128 5481 consumar.
1161 5423 1227 5477 Et
1260 5425 1443 5478 statim
1472 5424 1525 5477 in
1557 5423 1662 5477 line
1689 5420 1984 5491 spectaculi
2015 5420 2126 5473 leo-

542 5520 714 5589 pardo
748 5518 943 5587 ejecto,
968 5518 1038 5572 de
1066 5532 1178 5571 uno
1213 5531 1401 5571 morsu
1426 5524 1577 5569 tanto
1595 5512 1857 5583 profusus
1890 5520 1976 5565 est
2005 5525 2128 5564 san-

544 5614 730 5683 guine,
758 5625 816 5667 ut
834 5612 1069 5681 populus
1096 5609 1388 5663 revertenti
1414 5608 1490 5661 illi
1518 5606 1744 5661 secundi
1777 5601 2128 5673 baptismatis

546 5702 922 5756 testimonium
941 5698 1345 5753 reclamaverit.
1368 5717 1386 5749 ι
1416 5695 1542 5752 Haec
1572 5711 1753 5750 autem
1781 5693 1974 5749 Passio
1992 5693 2130 5747 scri-

547 5802 642 5864 pta
670 5802 753 5847 est
782 5794 943 5848 annis
966 5794 1068 5847 100
1097 5802 1224 5847 ante
1246 5790 1534 5862 imperium
1554 5788 1921 5845 Constantini.
1948 5787 2129 5844 Elius

552 5884 877 5956 Spartianus
900 5884 1122 5956 quidem
1143 5885 1247 5941 sub
1269 5884 1637 5941 Constantino
1664 5883 1907 5955 scripsit,
1930 5883 2023 5940 sed
2056 5885 2128 5939 ita

2222 4674 2373 4740 bant,
2428 4674 2514 4727 vel
2548 4674 2713 4728 rebus
2748 4674 2989 4742 acceptis
3046 4686 3145 4728 sua
3191 4674 3416 4727 nomina
3466 4673 3803 4727 indiderunt.

2230 4766 2561 4830 «Carnclus,
2598 4768 2777 4837 inquit
2810 4764 3008 4833 Varro,
3064 4782 3166 4821 suo
3225 4767 3447 4821 nomine
3500 4766 3554 4819 in
3588 4764 3807 4818 Latium

2223 4860 2392 4925 venit,
2421 4870 2479 4914 ut
2502 4859 2830 4913 Alexandria
2862 4857 3318 4928 camelopardalis
3343 4874 3517 4927 nuper
3548 4856 3809 4923 adducta,

2222 4951 2371 5022 quod
2402 4960 2521 5006 erat
2548 4950 2721 5021 ﬁgura
2751 4960 2809 5005 ut
2829 4950 3093 5015 camelus,
3113 4950 3345 5004 maculis
3376 4958 3435 5003 ut
3467 4948 3756 5017 panthera.
3786 4968 3805 4998 ι

2229 5042 2322 5099 Vel
2346 5044 2510 5114 igitur
2535 5043 2630 5113 qui
2661 5044 2901 5113 primum
2958 5052 3211 5098 naturam
3264 5042 3412 5095 illius
3474 5039 3707 5094 monstri
3743 5054 3812 5093 ex

2226 5138 2393 5191 leaena
2419 5144 2473 5190 et
2499 5135 2671 5205 pardo
2698 5136 2865 5205 geniti
2890 5135 3153 5190 Romanis
3176 5133 3541 5195 tradiderunt,
3572 5131 3676 5185 sub
3712 5146 3819 5182 no-

2227 5230 2375 5284 mine
2408 5228 2649 5298 leOpardi
2698 5228 2833 5281 illud
2888 5228 3294 5291 describebant,
3355 5234 3415 5279 ut
3454 5221 3815 5277 Alexandrini

2227 5325 2725 5394 camelopardalin;
2759 5324 2842 5378 vel
2872 5338 2939 5377 ex
2968 5320 3334 5390 descriptione
3355 5316 3588 5373 Romani
3611 5328 3818 5369 nomen

2229 5417 2362 5471 illud
2427 5417 2765 5482 indiderunt,
2822 5423 2883 5468 ut
2928 5413 3100 5476 vesti,
3164 5425 3330 5479 quam
3388 5409 3818 5462 introduxerunt

2229 5516 2424 5582 Graeci,
2458 5530 2659 5569 nomen
2716 5511 2888 5581 pallii.
2938 5508 3046 5565 Res
3078 5516 3260 5562 autem
3292 5506 3433 5575 ipsa,
3460 5520 3558 5558 seu
3614 5510 3814 5554 natura

2230 5604 2379 5657 illius
2408 5602 2642 5657 monstri
2668 5600 2773 5655 sub
2805 5599 2912 5652 Titi
2946 5598 3178 5667 imperio
3202 5594 3467 5650 Romanis
3499 5592 3603 5646 fuit
3638 5589 3815 5660 probe

2231 5696 2470 5765 cognita.
2500 5694 2712 5748 Plinius
2737 5693 2883 5745 enim
2918 5706 3039 5745 eam
3073 5687 3336 5743 describit
3367 5682 3625 5738 Natural.
3679 5682 3810 5735 hist.

2231 5789 2328 5843 lib.
2357 5804 2475 5854 vin,
2512 5801 2635 5856 cap.
2684 5784 2773 5838 16.
2804 5782 2931 5837 Sive
2961 5784 3126 5851 igitur
3185 5778 3441 5843 Romani,
3482 5776 3598 5830 sive
3637 5772 3814 5828 Gratci

2231 5883 2413 5953 primo
2446 5879 2576 5936 illud
2602 5892 2800 5935 nomen
2831 5876 3236 5949 excogitarunt,
3283 5872 3510 5930 dubium
3562 5882 3672 5924 non
3731 5876 3815 5920 est
