4138 6412
334 354 451 409 353

1098 354 1148 408 J.
1192 354 1557 411 PEARSONH
1592 357 1917 416 VlNDlClE
1955 358 2380 418 lGNATlANE.
2424 393 2489 403 -—
2527 362 2711 417 PARS
2752 363 2817 419 ll.

3517 371 3623 429 354

336 474 478 541 quin
520 486 649 530 ante
674 474 898 547 Trajani
925 486 1168 546 tempora
1193 478 1483 544 exstiterit,
1509 488 1569 533 ut
1592 496 1660 535 eo
1691 479 1749 535 S.
1785 482 1937 552 lgna-
1969 492 2008 544 Α
2040 482 2257 538 duritiae
2281 484 2359 538 vel
2379 499 2628 540 censurae
2653 502 2768 541 sua:
2801 487 3175 544 obstinatione
3219 502 3505 560 ruperunt,
3562 505 3623 550 ut

337 567 455 620 tius
491 570 549 621 in
586 568 745 638 Syria
793 578 1086 633 versatus,
1149 571 1295 624 unde
1356 570 1593 643 Vopisco
1643 575 1931 643 rleopardi

334 670 570 716 centum
606 661 840 734 Syriaci,
874 682 893 714 ›
927 664 1093 718 etiam
1142 664 1209 719 de
1274 668 1459 734 pardis
1522 669 1601 721 uti
1668 670 1929 738 potuerit.

331 752 532 823 Neque
560 756 729 809 etiam
762 771 953 810 verum
982 766 1085 823 est,
1131 758 1275 821 quod
1310 758 1620 815 Bochartus
1648 770 1823 830 putat,
1877 763 1931 818 id

330 848 674 902 vocabulum
700 849 843 917 apud
872 849 1121 905 Graecum
1146 852 1469 921 scriptorem
1495 869 1767 923 nusquam
1799 854 1930 909 alibi

327 948 581 994 exstare.
621 939 775 1010 Apud
802 942 947 996 enim
979 940 1037 995 8.
1078 942 1441 998 Athanasium
1483 945 1537 999 in
1570 945 1692 1000 Vita
1728 945 1784 1000 S.
1820 948 1933 1000 An-

326 1032 477 1085 tonii
508 1033 627 1088 haec
654 1034 809 1104 lego:
860 1036 970 1088 Kal.
1002 1030 1070 1106 ἦν
1103 1037 1131 1088 ὁ
1163 1036 1328 1101 τόπος
1361 1039 1523 1103 εὐθὺς
1555 1039 1929 1111 πεπληρωμέ-

328 1143 426 1189 νος
461 1128 767 1195 φαντασίας
800 1129 1049 1195 λεόντων,
1070 1133 1307 1204 ἄρκτων,
1329 1132 1711 1205 λεοπαρδάλων
1731 1138 1769 1197 ⁴,
1792 1133 1927 1187 ταύ-

324 1236 447 1288 ρων
483 1221 579 1273 καὶ
611 1219 810 1289 ὄφεων,
846 1223 1088 1276 ἀσπίδων
1120 1224 1214 1277 καὶ
1250 1225 1529 1296 σκορπίων
1580 1226 1672 1279 καὶ
1725 1224 1923 1281 λύκων.

328 1334 349 1363 ε
378 1312 626 1384 Eratque
646 1315 789 1370 idem
809 1316 965 1371 lecus
982 1317 1164 1372 subito
1180 1318 1412 1374 refertus
1434 1320 1664 1388 spectris
1683 1320 1925 1385 leonum,

319 1421 619 1471 ursarum,
650 1406 1036 1476 leopardorum
1060 1452 1074 1475 ,
1124 1418 1410 1465 taurorum
1471 1420 1524 1465 et
1564 1410 1925 1479 serpentium,

318 1498 590 1567 aspidum
636 1509 691 1553 et
720 1502 1077 1570 scorpionum
1123 1510 1178 1557 et
1211 1503 1485 1573 luporum.
1524 1523 1541 1555 ι
1580 1505 1724 1559 Satis
1759 1506 1927 1576 igitur

316 1602 492 1647 vetus
519 1602 606 1647 est
634 1608 741 1646 vox
778 1593 1045 1663 leopardi.
1075 1592 1296 1650 Interim
1344 1597 1392 1652 si
1444 1597 1714 1651 Boeharto
1744 1599 1924 1653 credi-

314 1697 456 1736 mus
486 1720 506 1747 ,
550 1681 753 1737 Dallteo
799 1684 1132 1739 credendum
1167 1701 1276 1741 non
1300 1695 1415 1753 est;
1445 1687 1491 1742 si
1519 1687 1720 1743 Dallaeo
1762 1688 1923 1744 tidem

313 1772 660 1839 habeamus,
699 1774 976 1831 Bocharto
1006 1778 1485 1847 renuntiabimus;
1514 1791 1622 1833 tam
1669 1780 1814 1835 male
1839 1781 1924 1835 in-

314 1874 410 1919 ter
434 1867 565 1923 illos
594 1868 648 1922 in
681 1867 892 1938 lgnatio
914 1871 1277 1940 expugnando
1304 1873 1582 1927 convenit.
1620 1871 1733 1928 Nos
1772 1882 1923 1930 certe

312 1957 379 2013 in
406 1961 517 2014 hac
556 1976 617 2016 re
654 1961 785 2015 dum
815 1974 1013 2017 neuter
1051 1962 1211 2017 alteri
1263 1965 1440 2020 credit
1464 2006 1479 2033 ,
1528 1965 1655 2036 jure
1711 1968 1921 2038 optimo

311 2051 516 2106 neutri
547 2053 883 2109 credendum
930 2064 1212 2124 putamus.

393 2142 615 2207 Tertio,
646 2144 704 2199 S.
729 2144 972 2215 lgnatius
1004 2147 1056 2200 in
1080 2146 1311 2217 epistola
1337 2148 1406 2203 ad
1435 2147 1919 2220 Philadelphenses

310 2253 419 2292 eos
452 2237 525 2292 ad
567 2238 842 2293 unitatem
873 2239 1310 2295 ecclesiasticam
1362 2251 1623 2310 tanquam
1658 2259 1765 2297 non
1813 2243 1919 2299 sibi

310 2343 545 2388 tantum
576 2334 673 2389 sed
694 2341 749 2389 et
771 2334 896 2389 aliis
914 2334 1104 2389 utilem
1130 2343 1295 2405 atque
1317 2336 1612 2391 salutarem
1643 2337 1912 2394 hortatur.

320 2446 342 2477 ι
370 2424 666 2496 Quotquot
695 2427 841 2482 enim
867 2425 981 2493 Dei,
1016 2427 1217 2497 inquit,
1243 2438 1372 2483 sunt
1419 2439 1473 2483 et
1506 2428 1637 2484 Jesu
1687 2430 1915 2499 Christi,

316 2519 419 2574 isti
450 2536 578 2573 cum
610 2521 871 2589 episcopo
903 2529 1058 2585 sunt;
1082 2529 1137 2575 et
1179 2530 1455 2591 quotquot
1500 2523 1692 2592 utique
1738 2526 1919 2594 poeni-

306 2620 502 2667 tentes
536 2612 769 2668 veniunt
798 2613 851 2666 in
909 2614 1176 2669 unitatem
1231 2612 1528 2681 Ecclesite,
1579 2624 1635 2670 et
1674 2615 1762 2671 isti
1820 2616 1915 2673 Dei

303 2714 506 2761 erunt.
538 2726 556 2758 ι
592 2706 670 2761 Ae
693 2722 892 2762 rursus
921 2715 1046 2777 post
1072 2722 1286 2777 pauca:
1325 2727 1343 2759 ι
1389 2706 1490 2762 Ubi
1517 2708 1717 2764 divisio
1743 2718 1827 2764 est
1863 2716 1919 2764 et

304 2798 425 2861 ira,
460 2798 608 2854 Deus
634 2815 743 2855 non
774 2798 1004 2854 habitat.
1026 2796 1296 2854 Omnibus
1324 2800 1491 2868 igitur
1519 2802 1916 2870 paenitentibus

301 2892 553 2946 dimittit
581 2891 749 2955 Deus,
769 2891 813 2947 si
850 2891 1158 2962 pteniteant
1191 2891 1245 2945 in
1279 2891 1545 2947 unitatem
1580 2891 1676 2947 Dei
1706 2904 1761 2948 et
1782 2909 1916 2949 con-

301 2986 514 3042 cilium
550 2984 818 3055 episcopi.
846 3004 865 3036 ι
903 2983 1046 3051 Quid
1074 2984 1159 3039 bis
1182 2984 1392 3049 verius,
1428 2985 1561 3054 quid
1588 2985 1914 3055 salutarius,

298 3079 449 3150 quid
485 3078 811 3147 antiquius?
838 3076 943 3132 Sed
983 3096 1003 3128 ι
1032 3078 1137 3132 hoc
1163 3077 1231 3132 de
1280 3077 1646 3147 suscipiendis
1693 3080 1758 3134 ad
1793 3095 1914 3149 poe-

301 3172 611 3227 nitentiam
643 3170 813 3239 lapsis
848 3170 1129 3225 decretum
1169 3168 1532 3225 Montanistas
1575 3183 1629 3225 et
1652 3170 1914 3229 Novatia-
1939 3201 1985 3262 ο

299 3280 423 3319 nos
453 3273 639 3333 aperte
664 3263 865 3333 pulsat,
890 3262 982 3315 diu
1008 3270 1132 3331 post
1158 3259 1427 3332 lgnatium
1462 3270 1706 3318 exortos.
1740 3283 1759 3315 ι
1824 3263 1909 3318 An

298 3359 424 3412 hoc
478 3356 643 3410 scribi
707 3370 816 3409 non
860 3355 1038 3425 potuit
1060 3362 1187 3409 ante
1224 3352 1579 3419 Novatianos,
1610 3364 1706 3409 aut
1743 3357 1909 3412 etiam

296 3447 827 3504 Montanistas?An
864 3462 1027 3501 nemo
1052 3447 1185 3501 illud
1219 3448 1366 3517 quod
1391 3461 1582 3502 verum
1620 3460 1707 3503 est
1735 3464 1912 3504 enun-

300 3545 463 3598 tiare
481 3551 687 3612 potest,
722 3549 1019 3611 antequam
1073 3541 1143 3595 ab
1193 3540 1299 3595 alio
1348 3540 1615 3610 negetur?
1655 3539 1911 3597 Haeretici

296 3644 408 3690 aut
451 3632 791 3689 schismatici
817 3647 1036 3702 semper
1087 3632 1193 3687 hac
1218 3632 1433 3687 ratione
1478 3633 1714 3688 convicti
1756 3641 1908 3700 sunt,

296 3727 463 3797 quod
494 3744 617 3782 eam
643 3729 930 3783 veritatem
964 3736 1250 3797 negarent,
1283 3743 1406 3797 qua:
1438 3735 1598 3782 antea
1632 3727 1688 3780 in
1721 3724 1912 3781 Eccle-

296 3822 389 3876 sia
427 3821 857 3891 prazdicabatur.
896 3817 1022 3874 Haec
1071 3834 1181 3873 non
1212 3819 1398 3875 minus
1434 3818 1751 3874 Donatistas
1789 3819 1912 3889 pul-

296 3924 441 3971 sant
495 3930 664 3985 quam
726 3912 1128 3977 Montanistas;
1165 3927 1228 3966 ea
1260 3920 1442 3966 autem
1493 3911 1699 3981 scripta
1737 3910 1910 3966 fuisse

297 4010 620 4068 adversarii
652 4008 895 4063 fatentur
926 4018 1052 4062 ante
1094 4006 1389 4071 Donatum,
1436 4005 1629 4075 quidni
1682 4013 1738 4058 et
1783 4013 1911 4058 ante

296 4102 679 4160 Montanum?
737 4101 819 4156 Ad
864 4099 1195 4154 ﬁrmandum
1244 4106 1627 4169 argumentum
1684 4096 1912 4151 adducit

298 4197 703 4254 auctoritatem
736 4192 1076 4263 Albaspinei,
1122 4191 1214 4262 qui
1251 4191 1321 4247 ob
1378 4191 1626 4245 eamdem
1685 4204 1906 4244 causam

300 4306 585 4348 canonem
617 4288 913 4358 quemdam
967 4284 1369 4340 Clementinum
1406 4292 1567 4351 negat
1600 4298 1724 4337 esse
1775 4298 1908 4351 apo-

300 4387 594 4447 stolicum,
628 4392 683 4438 et
712 4391 839 4437 ante
867 4380 1203 4451 Cyprianum
1254 4379 1457 4434 sanciri
1493 4378 1757 4447 potuisse.
1798 4375 1906 4431 Sed

298 4480 555 4549 loquitur
584 4476 951 4546 Albaspineus
975 4474 1041 4528 de
1063 4472 1473 4543 pmnitentium,
1512 4476 1616 4526 hoc
1648 4481 1731 4525 est
1782 4470 1903 4539 ipso

2036 574 2164 643 quia
2198 575 2338 644 apud
2363 576 2501 630 alios
2532 577 2793 633 adulteris
2823 595 2924 648 pax
2948 580 3201 643 dabatur,
3244 583 3337 651 qui
3372 599 3479 637 non
3522 586 3623 639 da-

2037 663 2129 718 bat
2154 665 2223 719 de
2271 664 2513 722 Ecclesia
2539 680 2905 737 separaretur.
2947 689 2964 721 »
3008 672 3090 725 Ab
3127 673 3399 743 episcopis
3454 676 3620 747 igitur

2035 755 2311 812 Africanis
2334 774 2432 828 per
2454 761 2831 828 paenitentiam
2868 765 3071 833 recepti
3103 774 3230 819 sunt
3262 768 3461 822 mazchi
3492 779 3619 823 ante

2034 858 2251 904 aetatem
2288 853 2566 923 Cypriani,
2590 856 2837 924 adeoque
2864 866 2988 911 ante
3036 857 3389 915 Novatianos.
3449 859 3619 930 quue

2033 941 2102 995 ab
2135 941 2378 999 Ecclesia
2404 944 2605 1000 factum
2632 959 2815 1001 narrat
2840 946 3183 1018 Cyprianus;
3216 952 3424 1005 nullum
3451 953 3617 1023 igitur

2032 1043 2164 1089 tunc
2207 1040 2473 1105 temporis
2506 1038 2559 1091 in
2590 1037 2831 1095 Ecclesia
2854 1040 3109 1097 Africana
3135 1044 3413 1099 decretura
3438 1046 3614 1101 exsti-

2032 1126 2096 1181 tit
2124 1127 2191 1183 de
2221 1128 2487 1186 adulteris
2518 1132 2737 1200 penitus
2775 1148 2805 1187 a
2863 1135 3183 1202 paenitentia
3242 1142 3612 1197 removendis.

2029 1218 2217 1289 Neque
2252 1221 2456 1275 mirum
2484 1232 2567 1278 est
2597 1224 2812 1293 aliquos
2845 1232 2976 1281 tunc
3008 1229 3270 1298 temporis
3308 1230 3472 1286 etiam
3497 1234 3615 1302 epi-

2030 1328 2225 1383 scopos
2252 1316 2503 1370 mcechos
2532 1318 2751 1386 penitus
2778 1319 3151 1375 excludendos
3182 1331 3427 1391 putasse,
3483 1341 3610 1379 cum

2028 1405 2267 1461 sciamus
2282 1405 2741 1463 Montanistarum
2759 1411 3039 1466 erroribus
3056 1413 3320 1482 plurimos
3337 1416 3389 1469 in
3402 1414 3610 1481 Africa,

2028 1498 2121 1567 qui
2144 1511 2324 1552 tamen
2359 1500 2414 1552 in
2448 1499 2690 1555 Ecclesia
2720 1510 3060 1571 perstarent,
3092 1505 3386 1574 implicitos
3416 1507 3607 1563 fuisse.

2030 1588 2145 1644 Sub
2168 1589 2477 1661 Zephyrino
2503 1593 2814 1647 concedunt
2842 1593 3121 1649 decretum
3152 1594 3344 1659 fuisse,
3413 1606 3469 1652 ut
3516 1600 3611 1653 ad-

2028 1684 2379 1739 mitterentur
2424 1684 2492 1737 ad
2525 1685 2904 1754 paenitentiam
2948 1687 3184 1754 moechi;
3239 1688 3370 1742 illud
3426 1698 3610 1744 autem

2026 1786 2288 1849 tanquam
2350 1792 2551 1831 novum
2593 1786 2647 1833 et
2682 1779 3011 1844 inauditum,
3045 1790 3101 1834 et
3143 1780 3311 1850 priori
3354 1779 3612 1839 Ecclesia:

1953 1854 1997 1909 Β
2026 1868 2311 1924 sententia:
2335 1868 2673 1924 contrarium
2698 1872 3078 1940 pronuntiant.
3136 1870 3430 1942 Perperam
3484 1890 3609 1929 om-

2022 1962 2174 2016 nino.
2214 1960 2588 2017 Tertullianus
2639 1963 2754 2033 ipse
2784 1965 3037 2035 agnoscit
3082 1968 3408 2021 sententiam
3457 1969 3607 2024 illam

2020 2055 2296 2125 pontificis
2324 2054 2557 2110 Romani
2596 2058 2761 2126 paulo
2793 2066 3086 2128 antequam
3117 2059 3319 2114 librum
3351 2061 3426 2115 De
3451 2062 3611 2130 pudi-

2021 2148 2173 2213 citia,
2205 2148 2318 2218 jam
2344 2157 2500 2203 extra
2525 2147 2829 2204 Eeclesiam
2858 2151 3091 2219 positus,
3142 2152 3425 2217 scriberet,
3452 2153 3607 2207 evul-

2021 2250 2200 2310 gatam
2229 2239 2419 2296 fuisse.
2480 2260 2498 2294 ε
2522 2239 2719 2308 Audio,
2748 2242 2947 2312 inquit,
2980 2243 3144 2296 etiam
3194 2244 3435 2298 edictum
3484 2260 3609 2300 esse

2020 2334 2388 2403 propositum,
2442 2344 2497 2388 et
2544 2334 2765 2405 quidem
2798 2334 3227 2403 peremptorium
3260 2376 3276 2401 ,
3332 2334 3601 2405 pontifex,

2022 2425 2255 2492 scilicet,
2284 2427 2579 2489 maximus,
2610 2425 2755 2495 quod
2776 2436 2859 2480 est
2882 2426 3176 2495 episcopus
3196 2428 3605 2496 episcoporum,

2020 2522 2219 2577 edicit:
2247 2520 2362 2593 Ego
2391 2531 2445 2577 et
2467 2522 2718 2576 moechiae
2738 2531 2792 2576 et
2813 2520 3196 2576 fornicationis
3213 2521 3407 2576 delicta
3431 2522 3611 2586 paeni-

2020 2617 2187 2671 tentia
2212 2616 2416 2672 functis
2443 2616 2682 2673 dimitto.
2718 2635 2736 2668 ι
2772 2614 2876 2670 Sed
2911 2615 3162 2669 eamdem
3208 2615 3372 2669 etiam
3424 2613 3611 2671 Eccle-

2020 2707 2117 2764 sia:
2144 2708 2428 2762 catholicae
2450 2707 2779 2763 sententiam
2813 2705 3017 2770 fuisse,
3064 2715 3357 2776 antequam
3390 2704 3610 2777 Zephy-

2017 2800 2123 2854 rini
2181 2800 2461 2855 decretum
2511 2798 2734 2869 prodiit,
2803 2798 2975 2853 libere
3008 2797 3208 2852 fatetur
3253 2798 3340 2852 his
3386 2797 3605 2851 verbis:

2025 2909 2043 2942 ι
2079 2889 2196 2944 Erit
2227 2890 2396 2961 igitur
2425 2898 2479 2943 et
2508 2889 2595 2944 hic
2619 2888 2885 2943 adversus
2914 2885 3212 2958 Psyehicos
3239 2885 3452 2949 titulus,
3505 2882 3609 2939 ad-

2017 2999 2212 3039 versus
2246 2996 2383 3037 mea:
2406 2997 2629 3052 quoque
2661 2984 2949 3037 sententia:
2993 2989 3142 3035 retro
3156 2993 3322 3048 penes
3365 2978 3486 3031 illos
3520 2991 3611 3031 so-

2017 3074 2296 3140 cietatem,
2320 3086 2432 3143 quo
2458 3072 2632 3143 magis
2672 3071 2778 3126 hoc
2809 3069 2944 3124 mihi
2997 3069 3052 3123 in
3116 3077 3305 3122 notam
3370 3066 3610 3121 levitatis

2017 3167 2314 3236 objectent.
2351 3184 2369 3218 ι
2403 3162 2679 3236 Psychici,
2713 3163 2820 3218 hoc
2844 3172 2930 3218 est
2962 3161 3238 3225 catholici,
3269 3168 3325 3214 et
3364 3174 3488 3214 cum
3518 3174 3611 3214 ca-

2017 3258 2239 3313 tholicis
2266 3256 2642 3312 Tertullianus
2677 3256 2815 3325 ipse,
2843 3263 2971 3309 ante
2994 3253 3277 3309 decretum
3313 3250 3609 3322 Zephyrini

2016 3351 2160 3406 idem
2193 3350 2520 3405 docuerunt.
2553 3348 2703 3403 Nihil
2742 3348 2910 3418 igitur
2941 3345 3030 3400 hic
3079 3360 3282 3400 novum
3321 3352 3417 3399 aut
3448 3343 3611 3397 inau-

2015 3442 2191 3499 ditum
2221 3442 2277 3496 in
2316 3440 2621 3496 Ecclesiam
2661 3441 2936 3494 invectum
2964 3445 3071 3501 est,
3102 3443 3331 3506 utputat
3355 3435 3612 3505 Albaspi-

2014 3550 2176 3590 neus.
2206 3533 2307 3588 Diu
2337 3541 2466 3587 ante
2507 3531 2877 3602 Zephyrinum
2939 3528 3236 3600 Dionysius
3289 3528 3610 3582 Corinthio-

2014 3641 2137 3680 rum
2178 3625 2495 3694 episcopus,
2520 3622 2701 3678 Soteri
2732 3621 2986 3677 Romano
3017 3620 3388 3691 synehronus,
3412 3633 3608 3674 omnis

2013 3734 2112 3789 per
2150 3717 2554 3788 paenitentiam,
2591 3731 2659 3771 ne
2709 3714 2944 3769 moechis
2992 3712 3213 3782 quidem
3256 3720 3355 3765 aut
3405 3711 3606 3780 quovis

2013 3810 2125 3864 alio
2150 3808 2479 3879 gravissimo
2516 3806 2751 3863 crimine
2807 3806 3053 3861 oneratis
3107 3802 3374 3872 exceptis,
3430 3805 3609 3857 susci-

2013 3903 2243 3972 piendos
2264 3916 2387 3957 esse
2408 3900 2615 3956 docuit.
2644 3898 2783 3953 Nam
2810 3899 2865 3953 in
2902 3897 3139 3967 epistola
3186 3896 3255 3951 ad
3304 3895 3607 3950 Amastria-

2013 4009 2134 4060 nos,
2167 4001 2305 4049 teste
2328 3991 2529 4047 Euseb.
2558 3992 2653 4046 lib.
2702 4008 2787 4055 ιν,
2827 4006 2953 4061 cap.
2987 3989 3079 4043 25:
3126 3988 3306 4043 Πολλὰ
3339 3986 3468 4058 περὶ
3500 3986 3603 4056 γά-

2016 4104 2117 4159 μου
2154 4088 2247 4141 καὶ
2280 4086 2503 4155 ἁγνείας
2536 4089 2648 4159 τοῖς
2683 4087 2867 4149 αὐτοῖς
2902 4085 3195 4157 παραινεί’
3254 4083 3348 4135 καὶ
3383 4082 3509 4146 τοὺς
3543 4080 3605 4147 ἐξ

2010 4181 2127 4245 οἵας
2168 4181 2212 4233 δ’
2245 4176 2338 4235 οὖν
2382 4179 2755 4242 ἀποπτὼσεως
2797 4179 2829 4249 ἢ
2876 4176 3291 4249 πλημμελείας,
3340 4174 3450 4229 εἴτε
3496 4174 3605 4245 μὴν

2011 4272 2293 4343 αἱρετικῆς
2346 4272 2556 4342 πλάνης
2604 4270 3033 4341 ἐπιστρέφοντας
3075 4267 3382 4335 δεξιοῦσθαι
3431 4283 3604 4339 προσ-

2010 4365 2215 4419 τάττει.
2271 4384 2290 4416 ι
2317 4364 2484 4418 Multa
2533 4379 2753 4434 quoque
2797 4364 2865 4417 de
2913 4362 3120 4432 nuptiis
3159 4371 3213 4416 et
3249 4362 3316 4415 de
3355 4360 3604 4415 castitate

2009 4456 2091 4511 eis
2121 4456 2397 4526 praecipit;
2424 4464 2478 4510 et
2507 4466 2737 4511 cunctos
2768 4454 2863 4525 qui
2899 4469 2928 4507 a
2952 4454 3150 4523 quovis
3180 4452 3336 4521 lapsu
3370 4452 3483 4506 sive
3504 4452 3604 4505 de-

297 4547 629 4643 interprete,
655 4570 1055 4635 adulterorum,
1104 4569 1434 4623 sicariorum
1492 4574 1547 4622 et
1582 4566 1903 4620 idololatra-

2015 4548 2160 4614 lieto,
2192 4547 2309 4602 sive
2350 4548 2516 4602 etiam
2570 4547 2642 4601 ab
2686 4547 2945 4600 heretico
2999 4560 3189 4600 errore
3230 4551 3600 4605 revertuntur,

292 4685 425 4723 rum
464 4664 805 4734 receptione,
856 4662 924 4717 de
956 4676 1065 4733 qua
1088 4676 1149 4715 re
1191 4661 1247 4714 in
1301 4660 1470 4714 veteri
1524 4657 1765 4713 Ecclesia
1808 4658 1903 4711 diu

293 4760 655 4828 disputatum
687 4762 791 4809 est.
830 4754 1036 4808 Auctor
1062 4766 1194 4807 vero
1226 4749 1584 4820 epistolarum
1619 4749 1686 4802 de
1731 4748 1900 4801 haere-

290 4851 425 4904 ticis
460 4856 517 4902 et
541 4845 918 4903 schismaticis
966 4843 1215 4914 loquitur
1237 4842 1305 4897 ad
1332 4841 1600 4896 unitatem
1642 4838 1903 4894 Ecclesiae

290 4951 348 4997 et
384 4939 692 4997 concilium
726 4937 971 5007 episcopi
1003 4934 1383 4997 redeuntibus,
1405 4933 1609 5003 quibus
1631 4932 1903 5001 paeniten-

290 5036 448 5089 tibus
486 5031 735 5100 receptio
764 5037 958 5099 negata
999 5042 1284 5097 nunquam
1340 5025 1463 5091 fuit,
1496 5033 1558 5079 ut
1616 5026 1670 5078 in
1728 5025 1902 5095 priori

286 5134 455 5197 parte
478 5131 771 5177 ostensum
799 5129 903 5175 est.
931 5118 1039 5174 Sed
1073 5134 1174 5173 nec
1207 5118 1339 5171 illud
1379 5132 1568 5171 verum
1596 5124 1701 5181 est,
1754 5116 1900 5185 quod

286 5216 674 5286 Albaspineus
724 5212 1001 5267 observat.
1067 5211 1208 5263 Ante
1255 5217 1468 5263 aetatem
1531 5206 1588 5261 S.
1641 5207 1901 5278 Cypriani

286 5308 463 5363 etiam
500 5303 709 5359 mtecbi
760 5303 828 5357 ad
876 5300 1256 5372 pmnitentiam
1319 5297 1768 5352 admittebantur.
1822 5297 1901 5351 Ita

289 5397 413 5466 ipse
458 5401 697 5448 testatur
719 5390 951 5460 epistola
974 5389 1076 5445 52:
1116 5387 1226 5442 «Et
1276 5387 1500 5458 quidam
1554 5388 1699 5457 apud
1746 5397 1900 5442 ante-

288 5500 555 5543 cessores
586 5493 807 5540 nostros
836 5482 1061 5553 quidem
1084 5481 1154 5535 de
1186 5480 1462 5549 episcopis
1506 5479 1562 5532 in
1615 5479 1897 5548 provincia

288 5588 489 5635 nostra
516 5575 758 5631 dandam
786 5589 973 5645 pacem
1000 5573 1235 5629 moechis
1256 5588 1363 5626 non
1382 5578 1736 5641 putaverunt,
1762 5578 1818 5624 et
1840 5571 1897 5625 in

288 5684 478 5730 totum
502 5671 843 5741 poenitentia:
884 5669 1069 5723 locum
1124 5675 1319 5722 contra
1354 5664 1625 5720 adulteria
1682 5664 1898 5718 clause-

288 5776 459 5832 runt;
486 5778 600 5818 non
638 5770 820 5815 tamen
847 5776 878 5815 a
909 5759 1366 5829 coepiscoporum
1399 5770 1627 5811 suorum
1663 5753 1898 5823 collegio

291 5862 690 5922 recesserunt,
738 5861 832 5908 aut
873 5851 1159 5908 catholica:
1195 5847 1453 5906 Ecclesia
1494 5847 1782 5918 unitatem.
1812 5846 1895 5900 vel

2006 4640 2243 4710 benigne
2284 4639 2493 4708 suscipi
2531 4639 2709 4709 jubet.
2750 4657 2768 4689 ι
2800 4636 2879 4690 Εη
2912 4644 3070 4691 vetus
3098 4635 3451 4708 πρόσταγμα,
3502 4650 3601 4689 seu

2006 4731 2329 4786 mandatum
2359 4729 2693 4799 episcopale,
2736 4728 2804 4782 de
2849 4725 3180 4795 recipiendis
3239 4725 3429 4793 lapsis,
3463 4739 3602 4777 mae-

2005 4824 2149 4890 chis,
2186 4822 2460 4878 haereticis
2485 4821 2720 4890 aliisque
2757 4834 2853 4889 per
2885 4817 3261 4888 paenitentiam
3289 4816 3595 4872 conversis.

2004 4913 2193 4985 Neque
2227 4929 2362 4969 vero
2399 4914 2594 4969 dubito
2651 4912 2785 4982 quin
2826 4910 2993 4980 hujus
3040 4910 3259 4980 generis
3310 4918 3596 4979 peccatum

2004 5008 2171 5063 fuerit
2200 5007 2335 5061 illud
2366 5005 2631 5067 Valentis,
2660 5004 2728 5058 de
2757 5018 2868 5073 quo
2902 5001 2960 5056 8.
3000 5001 3340 5072 Polycarpus
3362 5003 3597 5070 epistola

2003 5101 2072 5157 ad
2092 5099 2504 5170 Philippenses:
2539 5116 2556 5148 ι
2584 5095 2758 5150 Nimis
2785 5097 3149 5150 contristatus
3193 5109 3315 5148 sum
3352 5110 3454 5163 pro
3492 5092 3599 5147 Va-

2002 5195 2171 5261 lente,
2202 5194 2297 5264 qui
2321 5191 2609 5263 presbyter
2632 5188 2813 5244 factus
2847 5196 2932 5243 est
2954 5187 3255 5257 aliquando
3279 5185 3423 5256 apud
3472 5202 3595 5252 vos,

2002 5288 2150 5360 quod
2194 5287 2276 5343 sic
2296 5286 2512 5357 ignoret
2538 5284 2587 5338 is
2616 5282 2800 5337 locum
2826 5281 2922 5351 qui
2950 5282 3113 5335 datus
3144 5288 3229 5334 est
3277 5280 3349 5334 ei.
3399 5278 3596 5335 Moneo

2002 5381 2187 5450 itaque
2222 5394 2320 5434 vos
2350 5374 2756 5432 utabstineatis
2783 5374 2853 5429 ab
2879 5374 3028 5429 omni
3075 5373 3307 5428 avaritia
3346 5374 3599 5444 (πλεονε-

2002 5472 2143 5540 ξίας,
2176 5480 2235 5524 υι
2285 5478 2433 5525 recte
2474 5466 2889 5534 Hammondus)
2936 5475 2993 5520 et
3030 5465 3152 5521 sitis
3184 5466 3325 5520 casti
3356 5474 3409 5519 et
3437 5480 3595 5519 vera-

2000 5582 2113 5624 ces.
2159 5585 2180 5619 ι
2213 5564 2289 5621 De
2344 5566 2450 5620 hoc
2495 5572 2678 5619 autem
2706 5562 2935 5618 Valente
2956 5563 3031 5617 ita
3062 5569 3255 5632 postea
3302 5561 3591 5631 loquitur:

2007 5677 2026 5710 ι
2058 5657 2226 5713 Valde
2264 5672 2418 5728 ergo,
2443 5656 2664 5721 fratres,
2691 5656 2995 5711 contristor
3019 5670 3119 5724 pro
3154 5654 3247 5708 illo
3276 5661 3332 5708 et
3359 5653 3595 5722 conjuge

2000 5752 2121 5821 ejus
2148 5768 2162 5805 :
2185 5750 2389 5820 quibus
2414 5748 2508 5803 det
2556 5747 2700 5803 Deus
2731 5746 3109 5817 paenitentiam
3134 5758 3344 5799 veram.
3407 5740 3591 5797 Sobrii

2000 5858 2131 5913 ergo
2180 5851 2354 5899 estote
2410 5852 2465 5897 et
2500 5856 2599 5898 vos
2649 5841 2703 5896 in
2734 5841 2873 5908 hoc;
2905 5847 2961 5895 et
3007 5853 3120 5895 non
3156 5836 3300 5894 sicut
3334 5834 3591 5892 inimicos
