4138 6396
523 326 631 387 355

1522 324 1590 380 S.
1632 321 1979 379 IGNATIL'S.
2021 352 2088 361 —
2116 316 2650 377 PROLEGOMENA.

3688 317 3795 375 .556

525 453 661 507 tales
693 448 1055 514 existimetis,
1104 447 1208 503 sed
1244 446 1389 503 sicut
1433 446 1716 517 passibilia
1759 445 2005 501 membra
2052 454 2107 500 et
2135 452 2181 509 Α
2211 444 2331 498 tiat.
2361 441 2481 509 Qua
2515 440 2749 506 ratione,
2779 438 2961 495 nullus
2984 436 3163 493 video.
3199 438 3282 493 An
3330 437 3459 508 quia
3504 436 3707 495 Menma
3742 449 3798 494 et

524 546 764 599 errantia
793 559 888 598 eos
918 550 1191 605 revocate,
1227 550 1287 594 ιιι
1328 539 1575 595 omnium
1629 547 1871 595 vestrum
1900 554 2104 609 corpus

526 636 769 689 salvetis.
818 634 932 689 Hoc
965 633 1111 687 enim
1146 641 1391 702 agentes,
1417 646 1515 685 vos
1546 632 1696 700 ipsos
1749 630 2048 686 aedificatis.
2078 648 2100 683 η»

526 725 699 780 Etiam
729 726 949 795 juvenis
981 726 1071 780 ille
1103 726 1245 795 apud
1269 725 1603 779 Clementem
1648 724 2104 789 Alexandrinum,

525 820 580 875 in
608 820 834 873 humilia
895 818 967 873 De
1015 820 1195 882 divite,
1230 820 1331 873 sub
1365 815 1615 888 Origenis
1668 818 1891 872 nomine
1939 816 2107 884 edita,

524 914 617 980 qui
647 912 907 977 sicarius,
942 912 1055 968 imo
1106 912 1389 982 μιαιφόνος
1428 910 1628 978 fuerat,
1685 913 1971 967 restitutus
2025 920 2109 966 est

525 1003 783 1058 Ecclesire
844 1020 940 1073 per
973 1005 1352 1074 paenitentiam
1408 1006 1476 1059 ab
1518 1005 1637 1075 ipso
1671 1004 1731 1060 S.
1774 1004 2007 1060 Joanne.
2040 1002 2108 1058 Et

522 1094 820 1165 Apostolus
853 1098 968 1166 ipse
997 1098 1157 1151 nobis
1189 1097 1516 1151 describitur
1541 1099 1699 1168 quasi
1753 1098 1929 1162 διδοὺς
1966 1099 2107 1169 μέγα

522 1188 872 1259 παράδειγμα
920 1190 1208 1260 μετανοίας
1265 1188 1562 1261 ἀληθινῆς,
1606 1208 1626 1240 r
1657 1190 1795 1245 dans
1845 1206 2105 1261 magnum

523 1283 755 1336 sincera:
789 1282 1123 1352 ptenitentiaz
1143 1283 1475 1352 exemplum,
1511 1302 1529 1333 ι
1576 1294 1634 1338 ιιι
1674 1283 1906 1354 legimus
1961 1286 2106 1355 apud

523 1374 819 1430 Eusebium
856 1376 948 1429 lib.
976 1392 1065 1439 ιιι,
1090 1392 1211 1445 cap.
1229 1376 1318 1431 25.
1340 1377 1498 1445 Quod
1525 1378 1832 1446 exemplum
1854 1377 2108 1435 Clemens

524 1467 703 1523 fusius
731 1476 995 1535 tractans,
1018 1479 1065 1523 el
1100 1470 1318 1525 tandem
1341 1486 1607 1541 perorans
1638 1471 1746 1526 ait:
1796 1471 1853 1525 Ὀ
1875 1471 1984 1543 γὰρ
2017 1474 2107 1527 ὲν-

520 1559 699 1613 ταῢθα
739 1560 830 1613 τὸν
862 1561 1093 1629 ἄγγελον
1140 1563 1239 1634 τῆς
1313 1564 1603 1634 μετανοίας
1652 1564 1974 1636 προϊέμενος
1993 1605 2008 1630 ,
2042 1565 2103 1619 οὐ

525 1651 849 1722 μετανοήσει
882 1653 1004 1706 τότε
1040 1653 1205 1724 ἡνίκα
1238 1654 1306 1707 ἂν
1352 1654 1626 1725 καταλιπῇ
1661 1654 1722 1708 τὸ
1756 1655 1948 1726 σῶμα,
1984 1656 2106 1710 οὐδὲ

521 1742 1050 1814 καταισχυνθήσεται.
1097 1744 1189 1798 τὸν
1221 1746 1452 1818 Σωτῆρα
1493 1747 1787 1818 προσιόντα
1835 1749 1972 1818 μετὰ
2004 1749 2105 1820 τῆς

2210 534 2605 606 Metaphrastes
2621 531 2942 587 Onesimum
2966 532 3259 601 quemdam
3284 542 3578 603 martyrem
3597 533 3799 586 descri-

2211 632 2368 698 bunt,
2397 647 2508 687 non
2539 643 2719 688 tamen
2749 633 2940 688 dicunt
2967 647 3091 686 eum
3128 629 3299 685 fuisse
3342 627 3542 698 Ephesi
3576 626 3794 697 episco-

2210 741 2339 795 pum
2370 740 2475 781 :an
2505 725 2635 795 quia
2680 722 3149 780 Constitutionum
3183 720 3599 776 consarcinator
3632 716 3797 772 refert

2210 817 2532 873 Onesimum
2570 816 2769 873 Beraate
2806 818 3125 887 episcopum
3177 812 3349 869 fuisse
3380 828 3393 864 :
3430 828 3498 867 an
3526 811 3656 881 quia
3689 808 3795 865 Do-

2209 911 2436 965 rotbeus
2481 919 2537 965 et
2590 910 2918 982 Hippolytus
2978 909 3200 963 tradunt
3254 904 3450 961 Gaium
3503 903 3798 957 Timetbeo

2211 1000 2410 1071 Ephesi
2443 1003 2816 1067 successisse;
2851 1018 2918 1055 an
2956 1001 3086 1071 quia
3104 998 3446 1068 Nicephorus
3468 996 3627 1051 ducet
3652 995 3800 1050 One-

2208 1096 2409 1151 simum
2447 1096 2550 1151 sub
2584 1095 2896 1150 Domitiano
2931 1094 3167 1160 obiissc;
3221 1092 3344 1146 ideo
3386 1090 3570 1145 nullus
3598 1087 3794 1143 Onesi-

2210 1206 2334 1245 mus
2386 1188 2605 1260 Epheso
2657 1204 2891 1259 prmcssc
2936 1187 3110 1258 potuit
3162 1186 3265 1242 sub
3307 1184 3598 1239 undecimo
3646 1196 3796 1236 anno

2209 1282 2469 1354 Trajani?
2498 1284 2581 1338 An
2609 1284 2807 1338 borum
2837 1283 3134 1353 quispiam,
3163 1288 3256 1335 aut
3285 1280 3339 1334 bi
3369 1293 3561 1332 omnes
3590 1275 3796 1346 aliquid

2207 1376 2431 1432 tradunt
2456 1376 2601 1446 quod
2635 1375 2688 1430 id
2712 1374 2972 1430 evincat?
3006 1373 3207 1428 Demus
3237 1372 3556 1427 Onesimum
3587 1378 3794 1439 marty-

2208 1485 2324 1525 rem
2350 1470 2549 1539 Ephesi
2590 1485 2701 1525 non
2729 1470 2921 1535 fuisse,
2959 1468 3055 1524 sed
3101 1466 3330 1529 Berreze;
3363 1465 3558 1520 demus
3594 1464 3794 1518 Gaium

2207 1563 2544 1618 successisse
2619 1561 2957 1626 Timotheo;
3022 1558 3388 1615 concedamus
3470 1552 3794 1611 Onesimum

2208 1656 2399 1723 istum,
2444 1671 2609 1728 quem
2671 1672 2773 1712 nee
2803 1655 2919 1722 illi;
2952 1670 3055 1710 nec
3103 1652 3446 1724 Nicephorus
3473 1651 3794 1723 episcopum

2209 1750 2411 1822 Ephesi
2438 1751 2707 1818 nominat,
2736 1753 2840 1807 sub
2867 1750 3179 1806 Domitiano
3202 1750 3444 1805 obiisse:
3473 1765 3541 1803 an
3560 1749 3647 1804 his
3671 1764 3798 1803 om-

521 1830 688 1885 αὑτοῦ
723 1832 881 1905 δόξης
916 1834 1009 1888 καὶ
1058 1836 1349 1907 στρατείας
1386 1836 1541 1902 ἰδὼν,
1589 1838 1651 1891 οὐ
1693 1837 1829 1892 δέδιε
1876 1839 1937 1893 τὸ
1968 1839 2100 1912 πῦρ.

2207 1844 2370 1900 nibus
2402 1845 2706 1907 concessis,
2739 1859 2929 1899 verum
2956 1858 3081 1899 esse
3114 1859 3222 1898 non
3263 1850 3444 1913 potest
3472 1841 3798 1897 Onesimum

528 1941 549 1974 ι
576 1922 710 1978 Nam
736 1927 829 1996 qui
862 1927 1027 1982 modo
1053 1927 1287 1997 suscipit
1308 1930 1560 2000 angelum
1590 1930 1948 1999 paenitentiae,
1977 1947 2103 1987 eum

521 2026 652 2072 tunc
674 2034 781 2072 non
808 2020 1095 2088 ιιωιιὶιειιίι
1112 2036 1236 2075 cum
1253 2021 1321 2077 de
1343 2037 1575 2093 corpore
1596 2022 1829 2089 decedit,
1858 2039 1959 2079 nec
1984 2022 2106 2079 Sal-

520 2118 767 2163 vatorem
788 2111 978 2165 videns
1003 2112 1386 2167 advenientem
1410 2128 1535 2169 cum
1564 2114 1736 2183 gloria
1765 2130 1865 2170 sua
1883 2122 1937 2169 et
1948 2131 2105 2170 exer-

518 2200 628 2255 citu
653 2196 789 2256 feret
818 2201 1389 2274 ignominiam,neque
1412 2204 1592 2277 ignem
1621 2205 1886 2261 timebit.»
1916 2204 2020 2260 Ubi
2037 2207 2105 2262 ad

520 2290 735 2348 Hermae
756 2293 1033 2349 Pastorem
1063 2306 1250 2365 aperte
1278 2298 1493 2365 alludit,
1525 2310 1579 2354 et
1603 2300 1844 2354 ostendit
1867 2299 2007 2353 nihil
2049 2300 2104 2355 in

518 2380 760 2439 Ecclesia
789 2394 921 2441 tunc
944 2391 1210 2458 temporis
1233 2390 1518 2445 definitum
1544 2390 1717 2447 fuisse
1740 2392 1808 2446 de
1831 2391 2105 2461 majorum

517 2476 813 2534 criminum
839 2481 949 2535 reis
980 2495 1013 2535 a
1039 2482 1309 2537 beneficio
1338 2483 1679 2552 poenitentiae
1717 2484 2108 2541 ecclesiasticae

518 2570 740 2637 penitus
763 2573 1145 2630 excludendis.
1176 2574 1339 2631 Certe
1361 2576 1528 2631 verba
1559 2574 1774 2646 Ignatii,
1803 2575 1850 2632 si
1877 2591 2108 2649 genera-

517 2662 642 2717 liter
671 2664 1073 2733 acciperentur,
1105 2667 1242 2722 satis
1272 2668 1419 2722 tetati
1440 2668 1701 2740 martyris
1724 2671 2103 2738 convenirent;

519 2756 567 2809 si
591 2756 776 2823 potius
799 2755 866 2810 de
882 2756 1156 2813 haereticis
1181 2757 1585 2829 intelligantur,
1604 2761 1781 2816 cuivis
1804 2762 1952 2816 aetati
1977 2777 2108 2818 con-

515 2846 765 2900 veniunt.

588 2961 798 3028 Quarto
822 3005 836 3026 ,
874 2961 1118 3033 lgnatius
1153 2962 1480 3036 epistola‘ad
1522 2966 1791 3039 Ephesios
1822 2988 1835 3024 :
1872 2989 1891 3020 ς
1926 2967 2109 3024 Pluri-

517 3070 669 3109 mum
709 3057 856 3110 enim
912 3055 1316 3111 multitudinem
1349 3069 1587 3115 vestram
1632 3060 1685 3114 in
1744 3064 1965 3117 nomine
2009 3062 2106 3117 Dei

517 3147 731 3217 suscepi
766 3147 819 3201 in
863 3146 1159 3216 Onesimo,
1207 3150 1301 3220 qui
1342 3150 1396 3205 in
1436 3152 1700 3208 charitate
1750 3154 2103 3210 inenarrabili
2132 3184 2174 3243 α

515 3248 620 3306 εει,
653 3251 834 3295 vester
867 3249 1049 3296 autem
1111 3243 1166 3297 in
1210 3259 1375 3299 carne
1425 3246 1736 3316 episcOpus.
1769 3248 2102 3320 Ternpornm

516 3335 713 3389 seriem
760 3335 974 3395 turbat,
1016 3336 1197 3405 inquit
1235 3337 1320 3391 vir
1351 3338 1727 3409 doctissimus,
1780 3351 1836 3398 et
1864 3342 2107 3412 loquitur

515 3426 583 3481 de
615 3425 839 3481 homine
878 3426 1027 3481 velut
1052 3427 1264 3483 vivente
1293 3430 1385 3499 qui
1430 3429 1758 3501 jampridem
1802 3444 1917 3490 erat
1954 3451 2106 3490 mor-

516 3528 712 3574 tuus.»
750 3517 856 3574 Sed
914 3520 1059 3575 unde
1102 3532 1320 3579 constat
1374 3540 1499 3579 eum
1551 3526 1871 3584 Onesimum
1936 3529 2107 3589 fuisse

514 3619 819 3679 mortuum,
858 3612 925 3667 de
956 3629 1067 3683 quo
1097 3624 1289 3670 auctor
1340 3618 1584 3688 epistola:
1612 3631 1873 3691 tanquam
1919 3624 2109 3680 viven-

516 3711 589 3769 te,
608 3709 663 3756 ct
691 3700 891 3773 Ephesi
921 3704 1179 3775 episcopo
1203 3714 1333 3763 tunc
1357 3724 1481 3763 cum
1512 3711 1793 3778 scriberet,
1818 3714 2108 3785 loquitur?

513 3793 591 3849 De
631 3794 844 3866 lgnatio
901 3805 1094 3852 nostro
1157 3797 1466 3855 Eusebius:
1498 3801 1646 3857 Μίαν
1682 3804 1783 3875 μὲν
1816 3805 2106 3877 ἐπιστολὴν

512 3890 577 3958 τῇ
607 3888 749 3942 κατὰ
785 3889 1021 3959 Ἔφεσον
1059 3889 1358 3963 Ἐκκλησία
1389 3892 1611 3964 γράφει,
1646 3896 1903 3966 ποιμένος
1937 3897 2107 3969 αὐτῆς

516 3979 873 4051 μνημονεύων
906 3981 1214 4052 ’(ὶνησίμου.
1255 4002 1274 4034 ι
1310 3981 1487 4039 Unam
1542 3986 1763 4057 quidem
1815 3989 2105 4059 epistolam

512 4073 734 4142 scripsit
781 4074 846 4127 ad
892 4071 1192 4128 Ecclesiam
1231 4074 1619 4145 Ephesiorum,
1646 4079 1895 4135 Onesimi
1950 4082 2105 4151 ipso-

512 4180 635 4218 rum
664 4164 903 4233 pastoris
949 4165 1287 4221 mentionem
1336 4168 1563 4225 faciens.
1605 4190 1624 4222 ι
1663 4171 1754 4227 Ille
1795 4174 1961 4245 igitur
2010 4175 2103 4245 qui

512 4258 741 4326 antiqua
776 4256 1035 4312 Ecclesia:
1070 4271 1425 4316 monumenta
1456 4274 1566 4318 tam
1602 4267 1825 4321 assidue
1870 4266 2105 4323 rimatus

510 4348 762 4417 est,qui,
811 4357 893 4403 tot
928 4358 1176 4404 veterum
1228 4353 1612 4425 episcoporum
1662 4357 1941 4429 catalogos
1992 4367 2105 4414 tam

510 4440 798 4510 diligenter
833 4439 1070 4510 collegit,
1103 4440 1170 4495 de
1218 4452 1396 4499 morte
1445 4445 1690 4502 Onesimi
1738 4446 2103 4517 Ephesiorum

2206 1934 2497 2005 quemdam
2539 1933 2659 1989 Gaii
2695 1948 3072 1989 successorem
3103 1931 3320 2003 Epheso
3354 1930 3638 2002 praefuisse
3667 1944 3796 1985 cum

2206 2024 2446 2099 lgnatius
2472 2029 2539 2081 ad
2568 2026 2889 2098 martyrium
2927 2032 3136 2080 tractus
3159 2025 3279 2080 est?
3308 2023 3499 2079 Nonne
3527 2022 3799 2091 Nicepho-

2206 2136 2301 2175 rus
2330 2119 2445 2191 ipse
2466 2119 2782 2174 Onesimum
2806 2117 3096 2188 quemdam
3115 2117 3491 2187 nominat,qui
3520 2124 3643 2187 post
3671 2131 3801 2170 san-

2206 2220 2357 2267 ctum
2378 2210 2677 2277 Andream,
2712 2220 2767 2266 et
2792 2209 3053 2281 Stacbyn,
3076 2210 3366 2282 episcopus
3390 2209 3635 2281 Byzantii
3670 2207 3795 2274 fuit,

2207 2302 2297 2359 cui
2315 2303 2583 2358 successit
2602 2301 2969 2374 Polycarpus?
2983 2302 3101 2360 Non
3126 2306 3241 2359 haec
3261 2314 3540 2359 auctorem
3554 2299 3799 2372 epistola:

2206 2397 2501 2452 ridiculum
2538 2396 2749 2452 faciunt
2775 2416 2792 2452 ε
2825 2414 2988 2469 quem
3029 2398 3255 2455 omnino
3279 2413 3387 2452 non
3410 2404 3670 2467 tangunt;
3700 2392 3795 2448 sed

2208 2489 2394 2560 potius
2417 2487 2652 2544 Dallazus
2673 2487 2957 2545 Usserium
2975 2490 3269 2545 ridiculum
3300 2487 3523 2543 reddere
3540 2493 3793 2548 conatur,

2208 2582 2338 2635 dum
2356 2581 2680 2636 modestiam
2699 2581 2822 2652 ejus
2844 2581 3054 2647 laudat,
3073 2582 3169 2651 qui
3190 2588 3339 2635 tanta
3364 2594 3489 2634 cum
3511 2574 3797 2646 diligentia

2209 2676 2327 2733 haec
2360 2676 2677 2732 testimonia
2711 2676 3077 2743 coacervavit,
3100 2690 3225 2746 qua:
3254 2672 3431 2745 ipsius
3454 2684 3677 2727 causam
3706 2666 3797 2737 ju-

2210 2770 2481 2841 gularent.
2533 2769 2641 2825 Sed
2694 2768 2830 2825 satis
2878 2768 3061 2824 adhuc
3102 2784 3135 2823 a
3183 2767 3389 2823 Graecis
3434 2762 3798 2834 scriptoribus

2208 2873 2328 2918 tuta
2381 2863 2474 2919 illa
2518 2872 2622 2927 est,
2675 2861 2771 2933 qui
2817 2860 3139 2917 Onesimum
3174 2859 3234 2917 S.
3269 2858 3425 2914 Pauli
3465 2855 3797 2925 discipulum

2209 2955 2411 3027 Ephesi
2434 2956 2754 3026 episcopum
2788 2954 2961 3010 fuisse
2994 2970 3105 3009 non
3141 2952 3507 3009 tradiderunt.
3534 2948 3616 3003 Ad
3655 2947 3803 3001 Lati-

2210 3064 2314 3103 nos
2362 3049 2531 3119 igitur
2588 3048 2837 3119 confugit
2887 3046 3162 3109 Dallteus,
3216 3044 3521 3112 asseritque
3570 3040 3798 3106 Bedam,

2210 3140 2480 3208 Adonem,
2500 3140 2820 3209 Notkerum,
2835 3142 3081 3210 aliosque
3097 3139 3306 3195 aflirma
3316 3153 3373 3193 re
3392 3150 3591 3206 magno
3604 3148 3802 3189 omnes

2210 3232 2692 3299 consensu,istum
2744 3232 2813 3286 ab
2854 3230 3064 3303 lgnatio
3088 3230 3373 3301 epistolico
3431 3233 3798 3280 memoratum

2209 3325 2528 3381 Onesimum
2562 3324 2717 3379 Pauli
2739 3324 3067 3395 discipulum
3098 3324 3287 3379 fuisse.
3316 3321 3426 3392 Ego
3452 3335 3583 3375 vero
3637 3317 3801 3373 talem

2209 3433 2543 3473 consensum
2574 3433 2685 3474 non
2713 3418 2949 3487 reperio.
2976 3416 3120 3472 Beda
3151 3415 3287 3469 nihil
3321 3415 3481 3468 habet
3513 3414 3580 3467 de
3605 3408 3802 3481 lgnatii

2208 3508 2471 3564 Onesimo
2502 3550 2518 3575 ,
2580 3508 2718 3563 nihil
2778 3506 3227 3578 Martyrologium
3278 3503 3624 3564 Romanum;
3656 3498 3801 3568 apud

2209 3602 2527 3659 Usuardnm
2560 3617 2670 3656 non
2701 3601 2955 3656 exstabat
2988 3616 3052 3654 ea
3084 3597 3348 3662 narratio,
3384 3595 3479 3651 sed
3511 3609 3540 3649 a
3586 3592 3801 3647 Joanne

2207 3694 2424 3750 Molano
2454 3694 2662 3749 inserta
2692 3703 2796 3759 est,
2834 3693 2945 3748 alio
2974 3692 3292 3747 charactere
3320 3698 3375 3744 et
3402 3686 3685 3758 praemissa
3708 3683 3802 3737 lit-

2208 3796 2324 3844 tera
2347 3787 2413 3853 A,
2437 3802 2535 3857 per
2578 3801 2701 3855 quae
2730 3786 2902 3842 lector
2922 3784 3183 3840 facillime
3205 3782 3451 3837 advertat
3474 3794 3537 3835 ea
3559 3776 3801 3833 Usuardi

2210 3898 2322 3937 non
2354 3897 2500 3949 esse,
2528 3881 2623 3936 sed
2648 3879 2876 3945 Adonis,
2894 3888 2954 3933 ut
2978 3878 3232 3931 Molanus
3255 3877 3373 3946 ipse
3402 3875 3456 3927 in
3478 3870 3801 3943 praefatione

2209 3976 2448 4030 monuit.
2477 3972 2598 4028 Jam
2620 3988 2752 4028 vero
2769 3971 2912 4040 Ado,
2940 3972 3034 4041 qui
3060 3968 3381 4025 Onesimum
3398 3964 3613 4021 S.Pauli
3639 3963 3807 4035 lgna-t

2210 4069 2420 4123 tianum
2443 4065 2595 4131 facit,
2624 4081 2731 4121 non
2756 4075 2946 4120 narrat
2966 4079 3091 4119 eum
3117 4064 3220 4117 sub
3237 4061 3547 4116 Domitiano
3568 4058 3796 4113 obiisse:

2211 4158 2555 4231 Nicephorus
2605 4172 2847 4228 nuperos
2906 4158 3143 4227 scriptor
3164 4197 3179 4222 ,
3209 4151 3531 4209 Onesimum
3561 4152 3664 4207 sub
3690 4148 3803 4204 Do-

2207 4252 2436 4308 mitiano
2480 4260 2776 4322 martyrem
2822 4249 2978 4317 facit,
3027 4249 3345 4318 episcopum
3380 4243 3582 4316 Ephesi
3625 4242 3801 4297 fuisse

2208 4360 2318 4400 non
2349 4352 2560 4399 narrat.
2596 4342 2847 4410 Cumque
2874 4357 3000 4396 eum
3026 4342 3179 4397 solus
3213 4340 3303 4395 ille
3337 4338 3541 4393 referat
3570 4351 3632 4391 ea
3661 4343 3801 4389 tem-

2209 4448 2416 4507 pestate
2443 4437 2766 4508 martyrium
2802 4436 3061 4501 subiisse,
3100 4450 3207 4489 non
3229 4432 3507 4487 immerito
3538 4430 3613 4485 illi
3634 4428 3796 4483 fidem

510 4533 752 4604 episcOpi
782 4548 851 4587 ne
886 4532 1178 4588 minimum
1214 4535 1435 4606 quidem
1464 4541 1799 4610 suspicatur.
1823 4539 1977 4598 Unde
2004 4545 2105 4615 igi-

2209 4532 2442 4601 denegat
2473 4529 2767 4593 Baronius,
2796 4528 3101 4598 praesertim
3132 4527 3177 4581 si
3212 4526 3279 4580 de
3325 4525 3583 4594 episcopo
3616 4521 3798 4591 Ephe-

510 4635 601 4681 tur
636 4625 786 4683 novit
820 4626 1054 4683 Dallaeus
1089 4629 1412 4685 Onesimum
1452 4631 1608 4686 illum
1638 4674 1652 4698 ,
1687 4633 1847 4703 cujus
1893 4636 2101 4692 mentio

511 4721 568 4776 in
602 4721 705 4776 hac
734 4721 963 4791 epistola
988 4722 1130 4779 facta
1172 4731 1279 4790 est,
1309 4739 1433 4779 cum
1470 4722 1717 4796 Smyrnae
1753 4734 1901 4781 esset
1939 4726 2102 4799 lgna~

510 4811 662 4881 tius,
695 4812 751 4868 in
801 4813 940 4869 vivis
998 4831 1108 4871 non
1150 4814 1368 4871 fuisse?
1408 4813 1523 4870 Hoc
1564 4816 1728 4870 unico
1778 4829 2103 4888 argumento

511 4904 708 4972 fretos,
738 4916 792 4960 et
821 4906 1087 4976 epistolae,
1112 4923 1278 4979 quam
1316 4905 1516 4964 fatetur
1546 4915 1672 4963 ante
1689 4918 1903 4964 aetatem
1930 4909 2103 4966 Euse-

508 4997 584 5052 bii
611 5001 972 5070 scriptam,et
993 4999 1214 5055 Eusebii
1254 5000 1429 5070 ipsius
1462 5001 1847 5056 auctoritatem
1879 5002 2105 5057 eludere

509 5106 569 5145 se
616 5107 781 5161 posse
835 5102 1036 5164 sperat.
1077 5091 1347 5149 Observat
1387 5109 1454 5148 ex
1492 5091 1739 5160 Usserio,
1783 5092 2102 5150 Graecorum

509 5180 715 5236 Mentra
749 5192 799 5237 et
836 5185 1164 5256 Symeonem
1208 5184 1628 5255 Metaphrastem
1662 5201 1773 5239 non
1804 5201 2103 5256 agnoscere

510 5270 835 5327 Onesimum
910 5284 1206 5345 martyrem
1273 5274 1446 5331 fuisse
1501 5274 1700 5344 Ephesi
1755 5277 2101 5347 episcopum,

510 5360 965 5419 Constitutionum
999 5366 1415 5436 apostolicarum
1469 5367 1793 5436 scriptorem
1826 5366 2105 5424 affirmare

510 5473 637 5512 eum
666 5456 863 5512 Beraeae
902 5459 1221 5528 episcopum
1266 5457 1438 5514 fuisse
1472 5499 1487 5524 ,
1514 5459 1848 5514 Dorotheum
1890 5468 1947 5515 et
1971 5458 2104 5531 Hip-

512 5549 759 5621 polytum
792 5565 1041 5605 asserere
1096 5549 1317 5619 Gaium,
1350 5548 1623 5607 Timothei
1675 5549 1730 5606 in
1780 5552 2104 5622 episcopatu

512 5655 887 5697 successorem
945 5642 1135 5698 fuisse.
1178 5640 1548 5714 Nicephorum
1599 5642 1840 5713 denique
1887 5643 2105 5699 tradere

509 5732 830 5791 Onesimum
872 5735 976 5791 sub
1008 5734 1323 5792 Domitiano
1355 5736 1583 5792 obiisse.
1628 5734 1708 5790 Ex
1747 5736 1833 5792 his
1862 5736 2103 5792 auctori-

510 5830 615 5885 bus
638 5830 801 5902 plane
836 5830 1125 5888 ridiculum
1158 5831 1517 5903 epistolarum
1547 5841 1828 5890 auctorem
1861 5848 2105 5904 pronun-

2206 4625 2329 4679 sino
2358 4623 2718 4695 intelligatur.
2748 4622 2884 4676 Nam
2909 4621 2955 4677 si
2989 4620 3080 4674 ille
3112 4619 3403 4689 episcOpus
3428 4615 3627 4671 Berazaa
3670 4613 3797 4681 fuit,

2204 4732 2314 4772 non
2348 4726 2533 4772 autem
2568 4714 2808 4787 Ephesi,
2842 4722 2906 4769 ut
2952 4714 3045 4768 alii
3091 4710 3405 4781 Nicephoro
3456 4708 3799 4778 antiquiores

2204 4810 2447 4877 voluere,
2484 4810 2551 4863 ad
2587 4824 2690 4864 nos
2723 4823 2832 4862 non
2858 4806 3113 4879 pertinet.
3166 4802 3302 4870 Quis
3328 4801 3473 4857 enim
3508 4816 3618 4855 non
3651 4798 3802 4854 videt

2204 4904 2466 4959 Onesimo
2509 4903 2569 4957 S.
2628 4901 2807 4969 Pauli,
2845 4901 3105 4971 episcopo
3172 4898 3371 4952 Berteaa
3397 4936 3413 4963 ,
3455 4894 3801 4964 temporibus

2205 4994 2502 5049 Domitiani
2556 4994 2839 5059 defuncto,
2875 4991 3198 5046 Onesimum
3250 4988 3419 5042 alium
3455 4993 3581 5056 post
3610 4982 3802 5037 Timo-

2206 5088 2391 5142 theum
2421 5096 2475 5141 et
2500 5086 2695 5141 Gaium
2740 5084 2958 5155 Epheso
2988 5098 3224 5154 praeesse
3267 5078 3518 5151 potuisse
3557 5077 3662 5132 sub
3695 5077 3801 5130 im-

2204 5183 2357 5253 perio
2396 5180 2663 5249 Trajani?
2691 5178 2963 5246 Quoniam
2997 5187 3179 5231 autem
3215 5174 3447 5229 Dallaaus
3480 5179 3655 5238 notat,
3696 5170 3803 5223 Ba-

2206 5273 2426 5328 ronium
2478 5271 2788 5343 Nicephoro
2842 5284 3089 5326 errorem
3148 5268 3431 5335 tribuere,
3465 5284 3484 5318 ι
3520 5281 3631 5319 non
3691 5262 3799 5317 alia

2204 5380 2373 5435 quam
2406 5365 2603 5418 harum
2633 5362 2993 5434 epistolarum
3026 5360 3385 5425 auctoritate,
3419 5376 3439 5410 ι
3468 5371 3591 5427 quae
3618 5354 3803 5410 adhuc

2206 5458 2261 5512 in
2298 5457 2742 5513 controversiam
2776 5455 3039 5521 veniunt;
3074 5462 3131 5508 et
3175 5461 3361 5508 tamen
3412 5449 3635 5512 fatetur,
3677 5464 3695 5498 ι
3737 5443 3800 5499 Si

2205 5548 2402 5621 lgnatii
2440 5563 2569 5604 vere
2601 5556 2864 5617 certoque
2894 5554 3083 5602 essent
3111 5544 3283 5613 (quod
3311 5543 3446 5599 mihi
3491 5540 3712 5612 quidem
3742 5547 3801 5594 et

2206 5658 2395 5699 verum
2420 5652 2475 5698 et
2506 5651 2717 5698 certum
2752 5641 2990 5711 videtur)
3020 5656 3213 5703 earum
3236 5639 3418 5710 potius
3444 5651 3608 5705 quam
3639 5631 3802 5689 Nice-

2206 5736 2366 5807 phori
2417 5750 2542 5790 esse
2575 5734 2914 5804 sequendam
2960 5732 3159 5799 fidem;
3194 5750 3214 5782 ι
3253 5728 3539 5783 videamus
3582 5724 3636 5792 ,εἰ
3685 5738 3797 5780 non

2208 5830 2430 5888 aliunde
2461 5829 2761 5887 absurdum
2784 5842 2914 5901 esse
2946 5826 3199 5885 videatur
3223 5822 3544 5881 Onesimum
3593 5816 3800 5890 Ephesi
