4138 6388
352 351 465 407 357

1106 342 1157 399 J.
1200 340 1565 397 PEARSONII
1607 333 1934 394 VINDICIIE
1974 329 2408 389 IGNATIANIE.
2446 358 2515 371 —
2567 324 2749 380 PARS
2791 322 2854 378 ll.

3530 316 3635 373 553

354 468 686 536 episcopum
713 466 817 523 sub
851 463 1162 520 Domitiano
1185 464 1506 536 martyrium
1533 461 1812 518 subiisse?
1841 459 1945 525 Qui
1978 468 2025 524 Α
2123 454 2299 536 rentia
2322 468 2464 534 _er:qa
2651 446 2909 536 Litteras.
2956 442 3269 536 A‘pocrppha
3298 456 3437 536 stupe
3450 459 3515 536 Λα
3552 459 3640 536 ue:

355 556 685 612 Onesimum
710 556 910 626 Ephesi
943 556 1259 626 episcopum
1279 553 1450 610 fuisse
1469 555 1688 617 docent,
1716 566 1841 605 eum
1865 548 1949 604 vel

356 648 524 713 Gaio,
548 649 632 703 vel
664 647 953 703 Timotheo
978 647 1317 703 successisse
1343 647 1567 701 volunt:
1598 642 1948 697 Timotheum

354 750 514 793 certe
538 740 774 808 primum
809 738 1096 808 Ephesinaa
1132 738 1390 793 Ecclesia:
1418 737 1733 807 episcopum
1788 746 1951 803 agno-

357 831 470 882 scit
498 828 801 893 Eusebius;
840 830 981 885 idem
1017 838 1285 884 testantur
1310 830 1444 883 Acta
1475 826 1690 882 concilii
1724 826 1952 881 Chalce-

355 920 652 988 donensis,
691 930 742 976 et
784 930 940 977 vetus
990 922 1311 993 martyrium
1366 919 1423 975 S.
1474 920 1769 983 Timothei,
1806 917 1949 988 apud

356 1013 648 1076 Photium,
696 1015 820 1069 cod.
864 1015 970 1069 254
1004 1030 1017 1067 :
1055 1016 1175 1068 Ὅτι
1219 1013 1439 1086 πρῶτον
1481 1012 1743 1083 Τιμόθεον
1778 1014 1811 1083 ἡ
1848 1029 1952 1064 πα-

356 1108 539 1180 ροῦσα
572 1109 864 1180 συγγραφή
902 1126 1064 1178 φησιν
1110 1108 1334 1176 Ἐφέσου
1366 1107 1755 1176 ὲπισκοπῆσαι.
1793 1123 1812 1156 ‹
1846 1103 1953 1158 No-

355 1201 595 1255 tandum
624 1203 767 1271 quod
811 1218 1049 1271 pratsens
1076 1203 1341 1273 scriptum
1370 1201 1573 1257 referat
1599 1198 1947 1254 Timotheum

357 1292 605 1361 primum
630 1292 831 1363 Ephesi
855 1294 1174 1364 episcopum
1201 1293 1392 1349 fuisse.
1421 1313 1439 1345 ι
1464 1292 1584 1347 Jam
1616 1308 1747 1347 vero
1769 1291 1952 1345 Timo-

356 1382 553 1436 theum
581 1382 696 1453 ipse
715 1382 1059 1455 Nicephorus
1087 1385 1254 1440 tradit
1295 1385 1399 1440 sub
1437 1382 1767 1453 Vespasiano
1796 1396 1950 1437 mar-

356 1473 512 1543 tyrio
559 1483 885 1529 coronatum
944 1474 1115 1532 fuisse
1155 1491 1169 1529 :
1222 1476 1366 1531 idem
1419 1484 1653 1530 testatur
1702 1473 1949 1544 ejusdem

359 1565 693 1636 martyrium
725 1567 781 1621 in
818 1565 1154 1623 Bibliotheca
1181 1565 1385 1622 Photii.
1422 1565 1738 1623 Persecutio
1766 1574 1949 1621 autem

358 1656 609 1712 secunda
641 1658 747 1713 sub
777 1656 1094 1714 Domitiano
1133 1659 1398 1715 extremis
1427 1658 1573 1714 illius
1604 1657 1953 1729 imperatoris

357 1749 711 1818 temporibus
744 1750 985 1806 excitata
1023 1759 1126 1806 est.
1192 1749 1466 1807 Eusebius
1496 1751 1562 1806 ad
1594 1765 1801 1806 annum
1831 1750 1951 1821 ejus

2126 511 2437 579 tustissimis
2460 519 2809 586 scriptoribus
2839 511 3422 586 citantur.idtlstiuboni
3439 511 3640 586 duplex

2126 595 2395 664 responsio
2432 583 2750 664 afer-turpet
2802 598 3021 664 utraque
3056 584 3305 664 plurilms‘
3330 583 3636 664 stabilitur.

2130 654 2369 733 Epistola
2420 654 2495 717 S."
2524 660 2743 733 ΙέιηαιὶξΔ
2764 658 2849 733 ad_
2879 654 3141 709 Remanos
3164 655 3228 708 ab
3254 654 3635 733 o-bjectionibus

2130 727 2327 790 D'ullwi
2350 727 2671 787 vindicatur.
2696 727 3003 790 Fortitudo,
3023 727 3324 779 constantia
3337 735 3386 778 et
3419 740 3640 794 magna-

2124 808 2343 861 nimitas
2375 812 2673 872 martyrum
2720 797 3121 872 defenduntur;
3148 796 3495 872 ρζιινὶηιίεᾳιιε
3523 794 3637 847 Ραν

2126 888 2263 931 trum
2294 867 2589 937 sententiis,
2624 881 2675 925 et
2725 867 2939 923 heroum
2996 867 3637 937 Clu-istianorunt_exem-

2122 950 2227 1019 plis
2279 934 2653 1019 cmplicautur;
2688 955 2912 1012 quorum
2953 939 3110 1007 factis
3158 954 3389 991 consona
3434 934 3639 1007 [gnatis

2122 1016 2279 1075 verba
2308 1016 2675 1071 ostenduntur.

2121 1112 2379 1170 Proxima
2395 1118 2842 1182 argumentorum
2879 1105 3163 1175 congeries
3200 1120 3263 1159 ex
3299 1103 3369 1158 iis
3404 1101 3639 1157 conﬂata

2052 1218 2106 1265 et
2133 1208 2515 1264 consarcinata
2566 1211 2669 1265 est,
2691 1216 2813 1271 quae
2854 1214 3104 1270 personae
3134 1197 3221 1252 cui
3270 1196 3512 1265 epistolae
3542 1193 3644 1247 tri-

2054 1302 2305 1357 buuntur
2330 1298 2416 1352 vel
2448 1295 2718 1359 moribus,
2747 1292 2832 1346 vel
2854 1290 3136 1359 dignitate,
3161 1288 3245 1342 vel
3284 1286 3524 1356 ingenio,
3554 1284 3644 1339 vel

2052 1394 2253 1464 pietate
2270 1392 2447 1446 aliena
2461 1397 2715 1451 sunt,aut
2728 1386 2908 1457 potius
2927 1383 3132 1453 iniquis
3151 1398 3333 1437 rerum
3352 1380 3646 1435 aastimato-

2053 1486 2208 1539 ribus
2226 1484 2497 1538 videntur.
2530 1480 2635 1535 Sed
2658 1495 2720 1534 ea
2739 1478 3059 1549 plerumque
3082 1474 3441 1543 adducitqua:
3466 1472 3548 1525 vel
3575 1472 3645 1526 ab

2054 1575 2446 1646 interpolatore
2479 1572 2842 1644 genuinarum
2865 1608 2879 1633 ,
2916 1568 3056 1623 vela
3087 1568 3272 1622 lictore
3306 1565 3645 1635 reliquarum

2052 1666 2410 1736 epistolarum
2447 1664 2649 1734 scripta
2688 1670 2844 1728 sunt;
2881 1676 3117 1732 quorum
3167 1673 3373 1722 mores,
3407 1657 3646 1727 dignita-

2054 1764 2163 1811 tem
2184 1799 2198 1823 ,
2229 1755 2549 1825 ingenium,
2580 1754 2838 1824 pietatem
2872 1750 3045 1806 nostri
3077 1766 3186 1804 non
3220 1747 3542 1804 defendunt.
3584 1744 3646 1799 lu

360 1837 431 1891 14
460 1856 475 1892 ε
508 1857 527 1889 ι
557 1839 845 1896 Secundus
868 1849 997 1911 post
1022 1840 1292 1896 Neronem
1316 1840 1661 1897 Domitianus
1687 1841 1958 1898 Christia-
1989 1853 2033 1910 Β
2058 1857 2175 1903 toto
2207 1848 2383 1918 capite
2415 1847 2481 1901 14
2515 1845 2651 1900 nihil
2680 1844 2825 1900 aliud
2858 1858 2926 1897 ex
2968 1841 3178 1912 lgnatio
3222 1849 3413 1897 nostro
3440 1837 3643 1901 attulit,

357 1944 468 1984 nos
498 1931 873 1999 persequitur.
907 1950 927 1982 ι
967 1929 1140 1998 Quem
1186 1932 1367 1987 locum
1419 1933 1717 2001 respiciens
1762 1930 1956 1987 Hiero-

359 2038 568 2092 nymus
596 2023 651 2076 in
676 2021 963 2093 Catalogo,
993 2023 1061 2077 de
1087 2022 1145 2077 S.
1170 2020 1382 2077 Joanne
1412 2040 1425 2077 :
1461 2043 1479 2075 ι
1505 2022 1715 2089 Quarto
1742 2024 1956 2079 decimo

358 2117 536 2187 igitur
568 2130 734 2181 anno,
783 2116 983 2186 inquit,
1018 2117 1319 2172 secundam
1355 2126 1479 2187 post
1505 2114 1777 2171 Neronem
1826 2133 1955 2188 per-

358 2209 735 2273 secutionem,
760 2222 1013 2264 movente
1036 2209 1370 2275 Domitiano,
1392 2210 1445 2265 in
1466 2209 1695 2265 Patmon
1719 2211 1953 2267 insulam

358 2302 645 2371 relegatus
685 2302 910 2372 scripsit
953 2303 1337 2374 Apocalypsin.
1379 2322 1399 2356 ι
1443 2302 1557 2358 Sub
1614 2304 1718 2358 hac
1767 2317 1956 2372 perse-

359 2394 592 2449 cutione
623 2394 1028 2451 ebdormivisse
1074 2394 1424 2451 Timotheum
1479 2394 1814 2451 credendum
1850 2403 1955 2465 est;

362 2487 555 2542 brevis
583 2497 767 2542 autem
798 2503 863 2543 ea
904 2488 1027 2553 fuit,
1061 2496 1200 2545 teste
1228 2488 1569 2544 Tertulliano
1596 2489 1652 2543 in
1685 2488 1956 2559 Apologe-

363 2579 486 2632 tico
515 2596 529 2632 :
560 2596 581 2629 ι
618 2576 948 2634 Tentaverat
1000 2589 1055 2635 et
1102 2580 1449 2636 Domitianus
1499 2580 1680 2650 portio
1724 2579 1959 2637 Neronis

362 2672 433 2726 de
458 2672 786 2728 crudelitate
811 2690 826 2739 ;
853 2673 947 2727 sed
974 2688 1083 2743 qua
1112 2682 1166 2728 et
1194 2673 1382 2739 homo,
1419 2672 1575 2729 facile
1602 2683 1840 2745 emptum
1873 2690 1961 2729 re-

363 2765 597 2832 pressit,
629 2763 905 2819 restitutis
945 2766 1109 2820 etiam
1145 2780 1288 2836 quos
1336 2766 1711 2834 relegaverat;
1752 2785 1772 2819 ι
1811 2767 1959 2837 quod

363 2866 421 2910 et
456 2857 604 2926 apud
656 2856 957 2913 Eusebium
992 2856 1330 2929 Hegesippus
1361 2868 1615 2916 testatur.
1661 2858 1782 2915 Jam
1832 2861 1960 2932 quis

362 2949 560 3004 credet
583 2948 926 3017 Onesimum,
951 2951 1045 3020 qui
1078 2951 1125 3006 si
1151 2949 1293 3007 forte
1316 2951 1372 3006 in
1394 2950 1673 3021 Ephesina
1712 2951 1959 3008 Ecclesia

364 3044 459 3099 vel
488 3044 594 3113 ipsi
626 3042 940 3112 Timotheo,
974 3045 1060 3100 vel
1095 3045 1217 3115 ejus
1241 3046 1549 3102 successori
1573 3045 1711 3103 Gaio
1744 3047 1962 3117 episco~

361 3153 477 3207 pus
505 3138 767 3194 suﬂ‘ectus
796 3148 915 3205 est,
940 3140 1043 3195 sub
1080 3140 1270 3195 eadem
1309 3142 1692 3210 petseculione
1735 3156 1956 3212 passum

2057 1943 2163 1998 nisi
2202 1942 2335 1997 illud
2389 1950 2669 1997 recoctum
2707 1958 2721 1994 :
2760 1958 2778 1991 ι
2813 1936 2946 1994 Sine
2979 1936 3273 2007 episcopo,
3310 1933 3648 2005 presbyteris

2056 2043 2112 2090 et
2160 2033 2409 2089 diaconis
2459 2031 2758 2088 Ecclesiam
2811 2045 2921 2085 non
2972 2027 3193 2094 vocari;
3228 2045 3248 2079 ι
3283 2024 3428 2096 quod
3468 2038 3648 2094 neque

2057 2127 2306 2183 moribus
2325 2166 2340 2192 ,
2369 2139 2547 2195 neque
2577 2122 2825 2194 dignitati
2852 2163 2868 2189 ,
2896 2135 2997 2175 nec
3037 2117 3259 2190 ingenio
3284 2158 3299 2184 ,
3327 2131 3428 2171 nec
3456 2113 3647 2185 pietati

2058 2219 2316 2292 martyris
2344 2225 2632 2289 repugnat,
2664 2224 2720 2271 et
2770 2215 2859 2271 cui
2904 2223 3061 2269 antea
3114 2224 3439 2281 responsum
3494 2208 3650 2263 dedi-

2057 2328 2204 2367 mus.
2256 2310 2433 2382 Caput
2461 2309 2550 2374 15,
2599 2317 2865 2379 quantum
2910 2313 3177 2376 quantum
3221 2311 3306 2358 est
3351 2303 3419 2357 de
3469 2299 3647 2362 festis.

2058 2404 2127 2459 de
2176 2404 2438 2469 sabbato,
2470 2402 2538 2457 de
2597 2400 2823 2471 jejuniis
2875 2406 3119 2453 tractans
3147 2438 3162 2464 ,
3190 2412 3257 2451 ex
3302 2394 3506 2464 spuriis
3564 2401 3649 2447 to-

2060 2504 2176 2549 tum
2237 2493 2534 2549 conﬂatum
2591 2501 2718 2560 est,
2767 2500 2822 2547 et
2894 2488 3163 2561 lgnatium
3217 2497 3466 2542 nostrum
3540 2500 3651 2539 non

2060 2586 2258 2656 tangit.

2132 2676 2323 2747 Capite
2349 2675 2437 2743 16,
2476 2674 2646 2730 multa
2679 2672 2837 2744 quasi
2866 2670 3122 2726 heretica
3156 2667 3433 2740 producit,
3459 2664 3555 2722 sed
3585 2681 3653 2720 ex

2062 2771 2269 2840 spuriis
2305 2769 2471 2823 etiam
2502 2785 2515 2835 ;
2548 2784 2578 2822 e
2609 2776 2802 2821 nostro
2840 2780 3012 2820 unum
3061 2772 3275 2817 tantum
3310 2760 3490 2815 locum
3521 2772 3652 2829 pro-

2061 2861 2186 2928 fert,
2216 2864 2311 2932 qui
2371 2861 2421 2916 ei
2468 2879 2487 2913 ‹
2525 2850 2634 2915 non
2661 2858 2795 2914 satis
2848 2872 3061 2914 sanus:
3105 2855 3366 2919 videtur;
3417 2852 3630 2908 scilicet

2061 2953 2343 3009 Christum
2375 2952 2543 3009 fuisse
2571 2951 2701 3005 Υἱὸν
2732 2949 2868 3003 Θεοῦ
2895 2949 3037 3004 κατὰ
3058 2947 3270 3020 Θέλημα
3302 2947 3395 3001 καὶ
3427 2945 3656 3017 δύναμιν

2062 3045 2218 3110 Θεοῦ,
2255 3065 2274 3098 ι
2308 3044 2509 3099 Filium
2544 3043 2637 3098 Dei
2690 3042 2994 3099 secundum
3022 3042 3354 3096 voluntatem
3384 3048 3437 3094 et
3463 3049 3658 3109 poten-

2062 3140 2193 3194 tiam
2225 3140 2341 3194 Dei.
2367 3158 2387 3191 t
2431 3137 2683 3193 Hteccine
2712 3145 2892 3191 autem
2916 3144 2977 3190 ut
3004 3135 3147 3190 inter
3182 3133 3438 3189 haeretica
3463 3147 3655 3187 recen-

364 3225 568 3294 fuisse,
594 3239 648 3284 et
674 3246 780 3284 non
809 3232 991 3300 potius
1019 3231 1088 3285 ad
1112 3231 1463 3286 undecimum
1497 3230 1720 3301 Trajani
1754 3248 1961 3287 annum
1989 3214 2032 3272 (ἶ
2066 3237 2313 3295 seantur,
2353 3243 2476 3298 quae
2506 3242 2538 3281 a
2573 3225 2637 3282 Β.
2670 3224 3019 3280 Theodoreto
3050 3239 3149 3293 pro
3180 3221 3448 3278 catholica
3470 3218 3659 3274 Eccle-

364 3319 749 3388 perdurasse?
782 3320 922 3376 Nam
952 3322 1101 3392 quod
1148 3322 1385 3379 Dallaaus
1412 3339 1479 3379 ex
1522 3326 1716 3380 ordine
1753 3335 1964 3396 tempo-

366 3426 502 3466 rum
533 3413 787 3469 evincere
817 3425 1072 3481 conatur,
1109 3416 1268 3471 nihili
1291 3425 1393 3472 est.
1425 3415 1543 3472 Non
1568 3418 1715 3473 enim
1747 3417 1851 3472 100
1871 3426 1967 3473 aut

365 3503 442 3557 90
468 3519 742 3561 annorum
772 3523 899 3563 eum
934 3507 1123 3574 fuisse,
1148 3524 1273 3564 cum
1315 3521 1641 3577 moreretur,
1672 3510 1798 3565 inde
1824 3526 1964 3566 con-

364 3596 579 3651 ﬁcitur.
602 3596 764 3653 Putat
791 3600 884 3655 ille
912 3598 1143 3655 Paulum
1169 3600 1237 3655 ad
1258 3598 1635 3656 Philemonem
1680 3601 1969 3671 scripsisse

367 3704 523 3742 anno
550 3688 768 3745 Domini
800 3692 890 3746 56.
924 3689 1029 3745 Sed
1060 3689 1120 3747 S.
1144 3690 1348 3746 Paulus
1372 3689 1582 3758 Romae,
1625 3700 1679 3747 et
1704 3707 1830 3747 cum
1850 3692 1966 3762 jam

366 3778 469 3832 diu
501 3778 557 3831 in
593 3781 827 3835 vinculis
860 3780 1074 3846 fuisset,
1121 3781 1190 3836 ad
1220 3780 1597 3837 Philemonem
1630 3784 1872 3852 scripsit,
1908 3791 1970 3838 ut

365 3884 441 3924 ex
475 3870 594 3939 ipsa
616 3870 864 3942 Epistola
888 3881 1127 3939 constat,
1151 3881 1206 3928 et
1233 3872 1600 3945 Hieronymus
1628 3883 1683 3931 et
1716 3873 1971 3931 Theodo-

368 3971 531 4018 retus
553 3964 955 4021 demonstrant.
993 3967 1065 4021 At
1088 3965 1321 4021 Romam
1354 3976 1481 4021 ante
1510 3982 1716 4022 annum
1751 3967 1970 4024 Domini

367 4057 659 4126 vulgarem
691 4058 761 4113 64
791 4059 997 4116 vidisse
1029 4058 1088 4115 S.
1115 4059 1349 4116 Paulum
1378 4076 1542 4117 nemo
1573 4062 1846 4131 probabit.
1887 4064 1972 4119 Ab

370 4164 526 4204 anno
563 4161 747 4207 autem
776 4152 846 4207 65
872 4153 941 4207 ad
977 4168 1182 4209 annum
1214 4154 1338 4220 l07,
1370 4169 1481 4224 quo
1503 4154 1792 4224 scripsisse
1814 4154 1973 4228 lgna-

370 4244 517 4297 tium
540 4244 812 4311 dicimus,
847 4249 977 4300 anni
1013 4255 1225 4301 tantum
1268 4257 1397 4302 sunt
1429 4247 1520 4302 42.
1558 4247 1837 4304 Ponamus
1874 4249 1974 4319 igi-

372 4345 471 4391 tur
518 4334 843 4393 Onesimum
880 4339 951 4392 26
994 4354 1266 4393 annorum
1319 4338 1527 4406 fuisse,
1562 4356 1687 4396 cum
1728 4356 1857 4396 eum
1903 4339 1974 4395 ad

374 4430 545 4487 ﬁdem
584 4432 961 4488 Christianam
1010 4434 1282 4489 convertit
1334 4433 1392 4489 S.
1449 4434 1656 4489 Paulus
1676 4435 1971 4505 ;§nondum

374 4524 836 4593 septuagenarius
884 4524 1109 4591 fuisset,
1162 4540 1287 4580 cum
1328 4525 1386 4579 S.
1436 4526 1677 4596 lgnatius
1724 4526 1972 4599 Smyrna:

373 4612 730 4669 consisteret.
767 4614 893 4670 Sive
936 4616 1103 4686 igitur
1142 4617 1251 4671 duo
1299 4615 1506 4673 fuerint
1537 4619 1779 4673 Onesimi
1815 4630 1973 4675 aatate

376 4704 440 4760 S.
475 4703 694 4775 lgnatii,
716 4723 861 4763 unus
889 4706 1261 4773 Beraaaa,alter
1283 4708 1484 4779 Ephesi
1516 4710 1829 4781 episcopus,
1859 4714 1974 4768 sive

375 4812 529 4852 unus
562 4807 775 4853 tantum
815 4798 973 4869 isque
1014 4799 1356 4869 Ephesinus,
1412 4801 1549 4855 nihil
1590 4802 1854 4859 hactenus
1891 4803 1975 4859 di-

372 4896 534 4944 ctum
564 4899 649 4945 est
671 4891 818 4959 quod
843 4892 955 4945 ullo
986 4892 1151 4947 modo
1173 4893 1385 4962 probet,
1416 4893 1628 4948 nullum
1653 4892 1974 4950 Onesimum

372 4979 602 5050 Epheso
631 4980 939 5052 prml‘uisse,
975 4998 1102 5039 cum
1124 4983 1377 5055 lgnatius
1398 4984 1468 5040 ad
1498 4985 1825 5057 martyrium
1863 4994 1977 5040 tra-

373 5074 627 5129 heretur.

448 5165 593 5220 Cum
626 5167 792 5237 igitur
837 5166 1025 5223 omnia
1072 5167 1140 5224 ad
1185 5183 1417 5224 examen
1448 5178 1639 5225 vocata
1692 5170 1823 5237 sint,
1855 5184 1979 5241 qua:

373 5270 693 5331 temporum
725 5262 888 5321 ﬁdem
930 5262 1153 5332 pulsare
1190 5262 1539 5330 videbantur,
1570 5262 1706 5317 nihil
1745 5263 1874 5318 novi
1920 5266 1977 5319 in

379 5353 471 5409 his
498 5355 749 5424 epistolis
780 5364 1056 5425 repertum
1088 5364 1205 5419 est;
1238 5356 1425 5410 omnia
1469 5354 1653 5424 potius
1696 5352 1981 5426 Ignatiano

380 5459 503 5499 aevo
528 5447 777 5518 apprime
804 5461 1052 5504 consona
1076 5453 1364 5516 apparent.

979 5573 1213 5635 CAPUT
1266 5577 1360 5634 IX.

385 5670 583 5743 Aliena
621 5685 653 5743 ᾳ
693 5668 973 5743 virtutibus
1000 5670 1059 5727 S.
1108 5669 1309 5739 lgnatii
1352 5671 1762 5743 dispunguntur.
1811 5668 1980 5725 Nulla

463 5742 521 5794 in
549 5740 786 5811 epistolis
816 5747 931 5810 ejus
980 5745 1194 5800 haeresis
1234 5740 1514 5812 reperitur.
1547 5740 1629 5798 ’Ν
1636 5742 1748 5798 ulla
1779 5747 1969 5798 irreve-

461 5856 533 5891 ⁸³·
572 5855 705 5912 Luc.
737 5873 776 5924 ι,
804 5857 891 5912 35.

2003 4573 2053 4633 D

2070 3321 2166 3376 size
2193 3320 2461 3386 sententia
2504 3326 2699 3373 contra
2748 3315 3039 3371 haereticos
3082 3311 3657 3385 proferunturiApud

2068 3417 2223 3472 illum
2262 3413 2483 3485 quidem
2540 3411 2774 3482 legimus
2830 3407 3176 3480 θεότητα,ἰη
3234 3412 3422 3461 nostro
3472 3414 3658 3458 autem

2067 3510 2255 3565 codice
2299 3506 2534 3577 θέλημα,
2572 3511 2707 3557 utet
2746 3502 2801 3557 in
2834 3498 3135 3555 Usseriauo
3174 3498 3476 3567 interprete
3508 3514 3526 3547 ι
3557 3511 3661 3550 vo-

2068 3602 2357 3657 luntatem.
2399 3597 2662 3652 tVariam
2700 3596 2788 3649 hic
2816 3593 3107 3649 lectionem
3160 3606 3282 3647 esse
3340 3600 3394 3645 et
3439 3589 3660 3660 quidem

2066 3696 2227 3750 valde
2253 3693 2535 3763 antiquam
2567 3690 2692 3761 quis
2722 3704 2833 3743 non
2853 3687 3042 3741 videt?
3073 3684 3216 3751 Quid
3247 3685 3304 3739 in
3336 3699 3441 3741 suo
3470 3682 3663 3764 codice

2068 3785 2264 3841 viderit
2299 3782 2677 3853 interpolator,
2710 3797 2778 3835 an
2810 3779 3064 3849 θεότητα,
3101 3792 3168 3832 an
3202 3775 3416 3847 οέλημα
3450 3775 3663 3844 legerit,

2070 3879 2213 3934 scire
2260 3891 2365 3931 nos
2392 3875 2587 3941 noluit,
2614 3873 2750 3927 adeo
2782 3870 2969 3925 omnia
3008 3869 3335 3922 immutavit.
3370 3865 3666 3936 Utcunque

2071 3974 2163 4039 sit,
2184 3971 2230 4027 si
2276 3967 2605 4025 Theodoreti
2648 3966 2939 4021 lectionem
2986 3977 3310 4033 sequamur,
3334 3970 3389 4016 et
3432 3962 3667 4031 θεότητα

2072 4073 2353 4120 auctorem
2393 4060 2636 4132 epistola:
2685 4058 2973 4128 scripsisse
3009 4064 3287 4126 putemus,
3336 4055 3484 4110 cadit
3511 4054 3667 4121 obje-

2073 4157 2182 4213 ctio
2214 4155 2487 4211 Dallaeana
2514 4167 2638 4223 quae
2665 4151 2720 4206 in
2756 4165 2888 4205 voce
2918 4148 3130 4220 θέλημα
3174 4146 3469 4213 fundatur;
3505 4164 3524 4197 ι
3563 4146 3668 4201 du-

2072 4265 2197 4306 rum
2228 4249 2376 4304 enim
2405 4255 2460 4301 et
2484 4246 2574 4300 vix
2603 4243 2913 4308 ferendum,
2940 4242 3037 4308 ait,
3065 4241 3262 4296 Filium
3284 4255 3407 4295 esse
3441 4255 3472 4294 a
3506 4237 3669 4294 Patre

2073 4344 2144 4398 ab
2169 4351 2377 4397 mterno
2412 4354 2512 4409 per
2542 4337 2882 4393 voluntatem
2913 4344 2968 4389 et
2992 4332 3288 4403 potentiam
3316 4329 3531 4397 Patris;
3569 4349 3587 4382 ι
3618 4330 3666 4384 si

2072 4435 2321 4506 legamus
2351 4430 2586 4503 θέλημα,
2612 4429 2776 4485 etiam
2803 4426 2883 4483 sic
2907 4427 3094 4481 eadem
3126 4424 3364 4495 objectio
3384 4424 3528 4490 ruit;
3556 4437 3667 4477 non

2076 4529 2222 4584 enim
2264 4534 2515 4581 nostrum
2551 4522 2703 4593 loqui
2752 4522 2821 4578 de
2873 4528 3076 4576 aeterna
3139 4516 3488 4588 generatione
3542 4513 3669 4569 Filii

2076 4623 2312 4681 constat,
2344 4613 2439 4670 sed
2465 4613 2531 4668 de
2556 4611 2933 4667 incarnatione
2958 4607 3161 4678 potius,
3180 4615 3237 4660 ut
3262 4614 3315 4660 et
3347 4605 3671 4659 anteceden-

2076 4711 2151 4765 tia
2185 4718 2239 4764 et
2266 4704 2659 4776 consequentia
2682 4703 3101 4764 demonstrant;
3134 4695 3279 4751 unde
3309 4694 3670 4764 interpolator

2076 4802 2145 4857 ad
2178 4801 2419 4856 divinam
2452 4806 2707 4851 naturam
2738 4801 2853 4849 haec
2900 4791 3122 4846 trahens
3145 4827 3161 4853 ,
3195 4788 3484 4842 verborum
3520 4786 3670 4839 ordi-

2077 4909 2202 4949 nem
2228 4901 2443 4947 mutare
2468 4899 2694 4945 coactus
2737 4896 2840 4941 est.
2873 4884 2964 4939 Sic
3010 4890 3192 4936 autem
3241 4894 3342 4934 nos
3386 4878 3619 4948 legimus
3651 4895 3667 4931 :

2090 4984 2330 5057 Ἀληθῶς
2345 4984 2472 5037 ὅντα
2492 4984 2558 5037 ὲκ
2571 4982 2761 5051 γένους
2784 4977 2949 5031 Δαϐὶδ
2982 4974 3121 5030 κατὰ
3155 4974 3353 5045 σάρκα,
3379 4970 3507 5024 Υἱὸν
3532 4968 3670 5022 Θεοῦ

2078 5076 2218 5132 κατὰ
2258 5074 2469 5146 θέλημα
2506 5072 2598 5125 καὶ
2628 5069 2855 5140 δύναμιν
2891 5065 3027 5120 Θεοῦ
3060 5062 3425 5135 γεγενημένον
3455 5058 3672 5130 ἀληθῶς

2078 5168 2144 5222 ὲκ
2158 5166 2458 5238 Παρθένου.
2475 5162 2807 5219 Usserianus
2823 5160 3089 5228 interpres
3110 5172 3157 5208 ες
3170 5154 3308 5209 Vere
3320 5154 3669 5209 exsistentem

2080 5261 2356 5332 degenere
2370 5257 2537 5311 David
2556 5254 2857 5312 secumlum
2880 5265 3125 5316 carnem,
3140 5248 3338 5303 Filium
3361 5246 3455 5302 Dei
3469 5260 3670 5300 secun-

2080 5353 2211 5409 dum
2243 5352 2581 5408 voluntatem
2612 5356 2667 5403 et
2706 5344 3007 5416 potentiam
3040 5341 3133 5397 Dei
3166 5342 3409 5412 genitum
3451 5350 3579 5393 vere
3599 5349 3672 5392 ex

2086 5444 2328 5515 Virgine,
2353 5462 2372 5496 ι
2408 5441 2637 5497 omnino
2661 5438 2823 5509 quasi
2850 5434 3154 5506 respexerit
3180 5433 3270 5487 illa
3304 5429 3469 5486 verba
3490 5424 3671 5497 angeli

2082 5541 2227 5613 apud
2257 5538 2645 5610 evangelistam
2674 5552 2689 5587 :
2720 5531 2957 5603 Spiritus
2987 5538 3202 5583 sanctus
3250 5521 3577 5595 superueniet
3611 5519 3673 5573 in

2084 5644 2153 5699 te,
2183 5642 2232 5688 et
2280 5631 2445 5686 uirtus
2485 5624 2757 5682 Altissimi
2798 5618 3131 5675 obumbrabit
3184 5616 3325 5671 tibi:
3357 5615 3575 5684 ideoque
3618 5618 3672 5666 et

2083 5725 2222 5797 quod
2246 5730 2494 5779 nascetur
2508 5733 2573 5775 ea:
2601 5726 2650 5773 te
2678 5721 2922 5773 sanctum
2954 5710 3227 5767 vocabitur
3253 5705 3430 5763 Filius
3451 5703 3549 5760 Dei
3578 5703 3671 5759 ”‘.
