4138 6394
534 305 639 363 559

1543 316 1601 375 8.
1640 319 1988 377 IGNATIUS.
2022 352 2089 361 —
2131 321 2670 380 PHOLEGOMENA.

3708 338 3813 393 560

538 435 976 494 lncarnationem
1008 449 1188 494 autem
1219 438 1424 495 Christi
1445 438 1643 496 factam
1672 458 1768 513 per
1784 444 2119 499 voluntatem
2154 462 2198 518 Α
2229 444 2335 501 Sed
2380 447 2628 502 moderni
2666 447 2965 518 scriptores
3000 448 3397 519 SS.Patribus,
3428 453 3474 509 si
3502 451 3706 509 Dallteo
3735 458 3810 511 ita

535 537 591 584 et
620 531 916 599 potentiam
976 529 1067 585 Dei
1105 547 1267 585 nemo
1304 543 1483 603 negat.
1518 552 1536 584 ι
1599 533 1677 588 Ex
1714 534 1808 589 Dei
1845 537 2125 590 voluntate

538 618 777 677 Verbum
828 638 959 677 caro
982 623 1185 678 factum
1204 633 1306 690 est,
1334 644 1353 677 ι
1384 626 1563 695 inquit
1598 626 1988 691 Tertullianus,
2048 629 2125 684 De

536 730 696 768 came
725 716 947 776 Christi,
985 732 1105 786 cap.
1136 717 1223 772 19.
1259 717 1373 772 lmo
1412 735 1544 773 vero
1585 720 1628 775 si
1654 720 1778 790 quis
1818 722 1885 776 de
1919 734 2123 777 atterna

538 808 891 878 generatione
918 807 1064 873 Filii,
1096 808 1240 879 quod
1293 825 1517 866 necesse
1552 827 1661 866 non
1692 822 1796 878 est,
1822 813 1937 867 haec
1979 815 2124 868 acci-

533 915 663 968 pere
712 900 965 967 voluerit,
994 917 1165 970 quare
1208 903 1315 956 hoc
1361 902 1413 955 in
1476 902 1684 973 lgnatio
1726 914 1965 975 martyre
2013 920 2122 958 non

536 989 845 1058 ferendum,
894 992 1040 1061 quod
1100 992 1154 1045 in
1227 993 1348 1046 aliis
1410 992 1755 1048 ferimus?ut
1812 995 1867 1048 in
1907 992 2122 1049 Iustino

534 1089 795 1150 martyre,
837 1096 963 1137 cum
1013 1081 1079 1135 de
1133 1080 1245 1135 Deo
1276 1079 1455 1135 Verbo
1508 1082 1772 1152 loquitur,
1808 1080 1952 1134 Dial.
2001 1097 2119 1133 cum

538 1169 845 1241 Tryphoue:
886 1171 980 1223 Ἐκ
1009 1170 1102 1224 τοῦ
1132 1172 1241 1224 ἀπὸ
1279 1170 1373 1224 τοῦ
1403 1171 1616 1242 [ἰατρὸς
1642 1171 1858 1243 θελήσει
1892 1169 2121 1240 γεγενῆ-

532 1262 678 1326 σθαι,
717 1282 735 1314 ‹
760 1278 826 1317 eo
844 1263 989 1332 quod
1010 1279 1076 1317 ex
1104 1262 1287 1320 Patris
1313 1264 1573 1318 volitione
1594 1272 1755 1319 natus
1778 1274 1880 1329 est,
1905 1280 1924 1313 ι
1940 1262 2031 1331 qui
2048 1262 2117 1316 ad

529 1351 784 1407 eumdem
813 1352 992 1406 locum
1034 1363 1224 1422 postea
1270 1354 1589 1423 respiciens,
1628 1355 1744 1409 ait:
1778 1354 1888 1406 Καὶ
1922 1355 1979 1406 ὲν
2005 1356 2116 1417 τοῖς

528 1445 948 1517 προειρημένοις
986 1445 1075 1498 διὰ
1108 1445 1352 1517 βραχέων
1395 1447 1486 1500 τὸν
1534 1447 1706 1516 Λόγον
1740 1448 1998 1521 ἐξήτασα,
2034 1450 2114 1501 εὶ-

530 1537 650 1593 πὼν
682 1538 778 1609 τὴν
800 1538 1028 1609 δύναμιν
1055 1538 1261 1611 ταύτην
1281 1540 1610 1611 γεγενῆσθαι
1631 1541 1740 1595 ἀπὸ
1772 1541 1866 1595 τοῦ
1900 1538 2115 1613 Πατρὸς

528 1631 753 1702 δυνάμει
808 1631 903 1684 καὶ
939 1631 1099 1702 βουλῇ
1149 1632 1332 1685 αὑτοῦ.
1398 1632 1730 1687 Clementem
1786 1634 2111 1689 Alexandria

528 1738 658 1775 num
695 1720 923 1776 ferimus
968 1722 1061 1792 qui
1097 1721 1333 1776 Verbum
1388 1723 1602 1777 vocavit
1641 1721 1702 1775 τὸ
1756 1722 1968 1794 θέλημα
2017 1720 2111 1776 τοῦ

2230 540 2501 604 videatur,
2532 541 2893 610 sapientiores
2927 553 3121 609 sunto;
3156 554 3305 600 certe
3343 544 3565 601 Isaacus
3596 545 3808 602 Casau-

2228 632 2444 697 bonus,
2495 642 2552 688 et
2602 643 2805 688 nostra;
2864 635 3262 705 professionis,
3312 648 3367 693 et
3406 639 3604 693 summi
3665 640 3809 709 apud

2216 740 2421 781 omnes
2463 726 2709 781 eruditos
2741 730 2981 783 nominis
3010 730 3269 789 criticus.
3302 746 3427 785 cum
3462 732 3579 786 hac
3625 733 3808 788 omnia

2224 817 2428 886 optime
2483 819 2765 883 novisset,
2822 820 2903 875 sic
2953 830 3136 875 tamen
3199 820 3467 891 lgnatium
3528 822 3802 877 defendit:

2230 928 2249 960 ι
2279 907 2389 963 Nec
2427 910 2627 965 mirum
2665 921 2749 967 est
2775 913 2952 966 virum
2982 912 3073 967 Dei
3112 911 3383 983 lgnatium
3432 917 3602 970 citare
3632 916 3807 970 obiter

2223 1002 2488 1071 scriptum
2560 1004 2932 1075 apocryphum
2963 1046 2978 1070 ,
3052 1005 3340 1074 rejiculum
3388 1015 3441 1060 et
3486 1008 3802 1076 reprobum.

2221 1090 2358 1147 Nam
2400 1102 2535 1163 quot
2573 1096 2745 1151 libros
2790 1096 3038 1165 ejusdem
3082 1096 3274 1151 farina:
3321 1098 3506 1152 laudat
3549 1098 3803 1154 Clemens

2219 1186 2681 1242 Alexandrinos?
2741 1186 3104 1243 Verissimum
3164 1206 3362 1259 nempe
3415 1198 3499 1245 est
3559 1202 3803 1260 tempore

2219 1295 2360 1349 opus
2406 1279 2599 1347 fuisse,
2645 1290 2705 1335 ut
2750 1280 3009 1336 Ecclesiae
3058 1284 3386 1338 auctoritate
3442 1283 3803 1353 rejicerentur

2221 1371 2373 1426 multi
2413 1372 2568 1434 libri,
2606 1373 2697 1443 qui
2731 1374 2923 1444 primis
2968 1376 3181 1431 szeculis
3230 1378 3573 1432 auctoritatis
3605 1381 3798 1434 saltem

2218 1466 2471 1535 ancipitis
2514 1466 2750 1521 fuerant.
2787 1486 2805 1518 ι
2857 1466 3132 1523 Observat
3182 1470 3300 1538 ipse
3344 1469 3659 1527 Blondellus
3690 1489 3799 1528 non

2216 1565 2349 1611 tunc
2375 1568 2651 1628 repertum
2675 1574 2797 1614 esse
2821 1576 3176 1631 quemquam,
3208 1563 3300 1632 qui
3340 1564 3579 1619 cavenda
3612 1566 3796 1621 omnia

2216 1654 2555 1722 apocrypha,
2595 1661 2649 1706 et
2681 1654 2904 1723 grandis
2936 1668 3060 1709 esse
3087 1656 3394 1724 prudentiae
3431 1657 3793 1726 meminisset,

2216 1758 2411 1797 aurum
2446 1745 2502 1797 in
2538 1744 2653 1799 luto
2687 1760 2933 1815 quaerere
2964 1763 2977 1797 ε
3010 1747 3157 1816 quod
3188 1756 3378 1817 postea
3428 1748 3556 1804 fecit
3598 1748 3794 1804 Hiero-

528 1814 760 1885 Πατρός.
791 1813 848 1868 In
897 1812 1237 1869 Tertulliano
1287 1814 1389 1869 ista
1444 1812 1709 1870 ferimus:
1740 1833 1759 1866 ί
1787 1816 1922 1881 Quis
1968 1813 2095 1870 Deus

2215 1852 2432 1906 nymus.
2471 1835 2577 1892 Sed
2615 1846 2670 1892 et
2699 1812 2794 1893 diu
2831 1849 2958 1894 ante
2988 1812 3325 1896 Clementem
3352 1842 3791 1898 Alexandrinum

526 1908 583 1961 in
605 1924 668 1962 ea
698 1908 892 1963 natus?
919 1907 1112 1964 Sermo
1134 1919 1188 1964 et
1212 1908 1471 1978 Spiritus,
1491 1910 1582 1979 qui
1606 1925 1730 1965 cum
1758 1908 2021 1965 Sermone
2043 1911 2109 1967 de

523 1998 703 2053 Patris
723 2000 999 2053 voluntate
1028 2010 1187 2054 natus
1204 2010 1335 2054 est.»
1362 1999 1612 2056 Ferimus
1630 2002 1683 2055 in
1703 2000 1959 2073 Synesio:
1979 2002 2110 2055 Ὠδῖ-

522 2107 590 2144 να.
623 2090 859 2163 Πατρὸς,
893 2092 1115 2162 γόνιμον
1154 2092 1371 2163 βουλήν,
1400 2101 1474 2157 et,
1532 2092 1654 2145 Ἐπὶ
1695 2093 1846 2147 παιδὶ
1900 2093 2105 2164 χυθεὶς,

534 2181 729 2236 Ίότατι
752 2185 913 2254 σοφᾷ,
939 2183 991 2237 id
1017 2192 1121 2249 est,
1149 2192 1209 2239 ut
1235 2184 1539 2256 Hesychius
1562 2186 1969 2257 interpretatur,
1990 2187 2110 2257 βου-

519 2274 697 2345 λήσει,
713 2276 949 2347 Θελήσει.
964 2275 1166 2343 Quidni
1191 2278 1357 2348 igitur
1379 2279 1432 2333 in
1452 2276 1659 2349 lgnatio
1676 2277 1960 2334 ferendum
1977 2279 2105 2333 Υἱὸν

521 2370 666 2424 κατὰ
687 2370 937 2441 θέλημαῗ
959 2370 1005 2425 si
1036 2369 1324 2426 lectionem
1369 2370 1697 2427 Theodoreti
1733 2371 1975 2442 recipere
2005 2387 2105 2428 no-

519 2462 707 2527 limus,
758 2479 859 2518 nec
901 2463 969 2517 de
1023 2463 1405 2519 incarnatione
1459 2480 1584 2519 eum
1636 2465 1789 2535 loqui
1830 2465 2100 2533 sinamus,

519 2570 753 2625 quorum
783 2556 1054 2610 utrumvis
1086 2571 1304 2611 omnem
1338 2555 1713 2612 difficultatem
1755 2558 1919 2613 tollit.

606 2647 795 2717 Capite
822 2648 886 2701 17
910 2647 1186 2703 desiderat
1240 2648 1321 2702 vir
1361 2649 1719 2705 doctissimus
1771 2648 1828 2704 in
1875 2658 2101 2705 auctore

516 2740 871 2809 epistolarum
902 2754 1022 2794 eam
1047 2740 1408 2795 reverentiam
1447 2756 1570 2810 quae
1592 2740 1793 2796 divinis
1814 2740 1969 2796 libris
1998 2742 2099 2797 de-

518 2831 707 2897 betur;
748 2846 857 2887 non
890 2832 1038 2901 quod
1075 2832 1244 2886 ullam
1285 2831 1345 2886 8.
1380 2830 1684 2903 Scripturae
1708 2841 1919 2903 partem
1960 2833 2097 2888 irre-

520 2932 771 2978 verenter
807 2931 1021 2990 tractet,
1054 2924 1147 2979 sed
1176 2924 1323 2993 quod
1366 2942 1386 2976 ι
1410 2940 1471 2980 ex
1498 2925 1825 2996 apocryphis
1847 2926 2095 2995 quaedam

523 3014 768 3080 furetur,
822 3030 997 3084 eaque
1040 3030 1141 3085 pro
1182 3016 1330 3071 veris
1368 3026 1423 3071 et
1457 3017 1785 3072 iudubitatis
1835 3026 2024 3087 ponat.
2068 3034 2090 3070 ι

514 3105 892 3164 lrreverentia:
960 3107 1206 3177 exempla
1247 3107 1356 3162 duo
1401 3123 1469 3163 ex
1512 3109 1753 3178 spuriis,
1804 3124 1975 3163 unum
2024 3123 2091 3164 ex

515 3203 709 3251 nostro
753 3198 1008 3267 proponit
1066 3213 1133 3253 ex
1178 3200 1407 3269 epistola
1455 3200 1525 3255 ad
1567 3200 1916 3272 Smyrnteos:
1968 3219 1988 3253 ι
2029 3184 2163 3256 EtC

514 3288 737 3357 quando
771 3288 838 3343 ad
878 3304 975 3345 eos
1012 3292 1107 3361 qui
1160 3290 1306 3346 circa
1334 3290 1558 3347 Petrum
1590 3293 1769 3357 venit,
1818 3294 1895 3348 ait
1926 3293 2091 3363 ipsis:

512 3377 950 3448 Apprehendite,
996 3381 1213 3451 palpate
1250 3398 1368 3448 me,
1401 3392 1456 3438 et
1494 3383 1690 3450 videte,
1728 3384 1811 3437 ὅτι
1843 3382 1945 3437 οὔκ
1976 3385 2093 3455 εἰμι

509 3469 787 3541 δαιμόνιον
857 3470 1173 3541 ἀσώματον.
1232 3490 1251 3523 ι
1327 3470 1679 3527 Protulerunt
1740 3474 1857 3529 haec
1927 3473 2090 3529 verba

508 3556 702 3627 lgnatii
730 3559 999 3617 Eusebius
1018 3605 1032 3629 ,
1061 3560 1426 3630 Hieronymus
1446 3606 1460 3631 ,
1499 3563 1875 3621 Theodoretus
1906 3583 1921 3633 ;
1969 3566 2093 3620 nul-

511 3652 617 3707 lam
663 3663 847 3709 tamen
900 3654 954 3708 in
996 3655 1108 3709 ullo
1146 3670 1275 3725 erga
1325 3653 1384 3710 8.
1419 3656 1630 3713 litteras
1678 3658 2088 3718 irreverentiam

508 3746 793 3811 natarunt,
847 3746 983 3801 nihil
1032 3747 1087 3801 in
1124 3747 1193 3802 iis
1228 3748 1408 3804 verbis
1448 3750 1801 3806 sanctissimo
1849 3761 2090 3823 martyre

508 3836 799 3906 indignum
829 3838 1092 3908 suspicati
1128 3848 1293 3907 sunt;
1334 3855 1437 3895 nos
1471 3856 1662 3897 eorum
1692 3843 1961 3913 judicium
2002 3862 2088 3900 se-

505 3928 748 3997 quimur.
780 3927 894 3981 lmo
923 3929 1078 3985 locus
1105 3928 1162 3984 S.
1181 3929 1498 4003 Hieronymi
1529 3933 1765 3989 maxime
1791 3935 2085 4001 notandus,

506 4021 602 4090 qui
641 4018 997 4091 Evangelium
1044 4022 1149 4077 hoc
1197 4031 1252 4078 et
1295 4023 1676 4095 S.lgnatium,
1717 4026 1883 4082 simul
1925 4028 2085 4097 quasi

508 4120 675 4167 testes
726 4112 912 4166 laudat
970 4112 1066 4167 lib.
1118 4130 1176 4167 tu
1242 4116 1497 4170 adversus
1558 4114 1877 4188 Pelagianos
1912 4137 1932 4175 :
1971 4138 1989 4171 ι
2025 4119 2082 4175 In

505 4201 802 4273 Evangelio
838 4204 996 4273 juxta
1032 4202 1322 4270 Hebraeos,
1358 4208 1503 4277 quod
1538 4208 1835 4265 Chaldaico
1861 4213 2082 4280 quidem

506 4292 756 4365 Syroque
802 4310 1077 4363 sermone,
1129 4300 1221 4352 sed
1248 4298 1534 4355 Hebraicis
1579 4300 1775 4357 litteris
1817 4304 2081 4373 scriptum

502 4397 605 4452 est,
635 4403 745 4455 quo
801 4397 1032 4443 utuntur
1065 4405 1240 4460 usque
1283 4391 1443 4446 hodie
1466 4390 1753 4457 Nazareni,
1780 4396 2078 4450 secundum

502 4481 800 4549 apostolos,
847 4482 961 4537 sive
1000 4491 1061 4537 ut
1106 4484 1357 4554 plerique
1413 4494 1721 4553 autumant,
1751 4486 1907 4555 juxta
1949 4486 2079 4543 Mat-

502 4575 727 4638 thmum,
760 4575 905 4645 quod
940 4583 994 4630 et
1030 4576 1083 4630 in
1116 4576 1442 4633 Caesariensi
1472 4579 1701 4634 habetur
1719 4579 2076 4649 Bibliotheca,

501 4675 695 4721 narrat
725 4667 980 4735 historia,
1019 4688 1038 4720 ι
1077 4678 1181 4725 etc.
1215 4669 1481 4741 lgnatius,
1523 4673 1609 4727 vir
1646 4675 1978 4745 apostolicus
2023 4684 2079 4732 et

502 4766 732 4828 martyr,
769 4760 963 4814 scribit
992 4762 1288 4817 audacter:
1324 4763 1537 4836 «Elegit
1562 4764 1827 4823 Dominus
1855 4779 2075 4839 aposto-

499 4850 584 4905 los
624 4852 719 4921 qui
767 4868 933 4922 super
979 4869 1172 4910 omnes
1216 4856 1471 4913 homines
1496 4870 1811 4929 peccatores
1834 4873 2008 4917 erant.
2050 4883 2069 4915 ι

496 4943 710 5010 Quibus
755 4947 1084 5002 testimoniis
1119 4948 1166 5002 si
1213 4964 1323 5003 non
1355 4952 1526 5007 uteris
1564 4953 1631 5008 ad
1668 4956 2071 5022 auctoritatem,

496 5046 650 5091 utere
697 5038 890 5093 saltem
929 5039 994 5093 ad
1041 5041 1443 5111 antiquitatem,
1488 5044 1620 5115 quid
1667 5061 1861 5104 omnes
1899 5050 2075 5105 eccle-

493 5128 706 5183 siastici
740 5130 841 5185 viri
889 5133 1184 5189 senserint.
1217 5153 1236 5186 ι
1300 5133 1405 5191 Sed
1449 5136 1560 5193 illis
1600 5139 1775 5194 multo
1803 5141 2072 5196 oculatior

492 5230 579 5276 est
607 5219 862 5278 Dallaeus.
901 5222 1105 5280 Habuit
1144 5228 1288 5282 enim
1330 5228 1447 5285 haec
1472 5231 1638 5286 verba
1680 5248 1749 5288 ex
1780 5232 2072 5306 Evangelia

493 5311 721 5369 Hebraeo
744 5355 760 5380 ,
804 5316 949 5385 quod
976 5321 1347 5391 apocryphum
1381 5331 1486 5378 est.
1530 5323 1816 5393 Fortasse;
1845 5328 1940 5384 sed
1965 5329 2071 5385 hoc

492 5404 673 5474 ipsum
730 5406 896 5463 habet
938 5407 1174 5467 Dallaeus
1225 5428 1255 5467 a
1316 5412 1374 5469 8.
1402 5413 1758 5490 Hieronymo,
1815 5429 1870 5476 et
1921 5424 2068 5492 quod

491 5496 736 5564 lgnatius
792 5500 896 5556 ista
951 5518 1017 5557 ex
1055 5503 1352 5575 Evangelia
1403 5506 1634 5565 Hebraeo
1694 5512 1960 5581 hauserit,
2011 5525 2069 5571 et

489 5593 638 5661 quod
677 5594 809 5649 illud
834 5593 1187 5666 Evangelium
1214 5600 1287 5654 sit
1313 5601 1722 5672 apocryphum;
1762 5604 1857 5673 qui
1885 5614 2067 5661 tamen

489 5700 616 5739 cum
661 5696 956 5759 utrumque
995 5706 1187 5746 verum
1232 5702 1468 5763 putaret,
1519 5695 1684 5751 simul
1724 5698 1889 5752 etiam
1924 5699 2067 5757 hanc

494 5779 779 5847 epistolam
842 5783 947 5854 ipsi
1011 5783 1218 5856 lgnatio
1276 5786 1519 5848 tribuere
1584 5804 1695 5845 non
1746 5790 2056 5849 verebatur.

2212 1930 2303 1984 alii
2338 1929 2391 1984 id
2414 1929 2681 1985 fecerunt.
2722 1930 2923 1986 Narrat
2964 1934 3109 1987 enim
3142 1933 3412 1990 Eusebius
3436 1933 3679 2005 Papiam,
3714 1935 3793 1991 uti

2209 2022 2330 2090 ejus
2380 2022 2692 2077 testimonia
2722 2039 2823 2093 pro
2848 2024 3081 2080 diversis
3114 2023 3171 2079 8.
3201 2024 3497 2095 Scriptura:
3528 2028 3703 2093 libris,
3734 2035 3792 2082 ut

2209 2114 2367 2178 solet,
2400 2113 2646 2181 adducit,
2684 2116 2846 2169 aliam
2884 2131 3104 2187 quoque
3142 2119 3469 2187 exposuisse
3502 2119 3788 2176 historiam

2207 2206 2275 2261 de
2320 2206 2573 2272 muliere,
2612 2222 2735 2277 quae
2777 2209 3077 2263 multorum
3119 2210 3414 2264 criminum
3460 2227 3645 2266 coram
3682 2212 3790 2267 Do-

2208 2301 2360 2352 mino
2400 2308 2657 2354 accusata
2696 2309 2800 2366 est,
2844 2300 2911 2371 ἥν
2943 2300 3003 2353 τὸ
3036 2300 3159 2356 καθ’
3217 2300 3500 2375 Ἐϐραίους
3545 2304 3789 2373 Εὐαγγέ-

2205 2388 2318 2443 λιον
2331 2392 2596 2463 περιέχει,
2625 2413 2645 2446 ι
2666 2409 2831 2462 quam
2849 2392 3200 2463 Evangelium
3217 2396 3516 2451 secundum
3532 2395 3789 2455 Hebraros

2211 2485 2475 2539 continet.
2517 2500 2539 2537 ι
2572 2484 2787 2556 Excipit
2834 2486 3094 2555 Dallaaus,
3128 2486 3350 2559 Papiam
3402 2492 3581 2545 virum
3616 2489 3786 2547 fuisse

2203 2575 2465 2630 mediocri
2500 2577 2742 2647 ingenio,
2785 2576 3008 2633 Eusebii
3045 2578 3277 2648 judicio.
3324 2579 3383 2636 Si
3426 2581 3558 2651 quid
3598 2591 3781 2637 autem

2201 2665 2425 2723 Eusebii
2469 2668 2739 2739 judicium
2787 2671 3051 2727 adversus
3090 2672 3315 2743 Papiam
3366 2675 3547 2743 valet,
3608 2690 3779 2745 quare

2200 2777 2302 2832 pro
2340 2762 2549 2834 lgnatio
2581 2764 2719 2818 nihil
2762 2766 3010 2820 valeret?
3044 2781 3170 2821 cum
3222 2768 3289 2823 de
3332 2766 3514 2839 Papia:
3561 2768 3783 2838 scriptis

2194 2854 2410 2925 judicat
2441 2854 2733 2924 Eusebius,
2773 2857 2893 2927 ejus
2938 2859 3267 2913 sententiam
3320 2860 3668 2929 amplectitur
3697 2860 3783 2913 vir

2196 2949 2582 3016 doctissimus;
2623 2967 2747 3005 cum
2778 2952 2845 3006 de
2873 2953 3121 3022 epistolis
3151 2951 3209 3007 S.
3232 2952 3420 3024 lgnatii
3451 2954 3780 3009 sententiam

2196 3040 2322 3106 fert,
2365 3056 2582 3109 errare,
2621 3042 2760 3106 labi,
2809 3044 2987 3115 decipi
3037 3061 3163 3100 eum
3218 3047 3384 3102 libere
3423 3048 3775 3117 pronuntiat.

2196 3132 2457 3199 Quaenam
2531 3134 2636 3189 erit
2678 3137 2979 3191 auctoritas
3022 3137 3215 3207 judicii
3263 3139 3383 3208 ejus
3440 3141 3493 3193 in
3524 3139 3778 3210 Papiam,

2197 3224 2291 3293 qui
2326 3233 2435 3278 tam
2468 3225 2701 3295 turpiter
2735 3227 2944 3297 lapsus,
2978 3236 3089 3283 tam
3129 3230 3388 3300 deceptus
3422 3247 3545 3288 esse
3574 3231 3782 3287 dicitur

2197 3314 2252 3367 in
2292 3314 2539 3385 lgnatio?
2565 3314 2870 3387 IUtcunque
2905 3318 3008 3385 sit,
3050 3336 3159 3375 non
3202 3322 3323 3377 ideo
3361 3322 3655 3378 mediocris
3690 3322 3781 3377 in-

2194 3406 2338 3474 genii
2365 3407 2722 3478 autPapiam,
2747 3417 2843 3463 aut
2863 3413 3114 3480 quemvis
3136 3413 3301 3468 alium
3327 3413 3775 3481 dixitEusebius,

2193 3496 2341 3565 quod
2377 3496 2708 3553 testimoniis
2736 3497 3004 3554 librorum
3040 3505 3474 3574 apocryphorum
3504 3515 3772 3560 uteretur:

2192 3588 2657 3657 quemadmodum
2720 3608 2823 3649 nec
2882 3592 2940 3649 S.
2990 3594 3261 3665 lgnatium
3331 3598 3562 3652 minoris
3618 3596 3770 3662 fecit,

2190 3684 2337 3752 quod
2376 3687 2541 3741 verba
2587 3687 2704 3745 haec
2742 3690 2903 3759 quasi
2948 3707 2978 3745 a
3011 3691 3244 3747 Domino
3276 3693 3421 3748 dicta
3461 3694 3770 3764 protulerit,

2190 3791 2316 3831 cum
2357 3778 2474 3847 ipse
2522 3781 2667 3837 unde
2710 3792 2931 3853 sumpta
2970 3798 3155 3841 essent
3202 3787 3363 3857 plane
3414 3787 3768 3857 iguoraverit.

2188 3865 2405 3937 Excipit
2436 3874 2678 3926 secundo
2706 3874 2833 3929 sciri
2870 3890 2977 3929 non
3003 3892 3185 3946 posse,
3216 3893 3285 3932 an
3315 3879 3503 3934 eadem
3535 3878 3771 3934 historia

2187 3962 2330 4031 apud
2388 3971 2609 4020 nostros
2654 3969 3024 4038 evangelistas
3073 3980 3269 4026 exstet.
3334 3970 3606 4028 Praeclara
3639 3988 3770 4029 vero

2185 4054 2495 4111 observatio
2522 4056 2765 4126 Eusebii,
2806 4062 2851 4115 si
2885 4061 3125 4118 dubitari
3157 4074 3361 4135 posset,
3389 4081 3457 4120 an
3494 4081 3557 4121 ea
3594 4066 3772 4119 histo-

2186 4143 2289 4211 ria,
2336 4161 2500 4216 quam
2557 4150 2731 4219 tetigit
2781 4151 3001 4223 Papias,
3052 4156 3108 4209 in
3158 4157 3363 4212 nostris
3414 4159 3768 4227 evangelistis

2185 4235 2502 4291 exstiterit?
2551 4237 2859 4310 Quorsum,
2897 4259 3105 4313 quaiso,
3144 4245 3198 4299 in
3234 4247 3530 4318 Evangelio
3565 4264 3768 4304 secun-

2183 4324 2313 4378 dum
2346 4324 2604 4385 Hebraeos
2650 4331 2887 4386 inveniri
2917 4334 3144 4401 diceret,
3179 4337 3222 4391 si
3266 4337 3321 4391 in
3356 4339 3559 4394 nostris
3588 4355 3764 4409 appa—

2183 4418 2421 4474 ruisset?
2461 4424 2769 4491 praesertim
2809 4440 2876 4481 eo
2911 4427 3052 4495 loco,
3091 4446 3202 4499 quo
3241 4433 3554 4487 testimonia
3582 4433 3764 4503 Papiae

2108 4526 2153 4581 ι)
2182 4524 2283 4579 pro
2325 4513 2532 4568 nostris
2584 4515 2742 4571 libris
2774 4518 3033 4573 adducit?
3083 4520 3219 4587 Quis
3279 4525 3454 4578 nescit
3506 4525 3561 4578 in
3604 4539 3762 4579 more

2180 4603 2417 4671 positum
2462 4620 2585 4661 esse
2608 4606 2876 4677 Eusebio,
2923 4613 3013 4665 ubi
3047 4613 3115 4669 de
3149 4616 3421 4671 veteribus
3475 4618 3763 4688 scriptori-

2178 4693 2282 4749 bus
2315 4696 2450 4766 agit,
2482 4713 2623 4767 quos
2662 4699 2836 4755 libros
2876 4704 3177 4760 canonicos
3206 4707 3411 4773 citant,
3453 4724 3592 4778 quos
3625 4709 3761 4764 item

2178 4788 2545 4859 apocryphos,
2580 4792 2851 4847 recitare?
2880 4792 3104 4865 Neque,
3140 4799 3357 4867 opinor,
3393 4816 3633 4871 unquam
3678 4802 3760 4856 illi

2178 4877 2234 4930 in
2267 4888 2504 4934 mentem
2548 4884 2719 4949 venit,
2754 4893 2815 4939 ut
2841 4901 2904 4940 ea
2944 4887 3061 4943 loca
3102 4902 3453 4959 memoraret,
3489 4910 3610 4964 qua:
3640 4903 3758 4948 tum

2174 4967 2230 5022 in
2262 4972 2566 5039 canonicis,
2592 4983 2709 5029 tum
2749 4975 2805 5030 in
2840 4981 3169 5051 apocryphis
3203 4983 3530 5054 legerentur.
3565 4984 3622 5040 ln
3655 5001 3762 5041 no-

2174 5060 2304 5115 stris
2332 5062 2553 5131 quidem
2588 5080 2736 5121 nunc
2775 5068 3007 5124 habetur
3051 5073 3247 5128 mulier
3290 5087 3547 5132 accusata
3599 5079 3761 5133 adul—

2173 5151 2321 5218 terii;
2360 5153 2456 5208 sed
2489 5154 2580 5209 illa
2606 5157 2674 5212 de
2703 5173 2811 5228 qua
2849 5164 3072 5233 scripsit
3099 5164 3318 5235 Papias.
3352 5179 3469 5223 erat
3497 5170 3591 5222 ἐπὶ
3624 5172 3761 5225 πολε

2171 5241 2291 5306 λαῑς
2322 5245 2618 5317 ἁμαρτίαις
2648 5248 2999 5324 διαδληθεῖσα
3052 5274 3071 5307 ‹
3109 5259 3405 5314 multorum
3457 5263 3756 5317 criminum

2170 5345 2463 5405 accusata,
2501 5356 2519 5389 ι
2579 5350 2635 5395 et
2669 5342 2801 5411 quid
2846 5354 3109 5413 praaterea
3166 5349 3235 5403 de
3274 5367 3337 5406 ea
3384 5354 3612 5409 muliere
3657 5366 3754 5409 aut

2170 5441 2201 5480 a
2224 5426 2411 5498 Papia,
2448 5440 2543 5485 aut
2583 5433 2638 5486 in
2671 5435 2967 5508 Evangelio
2997 5442 3299 5498 secundum
3325 5444 3583 5503 Hebraeos
3609 5446 3749 5501 scri-

2168 5526 2321 5586 ptum
2352 5531 2455 5586 est,
2501 5539 2731 5593 prorsus
2782 5529 3086 5599 ignoratur.
3141 5533 3366 5593 Grotius
3400 5539 3616 5608 quidem
3648 5536 3746 5591 Hi-

2167 5612 2395 5667 storiam
2456 5615 2510 5669 in
2570 5616 2628 5672 S.
2666 5618 2880 5676 Joanne
2932 5634 3207 5694 repertam
3266 5629 3323 5684 in
3362 5628 3743 5685 Nazaraeorum

2168 5699 2396 5761 Hebraeo
2437 5705 2639 5775 fuisse,
2684 5715 2819 5769 satis
2853 5731 2919 5771 ex
2944 5714 3271 5790 Hieronymo
3308 5729 3563 5776 constare
3597 5738 3743 5779 asse-

2166 5796 2271 5866 rit;
2308 5801 2401 5857 sed
2438 5818 2501 5858 ex
2535 5820 2645 5875 quo
2675 5805 2991 5883 Hieronymi
3024 5814 3165 5868 libro
3209 5813 3314 5869 ista
3345 5814 3609 5887 hauserit,
3637 5832 3739 5887 ego
