4138 6390
285 399 389 453 361

1046 396 1095 451 Ι.
1127 396 1502 452 PEARSONII
1547 395 1871 453 VlNDlCle
1908 393 2333 453 ΙΕΝΑΤΙΑΝᾸΞ.
2375 429 2445 438 -
2476 397 2660 454 PARS
2694 398 2759 456 ll.

3472 404 3580 461 362

284 518 541 573 nondum
582 518 770 572 didici.
830 518 1016 588 Neque
1066 536 1196 574 vero
1234 521 1587 590 quaerendum
1640 531 1727 576 est
1763 536 1876 590 quo

1981 536 2148 590 agens
2179 522 2292 576 ait:
2327 522 2470 591 Πλὴν
2521 522 2603 573 ὅτι
2648 523 2789 592 ῥητά
2840 540 2961 576 τινα
3003 523 3079 586 ὡς
3129 523 3236 577 ἀπὸ
3283 525 3382 596 τῆς
3430 525 3582 590 θείας

283 611 459 665 modo
497 627 633 666 usus
671 621 755 665 est
783 610 1002 681 Papias,
1043 622 1331 681 postquam
1375 612 1429 667 id
1475 613 1603 667 sciri
1637 628 1746 668 non
1781 629 1878 683 po-

284 713 436 770 test;
494 704 819 773 simpliciter
878 703 1134 759 observat
1192 703 1498 771 Eusebius,
1557 707 1711 760 illum
1776 708 1878 761 hoc

278 793 592 866 Evangelio
623 797 793 851 semel
829 812 985 850 usum
1021 812 1164 861 esse,
1195 807 1251 850 ut
1279 795 1642 868 Hegesippum
1679 801 1876 869 sazpius

277 888 474 957 aliqua
529 887 824 957 protulisse
869 889 934 940 ἐκ
980 887 1073 940 τοῦ
1121 887 1242 941 καθ’
1305 889 1588 960 Ἐὗραίους
1629 891 1877 960 Εὑαγγε-

273 982 424 1046 λίου,
463 983 556 1036 lib.
593 998 670 1048 1v,
716 997 766 1038 c.
793 981 884 1036 22.
933 980 1036 1036 Sed
1084 982 1129 1036 si
1164 981 1394 1052 Papias
1426 982 1640 1053 Ignatio
1690 985 1878 1053 junior

273 1077 354 1130 sit
396 1086 455 1130 et
504 1075 707 1146 ingenii
776 1075 1181 1142 imbecillioris,
1215 1075 1468 1131 Clemens
1503 1076 1783 1130 Romanus
1826 1083 1880 1129 et

269 1170 501 1242 Ignatio
531 1171 816 1242 antiquior
843 1179 899 1226 et
929 1171 1112 1243 magni
1137 1186 1353 1240 semper
1382 1169 1622 1235 habitus,
1653 1186 1760 1222 non
1790 1184 1874 1223 sc-

268 1264 391 1316 mel
443 1262 732 1334 peregrina
761 1263 1026 1328 advocat,
1058 1277 1180 1332 qua:
1211 1262 1353 1316 unde
1378 1269 1593 1331 sumpta
1621 1269 1749 1316 sunt
1776 1275 1877 1314 nos

269 1371 391 1409 non
419 1356 607 1409 minus
623 1355 926 1422 nescimus,
947 1371 1112 1425 quam
1129 1353 1397 1410 Eusebius
1421 1355 1560 1409 unde
1583 1354 1710 1408 illud
1730 1353 1880 1425 lgna-

268 1449 497 1503 tianum
551 1449 861 1505 manaverit
920 1447 1212 1519 ignoravit.
1270 1445 1406 1501 Nam
1455 1447 1623 1513 unde,
1666 1461 1875 1516 qumso,

270 1542 373 1596 illa
401 1542 575 1597 verba
607 1541 814 1615 Moysis
846 1552 1062 1612 sumpta
1096 1551 1257 1597 sunt:
1297 1539 1441 1609 Ἐγὼ
1471 1541 1528 1594 δὲ
1562 1542 1679 1612 εἰμὶ
1713 1541 1878 1613 ἀτμὶς

267 1634 388 1688 ἀπὸ
423 1634 638 1706 κὺθρας
675 1637 759 1704 (ιιι
791 1651 925 1700 ms.,
953 1652 1060 1691 non
1098 1634 1346 1707 χύτρας).
1383 1635 1461 1689 Ex
1496 1633 1765 1690 Hebraico
1783 1651 1879 1690 eo.

268 1727 400 1782 dice
449 1726 570 1781 haec
611 1727 816 1782 alicubi
863 1727 983 1784 erui
1031 1742 1228 1796 posse,
1263 1727 1422 1782 docte
1462 1727 1658 1796 probat
1697 1726 1878 1781 Fellus

269 1835 508 1888 noster;
541 1821 639 1877 sed
669 1819 892 1891 Moysen
917 1836 980 1874 ea
1005 1819 1168 1874 verba
1208 1835 1506 1890 usurpasse
1541 1820 1598 1873 in
1643 1818 1700 1873 S.
1730 1817 1879 1874 Scri-

1983 611 2208 683 Γραερῆς
2259 612 2532 678 ξενίζοντα
2578 614 2935 684 παρεισάγει·
2989 609 3063 668 ὧν
3104 616 3213 668 οὐδ’
3258 618 3291 687 ἡ
3335 618 3581 690 πρετέρα

1984 701 2281 774 ἐξήλλακτο
2314 705 2614 768 παντελῶς.
2650 705 2797 761 «Etsi
2826 707 2970 761 dicta
2995 711 3243 777 quaedam
3268 715 3576 781 peregrina,

1982 798 2128 850 velut
2151 813 2179 850 e
2200 807 2386 851 sancta
2413 798 2694 867 Scriptura
2718 799 3032 856 subindueit
3054 820 3069 856 :
3091 803 3291 871 quibus
3321 820 3387 858 ne
3402 807 3577 873 prima
3650 839 3654 850 ς

1981 889 2200 958 quidem
2237 890 2465 960 epistola
2500 889 2717 960 penitus
2747 901 2923 946 vacat.
2949 912 2968 944 ι
3011 892 3238 950 Photius
3273 897 3456 966 itaque
3479 899 3578 952 ob-

1984 982 2239 1036 servabat
2279 983 2544 1038 nonnulla
2571 986 2880 1056 peregrina,
2917 987 3030 1043 sive
3079 991 3425 1062 apocrypha,
3473 994 3578 1048 sub

1981 1089 2262 1130 sacrarum
2289 1076 2591 1131 litterarum
2608 1081 2830 1134 nomine
2855 1081 2908 1133 in
2930 1080 3000 1136 ea'
3011 1081 3306 1140 Clementis
3323 1086 3575 1157 epistola,

1981 1182 2145 1237 quam
2170 1167 2288 1237 ipse
2317 1169 2446 1223 alibi
2465 1169 2741 1239 ἀξιόλογον
2770 1173 3160 1242 appellaverat,
3178 1185 3233 1231 et
3257 1178 3473 1247 publice
3493 1179 3576 1238 1e--

1980 1271 2122 1314 ctam
2150 1272 2470 1331 agnoverat,
2500 1265 2792 1319 contineri.
2825 1266 2904 1321 Ac
2932 1271 3284 1325 temerarium
3325 1273 3485 1341 plane
3523 1284 3578 1330 et

1981 1355 2350 1424 periculosum
2373 1373 2497 1413 esse
2533 1359 2600 1412 de
2633 1360 2964 1430 antiquitate
2999 1371 3095 1417 aut
3122 1365 3354 1422 veritate
3382 1368 3575 1438 scripti

1980 1447 2214 1515 alicujus
2231 1463 2293 1502 ex
2319 1451 2760 1521 apocryphorum
2793 1453 3057 1510 citatione
3081 1457 3335 1514 dubitare
3354 1503 3368 1526 ,
3393 1470 3580 1516 osten-

1980 1539 2117 1595 dunt
2144 1541 2236 1595 illa
2267 1541 2587 1614 Hieronymi
2617 1545 2668 1598 in
2691 1546 2990 1620 Catalogo:
3021 1569 3039 1601 ι
3071 1549 3263 1620 Judas,
3294 1552 3462 1610 frater
3486 1553 3582 1610 Jan

1981 1632 2127 1699 cobi,
2146 1649 2372 1702 parvam
2402 1636 2622 1705 quidem
2641 1677 2657 1703 ,
2686 1654 2810 1708 qum
2837 1641 2903 1695 de
2927 1652 3133 1712 septem
3165 1645 3452 1702 catholicis
3469 1658 3575 1713 est,

1980 1727 2265 1796 epistolam
2294 1730 2532 1800 reliquit.
2552 1729 2618 1785 Et
2646 1732 2774 1802 quia
2799 1733 2866 1788 de
2888 1735 3030 1790 libro
3059 1735 3304 1801 Henoch,
3331 1741 3425 1809 qui
3447 1755 3581 1809 apo-

1981 1824 2222 1891 cryphus
2241 1830 2349 1885 est,
2371 1823 2434 1875 in
2465 1837 2528 1877 ea
2557 1825 2790 1878 assumit
2818 1825 3213 1897 testimonium,
3244 1845 3275 1885 a
3300 1831 3580 1902 plerisque.

267 1926 444 1985 ptura
504 1929 617 1968 non
669 1914 888 1985 legitur.
947 1910 1102 1967 Unde
1157 1914 1323 1968 etiam
1379 1913 1513 1967 illa:
1560 1912 1876 1984 Γέγραπται
1911 1895 1952 1948 Β
1983 1912 2246 1981 rcjicilur.
2281 1911 2485 1968 Tamen
2519 1917 2903 1971 auctoritatem
2942 1895 3346 1993 vetustatejam
3385 1936 3441 1980 et
3472 1895 3579 1984 usu

270 2009 386 2080 γάρ
411 2025 426 2038 ·
462 2007 746 2062 Κολλᾶσθε
775 2012 885 2072 τοῖς
911 2009 1106 2078 ἁγίοις,
1134 2010 1216 2062 ὅτι
1248 2011 1297 2062 οἱ
1331 2007 1665 2080 κολλώμενοι
1699 2009 1882 2072 αὐτοῖς

268 2102 736 2173 ἁτιασθήσονται.
809 2118 828 2152 ι
867 2101 1148 2172 Scriptum
1206 2110 1290 2156 est
1341 2102 1490 2156 enim
1535 2119 1548 2155 :
1596 2101 1881 2154 Adhaerete

268 2195 513 2259 sanctis,
548 2195 679 2265 quia
711 2195 805 2265 qui
841 2195 948 2250 illis
977 2195 1260 2251 adhaerent
1307 2192 1834 2250 sanctificabuntur?
1857 2213 1874 2244 ι

266 2285 414 2342 Nam
489 2303 613 2358 qua:
669 2297 980 2357 sequuntur
1018 2306 1030 2342 :
1079 2287 1188 2340 Καὶ
1224 2286 1386 2341 πάλιν
1420 2288 1479 2340 ὲν
1513 2287 1687 2356 ἑτέρῳ
1729 2284 1880 2354 τόπῳ

266 2382 422 2450 λέγει
463 2397 480 2432 :
523 2381 688 2435 Μετὰ
720 2382 941 2452 ἀνδρὸς
985 2381 1179 2437 ἀθώου
1211 2380 1405 2446 ὰθὼος
1437 2381 1552 2449 ἔσῃ
1600 2378 1719 2449 (καὶ
1751 2379 1879 2447 μετ’

270 2473 582 2528 ἐκλεκτοῦ
617 2474 905 2542 ἐκλεκτὸς
937 2477 1073 2544 ἔσῃ,
1113 2487 1170 2530 ut
1191 2475 1356 2528 habet
1375 2473 1545 2528 codex
1581 2471 1734 2542 ms.),
1780 2471 1878 2525 καὶ

267 2566 430 2634 μετὰ
455 2566 760 2634 στρεϐλοῦ
783 2566 1188 2636 διαστρέψεις.
1224 2565 1323 2621 «Et
1342 2581 1537 2621 rursus
1556 2565 1608 2619 in
1629 2564 1738 2618 alio
1757 2564 1879 2618 loco

267 2659 351 2713 ait
383 2677 398 2713 :
446 2657 587 2714 Cum
619 2661 732 2714 viro
762 2662 1037 2714 innocente
1059 2663 1308 2715 innocens
1339 2661 1466 2724 eris,
1491 2667 1538 2712 et
1570 2674 1689 2710 cum
1717 2657 1878 2710 electo

265 2725 483 2804 electu;
517 2752 643 2816 eris,
682 2763 731 2806 et
771 2769 891 2805 cnm
927 2767 1170 2820 perverso
1212 2750 1544 2821 pervertet-is,
1581 2767 1599 2798 ι
1655 2747 1877 2800 totidem

265 2843 464 2898 verbis
523 2843 578 2896 in
607 2844 819 2912 psalmo
857 2860 972 2898 xvn
1003 2844 1280 2914 leguntur.
1309 2839 1466 2896 Unde
1506 2854 1637 2893 vero
1667 2847 1720 2893 et
1749 2839 1872 2892 illa:

262 2935 482 3006 Πόρῤω
517 2935 757 3003 γενέσθω
785 2936 875 3005 ἀφ’
903 2934 1060 3007 ἡμῶν
1091 2936 1124 3006 ἡ
1148 2933 1340 3006 Γραφὴ
1373 2933 1513 3004 αὓτη
1537 2934 1670 2986 ὅπου
1705 2930 1874 3000 λέγει·

261 3027 639 3100 Ταλαίπωροί
665 3031 802 3083 εἰσιν
829 3031 878 3083 οἱ
898 3028 1110 3100 δίψυχοι
1135 3030 1182 3082 οἱ
1205 3026 1544 3092 διστάζοντες
1565 3024 1874 3096 τὴνψυχὴν,

258 3126 312 3176 οἱ
386 3123 677 3193 λέγοντες,
733 3124 919 3177 Ταῦτα
985 3123 1302 3194 ἠκούσαμεν
1364 3120 1472 3174 ἀπὸ
1539 3120 1680 3190 (ms.
1747 3118 1875 3188 ἐπὶ)

258 3218 384 3271 τῶν
437 3217 698 3289 πατέρων
749 3216 940 3289 ἡμῶν,
988 3217 1084 3271 καὶ
1138 3216 1247 3269 ἰδοὺ
1298 3213 1744 3284 γεγηρέλικαελιεειι,¹
1781 3210 1876 3313 καὶ
1903 3256 1945 3313 c

257 3310 432 3364 οὐδὲν
475 3312 613 3381 ἡμῖν
667 3308 872 3363 τούτων
924 3307 1288 3381 συμϐέϐηκεν.
1352 3325 1369 3357 ι
1402 3305 1586 3373 Longe
1639 3319 1668 3357 a
1712 3302 1872 3356 nobis

259 3405 424 3458 absit
477 3401 767 3474 Scriptura
826 3403 942 3468 illa,
1001 3402 1094 3456 ubi
1149 3400 1283 3456 dicit
1317 3417 1329 3452 :
1361 3398 1544 3453 Miseri
1597 3403 1726 3451 sunt
1776 3395 1872 3465 qui

257 3499 470 3552 animo
523 3497 730 3567 duplici
780 3506 910 3552 sunt
965 3504 1020 3552 ει
1076 3494 1444 3556 inconstanti,
1488 3491 1583 3562 qui
1635 3491 1865 3546 dicunt:

261 3585 410 3640 Haec
453 3597 615 3644 actate
646 3599 864 3660 patrum
916 3597 1239 3644 nostrorum
1273 3585 1607 3651 audivimus,
1653 3593 1706 3639 et
1745 3599 1875 3640 ecce

259 3680 712 3747 consenuimus,
753 3693 808 3738 et
849 3683 987 3738 nihil
1031 3683 1231 3736 horum
1275 3680 1437 3735 nobis
1467 3678 1707 3734 accidit?
1737 3697 1756 3728 ι
1813 3675 1872 3730 In

259 3773 528 3827 secunda
582 3773 883 3832 Clementis
944 3776 1177 3847 epistola
1233 3775 1354 3830 haec
1411 3772 1479 3826 ad
1535 3768 1874 3842 προφητικὸν

257 3867 438 3937 λόγον
480 3866 820 3937 referuntur,
861 3877 915 3924 et
941 3885 1008 3923 ex
1036 3867 1325 3924 occasione
1351 3865 1504 3920 vocis
1537 3861 1874 3933 ταλαίπωροι

258 3959 644 4030 praecedentis
673 3962 1042 4026 adducuntur,
1071 3970 1132 4016 ut
1161 3962 1215 4015 in
1243 3959 1412 4030 priori
1441 3974 1507 4012 ex
1537 3957 1877 4028 praecedente

261 4051 519 4117 monito,
557 4053 631 4123 μὴ
663 4053 998 4125 διψυχῶμεν.
1037 4052 1104 4108 Ει
1138 4054 1184 4108 si
1217 4053 1451 4123 primam
1489 4051 1776 4122 epistolam
1808 4065 1874 4104 ex

263 4143 528 4198 secunda
562 4145 911 4216 interpretari
963 4147 1148 4211 liceat,
1181 4146 1346 4200 etiam
1383 4145 1548 4198 verba
1589 4141 1876 4213 sequentia

261 4235 586 4290 Clementis
627 4253 735 4292 non
782 4246 966 4304 erunt,
1016 4239 1109 4293 Sed
1158 4253 1224 4291 cx
1271 4238 1465 4292 eodem
1515 4246 1739 4290 auclore
1777 4233 1875 4289 de—

263 4341 525 4402 sumpta.
566 4327 637 4383 Ὦ
671 4332 911 4403 ἀνόητοι,
951 4331 1290 4403 συμϐάλλετε
1325 4331 1553 4394 ἑαυτοὺς
1587 4329 1749 4400 ξύλῳ,
1783 4327 1879 4382 λά-

264 4427 397 4479 ϐετε
436 4423 684 4496 ἄμπελον
705 4442 716 4454 ·
742 4424 956 4496 πρῶτον
994 4425 1091 4496 μὲν
1126 4423 1462 4496 φυλλορροεῖ,
1498 4419 1617 4476 εἷτα
1653 4421 1878 4492 βλαστὸς

259 4523 513 4589 γὶνεται,
563 4515 682 4572 εἶτα
737 4517 954 4588 φύλλον,
1007 4513 1126 4571 εἷτα
1175 4517 1356 4582 ἄνθος,
1407 4517 1499 4569 καὶ
1536 4514 1672 4586 μετὰ
1705 4513 1879 4567 ταῦτα

1984 2004 2206 2070 meruit,
2241 2013 2294 2058 ει
2343 2004 2486 2058 inter
2531 2017 2751 2063 sanctas
2796 2007 3112 2079 Scripturas
3143 2024 3516 2084 computatur.
3549 2036 3572 2073 ι

2056 2094 2325 2152 Praeterea
2373 2098 2570 2154 iterum
2617 2101 3022 2158 observandum
3054 2114 3159 2170 est,
3199 2109 3347 2177 quod
3377 2111 3444 2164 de
3473 2111 3579 2168 hac

1985 2205 2043 2243 re
2078 2189 2302 2258 scripsit
2340 2189 2562 2248 lsaacus
2599 2193 2962 2250 Casaubonus
2997 2211 3010 2248 :
3067 2215 3086 2248 ι
3110 2196 3421 2263 Quinetiam
3463 2201 3578 2258 for-

1985 2294 2133 2338 tasse
2167 2282 2373 2349 verius,
2407 2301 2514 2339 non
2562 2301 2627 2340 ex
2660 2285 2959 2358 Evangelio
3006 2288 3276 2347 llebraico
3305 2293 3573 2365 lgnatium

1984 2375 2074 2429 illa
2101 2376 2264 2430 verba
2289 2377 2669 2448 descripsisse,
2697 2395 2887 2436 verum
2923 2383 3274 2440 traditionem
3308 2388 3576 2456 allegasse

1984 2482 2095 2522 non
2129 2469 2413 2538 scriptam,
2441 2486 2566 2540 qua:
2598 2480 2791 2540 postea
2829 2473 2881 2527 in
2929 2474 3142 2532 litteras
3173 2476 3339 2533 fuerit
3379 2482 3573 2543 relata,

1981 2570 2036 2616 et
2078 2561 2351 2617 Hebraico
2393 2563 2712 2635 Evangelio,
2755 2568 2900 2636 quod
2930 2568 3187 2625 Matthaeo
3237 2573 3572 2640 tribuebant,

1985 2654 2212 2708 inserta.
2253 2673 2272 2705 ι
2336 2653 2400 2708 Ει
2433 2655 2539 2710 hoc
2569 2657 2791 2724 quidem
2836 2659 3012 2714 multo
3051 2661 3186 2716 mihi
3217 2665 3575 2720 verisimilius

1983 2747 2218 2801 videtur.
2267 2746 2402 2802 Nam
2447 2749 2575 2803 licet
2603 2748 2974 2822 Hieronymus
3017 2755 3394 2810 testimonium
3440 2757 3575 2812 illud

1981 2854 2045 2892 ex
2071 2854 2136 2892 eo
2161 2838 2460 2909 Evangelio
2487 2842 2715 2911 petitum
2757 2859 2880 2899 esse
2909 2847 3132 2914 dixerit,
3174 2857 3356 2904 tamen
3392 2849 3570 2905 Euse-

1983 2929 2108 2985 bius
2145 2931 2288 2986 unde
2337 2931 2471 2985 illud
2504 2932 2766 2989 habuerit
2801 2937 3017 2992 nescire
3062 2953 3122 2993 se
3153 2939 3439 3010 professus
3467 2953 3571 3008 est,

1982 3037 2108 3076 cum
2158 3030 2338 3076 tamen
2391 3023 2510 3092 ipse
2553 3023 2912 3099 Evangelium
2967 3037 3271 3088 secundum
3315 3033 3574 3092 Hebraeos

1982 3113 2187 3182 optime
2231 3115 2497 3172 novisset.
2540 3115 2610 3172 Et
2639 3119 2863 3189 quidem
2907 3133 3079 3179 recte.
3112 3123 3246 3180 Nam
3286 3127 3377 3181 illa
3406 3129 3573 3184 verba

1984 3219 2094 3259 non
2140 3204 2194 3258 in
2224 3221 2292 3261 eo
2323 3215 2538 3263 tantum
2571 3207 2871 3282 Evangelia
2907 3218 3345 3286 reperiebantur,
3393 3222 3486 3275 sed
3517 3232 3573 3277 et

1979 3296 2033 3350 in
2067 3297 2191 3352 aliis
2228 3297 2403 3366 libris,
2437 3309 2499 3354 ut
2538 3301 2592 3355 in
2641 3302 2767 3371 illo,
2797 3306 2894 3375 qui
2935 3307 3194 3364 Doctrina
3231 3310 3377 3366 Petri
3421 3313 3572 3369 dice-

1977 3387 2157 3443 batur.
2208 3389 2472 3462 Origcnes
2512 3395 2648 3466 Περὶ
2682 3394 2869 3468 ἀρχῶν
2902 3399 2996 3455 lib.
3031 3417 3085 3456 I:
3131 3421 3150 3454 ι
3183 3401 3240 3458 Si
3283 3419 3412 3459 vero
3447 3405 3575 3476 quis

1977 3481 2106 3536 velit
2131 3483 2293 3537 nobis
2319 3484 2567 3554 proferre
2599 3503 2665 3542 ex
2696 3491 2790 3545 illo
2819 3491 3003 3549 libello
3030 3496 3123 3564 qui
3149 3495 3300 3550 Petri
3312 3496 3574 3553 Doctrina

1976 3572 2304 3642 appellatur,
2351 3574 2441 3630 ubi
2477 3575 2730 3634 Salvator
2767 3581 2986 3638 videtur
3028 3586 3094 3640 ad
3140 3586 3443 3658 discipulos
3482 3589 3572 3644 di-

1976 3679 2121 3728 cere,
2151 3666 2297 3734 quod
2328 3681 2440 3721 non
2473 3667 2546 3723 sit
2575 3669 2907 3728 daemonium
2953 3677 3362 3749 incorporeum,
3393 3687 3572 3752 primo

1976 3759 2417 3827 respondendum
2442 3771 2530 3818 est
2551 3763 2623 3829 ei,
2652 3767 2916 3834 quoniam
2951 3769 3041 3825 ille
3064 3771 3202 3826 liber
3230 3773 3371 3829 inter
3403 3776 3570 3832 libros

1976 3850 2386 3909 ecclesiasticos
2433 3871 2546 3910 non
2608 3857 2861 3914 habetur.
2894 3880 2912 3912 ι
2973 3862 3142 3918 Multa
3195 3882 3330 3921 sane
3362 3868 3571 3925 Christi

1975 3943 2121 3998 dicta
2162 3944 2217 3999 in
2263 3961 2358 4000 ore
2400 3949 2902 4006 vetustissimorum
2947 3953 3393 4014 Christianorum
3452 3961 3572 4017 fue-

1977 4045 2128 4103 runt,
2173 4052 2298 4107 quae
2341 4038 2397 4093 in
2437 4038 2751 4112 Evangeliis
2796 4046 3006 4100 nostris
3044 4062 3155 4102 non
3199 4051 3568 4121 reperiuntur,

1978 4145 2158 4200 neque
2193 4133 2248 4186 in
2279 4132 2405 4191 aliis
2435 4134 2563 4189 ullis
2598 4134 2837 4192 fortasse
2881 4155 3128 4210 unquam
3172 4143 3376 4215 scripta
3417 4156 3568 4202 sunt.

1978 4222 2151 4290 Quale
2179 4233 2297 4279 erat
2328 4225 2460 4280 illud
2493 4244 2506 4280 :
2534 4227 2755 4282 Γίνεσθε
2786 4229 2999 4303 δόκιμοι
3041 4233 3386 4306 τραπεζίται,
3423 4241 3570 4310 quod

1980 4333 2011 4370 a
2047 4317 2236 4372 multis
2270 4327 2515 4373 veterum
2561 4330 2822 4392 tanquam
2865 4325 3072 4383 Christi
3129 4330 3482 4398 mandatum,
3515 4346 3571 4389 et

1980 4409 2202 4480 quidem
2249 4425 2280 4464 a
2326 4409 2562 4464 S.Pauli
2614 4415 2991 4472 admonitione
3044 4419 3388 4488 distinctum,
3429 4441 3571 4495 saepe

1982 4503 2277 4569 recitatur;
2318 4519 2384 4558 ex
2422 4505 2573 4559 nullo
2616 4515 2798 4560 tamen
2831 4511 3148 4582 apocrypha
3187 4514 3391 4585 scripto
3435 4517 3572 4573 cita-

264 4611 483 4681 δμφαξ,
521 4607 642 4664 εἷτα
677 4610 920 4681 σταφυλὴ
957 4612 1360 4680 παρεστηκυῖα.
1405 4625 1422 4659 ι
1460 4605 1502 4661 Ο
1534 4605 1693 4672 fatui,
1725 4621 1877 4660 com-

1983 4609 2091 4660 tur,
2129 4612 2230 4651 nec
2258 4607 2440 4652 tamen
2485 4599 2536 4652 in
2567 4601 2773 4654 nostris
2812 4603 3097 4659 codicibus
3144 4609 3433 4676 reperitur,
3467 4627 3571 4667 nec

266 4710 472 4772 parate
501 4717 602 4755 vos
639 4703 856 4768 arbOri,
893 4702 1048 4754 vitim
1091 4702 1326 4767 sumite;
1377 4700 1615 4769 primum
1653 4698 1874 4767 quidem

266 4791 681 4858 defrondescit,
728 4809 953 4864 germen
997 4802 1188 4863 postea
1228 4792 1494 4863 pullulat,
1541 4789 1733 4844 folium
1777 4789 1877 4843 de-

267 4887 434 4952 inde,
477 4893 596 4937 tum
637 4886 760 4953 flos,
805 4896 860 4940 et
899 4897 1024 4956 post
1070 4886 1188 4940 haec
1238 4900 1340 4939 uva
1383 4883 1609 4950 acerba,
1657 4883 1876 4938 demum

270 4995 385 5034 uva
445 4983 684 5030 matura.
715 4998 733 5030 ι
791 4977 926 5032 Nam
967 4979 1022 5032 in
1061 4978 1289 5047 cpistola
1329 4977 1567 5032 secunda
1612 4976 1727 5030 haec
1768 4973 1878 5028 illis

272 5071 604 5129 subduntur
644 5087 657 5122 :
703 5071 858 5123 Οὕτω
935 5072 1030 5126 καὶ
1081 5074 1110 5125 ὁ
1142 5070 1270 5134 λαός
1316 5087 1417 5140 μου
1467 5067 1879 5129 ἀκαταστασίας

273 5166 376 5220 καὶ
429 5161 644 5231 θλίψεις
687 5161 876 5231 ἔσχεν,
937 5164 1126 5217 ἔπειτα
1179 5163 1516 5234 ἀπολήψεται
1567 5161 1636 5214 τὰ
1673 5159 1873 5228 ἀγαθά.

281 5278 303 5310 ε
342 5256 426 5310 Ita
462 5259 631 5309 etiam
675 5253 911 5322 populus
956 5271 1115 5310 meus
1149 5257 1448 5311 seditiones
1475 5264 1529 5309 et
1560 5254 1878 5309 afﬂictiones

277 5347 502 5410 habuit,
549 5353 742 5414 postea
788 5343 1013 5412 recipiet
1058 5361 1122 5399 ea
1166 5362 1289 5417 qua:
1320 5347 1462 5400 bona
1495 5355 1643 5400 sunt.
1678 5365 1696 5396 ι
1745 5343 1879 5410 Quae

278 5454 411 5492 cum
453 5446 719 5506 tanQuam
752 5450 819 5489 ex
848 5437 1113 5504 propheta
1149 5438 1489 5501 adduxisset,
1527 5453 1660 5492 suos
1689 5437 1876 5492 statim

279 5530 473 5584 verbis
512 5527 633 5583 suis
667 5527 1004 5596 alloquitur:
1039 5528 1236 5592 Ὥστε,
1273 5528 1491 5598 ἁδελφοί
1529 5546 1650 5599 μου,
1691 5529 1764 5599 μὴ
1797 5529 1877 5580 δι-

277 5621 578 5692 ψυχῶμεν.
620 5636 638 5668 ι
669 5617 879 5684 Quare,
921 5617 1122 5674 fratres
1159 5620 1284 5685 mei,
1327 5637 1394 5674 ne
1431 5620 1598 5674 animi
1641 5620 1876 5689 duplicis

278 5717 486 5768 simus.
527 5731 546 5762 ι
587 5710 881 5778 Utcunque
925 5725 983 5764 sc
1024 5726 1114 5765 res
1150 5710 1366 5776 haheat,
1419 5727 1527 5766 non
1579 5727 1679 5765 nos
1717 5711 1876 5780 primi

280 5809 404 5862 hzee
460 5803 820 5866 notavimus;
876 5801 1100 5858 l’liotius
1155 5803 1272 5873 ipse
1323 5805 1504 5873 aliqua
1563 5805 1875 5873 hujusmodi

280 5897 605 5957 observavit
658 5895 848 5950 codice
874 5894 995 5960 126,
1047 5895 1111 5950 de
1159 5897 1392 5950 secunda
1444 5897 1590 5950 enim
1647 5895 1873 5965 cpistola

577 5996 855 6056 Parnm"
911 5992 1004 6052 Ca
1042 5995 1102 6056 V.

1983 4705 2012 4743 a
2041 4688 2298 4745 Patribus
2334 4705 2400 4745 ex
2428 4693 2709 4762 parabolis
2737 4692 2944 4750 Christi
2987 4697 3275 4753 collectum
3306 4709 3410 4767 est,
3441 4717 3568 4757 cum

1980 4783 2146 4836 etiam
2195 4783 2436 4838 haeretici
2489 4785 2622 4838 illud
2667 4794 3034 4855 usurparent,
3090 4791 3399 4860 etquidem
3443 4805 3570 4851 ante

1980 4873 2306 4941 catholicos,
2339 4886 2399 4930 ut
2435 4887 2655 4932 constat
2683 4893 2748 4932 ει
2775 4878 2966 4948 Apelle
2999 4883 3139 4950 apud
3175 4882 3565 4953 Epiphanium.

1980 4965 2136 5034 Apud
2185 4965 2492 5021 Barna-bam
2536 4968 2654 5023 haec
2687 4961 2985 5038 leguntur:
3015 4969 3189 5026 «Nihil
3247 4975 3391 5028 enim
3435 4992 3568 5045 pro.

1981 5057 2121 5112 derit
2161 5059 2319 5114 nobis
2364 5075 2528 5114 omne
2562 5070 2778 5130 tempus
2822 5063 2946 5117 vitae
2995 5072 3198 5120 nostra:
3249 5073 3304 5120 et
3346 5067 3493 5134 fidei,
3521 5070 3568 5124 si

1983 5166 2089 5205 non
2123 5151 2286 5206 modo
2309 5148 2450 5222 [lege
2490 5149 2648 5222 odio]
2684 5152 2934 5222 iniquum
2967 5163 3020 5208 et
3060 5154 3276 5211 futuras
3309 5161 3569 5214 tentatio-

1983 5261 2080 5299 nes
2112 5245 2432 5299 habeamus.
2471 5244 2628 5300 Sicut
2655 5245 2788 5301 dicit
2812 5245 2984 5301 Filius
3010 5247 3103 5302 Dei
3134 5265 3146 5300 :
3178 5269 3197 5300 ι
3224 5249 3566 5308 Resistamus

1980 5338 2129 5392 omni
2155 5337 2522 5407 iniquitati,et
2546 5339 2672 5393 odio
2703 5339 3004 5395 habeamus
3031 5355 3210 5396 eam.)
3230 5341 3353 5398 Haec
3383 5353 3564 5399 autem

1981 5447 2008 5485 a
2033 5430 2257 5486 Christo
2289 5432 2435 5485 dicta
2471 5432 2599 5486 alibi
2633 5446 2744 5486 non
2776 5433 3031 5504 legimus.
3078 5437 3227 5490 ldcm
3261 5438 3376 5492 hate
3407 5442 3564 5508 quasi

1981 5543 2010 5580 a
2033 5526 2270 5579 Domino
2313 5527 2456 5580 dicta
2492 5525 2702 5596 profert
2727 5543 2740 5578 :
2765 5527 2924 5580 Οὕτω
2955 5567 2971 5593 ,
3006 5531 3203 5601 φησὶν,
3238 5533 3288 5584 οἱ
3321 5530 3569 5600 θέλοντές

1984 5636 2047 5688 με
2087 5619 2212 5672 ἰδεῖν
2248 5618 2342 5670 καὶ
2377 5617 2618 5688 ἅψασθαί
2670 5636 2770 5689 μου
2804 5620 2904 5690 τῆς
2940 5622 3234 5692 βασιλείας,
3288 5625 3568 5694 ὀφείλουσι

1981 5711 2250 5774 θλιϐἐντες
2286 5711 2380 5763 καὶ
2417 5710 2684 5775 παθόντες
2717 5711 2903 5767 λαϐεῖν
2942 5732 3028 5785 με.
3061 5735 3080 5766 t
3106 5715 3220 5785 Sic,
3245 5718 3440 5789 inquit,
3471 5721 3568 5792 qui

1982 5804 2172 5857 volunt
2197 5817 2281 5856 me
2299 5820 2318 5856 κ
2335 5803 2502 5870 idere,
2527 5813 2582 5858 ει
2603 5804 2867 5874 attingere
2891 5823 3118 5880 regnum
3144 5826 3349 5877 meum,
3369 5814 3569 5870 debent

1980 5896 2283 5966 compressi
2309 5907 2362 5952 ct
2384 5897 2554 5954 multa
2587 5900 2736 5968 passi
2769 5901 3039 5970 accipere.
3089 5923 3105 5955 ι
3155 5903 3380 5962 Grotius
3425 5907 3568 5964 hanc

3212 6002 3286 6059 12
