4138 6412
572 370 675 426 5455

1562 376 1617 432 S.
1662 379 2008 437 IGNATIUS.
2051 414 2118 422 ——
2155 380 2699 438 PROLECOMENA.

3729 382 3845 437 τοι

569 491 749 565 ipsam
786 496 1054 550 rationem
1092 496 1249 552 affert
1278 497 1703 567 pro'Clementis
1744 505 1987 573 epistola:
2013 506 2152 559 anti-
2185 512 2226 566 Α
2262 505 2451 574 periali
2503 502 2772 558 sententia
2817 501 3240 557 condemnatum
3265 544 3279 568 ,
3320 500 3375 554 in
3408 499 3663 554 manibus
3715 515 3840 554 car-

568 591 773 656 quitate
813 597 977 658 atque
1002 590 1248 655 veritate,
1274 591 1419 659 quod
1450 592 1592 646 dicta
1623 597 1870 663 qumdam
1921 607 2148 667 usurpat

568 692 675 729 non
719 678 957 747 scripta,
1009 681 1104 734 sed
1155 691 1213 735 ut
1251 682 1510 736 memoria
1569 690 1769 741 recenti
1815 704 1911 758 per
1951 705 2147 742 manus

573 770 794 822 tuadita.
850 770 940 825 Bis
983 773 1203 841 quidem
1249 776 1567 832 Corinthios
1614 780 1680 833 ad
1728 781 1900 849 ipsius
1939 782 2145 836 Christi

563 861 732 914 verba
772 874 1012 929 revocat,
1044 881 1217 933 eaque
1251 869 1473 934 recitat;
1519 872 1611 923 sed
1658 871 1731 925 ita
1760 881 1818 925 ut
1848 888 1914 925 ex
1946 871 2151 943 scripto

566 952 753 1022 aliquo
783 954 973 1009 codice
1011 972 1074 1010 ea
1106 959 1357 1014 hausisse
1407 963 1633 1017 minime
1659 964 1927 1018 videatur.
1994 967 2150 1021 Οὕτω

563 1042 673 1115 γὰρ
719 1041 892 1109 εἶπεν,
952 1066 969 1098 ι
1006 1047 1099 1104 Sic
1142 1052 1287 1104 enim
1343 1053 1513 1119 dixit,
1548 1074 1566 1105 ι
1627 1056 1840 1110 scilicet
1881 1055 2147 1109 Dominus

561 1135 724 1193 Jesus
770 1159 782 1193 :
835 1141 1068 1196 Ἐλεεῖτε
1121 1144 1208 1197 ἴνα
1257 1146 1544 1217 ἐλεηθῆτε,
1596 1150 1785 1219 ἀφίετε
1839 1152 1925 1204 ἵνα
1970 1151 2144 1223 ἀφεθῇ

561 1228 709 1301 ὑμῖν,
746 1232 821 1296 ὡς
856 1238 1057 1287 ποιεῖτε
1105 1236 1248 1290 οὕτω
1282 1240 1638 1311 ποιηθήσεται
1686 1245 1833 1313 ὑμῖν,
1868 1244 1943 1307 ὡς
1975 1244 2143 1298 δίδοτε

559 1320 701 1375 οὕτω
750 1324 1035 1396 δοθήσεται
1084 1330 1233 1399 ὑμῖν,
1267 1332 1344 1395 ὡς
1378 1333 1593 1403 κρίνετε
1626 1335 1772 1389 οὕτω
1824 1336 2143 1408 κριθήσεται

559 1412 706 1482 ὑμῖν,
760 1416 835 1477 ὼς
869 1418 1233 1488 χρηστεύεσθε
1286 1421 1429 1475 οὕτω
1475 1426 1941 1497 χρηστευθήσεται
1991 1429 2140 1497 ὑμῖν,

557 1498 600 1570 ᾧ
637 1508 819 1578 μέτρῳ
857 1514 1103 1580 μετρεῖτε
1147 1514 1205 1568 ἐν
1241 1514 1389 1585 αὐτῷ
1427 1516 1829 1588 μετρηθήσεται
1867 1519 2017 1588 ὑμῖν.
2046 1518 2143 1574 His

558 1600 738 1666 aliqua
793 1616 900 1655 non
946 1603 1233 1660 dissimilia
1300 1608 1572 1662 habentur
1631 1610 1773 1678 apud
1830 1608 1887 1665 S.
1937 1610 2139 1667 Lucam

557 1696 735 1765 capite
767 1712 838 1749 vi.
886 1697 992 1752 Sed
1025 1700 1360 1757 Clementem
1396 1703 1557 1760 Lucae
1596 1705 2035 1777 condiscipulum
2073 1725 2140 1763 ex

554 1793 675 1857 ejus
703 1790 999 1863 Evangelio
1028 1795 1143 1851 haec
1172 1797 1549 1866 descripsisse,
1584 1800 1717 1853 mihi
1755 1801 1808 1854 in
1838 1810 1990 1855 tanto
2020 1817 2142 1856 ver-

2250 596 2476 649 niticum
2513 595 2822 650 arctissime
2864 594 3223 658 custoditum,
3262 593 3330 647 ad
3364 594 3542 647 locum
3578 592 3838 647 destinati

2250 688 2654 757 certissimique
2703 688 2955 756 supplicii
3000 687 3225 757 jamjam
3282 685 3688 747 deducendum,
3745 685 3835 739 di-

2250 796 2417 851 gnum
2456 780 2589 844 Deo,
2642 790 2695 834 ct
2740 781 2949 850 angelis
2996 789 3051 835 et
3096 780 3413 833 hominibus
3458 778 3835 847 spectaculum

2252 871 2453 927 factum
2478 889 2490 923 :
2518 872 2928 926 sanctissimum
2950 873 3126 925 virum
3154 887 3216 926 ea
3234 872 3549 927 conditione
3567 871 3837 939 positum,

2248 970 2362 1017 tota
2387 964 2476 1017 illa
2502 964 2566 1017 ad
2588 963 2869 1018 Romanos
2889 965 3119 1033 epistola
3139 963 3273 1017 nihil
3293 961 3835 1017 consummatissima

2249 1055 2449 1110 Christi
2475 1056 2747 1127 discipulo
2776 1057 3057 1127 indignum
3085 1056 3372 1127 scripsisse
3394 1056 3684 1111 contendo.

2286 1190 2287 1193 η
2324 1170 2341 1201 ι
2376 1151 2480 1205 Sed
2512 1152 2647 1206 adeo
2678 1167 2942 1221 prteceps.
2991 1152 3189 1221 inquit,
3243 1149 3418 1204 fertur
3466 1161 3524 1203 ut
3550 1148 3840 1203 Romanos

2246 1253 2389 1299 vetet
2419 1245 2535 1297 suis
2560 1245 2643 1297 vel
2674 1244 2818 1314 apud
2855 1243 3020 1297 Deum
3054 1244 3332 1313 precibus,
3358 1243 3441 1297 vel
3481 1243 3622 1311 apud
3654 1244 3838 1297 homi-

2247 1353 2346 1391 nes
2398 1336 2591 1392 ciliciis
2650 1336 3023 1401 intercedere,
3074 1352 3186 1407 quo
3231 1351 3293 1390 ea
3345 1351 3529 1406 poena,
3563 1336 3629 1389 ad
3666 1351 3834 1406 quam

2245 1440 2361 1484 erat
2415 1430 2730 1491 damnatus,
2782 1430 3066 1483 liberetur.
3099 1448 3116 1481 ›
3176 1428 3317 1496 Quid
3356 1437 3561 1495 autem,
3592 1444 3661 1482 an
3694 1428 3837 1483 velis

2246 1522 2609 1577 fortissimum
2662 1522 3063 1586 Christianum,
3116 1523 3228 1577 imo
3271 1530 3325 1576 et
3371 1523 3593 1586 ducent,
3636 1522 3747 1590 jam
3798 1538 3835 1575 a

2244 1616 2500 1686 gentibus
2549 1628 2770 1687 captum
2828 1616 3367 1686 condemnatumque
3414 1626 3468 1669 et
3511 1616 3564 1669 in
3607 1631 3831 1669 arenam

2245 1720 2503 1776 tractum,
2552 1711 2796 1779 reliquos
2840 1709 3187 1765 Christianos
3231 1725 3409 1774 orare,
3460 1718 3517 1763 ut
3562 1725 3685 1764 cum
3719 1707 3838 1762 Deo

2243 1803 2327 1857 vel
2388 1801 2707 1856 hominibus
2750 1800 3125 1867 intercedant,
3175 1815 3285 1869 quo
3332 1815 3517 1854 minus
3562 1800 3837 1869 supplicio

553 1879 748 1934 borum
778 1883 1097 1939 discrimine.
1130 1886 1423 1941 verisimile
1454 1904 1560 1943 non
1584 1899 1701 1955 est;
1744 1906 1921 1959 neque
1948 1892 2138 1947 dubito
2173 1863 2213 1917 Β
2245 1894 2555 1948 adiciatur?
2592 1894 2675 1946 An
2718 1893 2898 1947 virum
2930 1908 3099 1946 unum
3133 1891 3443 1946 Christiana
3472 1893 3670 1960 pietate
3718 1891 3830 1944 im--

553 1974 684 2041 quin
714 1973 966 2031 Clemens
992 1980 1309 2046 cognoverit
1331 1996 1776 2052 unamquamque
1796 2000 1861 2037 ex
1885 1984 1993 2039 illis
2007 2000 2132 2039 sen-

551 2066 739 2120 tentiis
797 2083 827 2121 a
883 2068 1105 2123 Christo
1165 2070 1335 2125 fuisse
1388 2073 1687 2141 prolatam;
1752 2074 1895 2130 unde
1951 2076 2133 2131 statim

549 2156 699 2210 addit
745 2175 759 2210 :
804 2158 997 2232 Ταύτῃ
1046 2163 1112 2232 τῇ
1154 2163 1344 2235 ἐντολῇ
1394 2164 1485 2217 καὶ
1530 2167 1644 2229 τοῖς
1709 2168 2135 2239 παραγγέλμασι

548 2249 758 2314 τούτοις
797 2251 897 2319 (ita
927 2252 1058 2322 ms.)
1090 2255 1432 2328 στηρίξωμεν
1466 2259 1713 2322 ἑαυτούς.
1758 2258 1902 2316 (Hoc
1934 2276 2135 2330 praece-

547 2354 641 2410 pto
687 2352 741 2396 et
793 2345 1066 2400 mandatis
1123 2347 1274 2403 hisce
1335 2349 1681 2405 stabiliamus
1745 2368 1847 2407 nos
1903 2352 2070 2422 ipsos.
2111 2374 2129 2405 ι

549 2440 616 2495 Ει
646 2459 874 2499 rursus:
909 2446 1206 2519 Μνήσθητε
1234 2448 1342 2501 τῶν
1374 2449 1547 2519 λόγων
1593 2452 1766 2522 Ἰησοῦ
1801 2452 1895 2506 τοῦ
1930 2454 2134 2526 Κυρίου

548 2536 723 2608 ἡμῶν,
745 2533 864 2591 εἶπε
887 2536 1017 2610 γάρ·
1038 2558 1055 2589 ι
1081 2538 1463 2596 Recordamini
1483 2543 1774 2598 verborum
1796 2544 2014 2600 Domini
2041 2562 2138 2601 no-

547 2632 649 2685 stri
668 2629 819 2696 Jesu,
838 2632 975 2686 dixit
1005 2633 1150 2687 enim
1173 2650 1185 2685 :
1216 2653 1234 2685 ›
1263 2635 1401 2688 Οὐαὶ
1414 2636 1490 2707 τῷ
1504 2635 1777 2709 ἀνθρώπῳ
1804 2638 2014 2710 ἐκείνῳ·
2033 2657 2133 2692 κα-

545 2724 636 2777 λὸν
652 2720 719 2795 ἦν
744 2724 893 2795 αὐτῷ
915 2727 963 2778 εἰ
985 2727 1085 2780 οὐκ
1108 2728 1373 2800 ἐγεννήθη
1391 2731 1425 2799 ἢ
1456 2730 1550 2783 ἕνα
1580 2729 1689 2785 τῶν
1723 2731 1995 2785 ἐκλεκτῶν
2033 2750 2133 2803 μου

548 2815 933 2869 σκανδαλισαι’
988 2821 1235 2889 κρεῖττον
1278 2815 1347 2891 ἦν
1381 2820 1530 2892 αὐτῷ
1565 2822 1912 2894 περιτεθῆναι
1969 2823 2134 2893 μόλον

546 2908 641 2962 καὶ
675 2910 1172 2982 καταποντισθῆναι
1223 2914 1301 2977 εἰς
1336 2914 1436 2986 τὴν
1470 2914 1769 2982 θάλασσαν,
1817 2917 1849 2987 ἢ
1885 2916 1981 2970 ἕνα
2028 2916 2134 2970 τῶν

548 2999 762 3073 μικρῶν
816 3019 916 3071 μου
972 3002 1349 3058 σκανδαλίσαι.
1437 3003 1538 3060 Hic
1592 3005 1774 3075 aliqua
1826 3007 2013 3062 Graece
2065 3008 2134 3063 ad

544 3090 846 3159 marginem
877 3092 1130 3160 ponenda
1175 3100 1229 3147 et
1258 3093 1465 3149 Latinae
1496 3092 1933 3164 interpretationi
1964 3096 2133 3152 inter-

544 3181 774 3237 serenda
822 3183 1040 3237 censuit
1086 3181 1361 3240 Patricius
1404 3183 1630 3252 Junius,
1680 3196 1740 3240 ut
1781 3186 1898 3242 hzec
1955 3187 2201 3273 magisc

543 3275 707 3333 Lucae
752 3278 875 3334 loco
927 3279 1283 3350 quadrarent.
1327 3280 1465 3335 Cum
1514 3281 1732 3336 veritati
1773 3283 1948 3352 magis
1995 3284 2129 3338 mihi

542 3386 845 3427 consonum
892 3373 1163 3441 videatur,
1193 3376 1263 3430 ab
1294 3377 1561 3446 apostolis
1602 3377 1761 3447 ipsis,
1797 3388 1893 3433 aut
1938 3394 2129 3434 eorum

538 3460 825 3533 discipulis
851 3452 975 3519 haec
997 3468 1276 3536 accep’sse
1306 3467 1665 3523 Clementem.
1695 3466 1897 3533 Quidni
1930 3470 2132 3538 pariter

540 3566 593 3609 et
623 3552 976 3625 S.lgnatius,
1029 3557 1123 3627 qui
1172 3574 1298 3613 cum
1353 3551 1622 3629 apostolis
1651 3570 1706 3616 et
1734 3575 1926 3615 eorum
1963 3561 2131 3615 disci-

540 3647 683 3714 pulis
714 3660 967 3705 versatus
998 3658 1101 3717 est,
1134 3652 1440 3720 praesertim
1474 3667 1541 3708 eo
1572 3664 1815 3723 tempore
1840 3668 1952 3723 quo
1990 3654 2129 3709 scri-

538 3740 647 3809 ptis
676 3739 988 3813 Evangeliis
1015 3743 1093 3797 uti
1133 3743 1273 3799 forte
1308 3746 1359 3800 ei
1383 3745 1495 3816 jam
1526 3747 1713 3802 vincto
1754 3761 1863 3801 non
1910 3746 2125 3814 licebat,

539 3833 788 3887 eamdem
843 3835 1155 3902 historiam,
1216 3852 1383 3907 quam
1417 3848 1606 3894 narrat
1661 3838 1720 3893 S.
1752 3836 1951 3905 Lucas,
2003 3839 2129 3894 aliis

538 3926 722 3981 verbis
751 3926 1089 3995 explicaret?

607 4018 796 4086 Capite
828 4018 895 4073 18
924 4020 1119 4075 transit
1154 4036 1185 4074 a
1211 4022 1515 4077 reverentia
1540 4023 1741 4077 divinis
1768 4022 1923 4079 libris
1945 4023 2128 4079 debita

538 4108 607 4162 ad
659 4109 913 4177 pietatem
967 4118 1020 4164 et
1074 4110 1432 4176 modestiam,
1485 4128 1623 4182 quas
1675 4113 1729 4166 in
1779 4114 2006 4184 epistola
2059 4116 2125 4169 ad

538 4200 820 4254 Romanos
873 4201 1107 4257 violatas
1154 4217 1278 4258 esse
1324 4212 1529 4272 putat;
1583 4204 1639 4257 in
1696 4204 1817 4271 illa,
1875 4206 2124 4275 inquam,

537 4292 795 4361 epistola,
838 4308 1002 4363 quam
1038 4301 1120 4347 tot
1150 4293 1254 4347 viri
1294 4293 1349 4346 in
1382 4295 1549 4350 veteri
1602 4293 1847 4349 Ecclesia
1890 4296 2127 4352 celeber-

536 4386 666 4440 rimi
719 4394 797 4440 tot
845 4387 1122 4456 tantisque
1172 4388 1467 4456 prreconiis
1518 4388 1878 4455 extulerunt;
1934 4404 1965 4444 a
2016 4406 2124 4460 qua

536 4480 775 4535 Ircnzeus
818 4497 983 4535 unam
1032 4481 1304 4550 insignem
1349 4481 1679 4536 sententiam
1706 4490 1991 4538 mutuatus
2019 4494 2123 4551 est,

2241 1985 2430 2039 butum
2458 1985 2512 2038 in
2533 1987 2827 2040 tetveteris
2859 1984 3117 2039 Ecclesia:
3148 1984 3626 2054 persecutionibus
3665 1986 3734 2039 ita
3767 2000 3830 2041 se

2242 2076 2504 2147 gessisse,
2563 2084 2657 2131 aut
2699 2076 2745 2132 si
2794 2076 2845 2130 id
2875 2075 3085 2141 fecerit,
3110 2078 3179 2131 ab
3204 2075 3449 2132 Ecclesia
3488 2078 3826 2133 celebratum

2245 2168 2428 2223 nosti?
2459 2188 2476 2218 ι
2510 2167 2623 2223 Hoc
2648 2179 2771 2223 orat
2797 2182 2902 2221 vox
2940 2177 3241 2239 martyrum
3269 2184 3283 2223 :
3314 2168 3359 2219 Α
3390 2168 3587 2222 timore
3616 2167 3829 2223 inimici

2237 2277 2367 2317 erue
2408 2263 2651 2317 animam
2696 2277 2906 2326 meam;
2960 2276 3069 2315 non
3107 2272 3165 2315 ut
3205 2277 3290 2316 me
3322 2276 3431 2315 non
3466 2262 3684 2318 occidat
3709 2264 3827 2317 ini-

2237 2357 2435 2421 micus,
2478 2358 2571 2413 sed
2596 2366 2656 2411 ut
2682 2371 2790 2411 non
2822 2358 3042 2411 timeam
3086 2354 3423 2411 occidentem
3468 2356 3753 2412 inimicum
3804 2376 3827 2411 ι

2226 2445 2285 2491 ιιι
2355 2440 2610 2497 observat
2681 2445 2738 2501 S.
2813 2448 3153 2519 Augustinus
3213 2447 3279 2501 ad
3336 2448 3607 2517 psalmum
3666 2465 3825 2503 um.

2236 2540 2356 2595 Non
2404 2541 2536 2595 illud
2589 2540 2798 2605 voluit,
2862 2540 3093 2610 opinor,
3151 2539 3235 2593 vir
3276 2539 3664 2607 doctissimus;
3714 2555 3832 2595 non

2236 2648 2355 2687 eam
2380 2636 2638 2699 pietatem
2688 2640 2785 2686 aut
2840 2632 3168 2686 modestiam
3203 2630 3465 2701 postulat,
3492 2632 3585 2686 sed
3614 2647 3682 2686 ne
3724 2647 3829 2685 vc-

2238 2734 2377 2778 taret
2411 2725 2525 2780 haec
2549 2725 2896 2779 Christianos
2912 2722 3608 2780 facere.Verurnenimvero
3633 2723 3836 2794 Quidni

2238 2816 2327 2871 ille
2368 2826 2548 2882 vetet,
2616 2817 2763 2886 quod
2827 2832 2990 2871 nemo
3045 2816 3287 2886 expetit?
3314 2826 3408 2870 aut
3440 2832 3612 2887 quare
3641 2816 3731 2870 alii
3774 2816 3831 2870 id

2236 2922 2518 2977 nunquam
2553 2907 2907 2976 expetebant,
2942 2907 3048 2962 nisi
3084 2906 3230 2976 quod
3272 2907 3423 2977 ipsos
3469 2907 3698 2962 minime
3724 2908 3833 2965 de-

2236 3011 2359 3052 cere
2404 2996 2705 3066 putabunt?
2742 3005 2797 3050 et
2829 2996 3023 3067 quidni
3054 2997 3192 3051 alios
3245 2996 3297 3050 id
3354 3006 3539 3066 petere
3575 2998 3719 3051 nolle
3764 3011 3837 3053 se

2237 3088 2608 3158 signiﬁcarent
2632 3130 2646 3153 ,
2670 3089 2816 3160 quod
2856 3089 2959 3159 ipsi
2995 3090 3115 3145 sine
3148 3090 3430 3160 religionis
3454 3108 3569 3145 suae
3614 3106 3832 3161 appro-

2234 3181 2353 3237 brio
2387 3192 2570 3251 petere
2602 3197 2709 3236 non
2741 3183 3000 3251 possent?
3034 3183 3078 3236 A
3104 3182 3369 3238 Romanis
3390 3186 3523 3252 petit
3556 3183 3833 3254 lgnatius,

2234 3288 2295 3334 ut
2330 3279 2515 3334 sinant
2557 3293 2684 3333 eum
2731 3267 2995 3350 martyrio
3034 3277 3147 3348 jam
3175 3287 3367 3349 parato
3399 3278 3531 3345 frui,
3560 3287 3621 3333 ut
3648 3278 3827 3334 Deum

2233 3380 2391 3427 orent
2419 3388 2528 3441 quo
2558 3382 2818 3441 tanquam
2849 3380 3002 3442 grata
3026 3370 3075 3427 ei
3105 3371 3282 3426 hostia
3318 3371 3602 3437 offeratur,
3632 3379 3694 3426 ut
3714 3373 3830 3441 ipsi

2232 3472 2490 3519 aeternam
2527 3462 2834 3517 mercedem
2884 3478 2993 3517 non
3046 3464 3330 3518 invideant
3379 3478 3481 3518 nec
3522 3463 3833 3532 impediant

2232 3572 2356 3610 eum
2388 3570 2500 3625 quo
2541 3554 2728 3610 minus
2776 3554 3249 3609 immortalitatem
3292 3555 3477 3609 statim
3512 3564 3829 3620 consequa—

2232 3658 2343 3703 tur.
2379 3646 2495 3703 Hoc
2520 3648 2784 3718 impedire
2820 3647 3025 3702 diaboli
3060 3663 3199 3718 opus
3239 3648 3363 3703 esse
3396 3648 3589 3711 docet,
3626 3652 3681 3697 et
3710 3644 3829 3697 odii

2231 3743 2353 3812 plus
2386 3742 2590 3796 habere
2621 3757 2786 3811 quam
2812 3741 3102 3797 charitatis
3130 3740 3482 3797 Christiana.
3521 3738 3646 3793 Haec
3670 3752 3830 3793 sum-

2236 3851 2323 3889 ma
2374 3849 2566 3889 eorum
2599 3849 2723 3904 quae
2769 3850 2799 3888 a
2839 3834 2955 3889 suis
2991 3836 3125 3905 petit
3169 3836 3237 3890 ad
3274 3835 3479 3891 bestias
3502 3833 3833 3899 damnatus,

2230 3928 2465 3981 vinculis
2523 3926 2805 3995 illigatus,
2860 3926 2927 3979 ad
2963 3928 3295 3996 supplicium
3356 3936 3570 3997 raptus,
3624 3925 3830 3979 merito

2231 4016 2672 4088 gloriosissimus
2703 4025 2930 4088 martyr.
2966 4014 3098 4083 Qua:
3132 4018 3318 4071 omnia
3343 4016 3481 4071 adeo
3524 4032 3556 4070 a
3586 4015 3833 4086 juvenili

2230 4104 2449 4158 levitate
2481 4105 2776 4175 animoque
2808 4107 3086 4175 praecipite
3117 4107 3439 4173 abhorrent,
3478 4115 3539 4160 ut
3574 4106 3829 4161 subacta:

2230 4206 2285 4249 et
2320 4196 2459 4250 bene
2493 4195 2733 4251 fundatm
2764 4198 3121 4261 constantiae,
3158 4198 3386 4267 spiritus
3421 4199 3538 4251 zelo
3572 4196 3666 4251 Dei
3708 4196 3833 4251 fer-

2230 4288 2430 4352 ventis,
2462 4289 2630 4342 animi
2679 4289 2745 4343 ad
2779 4287 2962 4343 futura
2996 4289 3194 4360 gaudia
3226 4290 3555 4351 anhelantis,
3587 4304 3650 4343 ac
3701 4289 3833 4358 ple—

2230 4384 2486 4453 rophoria
2518 4384 2641 4439 fidei
2676 4386 2743 4439 de
2778 4385 3001 4456 praemio
3035 4393 3242 4440 aeterno
3289 4386 3586 4440 certissimi
3639 4386 3835 4438 mani-

2229 4472 2525 4528 fesussima
2567 4474 2770 4529 indicia
2813 4475 3002 4529 haberi
3035 4483 3088 4530 et
3117 4476 3334 4545 possint
3374 4485 3427 4529 et
3456 4475 3707 4530 debeant.
3758 4474 3832 4530 Si

536 4573 697 4627 aliam
736 4571 1032 4643 Origenes;
1089 4590 1157 4629 ex
1200 4590 1305 4644 qua
1356 4572 1666 4641 Eusebius,
1714 4575 2125 4633 curiosissimus
2159 4566 2202 4622 Β
2234 4564 2292 4620 S-
2336 4565 2541 4621 PaUIHS
2585 4582 2711 4621 cum
2746 4567 2969 4621 Vincula
3010 4576 3221 4621 lanlum
3266 4566 3621 4637 PmVidcmt.
3647 4567 3836 4621 εῑθάτ

537 4669 1053 4740 martyrologiorum
1117 4669 1429 4737 indagator,
1478 4677 1737 4739 excerpta
1769 4670 1906 4725 bene
1962 4671 2121 4741 longa

534 4761 857 4830 descripsit,
895 4772 952 4816 ut
989 4762 1056 4815 iis
1085 4760 1385 4816 Historiam
1425 4761 1860 4817 ecclesiasticam
1888 4763 2124 4817 adorna-

534 4859 636 4913 ret,
679 4867 801 4921 qua:
835 4849 893 4905 S.
919 4850 1288 4922 Hieronymus
1330 4851 1495 4906 etiam
1525 4852 1912 4917 exscribenda,
1940 4862 1994 4907 et
2018 4852 2123 4907 Ca-

533 4943 718 5011 Ltiogo
774 4943 1017 4996 virorum
1072 4942 1371 4997 illustrium
1431 4943 1763 5010 inserenda,
1815 4944 2005 5010 duxit;
2055 4960 2123 4999 ex

530 5051 638 5105 qua
687 5034 745 5087 S.
792 5034 1222 5104 Chrysostomus
1274 5043 1354 5089 tot
1384 5034 1650 5091 ﬂosculos
1687 5036 1929 5107 collegit,
1981 5051 2123 5105 quos

532 5137 660 5180 ante
699 5126 960 5195 reliquias
1008 5127 1267 5196 martyris
1319 5136 1638 5197 spargeret;
1685 5144 1750 5181 ex
1785 5143 1893 5198 qua
1929 5127 2120 5182 eadem

533 5216 881 5284 transcripsit
928 5214 1116 5269 Gildas
1165 5215 1520 5283 Badonicus,
1594 5226 1656 5271 ut
1708 5218 1792 5273 sui
1858 5218 2122 5288 temporis

532 5306 909 5361 sacerdotibus
936 5307 1202 5375 pudorem
1234 5308 1593 5364 suﬂ‘underct.
1615 5307 1865 5363 Haeccine
1892 5309 2121 5378 epistola

533 5408 816 5469 tantopere
850 5400 1140 5454 decantata
1172 5416 1201 5454 a
1233 5400 1436 5470 pietate
1471 5409 1524 5454 et
1553 5401 1821 5455 modestia
1860 5402 2122 5473 martyris

528 5501 711 5562 ptest
742 5508 862 5549 esse
902 5494 1123 5547 aliena?
1166 5492 1236 5548 Ut
1267 5493 1526 5547 omnibus
1558 5493 1679 5562 ejus
1719 5493 2122 5562 objectionibus

528 5599 835 5650 occurram,
863 5586 917 5639 in
944 5586 1145 5656 quibus
1169 5586 1507 5656 triumphare
1528 5586 1764 5652 videtur,
1786 5586 1917 5640 illud
1948 5603 2118 5640 unum

529 5678 783 5745 observo,
814 5677 1085 5749 lgnatium
1122 5688 1251 5734 tunc
1279 5694 1402 5734 cum
1436 5678 1553 5732 haec
1580 5678 1870 5748 scripsisse
1896 5678 2116 5746 dicitur,

528 5785 638 5824 non
673 5772 757 5825 sui
787 5772 928 5841 juris
956 5772 1151 5841 fuisse,
1181 5773 1277 5830 sed
1319 5772 1386 5828 ad
1413 5771 1616 5828 bestias
1638 5771 1968 5853 jampridem
2012 5773 2117 5827 im-

595 5883 644 5916 ⁵³
670 5886 792 5942 Act.
827 5903 939 5957 xm,
976 5888 1062 5943 l5.

2228 4660 2337 4713 huc
2362 4657 2505 4728 apud
2532 4673 2664 4713 suos
2700 4666 2868 4725 esset,
2900 4659 3207 4728 discipulos
3240 4674 3365 4713 eum
3399 4658 3469 4711 ab
3502 4656 3693 4711 itinere
3720 4654 3836 4708 de-

2227 4761 2494 4805 terrentes
2529 4751 2875 4821 objurgavit,
2908 4750 3096 4806 dicens
3124 4769 3137 4804 :
3168 4750 3310 4815 Quid
3344 4749 3522 4819 facilis
3556 4748 3736 4815 ﬂentes
3768 4757 3836 4798 et

2226 4840 2511 4912 aﬂiigentes
2547 4858 2639 4895 cor
2668 4844 2887 4895 meum?
2930 4841 2975 4895 si
3011 4841 3100 4894 ille
3128 4844 3399 4894 rationem
3432 4837 3595 4906 hujus
3628 4835 3837 4903 objur-

2227 4934 2466 5001 gationis
2500 4934 2643 4988 hanc
2672 4935 2857 4989 statim
2888 4932 3160 4987 reddidit:
3199 4930 3312 5001 Ego
3340 4931 3479 4984 enim
3508 4942 3610 4979 non
3637 4929 3832 4981 solum

2226 5024 2468 5095 alligari,
2524 5026 2618 5079 sed
2666 5038 2715 5080 et
2767 5026 2903 5078 mori
2948 5026 3005 5077 in
3051 5021 3352 5076 Jerusalem
3389 5026 3616 5087 paratus
3660 5032 3779 5069 sum
3809 5059 3837 5085 ,

2224 5127 2437 5187 propter
2468 5134 2653 5172 nomen
2694 5117 2910 5171 Domini
2941 5118 3071 5172 Jesu
3098 5131 3116 5168 :
3146 5115 3192 5168 si
3223 5109 3480 5178 discipuli
3508 5109 3635 5163 huic
3668 5107 3839 5163 dicto

2225 5210 2638 5278 acquieverunt,
2654 5208 2929 5265 dicentes;
2952 5205 3161 5260 Domini
3180 5203 3424 5257 voluntas
3435 5201 3532 5269 ﬁat
3546 5200 3615 5267 “,
3644 5199 3824 5255 tiden-

2226 5310 2329 5366 tes,
2367 5302 2595 5365 scilicet,
2616 5302 2902 5371 passiones
2919 5301 2987 5354 ad
3012 5299 3349 5351 voluntatem
3383 5292 3477 5346 Dei
3502 5293 3786 5362 pertinere
3813 5312 3834 5347 :

2227 5410 2337 5448 non
2373 5395 2518 5448 enim
2571 5392 2973 5448 dehortationis
3034 5388 3301 5452 consilio,
3356 5385 3451 5441 sed
3500 5385 3842 5443 dilectionis

2225 5488 2464 5541 retinere
2506 5492 2883 5549 tentaverant,
2931 5491 2989 5536 ut
3042 5480 3353 5550 apostolum
3404 5478 3841 5547 desiderantes,

2226 5595 2335 5633 non
2392 5588 2451 5633 ut
2485 5577 2812 5648 martyrium
2852 5575 3273 5642 dissuadentes;
3326 5572 3517 5643 quidni
3564 5568 3623 5623 S.
3653 5567 3844 5639 lgna-

2226 5671 2335 5725 tius
2362 5671 2431 5725 ab
2446 5672 2574 5740 ipso
2605 5670 2939 5738 imperatore
2977 5666 3311 5738 jampridem
3342 5666 3657 5729 damnatus,
3681 5676 3710 5714 a
3742 5660 3852 5715 (eu

2227 5766 2555 5821 rocientium
2603 5764 2841 5819 militum
2886 5777 3050 5818 manu
3086 5759 3156 5816 ad
3208 5758 3541 5831 supplicium
3570 5764 3785 5811 tractus
3814 5795 3843 5826 ,
