4138 6390
314 360 432 415 365

1072 365 1122 420 J.
1170 365 1538 424 PEARSONII
1564 346 1893 428 vmmctzn
1936 368 2363 428 lGNATlANAS.
2401 402 2470 412 _
2506 370 2688 426 rans
2725 371 2788 425 u.

3504 375 3609 431 3.66

309 480 572 535 onmium
608 479 799 537 Romae
838 483 1283 541 Christianorum
1332 488 1746 544 miserationem
1794 506 1913 545 cer-
1941 496 1987 552 Α
2022 500 2200 561 tyrum
2228 490 2369 546 forte
2393 493 2677 562 epistolas,
2706 493 2953 564 adeoque
2968 494 3131 549 verba
3170 510 3277 548 non
3306 494 3605 562 habemus;

313 573 535 628 tissime
574 585 976 642 commoturus,
1027 588 1080 633 et
1128 590 1429 649 conspectu
1489 583 1773 638 sordidato
1832 592 1914 638 te—

310 666 600 722 nerritnos
643 684 837 723 eorum
901 670 1132 728 affectus
1175 675 1539 742 excitaturus,
1574 677 1627 730 in
1663 688 1913 733 anteces-

310 775 444 813 sum
474 775 572 815 eos
598 770 866 826 moneret,
886 778 954 817 ne
985 763 1157 833 ipsius
1181 780 1280 820 cor
1310 765 1640 838 aflligerent,
1674 785 1742 824 ne
1768 784 1919 823 mor-

313 860 428 904 tem
482 852 592 906 sibi
649 855 1125 924 exoptatissimam
1182 868 1408 930 propter
1458 875 1656 916 nomen
1691 861 1911 917 Domini

304 942 448 999 Jesu
480 946 679 1015 quovis
712 948 878 1003 modo
936 949 1286 1019 impedirent,
1335 954 1429 1009 sed
1460 956 1643 1024 potius
1686 956 1917 1013 affectus

306 1052 454 1091 suos
492 1049 926 1108 componerent,
982 1042 1253 1110 patienter
1284 1045 1738 1115 acquiescerent,
1769 1049 1917 1104 dice—

306 1138 577 1199 rentque,
610 1131 830 1186 Domini
866 1134 1109 1190 voluntas
1131 1137 1275 1203 ﬁat?
1300 1136 1355 1192 Si
1393 1138 1648 1195 Christus
1689 1143 1804 1211 ipse
1846 1143 1915 1197 ad

305 1229 553 1276 mortem
584 1222 770 1277 crucis
813 1222 1282 1291 festinans,Petro
1320 1228 1519 1282 dicenti
1543 1247 1556 1282 :
1581 1229 1764 1294 Ἵλεώς
1797 1248 1914 1297 σοι,

304 1313 516 1385 Κύριε,
542 1313 681 1368 dixit
729 1312 875 1367 Vade
913 1325 1029 1383 post
1056 1332 1153 1379 me,
1186 1314 1487 1381 Satanas”;
1521 1319 1712 1388 quidni
1747 1319 1913 1374 etiam

308 1405 604 1463 Romanos
640 1416 894 1461 moneret
933 1405 1195 1477 lgnatius,
1231 1409 1497 1479 impedire
1544 1420 1774 1467 mortem
1816 1428 1917 1483 pro

303 1495 525 1550 Christi
578 1498 802 1552 nomine
856 1507 1169 1567 susceptam
1237 1500 1440 1555 diaboli
1508 1502 1694 1572 potius
1747 1520 1915 1575 quam

303 1589 623 1644 Christiani
655 1589 895 1645 hominis
930 1605 1070 1661 opus
1104 1592 1264 1647 esse?
1295 1591 1373 1647 Ea
1413 1604 1560 1651 certe
1602 1612 1760 1651 mens
1790 1605 1911 1652 erat

304 1680 594 1752 Origenis,
634 1682 739 1737 viri
770 1683 931 1738 teties
967 1684 1211 1756 martyrii
1238 1686 1717 1759 candidati,cujus
1742 1692 1906 1747 verba

304 1776 367 1828 in
406 1772 681 1828 Numeros
718 1775 947 1830 homilia
992 1776 1204 1832 decima
1238 1777 1355 1832 haec
1393 1790 1523 1834 sunt
1553 1799 1565 1835 :
1601 1799 1618 1832 ι
1646 1781 1770 1837 Ideo
1799 1783 1915 1838 dia-

303 1867 480 1922 bolus
512 1867 697 1922 sciens
743 1882 842 1937 per
893 1867 1210 1937 passionem
1236 1871 1483 1941 martyrii
1527 1873 1911 1930 remissionem

305 1959 429 2013 fieri
466 1967 844 2029 peccatorum,
878 1974 989 2014 non
1021 1960 1139 2014 vult
1168 1961 1327 2017 nobis
1350 1962 1597 2032 publicas
1627 1965 1911 2033 gentilium

302 2049 730 2117 persecutiones
768 2064 1012 2104 movere.
1063 2048 1181 2105 Scit
1229 2053 1376 2105 enim
1410 2055 1539 2123 quia
1580 2054 1625 2108 si
1657 2054 1725 2109 ad
1758 2070 1911 2127 reges

303 2149 360 2192 et
384 2140 659 2209 praesides
691 2138 1033 2196 adducamur
1063 2150 1288 2212 propter
1322 2159 1521 2199 nomen
1556 2144 1763 2201 Christi
1791 2178 1805 2210 φ
1842 2148 1909 2202 ad

307 2232 701 2288 testimonium
757 2232 964 2290 Judteis
1018 2244 1073 2291 et
1126 2237 1421 2307 gentibus,
1454 2239 1713 2307 gaudium
1751 2240 1910 2297 nobis

302 2332 362 2376 et
388 2325 695 2379 exsattltatto
730 2326 811 2390 fit,
840 2326 967 2396 quia
994 2343 1206 2383 merces
1241 2336 1429 2383 nostra
1454 2329 1626 2383 multa
1669 2330 1723 2384 in
1756 2332 1910 2387 cwlis

302 2428 412 2471 est.
469 2416 599 2473 llaec
674 2436 782 2474 non
836 2420 971 2475 facit
1032 2420 1321 2488 inimicus,
1394 2422 1473 2476 vel
1539 2423 1670 2493 quia
1723 2424 1910 2494 gloriae

304 2519 519 2566 nostra:
577 2511 807 2575 invidet,
858 2513 944 2568 vel
989 2510 1242 2569 fortassis
1302 2513 1432 2585 quia
1466 2515 1555 2570 ille
1594 2518 1687 2585 qui
1717 2518 1907 2573 omnia

302 2603 599 2673 praevidet,
654 2612 711 2659 et
758 2605 1056 2674 praenoscit
1109 2621 1213 2661 nos
1281 2622 1392 2661 non
1425 2622 1550 2662 esse
1577 2607 1807 2667 idoneos
1840 2610 1908 2665 ad

303 2695 647 2767 martyrium
708 2696 1081 2753 tolerandum.
1121 2717 1141 2751 ι
1191 2697 1369 2753 Aliam
1411 2700 1575 2755 etiam
1638 2702 1907 2758 rationem

302 2789 409 2846 lib.
437 2804 541 2843 vnn
597 2798 785 2843 contra
834 2788 1054 2849 L'elsum
1086 2789 1243 2845 aﬂ'ert
1264 2832 1278 2857 ,
1323 2807 1492 2860 quare
1522 2792 1775 2850 diabolus
1808 2810 1908 2864 pu-

300 2883 487 2938 blicas
513 2884 793 2955 gentilium
813 2885 1227 2955 persecutiones
1253 2886 1584 2943 Christianis
1611 2888 1907 2959 aliquando

300 2991 537 3032 movere
602 2977 791 3041 nollet,
845 2986 899 3032 et
945 2980 1274 3033 sententiam
1329 2995 1483 3035 suam
1519 2980 1575 3035 in
1611 2981 1760 3036 hunc
1795 2997 1909 3036 mo-

298 3068 444 3123 dum
495 3068 771 3139 depromit
799 3089 812 3124 :
840 3068 984 3139 Ἐγὼ
1004 3069 1050 3123 δ’
1080 3067 1232 3142 οἶμαι
1257 3072 1338 3125 ὅτι
1367 3072 1680 3144 αἰσθόμενοι
1714 3076 1763 3126 οἱ
1792 3074 1907 3129 δαί-

2022 582 2166 639 Deus
2214 584 2306 638 det
2346 593 2407 639 ut
2462 586 2636 641 indies
2671 586 2827 657 plura
2859 586 2980 657 ejus
3014 587 3229 658 generis
3259 586 3419 642 nobis
3448 586 3611 641 inno-

2022 684 2270 743 tescant;
2325 692 2437 732 rem
2488 679 2663 748 ipsam
2698 689 2879 735 tamen
2909 689 3193 746 tenemus,
3220 681 3372 749 quod
3404 690 3612 752 marty-

2021 785 2110 825 res
2160 770 2263 839 ipsi
2321 771 2527 826 fervide
2557 772 2728 826 Deum
2762 773 2996 828 orabant
3046 782 3105 827 ut
3148 774 3411 843 martyrio
3456 773 3611 828 frue-

2021 871 2231 928 rentur,
2293 865 2552 932 petebant
2598 864 2801 920 obnixe
2856 882 2887 918 a
2932 865 3183 921 fidelibus
3218 875 3275 921 ut
3310 865 3476 921 etiam
3528 866 3607 922 illi

2019 969 2047 1008 a
2084 953 2193 1009 Deo
2231 955 2372 1010 idem
2422 957 2719 1027 impetrare
2773 968 3141 1025 conarentur;
3180 959 3227 1015 si
3267 976 3408 1030 quos
3450 960 3608 1015 vide-

2020 1054 2143 1101 rent
2176 1056 2368 1101 contra
2416 1050 2700 1118 postulare
2744 1058 2798 1105 et
2830 1066 3032 1120 cupere
3061 1060 3119 1105 ut
3149 1052 3471 1123 martyrium
3508 1068 3609 1122 po-

2022 1138 2130 1193 tius
2185 1139 2473 1205 evitarcnt,
2534 1140 2591 1197 id
2638 1142 3087 1198 constantissime
3148 1146 3512 1211 recusabant,
3551 1154 3610 1200 et

2020 1230 2266 1284 omnium
2308 1242 2432 1286 vota
2481 1247 2780 1303 precesque
2834 1235 3275 1291 contemnebant.
3321 1236 3609 1293 Cclerinus

2020 1321 2312 1378 confessor
2341 1324 2407 1378 ad
2434 1324 2739 1379 Lucianum
2769 1326 3142 1383 confessorem
3171 1328 3312 1383 inter
3344 1329 3605 1399 epistolas

2022 1414 2081 1469 S.
2107 1415 2365 1486 Cypriani
2390 1417 2453 1470 2t
2495 1437 2509 1472 :
2554 1436 2573 1469 ε
2605 1417 2733 1474 Pete
2759 1429 2816 1473 ut
2846 1420 2948 1474 sim
2974 1421 3175 1490 dignus
3202 1428 3256 1475 et
3299 1436 3399 1491 ego
3445 1436 3605 1476 coro-

2020 1507 2139 1560 nari
2167 1522 2293 1561 cum
2330 1524 2562 1564 numero
2598 1519 2802 1565 vestro.
2833 1530 2850 1562 ι
2895 1510 2959 1565 Et
2993 1526 3228 1567 rursus:
3271 1530 3289 1563 ι
3329 1510 3372 1567 Ο
3400 1522 3452 1567 te
3492 1511 3608 1567 feli-

2019 1613 2159 1663 cem,
2198 1601 2416 1669 suscipe
2440 1610 2534 1655 tua
2561 1610 2707 1667 vota,
2734 1618 2857 1673 quae
2883 1618 3100 1673 semper
3141 1604 3492 1669 desiderasti,
3521 1604 3605 1659 vel

2021 1686 2081 1742 in
2147 1698 2289 1743 terra
2363 1691 2691 1748 dormiens:
2747 1694 2948 1764 Optasti
3000 1710 3100 1765 pro
3156 1694 3380 1749 nomine
3455 1695 3605 1750 illius

2021 1781 2074 1834 in
2124 1797 2400 1837 carcerem
2462 1784 2635 1852 mitti,
2696 1786 2843 1857 quod
2905 1802 3050 1841 nunc
3119 1787 3214 1841 tibi
3292 1786 3601 1858 contingit,

2018 1876 2161 1931 sicut
2208 1881 2471 1947 scriptum
2507 1889 2636 1935 est:
2673 1879 2773 1935 Det
2800 1880 2896 1935 tibi
2940 1880 3086 1936 Deus
3149 1881 3453 1937 secundum
3506 1896 3606 1935 cor

2018 1978 2195 2023 tuum.
2238 1988 2257 2020 ι
2299 1968 2454 2035 Quod
2496 1972 2543 2026 si
2591 1971 2822 2027 dixisset
2872 1972 2930 2027 S.
2963 1972 3205 2042 lgnatius
3241 1993 3254 2027 :
3290 1992 3307 2025 ι
3342 1973 3441 2028 Det
3467 1973 3601 2027 mihi

2016 2062 2159 2118 Deus
2201 2063 2503 2117 secundum
2541 2079 2638 2118 eor
2676 2080 2857 2119 meum
2886 2107 2901 2131 ,
2937 2084 2955 2116 ι
2989 2074 3225 2135 quantas
3273 2066 3363 2120 hic
3410 2067 3602 2121 turbas

2014 2155 2309 2210 excitasset
2361 2155 2625 2211 Dallzeus!
2669 2157 2820 2213 Fecit
2861 2158 2951 2213 ille
2993 2157 3271 2214 Lucianus
3306 2158 3606 2215 confessio-

2014 2261 2136 2300 nem
2191 2247 2465 2313 floridatn,
2495 2264 2640 2319 quze,
2674 2249 2720 2304 si
2765 2265 2912 2304 nunc
2966 2259 3226 2318 exstaret,
3264 2266 3375 2305 non
3408 2251 3603 2307 dubito

2013 2340 2143 2409 quin
2202 2340 2395 2395 iisdem
2442 2341 2865 2412 exceptionibus
2908 2343 3145 2397 obnoxia
3200 2352 3381 2409 esset;
3422 2345 3601 2416 magis

2011 2434 2158 2488 enim
2193 2434 2353 2490 decet
2394 2444 2685 2506 martyres,
2713 2445 2774 2491 ut
2797 2437 3009 2504 volunt,
3038 2436 3441 2493 confessionem
3475 2454 3603 2493 mo-

2012 2526 2244 2588 destam,
2281 2543 2446 2598 quam
2481 2526 2729 2583 floridam
2761 2528 2962 2584 facere.
2998 2528 3075 2585 De
3110 2529 3166 2585 S.
3202 2529 3487 2586 Felicitate
3517 2532 3601 2586 le-

2020 2616 2201 2686 gimus
2247 2633 2368 2673 eam
2398 2630 2766 2690 przegnantem
2798 2620 2967 2677 fuisse
2998 2624 3393 2693 apprehensam
3422 2642 3436 2691 ;
3467 2623 3600 2693 quid

2010 2707 2198 2778 igitur,
2234 2724 2301 2762 an
2335 2719 2458 2763 orat
2489 2718 2549 2764 ut
2573 2710 2697 2776 sibi,
2730 2720 2789 2764 ut
2833 2711 3112 2766 innocenti
3145 2711 3434 2783 embryoni
3462 2727 3589 2782 par-

2011 2808 2173 2855 catur
2201 2801 2225 2854 ‘l
2257 2799 2514 2869 Minime;
2554 2820 2573 2854 ι
2606 2818 2730 2858 cum
2759 2812 2884 2857 octo
2919 2819 3132 2858 menses
3164 2819 3325 2859 suum
3358 2812 3601 2858 ventrem

2010 2891 2276 2960 haberet,
2310 2893 2547 2949 instante
2588 2896 2884 2973 spectaculi
2909 2895 2997 2950 die
3027 2897 3080 2950 in
3125 2912 3323 2967 magno
3366 2907 3487 2951 erat
3516 2896 3604 2951 lu-

2010 2995 2124 3053 ctu,
2152 3002 2220 3042 ne
2250 2998 2474 3058 propter
2513 3000 2756 3044 ventrem
2788 2987 3122 3056 differretur,
3151 2989 3281 3059 quia
3334 3006 3445 3044 non
3474 2990 3605 3045 licet

2010 3088 2353 3149 praegnantes
2379 3096 2554 3150 poenae
2584 3080 2966 3150 repraesentari
2996 3099 3010 3146 ;
3039 3081 3193 3151 cupit
3237 3082 3388 3151 prius
3423 3083 3597 3151 mori,

300 3180 497 3232 μονες,
530 3163 611 3215 ὃτι
638 3163 688 3215 οἱ
743 3163 845 3235 μὲν
875 3162 1138 3227 νικῶντες
1191 3165 1284 3218 καὶ
1336 3165 1405 3219 δι’
1440 3166 1725 3220 εὐσέϐειαν
1777 3170 1907 3222 ἁπο-

2014 3187 2176 3241 quam
2216 3186 2311 3241 per
2346 3172 2469 3241 ipsa
2516 3172 2801 3241 gentilium
2840 3172 3044 3243 judicia
3100 3173 3321 3241 liceret;
3370 3174 3437 3229 de
3469 3190 3597 3245 pas-

299 3252 641 3323 Ονήσκοντες
691 3254 1045 3326 καθαιροῦσιν
1094 3256 1276 3309 αὐτῶν
1320 3257 1418 3326 τὴν
1472 3257 1819 3312 δυναστείαν·
1857 3260 1906 3311 οἱ

295 3347 361 3399 δὲ
399 3346 493 3399 διὰ
530 3349 660 3412 τοὺς
695 3348 894 3413 πόνους
935 3348 1241 3421 ἡττώμενοι
1300 3352 1392 3403 καὶ
1443 3352 1542 3422 τὴν
1599 3350 1912 3404 θεοσέϐειαν

295 3442 639 3514 ἀρνούμενοι
687 3444 995 3516 ὑποχείριοι
1041 3445 1271 3508 ἐκείνοις
1316 3444 1597 3513 γίνονται,
1657 3443 1772 3497 ἔσθ’
1814 3445 1905 3498 ὅτε

296 3535 821 3605 πμσφιλονεικοῦσι
859 3540 972 3601 τοῖς
1024 3537 1474 3609 παραδιδομένας
1531 3538 1901 3607 Χριστιανοῖς.

305 3646 327 3679 ι
368 3625 641 3698 Equidem
688 3632 889 3701 opinor
940 3632 1221 3686 daemonas
1246 3673 1261 3698 ,
1290 3640 1351 3685 ut
1404 3631 1499 3700 qui
1534 3630 1780 3685 sentiunt
1808 3645 1910 3684 no-

297 3722 462 3777 xiam
496 3738 622 3779 esse
644 3725 903 3795 potentia:
927 3740 1041 3781 sua:
1063 3725 1281 3796 piorum
1308 3725 1620 3788 victoriam,
1652 3738 1910 3780 succum-

295 3815 508 3871 bentes
523 3825 704 3871 autem
733 3818 787 3871 in
817 3818 927 3873 hoc
950 3817 1255 3873 certamine
1277 3817 1552 3886 ﬁdemque
1570 3816 1906 3886 abnegantes

296 3909 449 3978 ipsis
504 3909 628 3964 ﬁeri
669 3910 977 3974 obnoxios,
1009 3909 1284 3966 interdum
1336 3909 1520 3964 favere
1572 3919 1627 3965 et
1678 3910 1904 3965 adlabo-

295 4016 436 4055 rare
478 3999 815 4058 Christianis
866 4003 922 4057 in
952 4003 1181 4074 judicio.
1217 4023 1236 4055 ι
1266 4002 1469 4058 Eadem
1519 4002 1578 4056 S.
1616 4001 1909 4073 Augustini

297 4112 471 4153 mens
514 4094 650 4165 fuit,
700 4097 796 4167 qui
848 4097 968 4153 haec
1008 4098 1077 4153 de
1114 4113 1316 4168 magno
1367 4106 1608 4169 martyre
1642 4096 1907 4153 Africano

298 4190 537 4259 scripsit
569 4206 585 4244 :
624 4207 644 4243 ι
677 4188 920 4247 Noverat
967 4191 1281 4264 Cyprianus
1340 4206 1467 4247 cum
1510 4207 1541 4246 a
1578 4189 1909 4261 proconsule

301 4280 616 4335 audiretzc
655 4280 901 4337 Consule
974 4282 1097 4347 tibi,
1138 4301 1155 4332 ι
1192 4282 1338 4351 quod
1395 4296 1527 4335 caro
1577 4289 1631 4335 et
1682 4280 1908 4350 sanguis

298 4371 531 4427 dicebat
564 4372 783 4438 stolide,
806 4372 912 4429 hoc
932 4372 1213 4429 diabolum
1233 4374 1416 4429 dicere
1446 4371 1710 4428 subdole:
1743 4380 1907 4441 atque

300 4464 631 4520 intuebatur
688 4464 745 4520 in
783 4480 898 4520 uno
936 4481 1171 4536 corpore
1203 4466 1365 4531 duos,
1400 4466 1566 4520 istum
1590 4464 1791 4531 oculis,
1828 4464 1900 4516 ii-

2014 3266 2167 3321 sione
2196 3266 2428 3331 laetatur,
2454 3267 2522 3321 de
2550 3267 2809 3322 dilatione
2839 3268 3107 3337 queritur.
3136 3266 3218 3321 An
3244 3268 3437 3338 reliqui
3471 3268 3603 3325 fide-

2013 3357 2091 3411 les
2120 3357 2324 3411 luctum
2349 3356 2495 3411 hunc
2530 3366 2789 3427 tauquam
2823 3356 3220 3427 importunum,
3252 3367 3307 3413 et
3340 3375 3404 3412 ex
3432 3366 3602 3414 teme-

2014 3447 2171 3502 ritate
2212 3455 2309 3501 aut
2370 3450 2683 3519 arrogantia
2750 3447 3059 3518 profectum
3114 3449 3602 3507 condemnabam?

2013 3538 2235 3594 Minime
2275 3558 2287 3595 ε
2324 3559 2342 3591 ι
2383 3540 2478 3595 sed
2506 3548 2561 3594 et
2607 3550 3006 3612 commartyres
3041 3542 3277 3614 graviter
3301 3543 3599 3598 contrista-

2012 3632 2232 3698 hantur,
2271 3648 2340 3686 ne
2374 3641 2483 3685 tam
2521 3632 2722 3685 bonam
2761 3633 2968 3688 sociam
3017 3637 3173 3704 quasi
3217 3636 3473 3690 comitem
3507 3650 3601 3691 so-

1995 3723 2118 3777 'lam
2171 3723 2225 3776 in
2273 3723 2357 3777 via
2405 3722 2652 3793 ejusdem
2702 3724 2817 3794 spei
2858 3726 3252 3797 relinquerent.
3290 3726 3598 3796 Conjuncto

2010 3816 2197 3886 itaque
2230 3817 2382 3872 unito
2430 3819 2633 3889 gemitu
2657 3819 2726 3874 ad
2768 3818 3063 3874 Dominum
3099 3819 3405 3874 orationem
3440 3818 3601 3874 fude-

2011 3917 2138 3961 runt
2170 3918 2296 3963 ante
2328 3910 2547 3963 tertium
2577 3909 2721 3963 diem
2760 3910 3029 3965 muneris.
3077 3909 3272 3964 Statim
3316 3918 3440 3979 post
3472 3924 3598 3963 ora-

2010 4000 2216 4055 tionem
2243 4000 2460 4056 dolores
2489 4001 2832 4057 invaserunt.
2872 4020 2890 4053 ι
2934 4000 3072 4057 Ecce
3098 4001 3289 4074 quales
3319 4002 3598 4056 orationes

2012 4091 2309 4147 fundebant
2355 4100 2484 4147 tunc
2512 4094 2775 4164 temporis
2801 4093 3168 4162 confessores,
3198 4095 3387 4165 quales
3422 4109 3452 4148 a
3485 4093 3598 4150 Deo

2011 4184 2280 4240 exauditae
2294 4187 2441 4241 sunt!
2464 4186 2620 4251 tales,
2642 4188 3076 4258 scilicet,quales
3094 4188 3357 4260 lgnatius,
3379 4199 3439 4244 ut
3459 4190 3599 4245 nihil

2013 4277 2335 4348 martyrium
2358 4278 2637 4349 impediat,
2669 4290 2730 4334 ut
2750 4281 2886 4335 nihil
2915 4281 3194 4335 festinanti
3216 4282 3280 4336 ad
3310 4282 3595 4350 praemium

2012 4384 2179 4422 mora:
2196 4368 2286 4424 sit.
2317 4367 2391 4423 Ita
2428 4372 2635 4425 nobiles
2656 4371 2729 4423 illi
2753 4371 3102 4427 confessorcs
3129 4372 3270 4441 apud
3300 4370 3599 4427 Eusebium

2010 4459 2164 4527 lib.v,
2183 4476 2301 4531 cap.
2314 4461 2350 4514 2
2369 4462 2547 4516 εΜετὰ
2560 4462 2811 4534 δακρύων
2831 4464 3174 4537 παρεκάλουν
3191 4466 3314 4529 τοὺς
3337 4466 3600 4536 ἀδελφοὺς

299 4557 421 4610 lum
447 4556 576 4610 fide.
603 4555 838 4612 Nolebat
867 4572 993 4612 eum
1017 4558 1122 4614 iste
1155 4558 1332 4624 mori,
1364 4557 1584 4611 nolebat
1617 4557 1708 4612 ille
1746 4572 1907 4611 coro-

2014 4551 2249 4623 δεόμενοι
2268 4554 2354 4607 ἵνα
2376 4557 2615 4619 ἐκτενεῖς
2628 4556 2786 4626 εὐχαὶ
2802 4556 3057 4625 γίνωνται
3080 4557 3216 4629 πρὸς
3236 4557 3295 4610 τὸ
3311 4558 3602 4631 τελειωθῆ-

300 4648 452 4702 nari.
479 4646 723 4705 Proinde
745 4650 890 4704 circa
924 4650 1094 4705 istum
1119 4650 1400 4720 placidus,
1429 4650 1577 4707 circa
1613 4667 1738 4706 eum
1777 4667 1908 4707 cau-

304 4750 401 4794 tus
435 4759 451 4795 :
478 4741 611 4796 huic
642 4750 831 4812 aperte
858 4743 1228 4815 respondebat
1253 4784 1267 4809 ,
1297 4753 1350 4798 et
1392 4744 1546 4797 illum
1573 4752 1760 4813 aperte
1784 4745 1874 4799 vin
1893 4774 1907 4785 -

299 4832 489 4888 cebat.
530 4852 551 4883 ι
589 4832 737 4889 Nihil
773 4835 943 4906 igitur
976 4834 1220 4907 lgnatius
1266 4837 1623 4892 sanctissimo
1669 4848 1908 4908 martyre

302 4925 623 4997 indignum,
672 4928 812 4983 nihil
855 4928 1176 4985 indecorum
1224 4944 1253 4983 a
1299 4927 1564 4984 Romanis
1600 4928 1803 4998 exigit,
1844 4929 1905 4981 οὐ

302 5018 755 5092 προσδεξάμενος
797 5022 898 5094 τὴν
955 5021 1370 5093 ἀπολύτρωσιν,
1435 5039 1454 5071 ί
1494 5037 1602 5076 non
1628 5028 1906 5091 acceptata

304 5111 663 5167 liberatione.
695 5130 715 5164 ›

382 5203 495 5259 Sed
529 5203 719 5258 talium
754 5205 1050 5261 verborum
1084 5206 1296 5261 nullum
1328 5206 1384 5259 in
1420 5206 1574 5260 omni
1604 5215 1904 5275 martyrum

302 5297 761 5353 Christianorum
793 5298 952 5369 copia
1008 5298 1325 5369 exemplum
1379 5308 1597 5353 exstare
1655 5299 1910 5353 meminit

304 5390 573 5447 Dallreus.
609 5389 889 5447 Fortasse.
926 5390 1124 5447 Melius
1157 5393 1442 5447 enimvero
1486 5392 1647 5447 nobis
1681 5391 1910 5447 consul-

306 5496 430 5539 tum
492 5492 599 5547 est.
661 5499 829 5554 quam
881 5492 943 5539 ut
997 5484 1512 5555 antiquissimorum
1560 5494 1904 5556 martyrum,

304 5591 553 5647 quorum
590 5576 848 5647 sanguini
899 5583 1115 5631 tantum
1160 5592 1376 5647 semper
1426 5576 1618 5632 debuit
1659 5574 1907 5632 Ecclesia

304 5669 544 5732 Christi,
591 5678 951 5725 monumenta
1000 5686 1071 5725 ex
1116 5670 1282 5725 unius
1338 5670 1584 5725 hominis
1639 5669 1908 5723 memoria

305 5761 638 5832 penderent,
668 5768 763 5816 aut
789 5759 1008 5830 spiritui
1027 5760 1450 5834 subjicerentur.
1470 5761 1719 5818 Aliorum
1756 5776 1906 5815 mar-

394 5876 436 5912 ³⁵
456 5874 653 5932 Matth.
692 5891 804 5947 xvr,
834 5875 926 5932 25.

2010 4662 2097 4697 ναι
2124 4646 2339 4711 αὐτούς.
2363 4667 2380 4698 ι
2405 4647 2649 4703 Profusis
2679 4648 2938 4719 lacrymis
2967 4649 3331 4704 obsecrabant
3366 4649 3599 4714 fratres,

2012 4742 2364 4809 utyontinua:
2381 4742 2448 4797 ad
2474 4740 2645 4795 Deum
2675 4757 2863 4811 preces
2892 4741 3105 4808 fierent,
3124 4742 3468 4811 quotandem
3494 4743 3602 4812 ipsi

2012 4833 2422 4902 perficerentur.
2456 4852 2476 4884 ι
2511 4832 2586 4889 De
2614 4832 2672 4887 S.
2700 4833 2978 4905 Cypriano
3009 4831 3239 4887 Pontius
3263 4832 3384 4901 ejus
3406 4833 3600 4888 diaco-

2013 4942 2118 4981 nus
2146 4945 2158 4980 :
2193 4945 2211 4975 ί
2245 4924 2657 4981 Conveniebant
2684 4924 2901 4979 interim
2929 4925 3115 4994 plures
3150 4925 3352 4995 egregii
3394 4934 3449 4980 et
3483 4924 3599 4980 cla-

2012 5016 2221 5072 rissimi
2260 5017 2503 5082 ordinis,
2538 5016 2633 5071 sed
2661 5025 2715 5071 et
2755 5016 2940 5071 szeculi
2982 5016 3268 5071 nobilitate
3306 5016 3596 5087 generosi,

2010 5110 2105 5180 qui
2132 5119 2355 5180 propter
2374 5109 2677 5166 amicitiam
2705 5124 2984 5165 secessum
3010 5110 3243 5165 subinde
3273 5111 3595 5178 suaderent;

2010 5212 2064 5256 et
2091 5217 2157 5256 ne
2180 5217 2376 5271 parum
2408 5211 2553 5257 esset
2584 5200 2731 5255 nuda
2763 5200 3010 5266 suadela,
3035 5202 3198 5256 etiam
3232 5201 3349 5257 loca
3388 5203 3441 5256 in
3474 5220 3599 5274 qua:

2011 5298 2312 5362 secederet,
2367 5282 2691 5352 offerebant.
2726 5314 2746 5347 ι
2792 5294 2910 5349 Non
2964 5312 3099 5351 curo
3134 5295 3265 5365 quid
3297 5296 3599 5353 adversarii

2013 5390 2189 5445 nostri
2226 5390 2516 5453 dixissent,
2555 5388 2601 5441 si
2633 5402 2698 5441 eo
2740 5397 2983 5456 tempore
3029 5386 3373 5443 adfuissent:
3411 5405 3600 5459 quaero

2012 5482 2145 5553 quid
2178 5480 2369 5536 fecerit
2393 5481 2446 5533 S.
2482 5480 2811 5550 Cyprianus.
2854 5496 2872 5528 ι
2909 5476 3003 5533 Ille
3030 5493 3160 5533 vero
3186 5478 3300 5548 jam
3333 5481 3601 5535 mundum

2012 5591 2280 5647 suspensa
2312 5575 2378 5629 ad
2408 5574 2610 5629 cadum
2647 5581 2829 5627 mente
2865 5572 3199 5643 neglexerat,
3230 5587 3332 5628 nec
3361 5574 3604 5631 suadelis

2012 5667 2429 5724 blandientibus
2479 5664 2794 5733 ,anuuebat.
2885 5662 3129 5719 Fecisset
3185 5662 3417 5719 fortasse
3471 5674 3602 5721 tune

2012 5762 2200 5828 etiam,
2232 5759 2376 5831 quod
2408 5776 2436 5814 a
2476 5757 2728 5828 pluribus
2760 5765 2814 5813 et
2844 5755 3095 5813 ﬁdelibus
3120 5756 3440 5828 petebatur;
3474 5757 3520 5813 si
3548 5766 3602 5813 et
