4138 6392
543 365 647 423 367

1529 357 1584 412 S.
1629 353 1976 412 lCNATlUS.
2013 385 2078 393 -—-
2110 350 2638 407 PROLECOMENA.

3710 344 3815 400 ὅδε

545 489 733 541 divino
781 483 1014 554 imperio
1063 482 1365 555 iuberetur.
1402 500 1420 532 ι
1469 479 1606 534 Nam
1663 488 1726 533 ut
1757 479 1872 548 ipse
1897 476 2124 532 Pontius
2156 481 2200 538 Α
2233 474 2416 529 clesia:
2445 473 2820 530 vetustissima
2855 473 3085 544 cpistola
3129 479 3551 542 reprzesentatur
3588 468 3819 522 Corma--

541 580 704 634 docet
737 595 790 633 In
823 579 1008 648 priore
1037 591 1257 634 secessu
1288 594 1301 630 :
1351 595 1369 626 ι
1410 574 1644 628 Domino
1688 573 1950 627 latebram
1994 581 2125 624 tunc

538 671 752 738 jubenti
797 669 999 738 paruit.
1037 687 1055 718 ι
1092 666 1336 737 Populus
1363 674 1545 720 autem
1570 664 1745 719 ﬁdelis
1773 662 2124 733 S.Cypriano

541 763 610 817 ad
655 762 984 832 supplicium
1030 761 1198 814 ductu
1256 767 1464 813 tantum
1521 757 1751 811 aberant
1802 755 1871 808 ab
1913 753 2124 806 orando

543 852 712 908 Deum
753 862 812 907 ut
853 853 929 906 illi
973 859 1326 921 parceretur.
1360 858 1456 904 aut
1497 848 1696 918 quovis
1731 845 1896 901 modo
1925 855 2126 914 marty-

542 946 682 999 rium
720 941 1087 1012 impediendo,
1144 949 1206 995 ut
1260 939 1425 995 simul
1454 955 1582 994 cum
1635 938 1729 992 i110
1760 937 1944 1007 potius
1983 937 2122 990 mori

540 1045 822 1107 eriperent.
879 1055 898 1087 ι
929 1035 1195 1101 Quamvis
1259 1034 1406 1088 enim
1459 1047 1569 1088 non
1624 1031 1864 1102 potuerit
1907 1030 2124 1084 evenire

538 1129 684 1199 quod
717 1127 978 1198 optabant
1013 1136 1137 1180 vota
1177 1123 1516 1188 communia,
1553 1131 1616 1177 ut
1652 1121 1932 1176 consortio
1975 1121 2122 1190 paris

539 1221 730 1287 gloria:
779 1219 943 1274 simul
981 1217 1134 1287 plebs
1174 1225 1289 1270 tota
1330 1222 1640 1285 pateretur;
1677 1213 1989 1282 quicunque
2021 1212 2123 1267 sub

536 1311 742 1366 Christi
767 1309 1067 1380 spectantis
1114 1309 1292 1364 oculis
1321 1317 1378 1362 et
1419 1309 1523 1361 sub
1557 1307 1784 1361 auribus
1822 1305 2120 1360 sacerdotis

536 1419 601 1455 cx
634 1402 822 1455 animo
849 1401 962 1470 pati
998 1399 1189 1464 voluit,
1236 1415 1333 1468 per
1364 1399 1619 1454 idoneum
1657 1398 1766 1452 voti
1795 1399 1880 1452 sui
1927 1404 2118 1450 testem

536 1495 825 1563 legationis
859 1492 1267 1563 quodammodo
1317 1491 1532 1545 litteras
1582 1490 1648 1543 ad
1679 1489 1852 1544 Deum
1890 1490 2059 1545 misit.
2094 1511 2113 1542 ι

547 1583 605 1636 S.
647 1583 1013 1655 llieronymus
1037 1584 1104 1638 de
1137 1581 1260 1636 Vita
1294 1581 1448 1636 Pauli
1477 1580 1734 1636 Eremita:
1763 1601 1774 1634 :
1811 1602 1828 1634 ι
1866 1581 1980 1637 Sub
2013 1582 2119 1637 Dc-

536 1677 623 1730 cio
657 1686 710 1730 et
741 1674 1029 1731 Valeriano
1054 1675 1496 1746 persecutoribus
1516 1714 1531 1739 ,
1561 1691 1674 1745 quo
1709 1685 1955 1744 tempore
1981 1674 2120 1730 Cor-

537 1771 716 1824 nclius
748 1768 956 1835 Romae,
995 1780 1049 1824 et
1073 1767 1380 1840 Cyprianus
1395 1768 1727 1838 Carthagine
1756 1768 1898 1824 felici
1922 1783 2118 1823 cruore

535 1862 779 1914 damnati
813 1870 966 1926 sunt,
995 1861 1197 1916 multas
1231 1860 1374 1931 apud
1408 1860 1707 1931 Aﬂgyptum
1741 1871 1796 1914 et
1835 1861 2114 1915 Thebaida

536 1955 811 2010 Ecclesias
841 1965 1137 2025 tempestas
1179 1969 1324 2009 saeva
1371 1957 1629 2024 populata
1683 1963 1787 2010 est.
1826 1955 1952 2010 Voti
1986 1965 2117 2010 tunc

533 2049 863 2104 Christianis
884 2058 1020 2112 erat,
1059 2065 1157 2118 pro
1189 2047 1397 2104 Christi
1427 2050 1649 2104 nomine
1671 2049 1853 2117 gladio
1882 2050 2113 2119 percuti.

536 2137 740 2194 Verum
773 2140 954 2194 hostis
979 2140 1232 2206 callidus,
1257 2141 1411 2195 tarda
1450 2140 1517 2194 ad
1560 2149 1797 2195 mortem
1848 2141 2115 2210 supplicia

533 2233 896 2303 conquirens,
926 2234 1141 2289 animas
1173 2234 1427 2304 cupiebat
1448 2233 1732 2306 jugulare,
1765 2248 1876 2288 non
1923 2249 2117 2302 corpo-

533 2344 630 2391 ra;
663 2336 741 2390 et,
773 2334 835 2381 ut
859 2326 974 2397 ipse
1003 2327 1098 2396 qui
1126 2326 1197 2380 ab
1224 2342 1290 2379 eo
1326 2342 1526 2396 passus
1555 2337 1640 2382 est
1661 2327 1972 2398 Cyprianus
2003 2327 2112 2379 ait:

537 2419 860 2476 Veientibus
891 2421 1030 2474 mori
1052 2435 1164 2474 non
1193 2421 1614 2490 permittebatur
1637 2419 1832 2474 occidi.
1861 2439 1877 2471 ι
1914 2418 2114 2473 Notum

533 2523 619 2568 est
653 2523 706 2569 et
741 2513 874 2568 illud
897 2512 954 2567 S.
987 2512 1273 2584 Polycarpi
1304 2513 1564 2583 martyris
1595 2513 1661 2566 ad
1693 2513 2076 2582 proconsulem
2101 2555 2116 2574 ,

533 2619 681 2659 nunc
715 2605 955 2670 bestias,
981 2621 1128 2659 nunc
1169 2604 1420 2660 ﬂammas
1459 2606 1535 2659 illi
1570 2605 1947 2671 minitantem,
1981 2606 2119 2660 ἀλλὰ

533 2697 586 2750 τί
631 2696 936 2770 βραδύνεις,
989 2698 1121 2770 φέρε
1159 2699 1187 2750 ὃ
1219 2698 1417 2768 βούλει,
1451 2719 1469 2749 ‹
1507 2698 1648 2765 Quid
1693 2709 1872 2753 autem
1929 2715 2116 2754 moras

535 2788 743 2843 trahis?
776 2789 909 2843 aﬂ'er
953 2791 1100 2858 quod
1145 2791 1314 2853 velis,
1355 2811 1371 2842 ι
1409 2790 1582 2845 ταῦτα
1614 2791 1706 2844 καὶ
1729 2790 1863 2846 ἄλλα
1897 2791 2120 2846 πλείονα

534 2880 708 2950 λέγων
759 2881 993 2953 θάρσους
1043 2882 1137 2935 καὶ
1187 2885 1363 2955 χαρᾶς
1412 2883 1825 2954 ἀνεπίμπλητο,
1864 2902 1880 2933 ι
1921 2887 2035 2939 haec
2063 2895 2119 2938 et

533 2974 691 3044 plura
723 2973 828 3027 alia
874 2989 999 3028 cum
1028 2974 1236 3028 diceret
1267 3013 1281 3038 ,
1315 2975 1514 3030 fiducia
1551 2985 1605 3030 et
1645 2976 1826 3030 laetitia
1863 2977 2117 3046 impletus

537 3076 644 3132 est,
677 3086 696 3118 ι
729 3077 790 3120 ιιι
813 3067 1185 3122 vetustissima
1209 3069 1329 3140 ejus
1357 3068 1492 3122 Acta
1517 3078 1805 3124 testantur.
1835 3070 1997 3124 Plura
2025 3085 2118 3124 au-

2229 569 2416 632 nicus,
2445 568 2602 638 quasi
2629 569 2766 622 alter
2794 567 3035 638 lgnatius
3054 609 3068 630 ,
3107 567 3396 636 ἐπισήμως
3435 561 3817 635 Θηριομαχῶν,

2233 681 2251 712 ι
2283 661 2515 732 insignis
2538 670 2594 717 et
2619 661 2818 716 nobilis
2851 661 3197 716 bestiarius.»
3225 658 3366 725 Quid
3393 666 3574 710 autem
3605 653 3822 724 judicio

2227 755 2626 824 antiquissimm
2663 753 2924 809 Ecclesia:
2945 754 3235 823 ἐπίσημον,
3260 753 3474 822 insigne
3501 759 3595 804 aut
3634 747 3822 803 nobile

2225 850 2278 904 in
2325 849 2446 918 ejus
2483 848 2746 919 martyrio
2781 847 3019 902 breviter
3062 847 3338 915 descripto
3373 842 3687 899 invenitur?
3732 841 3819 895 An

2227 941 2436 1010 placida
2471 949 2525 994 et
2547 940 2771 994 humilis
2801 948 2856 994 et
2883 939 3130 994 modesta
3170 938 3292 1008 ejus
3325 939 3511 991 anima
3543 934 3817 991 describi-

2225 1043 2336 1097 tur,
2357 1050 2524 1104 quam
2551 1033 2725 1087 solam
2753 1031 3057 1087 admiratur
3080 1033 3134 1086 in
3167 1046 3272 1086 suo
3295 1038 3533 1100 martyre
3548 1028 3816 1083 Dallzeus?

2223 1121 2382 1178 Nullo
2406 1125 2598 1177 modo:
2617 1123 2864 1178 sedillud
2880 1123 3084 1190 potius,
3107 1123 3253 1192 quod
3273 1131 3330 1175 ut
3357 1136 3624 1190 praeceps,
3658 1120 3809 1190 quod

2225 1220 2542 1289 utjuvenile
2563 1261 2578 1282 ,
2603 1218 2750 1288 quod
2787 1229 2846 1273 ut
2868 1219 2984 1271 leve
3010 1218 3064 1271 in
3090 1218 3297 1286 lgnatio
3335 1218 3425 1271 ille
3459 1217 3811 1271 condemnat.

2223 1311 2556 1382 Βουλομένου
2614 1310 2718 1379 γὰρ
2757 1310 2850 1363 τοῦ
2885 1309 3200 1363 ἀνθυπάτου
3245 1309 3453 1362 πείθειν
3504 1307 3667 1362 αὐτὸν
3716 1306 3814 1361 καὶ

2221 1403 2422 1473 λέγειν,
2447 1404 2531 1458 vel
2558 1403 2614 1456 λέ
2633 1419 2831 1471 τοντος,
2865 1403 2962 1473 τὴν
2987 1402 3203 1472 ἠλικίαν
3226 1401 3392 1456 αὐτοῦ
3412 1403 3808 1472 κατοικτεῖραι,

2221 1497 2401 1568 ἐαυτῷ
2429 1498 2780 1551 ἐπεσπάσατο
2801 1497 2861 1550 τὸ
2891 1496 3082 1568 Θηρίον
3108 1494 3601 1567 προσϐιασὰμενος,
3647 1503 3722 1556 et,
3752 1504 3812 1546 ιιι

2223 1590 2386 1644 habet
2413 1589 2705 1653 Eusebius,
2732 1587 3062 1660 παροξύνας.
3095 1606 3114 1639 ι
3138 1587 3280 1641 Cum
3315 1587 3461 1640 enim
3509 1586 3810 1654 proconsul

2224 1682 2441 1737 ﬂectere
2475 1697 2600 1736 eum
2630 1681 2811 1746 vellet,
2843 1680 3156 1750 diceretque
3186 1695 3243 1733 se
3274 1679 3450 1733 aetatis
3480 1678 3601 1748 ejus
3639 1678 3808 1732 mise—

2225 1775 2353 1839 reri,
2387 1773 2615 1828 attraxit
2671 1774 2774 1828 sibi
2807 1773 3040 1828 bestiam
3074 1773 3129 1826 vi
3173 1789 3292 1827 eam
3325 1772 3550 1842 adigens
3575 1812 3589 1836 ,
3621 1779 3676 1825 et
3708 1771 3811 1825 sti-

2220 1865 2458 1930 mulans.
2487 1884 2506 1916 ι
2534 1863 2648 1919 Hoc
2675 1866 2824 1919 enim
2855 1863 3053 1920 fecisse
3077 1874 3358 1926 narratur.
3387 1873 3449 1918 ut
3478 1863 3807 1933 martyrium

2219 1957 2571 2013 acceleraret.
2603 1957 2732 2012 Inde
2759 1968 2942 2013 autem
2976 1957 3180 2012 factum
3206 1966 3309 2022 est,
3343 1965 3405 2010 ut
3427 1972 3615 2011 omnes
3639 1957 3808 2010 etiam

2218 2051 2422 2105 ethnici
2452 2051 2619 2105 etiam
2653 2062 3035 2121 persecutores
3057 2050 3156 2122 τὴν
3179 2049 3533 2120 γενναιότητα
3565 2047 3659 2101 τοῦ
3687 2049 3808 2102 θεο-

2220 2143 2407 2212 φιλοῦς
2434 2144 2530 2196 καὶ
2559 2143 2844 2207 θεοσεϐοῦς
2874 2144 3067 2212 γένους
3112 2143 3219 2195 τῶν
3247 2140 3591 2215 Χριστιανῶν
3626 2142 3804 2195 admi-

2222 2246 2499 2291 rarentur.
2533 2235 2812 2305 llleigitur
2842 2235 3228 2300 Germanicus,
3256 2250 3419 2302 quem
3448 2242 3508 2286 ut
3533 2233 3804 2313 insignem

2219 2327 2544 2382 etnobilem
2588 2329 2644 2382 in
2682 2329 2877 2398 primis
2911 2338 3204 2398 martyrem
3249 2325 3536 2397 proposuit
3581 2325 3809 2394 antiqua

2219 2429 2272 2474 et
2299 2422 2528 2476 celebris
2558 2420 2806 2476 Ecclesia
2855 2419 3243 2492 Smyrnensis,
3294 2420 3456 2488 cujus
3492 2422 3563 2474 ob
3593 2418 3809 2487 insigne

2222 2513 2438 2569 facinus
2485 2513 2690 2569 ethnici
2733 2515 2838 2583 ipsi
2897 2514 3245 2568 nobilitatem
3287 2524 3340 2567 et
3384 2515 3817 2583 generositatem

2219 2606 2552 2661 Christianae
2581 2607 2762 2678 gentis
2812 2607 3068 2661 admirati
3104 2616 3255 2671 sunt,
3287 2606 3426 2660 nihil
3463 2606 3609 2660 aliud
3651 2605 3805 2671 fecit,

2223 2698 2326 2751 nisi
2357 2698 2504 2768 quod
2544 2699 2783 2768 lgnatius
2815 2714 2874 2754 se
2909 2698 3185 2753 facturum
3211 2698 3391 2765 dixit;
3425 2699 3538 2753 imo
3578 2700 3682 2754 hoc
3723 2697 3809 2752 fe-

2223 2791 2367 2844 cisse
2430 2791 2552 2846 ideo
2581 2792 2821 2856 videtur,
2869 2793 3017 2861 quod
3071 2791 3315 2862 lgnatius
3345 2792 3810 2857 dixerat;eadem

2221 2883 2367 2936 enim
2393 2899 2526 2938 voce
2563 2885 2736 2939 utitur
2768 2883 3014 2940 Ecclesia
3061 2884 3416 2955 Smymensis
3437 2925 3451 2950 ,
3485 2885 3629 2938 unde
3666 2884 3813 2938 hanc

2220 2975 2511 3044 epistolam
2546 2976 2614 3032 ad
2646 2975 2930 3032 Romanos
2957 2976 3187 3032 dederat
3226 2977 3486 3046 lgnatius,
3521 2976 3589 3030 ad
3629 2977 3814 3045 exprio

2221 3071 2480 3124 mendum
2517 3069 2828 3128 Germanici
2871 3071 3078 3127 factum
3103 3113 3117 3137 ,
3149 3087 3255 3141 qua
3292 3069 3534 3141 lgnatius
3566 3070 3635 3124 ad
3681 3071 3808 3124 ani-

536 3169 643 3214 tem
678 3157 769 3212 illa
793 3173 916 3227 qua:
947 3157 1268 3212 fortitudine
1290 3168 1344 3214 et
1377 3159 1746 3214 exsultatione
1775 3161 1968 3229 plenus
1989 3176 2114 3230 pro-
2141 3175 2184 3232 ο
2219 3161 2294 3214 mi
2321 3162 2407 3216 sui
2431 3163 2683 3217 ardorem
2714 3163 3066 3218 indicandum
3101 3179 3234 3218 usus
3259 3163 3437 3217 fuerat
3467 3161 3610 3231 εὲγὼ
3624 3179 3800 3234 προσ-

534 3249 808 3305 nuntiavit
829 3251 1073 3320 ,qualia,
1117 3252 1316 3307 amabo
1337 3292 1353 3318 ,
1386 3249 1569 3318 fuere,
1595 3253 1642 3308 si
1682 3268 1792 3308 non
1817 3253 2114 3324 lgnatianis

534 3343 770 3397 similia?
799 3344 844 3396 si
876 3359 986 3397 non
1027 3343 1100 3396 illi
1132 3344 1248 3397 voci
1267 3359 1534 3408 consona,
1570 3361 1736 3415 quam
1763 3361 1793 3401 e
1849 3347 1990 3401 coelo
2021 3363 2117 3401 au-

532 3433 687 3496 divit,
718 3435 898 3505 Ἴσχυε
954 3433 1049 3488 καὶ
1081 3434 1364 3506 ἀνδρίζου,
1410 3435 1738 3509 Πολύκαρπε
1759 3476 1773 3499 ,
1809 3453 1918 3492 non
1947 3458 1960 3492 :
1995 3437 2113 3493 Mo-

531 3525 721 3580 destus
760 3536 900 3587 esto,
945 3527 1041 3582 sed
1067 3546 1081 3581 :
1112 3545 1130 3578 ι
1163 3526 1398 3583 Fortiter
1435 3539 1489 3582 et
1527 3529 1758 3584 viriliter
1798 3545 1931 3602 age,
1959 3529 2118 3603 Poly-

531 3634 717 3684 earpe.
747 3639 766 3670 ι
794 3618 1092 3676 Notissima
1120 3631 1202 3677 est
1225 3624 1389 3677 etiam
1423 3622 1513 3677 illa
1534 3621 1770 3678 Romani
1792 3624 2114 3680 Caesareen-

533 3713 610 3768 sis
639 3714 855 3769 discord
879 3730 982 3771 vox
1011 3714 1317 3772 Antiochiae
1341 3717 1551 3785 audita,
1599 3717 1704 3771 ποῦ
1742 3735 1831 3790 μοι
1874 3718 1935 3773 τὸ
1980 3720 2113 3792 πῦρ,

539 3827 560 3858 ι
600 3807 822 3862 ubinam
851 3807 985 3862 mihi
1014 3809 1196 3879 ignis?
1227 3828 1247 3861 ι

609 3897 861 3952 Secunda
890 3899 1140 3969 exceptio
1153 3899 1222 3953 ab
1236 3900 1304 3954 iis
1319 3900 1541 3969 petitur,
1556 3915 1679 3971 quae
1691 3899 1829 3956 dese
1842 3901 2117 3970 spondere

535 3990 741 4045 dicitur
773 3990 1015 4059 lgnatius
1045 3992 1294 4046 :scilicet
1320 3992 1471 4061 quod
1492 4006 1552 4046 se
1583 3993 1788 4048 bestias
1813 3992 1880 4046 ad
1925 4007 2116 4048 necem

532 4098 688 4137 suam
741 4083 1152 4137 accelerandam
1203 4093 1628 4154 provocaturum
1661 4085 1884 4150 scribat,
1915 4094 1972 4139 et
2012 4085 2118 4140 hoc

532 4175 696 4230 etiam
734 4175 854 4228 sine
885 4175 1158 4244 exemplo.
1198 4173 1326 4229 Duo
1345 4177 1512 4230 verba
1547 4185 1677 4230 sum
1704 4193 1829 4246 quae
1862 4177 1938 4230 illi
1975 4177 2116 4232 mira

533 4265 824 4328 videntur,
881 4265 1198 4320 κολακεύσω
1237 4277 1289 4322 et
1318 4267 1760 4339 προσϐιάσομαι,
1815 4289 1833 4319 ι
1865 4269 2117 4323 blandiar

534 4357 687 4422 feris,
716 4357 826 4411 imo
850 4372 1062 4426 cogam.
1090 4378 1108 4411 ι
1143 4377 1162 4410 ι
1193 4357 1238 4410 0
1261 4360 1432 4426 diras,
1457 4360 1665 4430 inquit,
1695 4370 1748 4415 et
1777 4360 2118 4416 truculentas

533 4448 730 4502 voces!
761 4447 873 4502 imo
900 4463 1032 4503 vero
1053 4461 1295 4516 sanctas,
1327 4459 1381 4505 et
1410 4447 1601 4516 fortes,
1631 4462 1687 4505 et
1711 4452 1865 4506 omni
1889 4467 2116 4506 Venera-

2219 3252 2503 3323 ϐιάσομαι,
2561 3255 2742 3324 inquit
2794 3255 2917 3320 ille,
2968 3255 3059 3309 hic
3127 3255 3487 3308 ἀπεσπάσατο
3544 3255 3813 3326 προσϐια-

2219 3347 2473 3417 σὰμενος.
2499 3345 2655 3401 Unde
2688 3348 2852 3402 etiam
2892 3356 3019 3403 ante
3049 3348 3402 3412 monuimus,
3437 3348 3670 3402 dubium
3697 3364 3818 3402 non

2216 3455 2358 3505 esse,
2392 3440 2526 3508 quin
2555 3440 2702 3495 hunc
2736 3441 2916 3511 ipsum
2950 3441 3131 3497 locum
3155 3443 3401 3510 epistolae
3433 3441 3500 3496 ad
3528 3442 3810 3498 Romanos

2216 3533 2555 3603 respexerint
2575 3531 2966 3605 Smyrnenses,
2989 3551 3114 3591 cum
3146 3537 3246 3591 ista
3269 3537 3593 3592 scriberent.
3620 3535 3687 3590 Et
3707 3537 3810 3589 ob.

2219 3627 2488 3682 servanda
2521 3637 2654 3681 sunt
2680 3627 2848 3684 verba
2882 3627 3248 3700 Martyrologii
3279 3627 3548 3684 Romani:
3575 3647 3594 3680 ι
3618 3626 3811 3699 Smyr-

2220 3734 2304 3772 nae
2357 3717 2568 3776 Natalis
2620 3717 2683 3772 Β.
2737 3719 3051 3775 Germanici
3081 3721 3373 3792 martyris,
3411 3721 3656 3791 quicum
3687 3721 3807 3790 pri-

2217 3826 2402 3866 maevae
2454 3813 2632 3867 aetatis
2675 3820 2962 3867 venustate
2994 3812 3235 3879 ﬂoreret,
3268 3814 3376 3868 sub
3415 3813 3602 3869 Marco
3632 3814 3817 3866 Antor

2215 3906 2349 3960 nino
2373 3914 2428 3961 et
2462 3904 2635 3960 Lucio
2663 3903 2888 3959 Aurelio
2917 3919 3014 3974 per
3039 3907 3271 3974 gratiam
3299 3906 3520 3960 virtut-is
3552 3904 3648 3959 Dei
3690 3919 3809 3958 me-

2216 4010 2331 4054 tum
2360 4013 2641 4068 corporeae
2686 3996 3002 4067 fragilitatis
3036 3997 3335 4053 excludens
3365 4007 3558 4067 sponte
3594 4012 3809 4067 pracpa-

2217 4102 2391 4147 ratam
2439 4091 2545 4147 sibi
2594 4091 2830 4146 bestiam
2858 4091 3153 4146 damnatus
3180 4106 3210 4145 a
3242 4091 3430 4160 judice
3455 4089 3804 4160 provocavit,

2217 4185 2374 4254 cujus
2401 4184 2660 4245 dentibus
2691 4186 3070 4240 comminutus
3102 4199 3230 4240 vero
3261 4186 3390 4255 pani
3421 4183 3650 4238 Domino
3669 4181 3816 4237 lesu.

2217 4275 2441 4331 Christo
2487 4291 2587 4345 pro
2638 4278 2758 4347 ipso
2798 4277 3042 4333 moriens
3092 4278 3292 4332 meruit
3353 4276 3739 4347 iucorporari:
3780 4294 3802 4326 ι

2219 4376 2275 4421 ιιι
2303 4367 2431 4422 hinc
2457 4369 2624 4422 etiam
2657 4367 2871 4440 lgnatio
2904 4369 3220 4424 simillimus
3266 4379 3475 4442 martyr
3507 4384 3808 4438 repraesen-

2219 4469 2382 4516 tetur.
2429 4459 2597 4516 Miror
2640 4462 2826 4531 itaque
2866 4460 3127 4516 Dallaeum
3170 4463 3416 4519 scribere
3445 4464 3714 4533 potuisse,
3746 4464 3805 4518 in

535 4542 683 4597 tione
710 4541 1086 4610 accipiendas!
1125 4557 1232 4597 non
1261 4541 1368 4597 alia
1411 4543 1594 4598 anima
1618 4543 1814 4614 dignas
1853 4559 2020 4614 quam
2049 4560 2112 4600 ea
2145 4552 2189 4607 D
2222 4549 2644 4622 Smyrnensium
2675 4562 2980 4625 martyrum
3007 4553 3160 4610 Actis
3196 4556 3335 4609 nihil
3367 4557 3640 4626 epistolici
3661 4560 3810 4612 seri-

534 4647 657 4702 qua:
681 4633 808 4686 vitae
833 4649 946 4687 suae
977 4643 1230 4702 pertaesa,
1263 4634 1586 4704 lucemque,
1617 4637 1764 4706 quod
1807 4646 1965 4705 poeta
1997 4636 2111 4703 ait,

531 4739 726 4794 perosa
757 4725 814 4779 in
856 4735 1086 4780 mortem
1124 4741 1368 4796 praeceps
1394 4729 1503 4781 ruit
1563 4728 1770 4797 (instar
1807 4727 2114 4798 mancipio-

535 4833 656 4870 rum
669 4818 852 4872 saeculi
877 4819 1368 4888 desperandorum,
1387 4827 1447 4873 ut
1469 4819 1711 4889 loquitur
1729 4819 2118 4891 Blondellus),.t

537 4911 649 4964 imo
694 4925 757 4964 ea
816 4911 999 4964 anima
1055 4910 1428 4980 dignissimas,
1451 4927 1576 4980 quae
1619 4913 1906 4982 praesentis
1929 4915 2112 4968 saeculi

534 5001 722 5056 omuia
759 5002 1083 5067 contemnit,
1113 5017 1238 5071 qua:
1257 5003 1482 5057 dissolvi
1511 5014 1710 5059 etcum
1743 5003 1965 5061 Christo
1991 5021 2116 5062 esse

535 5095 713 5164 cupit,
736 5111 858 5164 qua:
895 5095 962 5148 ad
992 5094 1216 5163 praemia
1250 5099 1512 5167 martyrio
1550 5099 1825 5167 promissa
1875 5100 2112 5169 aspirat,

533 5203 658 5255 quat
691 5186 1021 5240 Christianae
1077 5187 1358 5258 religionis
1411 5191 1860 5260 propagationem
1895 5191 2114 5247 deside-

535 5287 640 5343 rat,
664 5293 788 5346 quae
821 5277 930 5329 vim
976 5284 1031 5330 et
1067 5277 1307 5347 vigorem
1344 5276 1582 5348 Spiritus
1627 5281 1776 5335 intus
1814 5280 2114 5336 habitantis

535 5370 846 5439 exprimere
875 5377 1276 5437 conatur,'qu:e
1306 5372 1535 5441 gentiles
1558 5380 1612 5427 et
1647 5373 1968 5442 idololatras
1993 5390 2106 5430 om.-

535 5476 635 5514 nes
663 5459 872 5530 pudore
903 5461 1239 5529 suﬂunderc,
1276 5465 1333 5518 in
1373 5465 1794 5521 admirationem
1829 5469 2112 5539 abripere,

536 5553 606 5607 ad
669 5555 1108 5624 desperationem
1142 5573 1367 5628 cogere,
1423 5569 1518 5615 aut
1547 5562 1614 5616 ad
1649 5561 1809 5617 ﬁdem
1844 5563 2117 5620 Christia-

535 5664 663 5702 nam
688 5651 1118 5720 amplectendam
1152 5668 1468 5721 permovere
1491 5657 1806 5710 contendit!
1827 5657 1910 5711 An
1927 5673 2116 5713 exem-

535 5741 686 5811 plum
719 5743 880 5812 hujus
909 5744 985 5798 rei
1014 5744 1300 5814 quaeritur,
1326 5762 1449 5800 cum
1479 5756 1558 5800 tot
1580 5762 1720 5816 pene
1744 5761 1957 5806 exstent
1979 5761 2115 5819 quot

536 5834 673 5890 Acta
723 5835 806 5892 vel
841 5839 1118 5890 memoria:
1160 5839 1499 5907 martyrum?
1531 5837 1588 5892 in
1625 5838 1978 5910 Smyrnensis
2003 5841 2110 5898 Ec-

2220 4646 2396 4715 ptoris
2443 4648 2685 4701 sermoni
2733 4647 2913 4702 simile
2965 4649 3229 4717 reperiri:
3267 4651 3425 4719 quasi
3479 4651 3801 4707 Germanici

2217 4737 2430 4808 insigne
2461 4737 2664 4794 factum
2693 4748 2790 4794 aut
2818 4740 2955 4794 nihil
2991 4742 3083 4806 sit,
3116 4749 3211 4796 aut
3235 4759 3343 4797 non
3377 4742 3658 4814 lgnatiano
3682 4759 3804 4797 ser-

2217 4832 2365 4888 moni
2393 4832 2594 4898 simile,
2627 4847 2752 4887 cum
2778 4834 2971 4888 eodem
3002 4837 3273 4890 vocabulo
3298 4837 3659 4905 exprimatur.
3693 4835 3804 4890 Nc-

2217 4939 2325 4992 que
2373 4931 2585 4977 tantum
2634 4924 2864 4992 beStiis,
2897 4925 2992 4980 sed
3022 4933 3077 4980 et
3110 4927 3212 4995 ipsi
3237 4927 3409 4995 judiei
3441 4927 3550 4981 vim
3603 4927 3810 4982 intule-

2218 5025 2348 5071 runt
2383 5025 2652 5088 martyres
2673 5057 2689 5081 ,
2737 5027 2797 5072 ut
2835 5017 3120 5074 Romanus
3153 5021 3242 5074 ille
3264 5036 3333 5075 ex
3368 5020 3656 5075 Palaestina
3685 5023 3811 5077 dia-

2218 5125 2423 5173 conus,
2453 5110 2546 5164 sed
2594 5109 2933 5178 Antiochiae,
2977 5112 3122 5166 unde
3158 5112 3400 5182 lgnatius
3450 5121 3658 5167 tractus
3687 5124 3806 5183 est,

2220 5201 2358 5256 forte
2412 5202 2743 5257 constitutus
2768 5245 2783 5269 ,
2839 5223 2857 5255 ι
2886 5218 3014 5258 cum
3047 5205 3251 5259 multos
3289 5203 3488 5257 milites
3535 5205 3808 5262 cecidisse

2218 5292 2476 5348 Ecclesiae
2524 5293 2868 5360 invenisset,
2916 5312 3024 5350 non
3052 5305 3137 5351 est
3187 5310 3382 5366 passus
3420 5298 3553 5351 dare
3582 5299 3807 5354 diabolo

2219 5396 2278 5441 ut
2322 5386 2648 5452 exsultarct,
2676 5389 2770 5443 sed
2809 5390 3178 5443 exsultantem
3203 5389 3445 5458 iudicem
3480 5391 3550 5445 de
3580 5391 3667 5446 his
3705 5393 3806 5460 qui

2217 5477 2433 5532 fuerant
2455 5479 2696 5548 superati
2724 5481 3040 5549 aggreditur
3073 5481 3178 5535 vim
3203 5480 3434 5543 faciens,
3467 5497 3638 5553 regno
3670 5499 3807 5538 vero

2215 5579 2392 5640 rapto,
2440 5580 2497 5625 et
2530 5571 2677 5636 ,dieit
2709 5590 2724 5626 :
2760 5569 2878 5626 Non
2935 5575 3157 5631 recedes
3199 5576 3384 5643 ltetus;
3437 5577 3603 5632 habet
3651 5579 3802 5633 enim

2217 5660 2359 5715 Deus
2393 5661 2596 5715 milites
2629 5662 2723 5730 qui
2757 5662 3006 5730 superari
3044 5679 3152 5718 non
3191 5672 3443 5733 possunt,
3481 5683 3501 5716 ι
3536 5674 3598 5719 ιιι
3634 5665 3805 5719 tradit

2216 5752 2504 5819 Eusebius,
2559 5753 2639 5807 De
2679 5755 3064 5808 resurrectione
3111 5756 3206 5809 lib.
3241 5772 3303 5810 ιι.
3337 5757 3515 5826 Atque
3549 5758 3621 5810 ita
3671 5773 3804 5826 pro-

2215 5846 2293 5900 dit
2323 5845 2739 5900 αὺτοκέλευστον
2805 5847 3019 5918 ἱερεῖον,
3083 5867 3102 5900 ι
3138 5851 3357 5905 victima
3414 5858 3740 5920 spontaneo,
3775 5872 3798 5900 ι
