4138 6394
318 391 431 446 569

1080 391 1132 453 .1..-
1176 389 1545 444 PEARSONII
1588 389 1912 445 V'l‘NDlCle
1956 386 2379 443 ΙΟΝΑΤΙΑΝᾸΞ.
2422 418 2492 432 -
2528 385 2710 441 PARS
2736 383 2791 441 ΙΙ.

3517 383 3622 438 570

324 522 387 563 ιιι
421 509 673 579 loquitur
713 519 908 563 auctor
940 512 1208 565 orationis
1247 512 1503 565 secunda:
1526 510 1919 582 Chrysostomo
1954 519 1995 575 Α
2027 520 2208 563 autem
2237 508 2353 562 hzec
2401 524 2509 561 non
2554 516 2766 562 tantum
2800 521 2926 560 vera
2969 519 3091 560 esse
3132 504 3345 569 dicunt,
3371 503 3466 557 sed
3504 512 3624 557 tan-

321 601 611 670 ascriptae.
638 600 743 655 Sed
776 601 983 671 reliqua
1014 602 1261 671 exempla
1306 618 1764 672 percenseamus,
1797 603 1923 671 qui-

321 695 434 749 bus
479 710 698 763 semper
754 694 809 749 in
865 694 1109 749 Ecclesia
1160 696 1247 749 illa
1304 707 1608 765 martyrum
1664 693 1926 747 fortitudo

318 787 622 841 decantata
652 796 760 853 est,
796 802 908 856 qua
950 788 1312 841 instrumenta
1343 788 1494 842 necis
1519 788 1585 841 ad
1619 803 1774 842 suam
1801 802 1926 855 pas-

321 880 549 934 sionem
609 880 1025 934 accelerandam
1086 880 1376 950 urgebant.
1428 879 1485 932 in
1541 880 1925 949 antiquissima

322 971 621 1041 Perpeture
670 972 929 1040 passione
982 973 1097 1026 ha‘e
1153 972 1417 1041 legimus:
1477 991 1495 1023 ι
1527 972 1795 1042 Perpetua
1828 988 1926 1025 au-

321 1075 439 1117 tcm
494 1074 554 1118 ut
608 1065 817 1133 aliquid
866 1065 1076 1119 doloris
1132 1074 1416 1134 gustaret,
1450 1065 1593 1119 inter
1620 1081 1747 1119 ossa
1775 1080 1926 1120 com—

320 1172 534 1226 puncta
562 1159 869 1211 exululavit
894 1199 907 1219 ,
948 1167 1002 1212 ct
1049 1168 1325 1213 errantem
1366 1159 1611 1229 gladium
1662 1159 1924 1213 tirunculi

316 1248 657 1318 gladiatoris
680 1248 797 1317 ipsa
832 1251 885 1301 in
913 1248 1166 1317 jugulum
1203 1265 1365 1303 suum
1406 1249 1707 1303 transtulit.
1748 1267 1767 1300 ι
1799 1248 1925 1302 Dio-

318 1342 523 1412 nysius
551 1341 905 1395 Alexandria:
931 1342 1225 1411 cpiSCOpus
1256 1341 1603 1410 Apolloniam
1653 1340 1923 1411 virginem

317 1450 669 1505 magnopere
702 1437 904 1500 laudat,
937 1436 1083 1505 quod
1117 1452 1242 1490 eum
1278 1435 1379 1505 ipsi
1404 1435 1705 1490 verberatis
1730 1435 1925 1490 maxil-

316 1529 391 1582 lis
449 1529 638 1583 cuncti
698 1529 891 1583 dentes
966 1530 1210 1594 excussi,
1280 1528 1627 1598 llainmaaque
1685 1529 1923 1583 admotze

315 1630 549 1683 essent,
595 1620 864 1683 συντόνως
915 1621 1262 1691 ἐπεπήδησεν
1290 1624 1369 1684 εἰς
1412 1622 1473 1673 τὸ
1500 1621 1611 1692 πῦρ
1635 1622 1725 1675 καὶ
1753 1640 1921 1677 κατα-

316 1713 659 1780 πὲφλεκται,
694 1736 709 1763 ι
743 1715 993 1768 celeriter
1020 1715 1071 1767 in
1100 1715 1277 1784 ignem
1306 1715 1499 1771 insiliit
1535 1725 1589 1770 et
1619 1715 1924 1786 conﬂagra-

314 1805 419 1859 vit.
461 1825 482 1857 ι
518 1806 579 1859 S.
627 1804 872 1861 Hilarius
928 1808 1281 1861 enarratione
1334 1808 1386 1861 in
1434 1809 1705 1877 psalmum
1767 1824 1918 1863 va:

2030 616 2196 670 quam
2248 615 2526 655 summum
2577 599 2859 669 religionis
2896 598 3220 652 Christianae
3262 597 3431 653 decus
3485 612 3623 665 prae—

2029 694 2232 747 dicant.
2283 691 2533 747 Justinus
2586 702 2796 763 martyr
2863 690 3062 745 fatetur
3127 690 3506 744 Christianum
3563 705 3621 741 se

2031 785 2236 839 factum
2266 800 2420 851 esse,
2452 786 2598 854 quod
2632 785 2682 838 ei
2724 799 2885 839 nemo
2936 783 3113 837 malus
3152 782 3428 837 videretur
3457 781 3622 835 θάνα-

2027 896 2119 931 τον
2152 877 2527 944 ἀσπάζεσθαι,
2562 879 2660 948 οὐχ
2691 879 2773 930 ὃτι
2808 876 2998 931 ἑαυτὸν
3044 875 3379 947 κατήγγελλε
3426 891 3620 943 φονευ-

2028 967 2346 1039 Οησόμενον,
2373 987 2389 1019 ι
2417 968 2616 1022 nedum
2642 978 2700 1022 ut
2722 970 3010 1037 quisquam
3042 967 3282 1036 seipsum
3310 966 3615 1020 necandum

2029 1060 2176 1113 ultro
2214 1061 2469 1129 proderet
2513 1076 2578 1115 ac
2612 1058 2882 1123 deferret,
2928 1078 2947 1110 ι
2985 1058 3133 1127 quod
3158 1055 3456 1118 Christiani
3491 1066 3619 1108 tunc

2030 1155 2291 1223 temporis
2336 1152 2601 1209 fecerunt.
2651 1153 2905 1208 Clemens
2938 1152 3159 1222 quidem
3214 1149 3619 1204 Alexandrinus

2027 1254 2219 1300 contra
2271 1245 2691 1301 Valentinianos
2735 1246 3029 1315 disputans
3072 1244 3424 1313 reliquosque
3477 1241 3621 1295 Gno-

2027 1338 2225 1401 stieos,
2264 1340 2356 1409 qui
2407 1355 2627 1393 onmem
2674 1354 2775 1407 pro
2821 1338 3055 1393 veritate
3101 1337 3415 1409 passionem
3456 1350 3621 1403 nega-

2027 1431 2178 1495 haut,
2224 1430 2545 1487 Gnosticum
2601 1449 2761 1487 suum
2816 1432 2887 1487 ita
2938 1431 3212 1492 instituit,
3257 1441 3313 1483 ut
3358 1445 3465 1483 non
3511 1429 3619 1483 nisi

2028 1532 2251 1578 coactus
2283 1526 2607 1596 martyrium
2634 1526 2827 1578 subeat
2849 1569 2861 1590 ,
2890 1524 3089 1578 fatetur
3108 1533 3285 1577 tamen
3312 1522 3451 1577 alios
3475 1537 3622 1576 mar-

2030 1626 2174 1687 tyres
2222 1618 2381 1671 aliter
2432 1618 2706 1672 animatos
2757 1616 2948 1682 fuisse,
2983 1615 3391 1685 Gnosticusque
3422 1615 3491 1668 ab
3524 1613 3619 1668 illo

2025 1709 2346 1764 elformatus
2391 1711 2594 1766 dicitur
2654 1730 2666 1764 :
2719 1708 2904 1781 Ταύτῃ
2945 1707 3056 1761 τῶν
3098 1707 3273 1762 ἄλλων
3313 1706 3622 1777 λεγομένων

2030 1801 2320 1875 μαρτύρων
2354 1801 2741 1873 χωριζόμενος,
2845 1803 2892 1853 οἱ
2931 1801 3028 1871 μὲν
3061 1798 3316 1870 ἀφορμὰς
3353 1798 3621 1868 παρέχον-

323 1917 343 1947 ι
381 1895 495 1949 Alii
541 1896 692 1951 enim
759 1898 810 1949 in
846 1899 1082 1953 vinculis
1125 1914 1410 1955 carcerum
1456 1901 1797 1970 gloriantur,
1829 1901 1920 1955 alii

2027 1892 2115 1955 τές
2150 1910 2331 1961 σφισιν
2364 1894 2549 1956 αὐτοῖς
2581 1891 3035 1964 ἐπιῤῥιπτοῦντες
3070 1892 3257 1955 αὐτοῖς
3300 1894 3414 1954 τοῖς
3448 1890 3621 1944 meo.

314 1989 451 2044 caesi
489 1988 543 2043 in
583 1990 910 2045 verberibus
954 1991 1302 2061 gratulantur
1328 2033 1342 2055 ,
1376 1993 1466 2046 alii
1500 1994 1753 2062 potestati
1780 1994 1920 2047 irrc-

316 2081 656 2151 ligiosorum
689 2082 999 2139 desecanda
1040 2082 1277 2137 felicium
1331 2084 1573 2155 capitum
1617 2085 1758 2139 colla
1789 2085 1923 2140 sul»

316 2175 587 2239 mittunt;
613 2173 797 2242 plures
827 2175 879 2227 in
905 2184 1218 2230 exstructos
1251 2192 1414 2247 rogos
1436 2189 1699 2243 currunt,
1732 2186 1786 2231 ct
1814 2188 1921 2233 tre-

316 2266 645 2335 pidantibus
715 2283 891 2336 ιιωιιειι
937 2268 1208 2322 ministris
1264 2268 1442 2337 ignem
1506 2270 1650 2322 saltu
1713 2270 1923 2329 devotae

314 2360 706 2414 festinationis
761 2360 1038 2414 insiliunt.
1078 2382 1095 2411 ι
1133 2360 1288 2415 lluue
1348 2362 1403 2414 in
1451 2363 1786 2432 martyribus
1824 2380 1920 2431 pa-

316 2448 494 2501 tiendi
542 2448 799 2501 ardorem
836 2450 1043 2518 optime
1072 2450 1331 2505 describit
1381 2452 1440 2505 S.
1494 2452 1923 2524 Chrysoslomus

314 2540 585 2593 oratione
614 2541 667 2594 in
709 2540 1047 2603 llonranum,
1078 2544 1357 2598 diabolum
1395 2545 1467 2599 ita
1501 2545 1809 2614 loquentem
1841 2546 1925 2600 in-

314 2632 671 2687 troducens:
728 2635 1041 2705 Ἀνθρακας
1094 2637 1462 2708 ὑπεστόρεσα,
1511 2641 1561 2691 οἱ
1606 2638 1663 2691 δὲ
1715 2639 1790 2703 ὡς
1831 2640 1923 2692 ἐπὶ

312 2724 454 2795 ῥόδα
482 2725 728 2796 ἔτρεχον,
762 2747 779 2777 ‹
808 2744 1013 2796 prunas
1044 2729 1346 2793 substravi,
1375 2729 1427 2782 hi
1451 2739 1635 2784 autem
1664 2740 1922 2800 tanquam

313 2814 390 2867 ad
437 2830 599 2869 rosas
649 2818 983 2884 currebant,
1018 2839 1035 2869 ι
1087 2819 1197 2891 πῦρ
1225 2820 1428 2891 ἀνῆψα,
1457 2823 1507 2873 οἱ
1534 2822 1589 2874 δὲ
1616 2823 1691 2886 ὡς
1714 2825 1793 2886 εἰς
1821 2842 1917 2895 πη-

310 2908 424 2975 γὰς
454 2909 670 2962 ὑδάτων
714 2910 940 2983 ψυχρῶν
982 2913 1209 2976 ἑαυτοὺς
1234 2914 1497 2985 ἔρριψαν,
1543 2936 1561 2967 ε
1607 2917 1787 2988 ignem
1834 2935 1925 2972 ac-

310 3006 510 3070 cendi,
544 3006 624 3058 illi
656 3016 841 3059 autem
896 3017 1158 3075 tanquam
1212 3008 1264 3061 in
1304 3008 1485 3064 fontes
1514 3026 1786 3081 aquarum
1828 3012 1925 3066 fri-

312 3098 583 3165 gidarum
624 3101 836 3167 seipsos
879 3100 1265 3169 projiciebant,
1304 3121 1323 3153 ι
1357 3103 1448 3155 καὶ
1480 3102 1670 3177 ὥσπερ
1700 3108 1759 3158 ἐν
1804 3107 1925 3176 ἱερᾷ

309 3194 521 3260 πομπῇ
558 3191 878 3263 χορεύοντες
909 3194 1003 3247 καὶ
1028 3196 1085 3246 ὲν
1124 3193 1352 3264 λειμῶνι
1383 3196 1670 3261 παίζοντες
1693 3199 1921 3271 χλοερῷ,
1952 3220 1993 3277 C

308 3283 467 3336 οὓτω
508 3283 607 3347 τὰς
639 3286 912 3358 τιμωρίας
943 3286 1174 3352 ἕκαστος
1202 3289 1473 3359 ἥρπαζον,
1503 3292 1601 3360 οὐχ
1628 3291 1705 3355 ὡς
1748 3309 1920 3362 τιμω-

312 3375 447 3446 ρίας
478 3376 597 3428 ἀλλ’
628 3378 704 3441 ὡς
738 3378 875 3449 ἄνθη
915 3378 1287 3451 λαμϐάνοντες
1318 3384 1513 3454 ἐαρινὰ
1533 3425 1547 3447 ,
1594 3385 1687 3438 καὶ
1719 3402 1919 3453 στεφα-

310 3467 600 3538 νούμενοι,
655 3471 749 3523 καὶ
786 3474 851 3542 τῇ
897 3471 998 3541 τῆς
1034 3473 1245 3537 οἰκείας
1283 3475 1596 3546 προθυμίας
1649 3476 1920 3548 ὑπερϐολῇ
1974 3522 1977 3526 ι

310 3561 421 3624 τὰς
452 3562 598 3631 ἐμὰς
625 3564 969 3635 προέφοανον
997 3558 1290 3639 τιμωρίας,
1325 3587 1342 3617 ι
1376 3578 1431 3623 et
1462 3578 1724 3639 tauquam
1756 3571 1809 3625 in
1834 3588 1923 3625 sa-

310 3670 414 3707 cra
468 3670 670 3724 ponipa
705 3658 937 3711 choreas
984 3670 1227 3727 agentes,
1267 3670 1319 3715 et
1360 3661 1413 3713 in
1444 3661 1606 3716 viridi
1650 3672 1808 3731 prato
1838 3664 1923 3716 tu-

308 3749 542 3812 dentes,
574 3750 646 3802 ita
673 3758 943 3805 tormenta
977 3751 1211 3821 quisque
1237 3753 1493 3823 arripuit,
1520 3771 1625 3809 non
1658 3766 1920 3825 tanquam

310 3853 521 3907 pmnas
542 3880 557 3904 ,
588 3840 683 3893 sed
728 3841 878 3895 velut
913 3858 1116 3896 vernos
1151 3842 1313 3899 flores
1342 3846 1710 3914 accipientes,
1744 3858 1796 3901 et
1825 3864 1921 3902 eo»

312 3931 508 3983 renati
534 3970 550 3995 ,
575 3938 630 3984 et
656 3932 892 4001 propria)
913 3934 1218 3989 alacritatis
1241 3952 1471 3992 excessu
1498 3947 1772 3993 tormenta
1800 3956 1921 3995 mea

310 4025 738 4096 prmripiebant.
781 4046 799 4077 ι

392 4118 587 4188 Neque
628 4119 827 4173 mirum
869 4129 953 4175 est
993 4123 1207 4193 aliquos
1238 4123 1443 4179 bestias
1466 4124 1577 4194 jam
1610 4134 1830 4193 paratas
1853 4126 1921 4180 ad

311 4215 570 4281 ipsorum
602 4228 789 4267 necem
817 4230 1176 4283 provocasse,
1204 4226 1298 4270 aut
1343 4218 1679 4276 crudelitatis
1710 4220 1919 4274 instru-

311 4317 510 4361 menta
546 4307 599 4359 in
630 4308 917 4375 procinctu
948 4308 1123 4377 posita
1162 4308 1228 4361 ad
1258 4309 1677 4364 accelerandum
1712 4322 1919 4382 marty—

314 4402 469 4453 rium
502 4399 645 4452 ultro
689 4400 1050 4466 adhibuisse;
1084 4417 1210 4455 cum
1253 4402 1558 4457 certissime
1588 4413 1834 4470 constet,
1870 4406 1922 4460 id

309 4490 469 4559 quod
508 4490 684 4543 multo
716 4491 898 4559 majus
928 4504 1031 4557 est,
1060 4494 1507 4562 quamplurimos
1551 4506 1781 4550 mortem
1823 4512 1921 4566 pro

2026 1999 2157 2048 νοις,
2193 1982 2295 2035 οὐκ
2328 1978 2421 2035 οἷδ’
2455 1983 2625 2045 ὅπως,
2663 1982 2949 2051 εὐστομεῖν
2977 1979 3087 2050 γὰρ
3114 1979 3340 2043 δίκαιον,
3369 2000 3386 2031 ι
3409 1981 3511 2034 hac
3532 1995 3621 2033 ra-

2027 2075 2176 2130 tione
2202 2085 2493 2145 scparatus
2509 2075 2579 2129 ab
2602 2074 2726 2130 aliis
2748 2074 2841 2144 qui
2865 2073 3126 2128 dicuntur
3150 2082 3440 2144 martyres,
3468 2073 3619 2142 quod

2028 2168 2118 2222 alii
2141 2168 2362 2237 quidem
2390 2167 2493 2221 sibi
2532 2167 2666 2235 ipsis
2692 2166 2993 2235 praebentes
3016 2166 3387 2227 occasionem,
3424 2179 3502 2230 se,
3524 2180 3619 2217 nc-

2026 2261 2143 2316 scio
2173 2259 2472 2329 quomodo,
2505 2259 2559 2311 in
2596 2261 2713 2327 ipsa
2741 2258 2979 2327 pericula
3006 2256 3253 2326 injiciant
3287 2257 3446 2327 (bene
3471 2257 3617 2311 enim

2024 2355 2175 2423 loqui
2208 2368 2307 2422 par
2331 2352 2459 2420 est),
2504 2372 2521 2401 ι
2566 2351 2661 2405 sed
2689 2366 2795 2405 non
2830 2350 2900 2403 ab
2936 2350 3045 2405 illis
3069 2359 3283 2404 tantum
3308 2359 3616 2418 separatur,

2026 2449 2119 2519 qui
2144 2448 2293 2501 ultro
2324 2462 2381 2501 se
2403 2446 2740 2509 obtulerunt,
2767 2460 2959 2498 verum
2984 2444 3148 2498 etiam
3184 2443 3253 2498 ab
3288 2443 3376 2509 iis,
3414 2442 3507 2511 qui
3536 2443 3621 2496 vel

2026 2542 2098 2596 ob
2130 2551 2336 2594 metum
2366 2553 2563 2608 poenae,
2598 2546 2693 2591 aut
2720 2537 2792 2590 ob
2828 2552 2979 2605 spem
3012 2535 3201 2590 azterni
3226 2536 3428 2604 prazmii
3467 2535 3618 2604 passi

2026 2642 2175 2697 sunt,
2203 2633 2396 2702 quales
2422 2631 2620 2701 opinor
2648 2643 2841 2683 omnes
2871 2627 2939 2681 de
2966 2628 3168 2696 quibus
3196 2628 3429 2698 legimus
3470 2643 3621 2681 mar-

2029 2735 2176 2796 tyres
2211 2723 2395 2787 fuere;
2436 2730 2586 2775 certe
2622 2720 2695 2774 ita
2736 2737 2795 2775 se
2834 2719 2887 2772 in
2919 2718 3133 2787 judicio
3163 2719 3437 2789 explicare
3470 2720 3618 2775 sole-

2027 2819 2179 2872 bant.
2211 2816 2581 2877 Tcrtullianus
2617 2814 2685 2867 ad
2722 2812 3009 2882 Scapulam
3045 2828 3165 2882 cap.
3204 2813 3225 2865 l
3265 2830 3276 2865 :
3318 2811 3469 2875 «Nos
3498 2815 3623 2883 qui-

2025 2913 2147 2967 dem
2182 2927 2282 2965 nec
2320 2908 2738 2979 expavescimus
2784 2922 2884 2961 nec
2916 2906 3358 2975 pertimescimus
3403 2922 3467 2961 ea
3497 2922 3621 2976 quae

2026 3007 2096 3060 ab
2118 3004 2503 3076 ignorantibus
2528 3003 2769 3072 patimur
2800 3019 2813 3055 :
2852 3016 2977 3055 cum
3008 3000 3075 3054 ad
3104 3000 3244 3056 hanc
3272 3009 3483 3055 sectam
3508 3002 3619 3053 uti-

2028 3116 2136 3170 que
2168 3106 2426 3166 suscepta
2455 3095 2771 3150 conditione
2816 3094 2938 3163 ejus
2986 3093 3132 3163 pacti
3180 3094 3512 3158 venerimus,
3559 3103 3620 3149 ut

2028 3195 2193 3249 etiam
2230 3192 2448 3246 animas
2475 3198 2695 3244 nostras
2729 3186 3045 3241 auctoritati
3069 3186 3124 3239 in
3164 3186 3262 3240 has
3289 3201 3500 3256 pugnas
3522 3200 3619 3241 ac-

2026 3287 2310 3349 cedamus,
2338 3300 2404 3339 ea
2438 3298 2560 3354 qua:
2594 3281 2740 3335 Deus
2771 3278 3103 3349 repromittit
3136 3278 3399 3348 consequi
3424 3286 3622 3348 optan-

2028 3389 2129 3444 tes,
2184 3385 2238 3431 ct
2283 3392 2347 3431 ea
2382 3392 2504 3445 qum
2545 3374 2776 3428 diversae
2822 3371 2946 3427 vita:
2986 3369 3360 3425 comminatur
3397 3371 3506 3439 pati
3554 3370 3622 3424 ti-

2027 3479 2260 3526 mentes.
2299 3468 2546 3538 Denique
2588 3481 2716 3520 cum
2744 3464 2896 3519 omni
2934 3461 3144 3516 sazvitia
3177 3469 3357 3515 vestra
3389 3477 3617 3516 concer—

2029 3573 2212 3618 tamus
2268 3561 2431 3616 etiam
2488 3561 2632 3615 ultro
2665 3565 3018 3627 erumpentes
3061 3556 3343 3626 magisque
3376 3555 3620 3610 damnati

2026 3674 2191 3728 quam
2238 3656 2476 3714 absoluti
2518 3656 2844 3725 gaudemus.
2889 3674 2907 3707 ι
2951 3656 3096 3711 Idem
3131 3671 3252 3725 cap.
3278 3654 3359 3707 2:
3405 3672 3422 3704 ι
3462 3651 3622 3705 Absit

2027 3761 2087 3807 ut
2114 3751 2333 3822 indigne
2361 3748 2604 3804 feramus
2630 3764 2691 3803 ea
2728 3764 2829 3803 nos
2860 3749 2970 3818 pati
3006 3765 3128 3818 qum
3171 3747 3455 3817 optamus!
3501 3763 3522 3796 ν
3556 3742 3622 3799 Et

2026 3862 2147 3915 cap.
2176 3845 2209 3898 4
2242 3864 2254 3898 :
2298 3863 2315 3894 ι
2340 3842 2477 3897 Vide
2506 3851 2717 3896 tantum
2757 3858 2823 3896 ne
2857 3843 2961 3897 hoc
2992 3843 3116 3911 ipso
3157 3840 3303 3910 quod
3330 3839 3458 3893 talia
3490 3853 3616 3893 sus—

2029 3939 2288 4001 tinemus,
2316 3938 2383 3991 ad
2410 3936 2513 3991 hoc
2538 3935 2717 3989 solum
2750 3935 3036 3990 videamur
3069 3948 3382 4003 erumpere,
3421 3940 3481 3985 ut
3514 3931 3620 3986 hoc

2026 4032 2205 4101 ipsum
2245 4030 2582 4100 probemus,
2630 4044 2733 4083 nos
2774 4029 2889 4084 11330
2934 4044 3040 4082 non
3079 4028 3290 4085 timere.
3327 4025 3424 4081 sed
3476 4024 3623 4078 ultro

2026 4139 2244 4178 vocare.
2275 4122 2438 4175 Arius
2490 4121 2767 4176 Antonius
2798 4122 2851 4175 in
2878 4121 3011 4176 Asia
3036 4135 3164 4175 cum
3194 4126 3621 4189 persequeretur

2028 4218 2316 4281 instanter,
2348 4232 2541 4271 omnes
2573 4216 2723 4269 illius
2748 4214 2989 4270 civitatis
3025 4214 3325 4269 Christiani
3361 4220 3485 4267 ante
3517 4212 3621 4267 tri—

2026 4309 2246 4363 bunalia
2275 4324 2333 4362 se
2366 4325 2533 4362 manu
2561 4309 2702 4363 facta
2742 4308 3094 4373 obtulerunt;
3122 4322 3247 4361 cum
3288 4305 3621 4375 ille,.paucis

2025 4401 2153 4455 duci
2184 4400 2389 4469 jussis,
2422 4402 2652 4470 reliquis
2702 4401 2778 4455 ait
2820 4416 2833 4451 :
2871 4395 2942 4451 Ὦ
2974 4398 3161 4462 δειλοὶ,
3196 4400 3245 4451 εἰ
3278 4398 3459 4452 θέλετε
3493 4399 3622 4459 ἀπιο-

2027 4492 2301 4563 Ονὴσκειν,
2336 4495 2615 4564 κρημνοὺς
2648 4492 2680 4562 ἢ
2719 4491 2945 4563 βρόχους
2978 4490 3147 4562 ἔχετε.
3189 4489 3300 4545 Hoc
3327 4491 3374 4544 si
3405 4490 3620 4560 placue-

308 4583 528 4637 tlhristi
574 4583 795 4637 nomine
831 4586 1194 4653 appetivisse,
1242 4602 1368 4640 eum
1414 4587 1466 4640 in
1502 4587 1744 4643 hostium
1770 4600 1922 4657 pote-
1954 4577 1999 4631 ο
2028 4587 2100 4639 rit
2129 4585 2306 4639 ct-hic
2343 4585 2482 4649 ﬁeri,
2510 4585 2643 4654 quid
2674 4585 2843 4641 facies
2870 4585 2935 4638 de
2966 4584 3133 4638 tantis
3161 4583 3407 4636 millibus
3436 4582 3618 4636 hami-

312 4683 465 4727 state
500 4690 609 4727 non
636 4686 838 4739 essent,
868 4676 1080 4745 seipsos
1115 4677 1417 4743 indicasse,
1452 4679 1745 4749 hostesque
1776 4680 1924 4750 ipsos

309 4770 388 4821 ad
419 4767 753 4835 supplicium
786 4768 1142 4839 inﬂigendum
1170 4786 1521 4839 provocasse.
1553 4771 1627 4826 De
1654 4772 1925 4829 Christia-

311 4859 408 4913 nis
443 4860 531 4913 sui
571 4860 834 4929 temporis
866 4859 1142 4916 Luciauus
1175 4862 1225 4915 in
1258 4864 1545 4932 Peregrina
1570 4880 1588 4916 :
1620 4865 1922 4920 Πεπεικασι

309 4950 431 5021 γὰρ
473 4950 675 5014 αὐτοὺς
717 4954 767 5004 οἱ
816 4952 1212 5023 κακοδαίμονες
1256 4953 1316 5005 τὸ
1361 4955 1458 5024 μὲν
1500 4956 1620 5008 ὅλον
1664 4956 1923 5011 ἀθάνατοι

312 5044 545 5097 ἔπεσθαι
593 5045 687 5096 καὶ
741 5044 1034 5115 βιώσεσθαι
1078 5046 1171 5099 τὸν
1213 5048 1299 5099 ἀεὶ
1332 5049 1541 5119 χρόνον·
1594 5050 1724 5121 παρ’
1770 5052 1798 5101 ὃ
1832 5052 1925 5103 καὶ

314 5138 731 5209 καταφρονοῦσι
766 5138 859 5190 τοῦ
895 5138 1161 5205 θανάτου,
1198 5142 1293 5194 καὶ
1325 5142 1540 5206 ἑκόντες
1574 5144 1770 5209 αὐτοὺς
1804 5146 1923 5198 ἐπι-

308 5231 561 5285 διδόασιν
595 5233 641 5283 οἱ
677 5230 881 5284 πολλοι.
928 5251 945 5282 ι
985 5231 1172 5286 Miseri
1204 5232 1458 5288 homines
1495 5252 1523 5287 ει
1572 5235 1770 5303 seipsis
1800 5252 1923 5305 per-

312 5325 499 5388 suasi,
531 5324 647 5379 fore
675 5340 734 5379 se
756 5325 969 5395 integre
999 5325 1358 5389 immortales,
1396 5342 1721 5396 semperque
1749 5329 1922 5383 victu-

314 5434 434 5479 rus,
463 5425 697 5470 mortem
724 5423 1106 5478 contemnunt,
1136 5417 1407 5484 multique
1432 5416 1577 5469 ultro
1599 5418 1808 5486 seipsos
1830 5418 1923 5471 de-

312 5513 482 5563 dunt.
523 5528 541 5559 ι
585 5507 917 5563 Tiberianus
966 5507 1273 5562 Palaestinae
1317 5524 1521 5577 praises
1554 5510 1657 5563 sub
1691 5508 1922 5578 imperio

314 5599 551 5666 'l'rajani
580 5598 647 5651 de
671 5597 911 5653 Galilaeis
942 5600 1056 5655 sive
1084 5598 1419 5654 Christianis
1453 5602 1523 5653 ita
1549 5601 1824 5668 loquitur:
1861 5602 1921 5655 οὐ

316 5708 594 5744 παυονται
628 5691 855 5753 ἑαυτοὺς
893 5691 1188 5761 μηνύοντες
1207 5693 1286 5754 εἰς
1301 5691 1362 5743 τὸ
1396 5691 1756 5762 ἀναιρεῖσθαι,
1782 5708 1921 5747 «ιιοη

311 5793 546 5837 αιδειιιιι
582 5784 649 5835 ad
689 5784 893 5837 aedem
947 5799 1068 5838 sese
1112 5783 1470 5853 patefacere»
1523 5784 1646 5840 Haec
1678 5785 1749 5840 de
1780 5788 1922 5857 anti-

310 5876 616 5948 quiSsimis
650 5875 985 5946 martyribus
1013 5877 1243 5946 gentiles
1269 5884 1538 5933 testantur
1575 5894 1584 5930 :
1622 5876 1922 5934 Christiani

2028 4694 2158 4731 num
2195 4687 2272 4731 tot
2304 4678 2437 4733 viris
2466 4686 2521 4732 et
2550 4676 2795 4742 feminis,
2826 4677 3008 4731 omnis
3054 4691 3219 4733 sexus
3245 4716 3259 4740 ,
3310 4674 3617 4744 dignitatis,

2027 4770 2386 4825 (ιαὀιοιιιίιιυε
2428 4786 2488 4826 se
2513 4771 2647 4825 tibi?
2674 4789 2693 4821 ι
2742 4770 2801 4824 S.
2854 4769 3200 4838 Cyprianus,
3240 4782 3367 4821 cum
3410 4774 3617 4836 marty-

2026 4866 2172 4919 rium
2203 4865 2450 4933 impense
2472 4864 2778 4929 laudasset,
2807 4863 2887 4917 sic
2906 4860 3283 4932 praefationem
3308 4859 3610 4913 concludit:

2031 4976 2049 5008 ι
2081 4956 2469 5026 Amplectendo
2517 4972 2606 5011 res
2636 4965 2722 5010 est
2768 4962 2823 5010 et
2854 4955 3114 5025 optanda,
3144 4962 3198 5008 et
3227 4952 3488 5007 omnibus
3517 4968 3617 5020 po-

2027 5048 2389 5103 stulationum
2422 5059 2738 5100 nostrarum
2788 5043 3043 5112 precibus
3072 5039 3373 5109 expetenda
3395 5079 3409 5103 ,
3440 5046 3499 5091 ut
3523 5038 3618 5106 qui
3695 5096 3698 5104 λ

2026 5142 2171 5196 servi
2206 5140 2302 5195 Det
2337 5156 2551 5203 sumus,
2587 5139 2764 5193 simus
2794 5145 2851 5191 et
2870 5136 3054 5191 amici.
3090 5154 3109 5186 ι
3137 5132 3215 5189 Ac
3239 5148 3434 5187 rursus
3459 5131 3526 5186 ad
3551 5132 3619 5185 li‘

2028 5252 2149 5288 nem
2182 5234 2306 5287 libri
2336 5250 2348 5283 2
2383 5252 2401 5282 ε
2440 5230 2575 5297 Quis
2614 5230 2780 5300 igitur
2810 5244 2920 5282 non
2961 5226 3220 5281 omnibus
3257 5224 3469 5277 viribus
3505 5223 3620 5277 cla-

2026 5329 2207 5389 borat,
2238 5325 2304 5379 ad
2350 5334 2561 5378 tantam
2604 5321 2910 5376 claritatem
2956 5317 3243 5388 pervenire
3268 5356 3283 5381 ,
3319 5324 3378 5369 ut
3404 5314 3618 5368 amicus

2027 5416 2121 5471 Dei
2153 5418 2266 5481 fiat,
2308 5426 2367 5469 ut
2402 5430 2526 5466 cum
2559 5412 2781 5467 Christo
2814 5410 2999 5465 statim
3057 5408 3292 5478 gaudeat
3318 5447 3333 5468 ,
3396 5416 3453 5459 ut
3494 5417 3619 5475 post

2025 5517 2302 5563 tormenta
2328 5516 2383 5562 ct
2411 5505 2679 5575 supplicia
2709 5514 2925 5558 terrena
2962 5502 3185 5571 pratinia
3216 5499 3400 5554 divina
3433 5498 3617 5569 perci-

2026 5601 2174 5671 piat?
2205 5620 2222 5651 »
2260 5601 2334 5654 De
2365 5615 2511 5653 nona
2544 5598 2924 5666 persecutione
2949 5595 3225 5665 Sulpicius
3254 5609 3267 5646 :
3308 5613 3326 5645 ι
3351 5592 3617 5649 Certatim

2026 5694 2267 5764 gloriosa
2314 5693 2367 5746 in
2392 5692 2699 5745 certamina
2734 5690 3031 5755 tuebatur;
3076 5688 3360 5756 multoque
3400 5686 3619 5741 avidius

2027 5795 2143 5839 tum
2168 5785 2434 5854 martyria
2454 5782 2709 5853 gloriosus
2737 5782 3007 5836 mortibus
3025 5781 3433 5851 quwrebantur,
3451 5795 3616 5849 quam

2026 5892 2173 5933 nunc
2205 5876 2555 5948 episCOpatus
2587 5875 2779 5945 pronis
2805 5872 3199 5931 ambitionibus
3228 5881 3613 5943 appetuntur.»
