4138 6394
538 375 637 431 ὅτι

1494 377 1553 432 S.
1592 377 1943 435 lGNATIUS.
1990 412 2055 419 ——
2094 379 2628 436 PROLECOMENA.

3702 383 3810 437 572

543 496 687 552 idem
715 499 879 568 epist.
920 500 977 570 ll
1030 498 1097 555 de
1128 499 1188 555 Β.
1222 500 1457 557 Martino
1490 519 1502 553 :
1550 522 1567 553 ι
1597 502 1751 568 Quod
1792 503 1838 556 si
1874 503 1924 556 ci
1950 501 2120 557 Nero-
2152 512 2195 564 Λ
2226 512 2341 557 ιυιιι
2379 505 2431 557 in
2478 504 2801 573 sanguinem
2850 504 3064 573 piorum
3109 503 3428 567 deszeviret,
3465 502 3761 571 objurgant
3792 516 3804 551 :

541 590 724 644 nianis
751 589 1115 661 Decianisque
1138 593 1479 662 temporibus
1510 594 1564 647 iu
1596 594 1687 647 illa
1720 608 1842 663 qua:
1874 601 2005 648 tunc
2026 608 2122 647 ex-

542 679 685 735 stitit
715 680 980 737 dimicare
1010 684 1404 753 congressione
1443 685 1711 751 licuisset,
1749 693 1918 739 testor
1956 684 2124 739 Deum

537 772 664 828 οωιί
698 781 861 841 atque
898 781 1076 839 terrae,
1109 785 1303 845 sponte
1329 777 1623 846 equuleum
1650 778 2008 843 ascendisset,
2043 778 2125 831 ul-

539 870 628 916 tro
667 878 725 918 se
760 864 977 934 ignibus
1010 866 1353 923 intulisset...
1392 867 1449 922 Si
1482 884 1613 924 vero
1648 869 1889 937 gentium
1924 868 2124 923 Docto-

539 956 618 1012 ris
653 958 904 1027 exemplo
931 960 1112 1030 gladio
1159 962 1476 1031 deputatus,
1508 963 1649 1017 inter
1678 962 1845 1026 alias,
1888 970 1945 1017 ut
1983 978 2125 1032 saepe

537 1050 811 1117 provenit,
836 1051 1089 1108 victimas
1118 1053 1433 1119 duceretur,
1463 1055 1676 1125 primus
1705 1053 1974 1119 omnium,
1999 1040 2123 1109 car-

539 1142 703 1196 nilice
746 1145 1030 1213 compulso
1057 1186 1072 1210 ,
1116 1146 1354 1215 palmam
1399 1148 1685 1219 sanguinis
1722 1157 2063 1216 occupasset.
2100 1166 2117 1197 ι

540 1231 873 1291 Valerianus
904 1235 1264 1293 Cemeliensis
1286 1238 1600 1308 episcopus,
1629 1239 1855 1294 homilia
1885 1238 1962 1293 De
1992 1239 2123 1292 bono

537 1328 789 1396 martyrii
845 1346 864 1383 :
913 1347 931 1380 ι
990 1329 1127 1395 Quis
1169 1346 1279 1385 non
1321 1331 1542 1401 sapiens
1590 1340 1901 1403 contempta
1960 1333 2124 1402 hujus

537 1420 675 1475 lucis
736 1438 941 1490 usura,
1000 1424 1047 1479 si
1096 1425 1169 1480 ita
1212 1442 1349 1481 usus
1404 1428 1634 1495 venerit,
1685 1429 1753 1483 ad
1802 1428 2123 1499 martyrium

536 1512 829 1567 ambitiose
854 1513 1096 1579 festinet,
1131 1531 1255 1571 cum
1288 1517 1470 1572 videat
1496 1519 1563 1572 ad
1592 1519 1808 1573 lucrum
1847 1519 1971 1573 vitae
2000 1532 2123 1587 per-

534 1603 708 1657 tinere
730 1604 927 1660 anima:
957 1617 1185 1661 mortem
1213 1609 1545 1678 deputasse?
1579 1609 1762 1677 Quare
1790 1620 1973 1666 autem
2012 1627 2123 1666 non

536 1694 701 1750 homo
730 1697 793 1751 ad
828 1707 937 1751 tam
966 1700 1270 1768 pretiosum
1301 1718 1441 1771 opus
1470 1703 1703 1758 devotus
1747 1713 2025 1772 occurrat,
2058 1721 2125 1761 ac

535 1802 595 1841 se
628 1788 681 1841 in
708 1788 1004 1857 impiorum
1033 1806 1230 1847 manus
1261 1794 1523 1851 audacter
1544 1796 1791 1866 objiciat,
1820 1811 1982 1866 quem
2020 1813 2125 1853 caa-

2228 612 2367 665 quos
2393 597 2482 650 ille
2510 596 2772 650 continuo
2797 611 2895 665 pro
2933 594 3137 651 Christi
3170 595 3392 649 nomine
3419 593 3611 648 bestiis
3641 593 3810 645 tradi-

2228 686 2308 739 dit
2337 687 2698 741 devorandos.
2730 704 2748 736 ι
2786 685 3067 740 Romanus
3111 683 3479 739 Caesareensis
3518 682 3806 742 diaconus,

2231 780 2423 835 videns
2460 782 2664 837 multos
2695 779 3089 841 sacrificantes,
3119 778 3264 849 ζήλῳ
3298 778 3608 840 θεοσεϐείας
3640 775 3810 848 πρόσ-

2227 890 2369 935 εισι,
2412 874 2569 928 «zelo
2614 873 2785 927 divini
2827 872 3009 927 cultus
3055 873 3233 941 ipsum
3277 872 3542 927 incitante
3584 870 3810 941 propius

2230 964 2459 1030 accedit,
2481 985 2499 1016 ›
2545 974 2598 1019 et
2641 973 2900 1019 contenta
2924 979 3056 1019 voce
3087 964 3393 1019 inclamans
3422 978 3518 1020 eos
3550 964 3812 1034 objurga-

2227 1057 2323 1124 vit,
2345 1056 2537 1125 iudici,
2567 1066 2627 1111 ut
2655 1066 2780 1111 ante
2815 1057 3091 1121 diximus,
3120 1057 3230 1111 vim
3275 1056 3423 1119 fecit,
3460 1066 3512 1110 et
3542 1055 3613 1109 ob
3639 1055 3811 1109 auda~

2227 1148 2367 1203 ciam
2400 1150 2852 1219 comprehensus,
2886 1149 3260 1217 γενναιότατος
3302 1152 3350 1203 εί
3390 1147 3485 1203 καί
3523 1165 3609 1211 τις
3652 1146 3812 1209 ἄλλος

2225 1241 2599 1295 ἀποδέδεικται
2656 1244 2864 1314 μάρτυς
2916 1244 3017 1313 τῆς
3062 1242 3350 1314 ἀληθείας,
3392 1261 3410 1292 ‹
3458 1254 3724 1312 generoso
3762 1240 3809 1301 Β]

2225 1337 2351 1405 quis
2390 1337 2531 1390 alius
2566 1336 2829 1406 martyrio
2870 1355 2888 1387 ι
2940 1346 3241 1391 coronatus
3284 1343 3389 1389 est.
3425 1333 3625 1389 Euseb.
3660 1334 3697 1387 l.
3731 1349 3809 1395 tx,

2225 1443 2276 1482 c.
2317 1428 2372 1483 2.
2418 1426 2727 1493 Quinetiam
2773 1429 3093 1499 Apphianus
3151 1426 3394 1481 fervente
3434 1424 3812 1495 persecutione

2226 1521 2365 1575 clam
2389 1520 2647 1577 omnibus
2670 1521 2723 1575 in
2745 1522 2935 1575 eadem
2962 1519 3130 1574 domo
3152 1517 3477 1589 degentibus
3498 1525 3553 1572 et
3574 1516 3810 1571 militum

2225 1613 2389 1668 etiam
2424 1612 2672 1678 cohorte,
2708 1611 2916 1667 Urbani
2943 1611 3193 1682 praesidis
3244 1611 3433 1665 dextra
3468 1609 3812 1681 apprehensa

2227 1704 2559 1761 sacrificium
2590 1706 2845 1760 omittere
2875 1704 3074 1774 coegit,
3111 1712 3166 1759 et
3190 1702 3534 1773 gravissimis
3566 1710 3813 1756 tormen-

2227 1798 2296 1853 tis
2324 1812 2444 1853 sese
2471 1798 2676 1853 dedens
2702 1813 2901 1868 passus
2934 1806 3041 1851 est.
3079 1796 3135 1850 ld
3176 1804 3359 1849 autem
3398 1794 3701 1856 Eusebius,
3733 1794 3811 1847 illi

535 1880 690 1935 lestis
731 1884 903 1951 gratia
940 1886 1401 1941 remunerationis
1448 1890 1763 1958 exspectat?
1794 1909 1811 1940 ι
1859 1888 1915 1942 S.
1953 1889 2127 1961 Chry-
2159 1880 2200 1934 Β
2231 1890 2538 1957 familiaris,
2562 1906 2688 1946 eum
2721 1891 2916 1946 fecisse
2945 1889 3243 1960 judicavit,
3277 1889 3377 1959 τῆς
3410 1888 3502 1940 ἐπὶ
3533 1887 3679 1940 τοῦτ’
3714 1888 3814 1940 αὐ-

535 1983 818 2030 sostomus
846 1977 1172 2031 observabat
1197 1979 1299 2033 sub
1330 1979 1560 2049 imperio
1580 1980 1782 2035 Juliani
1805 1984 1986 2036 πᾶσαν
2013 1983 2121 2053 ἡλι-

531 2067 658 2120 κίαν
692 2068 880 2133 ἁπλῶς
930 2071 1023 2123 καὶ
1074 2070 1235 2139 φύσιν
1269 2073 1569 2144 ἑκατέραν,
1605 2074 1865 2145 πηδῶσαν
1898 2077 1991 2129 ἐπὶ
2022 2076 2121 2141 τὰς

531 2159 671 2229 ὑπὲρ
724 2160 823 2230 τῆς
871 2162 1157 2227 εὐσεϐείας
1203 2166 1454 2234 σφαγάς,
1497 2180 1757 2221 «omnem
1806 2176 2018 2222 aetatem
2070 2178 2123 2223 et

528 2261 825 2325 utrumque
850 2272 1039 2311 sexum
1071 2258 1137 2311 ad
1165 2271 1395 2312 mortem
1424 2275 1525 2329 pro
1552 2276 1678 2315 vera
1704 2261 1967 2331 religione
1994 2264 2123 2318 sub-

527 2347 764 2400 eundam
811 2350 1175 2403 exsilientem.
1208 2370 1227 2401 ι
1270 2349 1422 2406 Hanc
1466 2355 1733 2408 rationem
1780 2353 1990 2420 reddit,
2022 2370 2123 2409 cur

526 2438 779 2513 Julianus
810 2441 1069 2511 Apostata
1102 2453 1347 2513 apertam
1395 2454 1588 2499 contra
1616 2444 1964 2501 Christianos
2001 2462 2122 2517 per-

529 2532 868 2586 secutioncm
910 2534 1091 2587 moliri
1136 2536 1405 2611 noluerit,
1452 2536 1571 2606 ᾔδει
1605 2536 1745 2607 γὰρ,
1784 2537 1899 2607 ᾔδει
1936 2537 2122 2606 σαφῶς

526 2622 610 2675 ὅτι
642 2624 802 2678 τοῦτο
832 2626 1207 2698 τολμήσαντος
1242 2628 1407 2682 αὐτοῦ
1434 2672 1447 2694 ,
1496 2631 1697 2694 πάντες
1746 2632 1811 2685 ἂν
1854 2632 1995 2703 ὑπὲρ
2026 2630 2121 2684 τοῦ

528 2712 768 2784 Χριστοῦ
797 2715 897 2780 τὰς
930 2718 1140 2771 ἑαυτῶν
1160 2718 1480 2791 προῦδωκαν
1499 2721 1695 2792 ψυχάς.
1729 2741 1745 2772 ι
1768 2721 1930 2776 Novit
1948 2722 2118 2785 enim,

526 2816 715 2873 aperte
750 2809 921 2874 novit,
959 2811 1129 2879 quod,
1159 2811 1203 2865 si
1238 2811 1342 2866 hoc
1378 2794 1611 2868 auderet
1655 2814 1771 2875 ille,
1803 2830 1996 2868 omnes
2023 2828 2122 2882 pro

526 2896 749 2952 Christo
785 2900 998 2955 animas
1038 2917 1169 2956 suas
1218 2902 1603 2973 prodidissent.
1651 2925 1669 2955 ›
1732 2906 1940 2969 Πάντες
1973 2905 2119 2977 γὰρ,

529 2992 717 3063 φησὶν,
751 2992 828 3057 ὡς
859 2996 951 3047 ἐπὶ
986 2996 1175 3067 κηρίον
1213 2996 1458 3067 μέλιτται
1490 2997 1707 3068 ἥξουσιν
1740 3000 1816 3063 ὼς
1849 3000 1940 3052 ἐπὶ

524 3083 713 3155 τύριον
747 3087 1055 3157 πετόμενοι,
1098 3108 1117 3139 t
1151 3078 1359 3145 Omnes
1403 3091 1571 3157 enim,
1610 3091 1809 3161 inquit,
1841 3100 1899 3145 ut
1941 3091 2009 3146 ad
2037 3091 2118 3147 fa-

520 3190 655 3231 vum
689 3194 839 3248 apes,
874 3181 940 3235 ad
970 3183 1297 3254 martyrium
1333 3184 1723 3238 convolabunt.
1758 3204 1776 3236 ι

597 3265 785 3338 Neque
807 3286 939 3325 vero
969 3280 1181 3327 tantum
1208 3272 1372 3328 fortia
1395 3274 1563 3330 locuti
1596 3286 1725 3331 sunt
1747 3258 1987 3349 antiqua:
2009 3277 2109 3334 Ec-

527 3360 709 3421 t‘lesiaa
731 3364 1057 3429 Christiani,
1092 3365 1187 3422 sed
1219 3377 1274 3421 et
1307 3367 1486 3423 fecere
1516 3378 1569 3423 et
1595 3370 1741 3438 passi
1778 3354 2111 3428 sunt.iCele-

526 3456 623 3510 hre
663 3456 917 3526 inprimis
950 3456 1054 3512 fuit
1088 3474 1289 3515 nomen
1320 3460 1518 3517 Phocaa
1542 3464 1822 3534 martyris,
1860 3466 1954 3534 qui
1982 3481 2106 3520 cum

524 3548 747 3604 lictores
800 3549 942 3605 forte
996 3552 1231 3622 hospitio
1284 3544 1623 3625 accepisset,
1674 3557 1767 3626 qui
1814 3558 2111 3613 narrabant

526 3644 728 3699 missos
757 3660 814 3699 se
842 3645 909 3698 ad
956 3646 1395 3702 interficiendum
1431 3648 1704 3715 Phocam,
1741 3652 1993 3720 promisit
2020 3651 2110 3708 die

525 3736 766 3789 crastino
794 3751 853 3791 se
876 3735 1116 3792 Phocam
1144 3738 1251 3794 illis
1279 3747 1652 3807 ostensurum,
1683 3751 1735 3797 et
1773 3743 1892 3797 loco
1917 3743 1983 3797 ad
2024 3758 2110 3798 se-

520 3827 800 3896 pulturam
852 3829 1005 3898 prius
1046 3840 1352 3901 praeparato
1398 3840 1589 3889 astans
1616 3835 1698 3889 eis
1726 3834 1905 3889 dixit:
1948 3854 1966 3887 ‹
1995 3834 2109 3907 Ego

522 3917 615 3972 ille
640 3916 876 3974 Pbocas.
905 3938 923 3972 ι
956 3921 1035 3975 llli
1071 3938 1197 3977 cum
1227 3923 1341 3992 jam
1375 3924 1694 3981 hasitarent
1718 3966 1731 3990 ,
1777 3927 1995 3981 animos
2028 3928 2109 3983 eis

522 4018 586 4063 ut
616 4010 795 4079 ipsum
825 4011 1194 4067 interficerent
1218 4015 1603 4071 exhortatione
1643 4016 1897 4083 addebat,
1934 4014 2105 4083 εἶπεν,

520 4103 762 4168 ἔπεισεν,
799 4103 1020 4169 ἔπαθεν,
1056 4107 1149 4159 ναὶ
1180 4106 1278 4177 τὴν
1297 4108 1541 4179 κεφαλὴν
1556 4110 1897 4181 ἀποτμηθεὶς
1916 4113 2109 4181 ἱερεῖον

518 4192 601 4264 τῷ
633 4195 753 4265 Θεῷ
785 4197 1183 4267 κεχαρισμένον
1218 4200 1524 4269 προσήχθη,
1567 4220 1585 4251 ι
1614 4201 1775 4265 dixit,
1809 4206 2106 4271 persuasit,

519 4301 720 4356 passus
744 4296 847 4353 est,
873 4303 937 4343 ac
965 4290 1141 4358 capite
1164 4298 1455 4347 truncatus
1481 4302 1635 4363 grata
1661 4292 1773 4347 Deo
1802 4293 1981 4349 hostia
2012 4296 2108 4350 ob-

518 4378 669 4434 latus
713 4387 831 4445 est;
872 4399 890 4430 ι
946 4389 1008 4436 ιιι
1042 4383 1286 4452 loquitur
1331 4383 1582 4439 Asterius
1614 4385 1945 4450 Amasenus,
1982 4388 2108 4456 Epi-

520 4474 729 4544 phanio
757 4473 1123 4545 synchronus.
1143 4474 1259 4531 Sub
1286 4475 1560 4532 Valeriani
1586 4481 1965 4547 persecutione
1986 4480 2107 4535 Pri-

2224 1984 2314 2038 τὸν
2350 1984 2697 2057 προαγούσης
2738 1985 2923 2037 ἐνθέου
2968 1982 3251 2055 δυνάμεως
3286 1983 3567 2055 μονονουχὶ
3603 1982 3815 2055 βοώσης

2223 2076 2310 2130 διὰ
2340 2077 2434 2130 τοῦ
2468 2078 2779 2148 γινομένου,
2823 2097 2839 2129 ι
2894 2078 3079 2132 divina
3127 2078 3331 2131 virtute
3375 2076 3442 2129 ad
3484 2076 3589 2130 hoc
3630 2075 3810 2145 ipsum

2225 2170 2537 2238 impellente
2558 2178 2806 2235 ,tantum
2835 2186 2943 2225 non
2971 2185 3066 2239 per
3096 2169 3200 2223 hoc
3226 2166 3441 2223 facinus
3472 2168 3807 2233 clamantep

2224 2263 2320 2332 qui
2352 2272 2405 2317 et
2429 2261 2738 2328 Edesium,
2768 2264 2911 2317 idem
2942 2262 3090 2333 quod
3121 2278 3150 2317 a
3177 2262 3345 2317 fratre
3376 2261 3581 2316 factum
3607 2260 3815 2327 est,fa-

2225 2371 2347 2411 cere
2372 2365 2651 2423 conatum,
2677 2356 2868 2411 eodem
2894 2356 3057 2410 modo
3080 2370 3303 2425 passum
3332 2363 3535 2408 narrat.
3562 2352 3809 2424 Longum

2224 2456 2370 2503 esset
2398 2463 2589 2503 omnes
2614 2464 2920 2513 recensere,
2950 2464 3088 2519 quos
3118 2447 3390 2503 Eusebius
3420 2448 3621 2517 aliique
3648 2462 3705 2502 se
3726 2446 3811 2501 ul-

2226 2549 2311 2596 tro
2328 2542 2457 2596 etde
2479 2542 2747 2597 industria
2778 2543 3038 2613 martyrio
3059 2541 3326 2597 obtulisse
3350 2552 3805 2596 commemorant.

2298 2632 2402 2688 Sed
2441 2633 2683 2689 «Christi
2724 2644 3011 2706 martyres,
3046 2636 3321 2705 inquiunt,
3356 2643 3589 2689 mortem
3620 2649 3812 2703 exspe-

2225 2734 2393 2792 ctant,
2419 2742 2528 2781 non
2563 2736 2874 2783 accersunt.
2912 2748 2930 2780 ι
2975 2726 3115 2782 Eant
3164 2727 3365 2798 igitur,
3401 2738 3454 2781 et
3491 2742 3682 2782 omnes
3712 2724 3811 2796 qui

2225 2831 2285 2875 se
2307 2817 2659 2886 passionibus
2693 2818 2839 2873 ultro
2870 2818 3218 2884 obtulerunt,
3255 2833 3322 2872 ex
3364 2817 3570 2873 Christi
3602 2826 3811 2887 marty-

2224 2923 2346 2962 rum
2388 2924 2618 2963 numero
2664 2919 3007 2981 expungant,
3065 2919 3120 2965 et
3172 2920 3377 2979 tropaea
3435 2910 3502 2963 de
3552 2909 3809 2979 gentibus

2223 3008 2406 3055 erecta
2433 3001 2675 3068 diruant,
2708 3010 2763 3057 et
2791 3003 2955 3057 unius
2978 3002 3261 3058 modestia:
3298 3009 3581 3071 praetextu,
3613 3016 3810 3055 omnes

2224 3091 2481 3147 heroicas
2509 3093 2743 3148 virtutes
2786 3093 3107 3147 obliterent!
3157 3093 3329 3147 Aliter
3367 3091 3577 3161 antiqui
3615 3088 3808 3145 Patres

2220 3180 2551 3252 loquuntur,
2589 3183 2683 3253 qui
2712 3184 2993 3245 cruciatus
3033 3190 3087 3236 et
3121 3190 3395 3237 tormenta
3434 3182 3519 3235 vel
3548 3181 3651 3251 ipsi
3681 3196 3808 3250 per-

2215 3277 2361 3348 pessi
2384 3288 2531 3343 sunt,
2561 3278 2644 3333 vel
2678 3278 2820 3333 alios
2864 3279 3071 3348 perpeti
3105 3277 3380 3333 viderunt.
3412 3274 3536 3330 Non
3573 3276 3650 3330 illi
3680 3290 3805 3329 mo-

2211 3371 2440 3426 destiam
2465 3380 2768 3442 martyrum
2796 3372 2959 3426 nobis
2998 3372 3237 3425 maxime
3261 3371 3438 3426 solent
3467 3383 3805 3439 proponere,

2214 3462 2307 3519 sed
2341 3461 2565 3533 ἀρετὴν,
2602 3461 2874 3533 ἀνδρείαν,
2902 3461 3276 3532 γενναιότητα,
3295 3458 3456 3530 ζῆλον
3474 3457 3803 3519 θεοσεϐείας,

2212 3552 2600 3623 ἀνδραγαθίαν,
2638 3551 2973 3626 παρρησίαν,
2991 3552 3051 3604 τὸ
3072 3550 3290 3623 θάρσος,
3316 3551 3413 3621 τὴν
3445 3548 3670 3619 τόλμαν,
3706 3547 3805 3616 τὴν

2212 3646 2622 3718 προθυμότητα,
2656 3648 2758 3719 τὴν
2792 3646 3110 3719 προαίρεσιν
3142 3644 3415 3715 γενναίαν,
3450 3643 3519 3696 τὰ
3552 3642 3806 3713 ἐγχειρή-

2216 3758 2383 3812 ματα,
2420 3738 2487 3792 τὰ
2519 3739 3009 3811 ἀνδραγαθήματα,
3047 3738 3113 3793 τὰ
3148 3736 3552 3808 κατορθώματα
3587 3734 3804 3802 aliaque

2211 3832 2527 3904 hujusmodi
2588 3842 2849 3902 tanquam
2892 3831 3195 3886 certissima
3247 3828 3341 3882 τοῦ
3376 3828 3686 3898 πνεύματος
3715 3841 3807 3876 τε-

2212 3927 2426 3997 κμήρια
2457 3924 2763 3987 celebrare,
2805 3923 3011 3993 quibus
3055 3922 3172 3978 hmc
3203 3921 3435 3992 epistola
3469 3918 3671 3974 referta
3694 3926 3801 3972 est.

2212 4013 2340 4071 Haec
2365 4024 2548 4070 autem
2580 4014 2857 4085 praecipue
2896 4014 2949 4067 in
3001 4013 3210 4083 lgnatio
3240 4012 3427 4066 laudat
3462 4010 3801 4081 Chrysosto-

2212 4124 2356 4163 mus.
2419 4107 2528 4161 Τοῦ
2578 4106 2818 4178 Χριστοῦ
2854 4106 3131 4175 λέγοντος,
3167 4106 3250 4159 ὃτι
3296 4104 3349 4156 Ὀ
3384 4102 3609 4173 ποιμὴν
3642 4105 3675 4155 ό
3706 4118 3807 4155 κα-

2210 4201 2321 4267 λὸς
2354 4200 2469 4269 τὴν
2499 4200 2713 4270 ψυχὴν
2745 4199 2933 4253 αὑτοῦ
2976 4200 3217 4265 τίθησιν
3249 4195 3403 4263 ὑπὲρ
3435 4194 3553 4248 τῶν
3584 4192 3804 4261 προϐά-

2211 4311 2357 4356 των,
2408 4293 2548 4364 μετά
2590 4292 2772 4362 πάσης
2822 4290 3073 4362 ἀνδρείας
3119 4288 3286 4360 αὐτὴν
3332 4287 3610 4340 ἀπέδωκεν
3660 4285 3803 4356 ὑπὲρ

2210 4384 2318 4438 τῶν
2353 4383 2660 4455 προϐάτων.
2703 4402 2721 4433 ι
2746 4381 2885 4436 Cum
2919 4381 3174 4436 Christus
3202 4381 3405 4435 diceret
3436 4396 3449 4431 :
3482 4377 3679 4431 Pastor
3705 4377 3802 4429 bo-

2213 4492 2311 4529 nus
2360 4475 2509 4545 ponit
2543 4474 2778 4527 animam
2814 4489 2967 4526 suam
3002 4488 3097 4542 pro
3139 4471 3428 4537 ovibus“,'
3470 4486 3596 4525 cum
3649 4470 3802 4524 omni

521 4582 672 4630 scus,
705 4565 971 4631 Malchus,
998 4577 1053 4622 et
1092 4568 1423 4634 Alexander,
1461 4572 1677 4641 seipsos
1706 4571 1939 4628 invicem
1982 4573 2112 4629 insi—
2145 4585 2187 4639 ι)
2214 4567 2535 4624 fortitudine
2563 4567 2737 4637 ipsam
2763 4580 2863 4637 pro
2902 4566 3098 4621 ovibus
3125 4564 3370 4619 tradidit.
3404 4582 3422 4615 ι
3462 4562 3647 4617 Monet
3671 4563 3802 4631 qui-

520 4658 809 4712 mulabant
835 4650 1101 4728 tanquam
1149 4659 1379 4729 ignavos
1419 4670 1473 4715 et
1502 4661 1741 4730 desides,
1771 4665 1918 4734 quod
1950 4682 2110 4721 occa-

519 4757 680 4807 sione
718 4752 902 4807 oblata
948 4752 1129 4807 adhuc
1160 4764 1505 4819 cessassent,
1552 4756 1627 4828 μὴ
1674 4756 1797 4827 οὐχὶ
1829 4761 2108 4831 προαρπάο

519 4842 704 4908 ζοντες
735 4844 829 4897 τὸν
859 4843 955 4897 τοῦ
992 4845 1294 4916 μαρτυρίου
1330 4846 1621 4915 στέφανον,
1663 4868 1682 4900 ί
1726 4865 1827 4904 nec
1862 4852 2108 4922 martyrii

516 4950 780 4991 coronam
817 4936 1262 5005 praeripuissent;
1302 4957 1322 4990 ι
1349 4954 1519 5008 quare
1545 4940 1784 5010 judicem
1808 4941 2008 5008 adorti,
2036 4944 2104 4999 ad

517 5028 729 5084 bestias
773 5026 1124 5083 condemnati
1163 5029 1292 5101 θείῳ
1346 5034 1839 5106 κατεκοσμήθησαν
1891 5053 2104 5107 μαρτυ-

522 5122 624 5194 ρίῳ
650 5142 669 5172 ‹
690 5121 877 5176 divino
896 5124 1162 5194 martyrio
1184 5124 1431 5179 coronati
1458 5134 1610 5191 sunt,
1639 5145 1657 5178 ι
1695 5135 1755 5181 ιιι
1782 5138 1970 5182 narrat
1992 5128 2102 5183 Eu-

516 5214 705 5269 sebius
741 5214 837 5267 lib.
868 5230 967 5277 vn,
1003 5230 1052 5269 c.
1084 5215 1171 5267 12.
1206 5212 1359 5270 Unde
1405 5215 1853 5289 Martyrologium
1897 5218 2102 5273 Roma-

516 5324 651 5362 num
673 5307 867 5377 quinto
891 5306 1009 5361 Kal.
1030 5308 1263 5377 Aprilis:
1290 5326 1308 5359 ι
1333 5308 1597 5365 Caesareae
1622 5311 1677 5365 in
1693 5309 1985 5367 Palazstina
2004 5328 2103 5366 na-

518 5400 644 5455 talis
674 5399 775 5453 SS.
810 5408 1113 5471 martyrum
1167 5399 1364 5466 Prisci,
1399 5400 1599 5457 Malchi
1627 5442 1641 5468 ,
1678 5414 1731 5459 et
1765 5404 2097 5467 Alexandri,

517 5491 612 5560 qui
645 5490 701 5543 in
732 5490 1111 5560 persecutione
1151 5488 1451 5555 Valeriani,
1504 5507 1629 5546 cum
1677 5493 1732 5546 in
1778 5493 2099 5547 suburbano

513 5580 692 5651 agello
721 5581 1047 5649 supradictae
1075 5581 1228 5636 urbis
1256 5582 1587 5647 habitarent,
1623 5590 1790 5653 atque
1814 5583 1870 5637 in
1895 5598 1958 5637 ea
1987 5597 2098 5637 cu:-

516 5672 679 5727 lestes
712 5673 961 5742 martyrii
998 5681 1437 5741 proponerentur
1465 5688 1710 5739 coronae;
1743 5672 1930 5728 divino
1974 5673 2096 5728 fidei

516 5764 700 5817 calore
726 5763 1014 5827 succensi,
1049 5763 1196 5818 ultro
1234 5764 1472 5833 judicem
1504 5766 1769 5822 adeuntes
1792 5807 1804 5830 ,
1846 5782 1944 5821 cur
1977 5774 2097 5821 tan-

587 5881 633 5921 ³⁸
659 5879 818 5960 Quali.
851 5899 904 5951 ιι,
942 5883 1027 5939 ll.
1088 5884 1151 5959 7"
1186 5882 1319 5951 Luc.
1358 5901 1469 5955 xxv,
1496 5884 1587 5946 243.

2214 4662 2339 4716 dem
2371 4659 2430 4714 S.
2466 4658 2775 4731 Cyprianus
2807 4658 3041 4729 epistola
3068 4656 3122 4723 6,
3156 4655 3507 4712 confessores
3538 4655 3799 4720 humiles,

2211 4754 2593 4819 et'modestos,
2641 4763 2697 4808 et
2734 4754 2949 4823 quietos
2987 4768 3111 4808 esse
3143 4752 3369 4813 debere;
3411 4750 3505 4806 sed
3548 4750 3804 4819 intelligit

2214 4848 2541 4903 modestiam
2580 4863 2709 4909 erga
2737 4847 3050 4916 superiores
3078 4846 3133 4899 in
3168 4844 3412 4901 Ecclesia
3438 4861 3453 4896 :
3491 4844 3546 4898 in
3577 4844 3665 4907 iis,
3691 4843 3801 4899 sci-

2212 4942 2357 5007 licet,
2405 4961 2424 4993 t
2452 4956 2574 5012 qua:
2613 4942 2914 4996 secundum
2958 4939 3369 5009 Scripturardm
3415 4938 3800 5007 magisterium

2210 5033 2582 5089 ecclesiastica
2600 5033 2892 5103 disciplina
2919 5033 3204 5102 deposcat.
3240 5050 3259 5083 ι
3290 5030 3554 5097 Quamvis
3584 5044 3684 5084 nec
3706 5029 3801 5085 hic

2212 5128 2414 5183 desunt
2435 5128 2590 5198 signa
2619 5128 2905 5183 modestiae
2929 5124 3241 5191 manifesta,
3265 5124 3435 5179 utubi
3463 5124 3569 5178 ait:
3596 5142 3615 5175 ι
3639 5122 3801 5181 Nunc

2211 5221 2413 5290 incipio
2442 5220 2747 5291 discipulus
2780 5236 2924 5287 esse,
2950 5239 2968 5271 ι
3008 5219 3155 5289 quod
3185 5233 3475 5289 perperam
3506 5227 3560 5272 et
3585 5218 3799 5271 ineoru-

2210 5313 2371 5367 mode
2406 5313 2613 5366 dictum
2639 5311 3172 5382 pronuntiatcensor
3205 5309 3529 5365 acerrimus.
3561 5309 3643 5362 An
3661 5324 3800 5363 vero

2208 5407 2317 5477 quil
2348 5406 2527 5477 probe
2559 5406 2714 5460 novit
2750 5404 3034 5469 Christum
3080 5403 3258 5471 ipsum
3293 5401 3531 5468 dixisse,
3572 5399 3632 5455 Si
3672 5402 3799 5471 quis

2208 5500 2348 5551 venit
2389 5498 2457 5551 ad
2493 5514 2573 5551 me
2601 5508 2651 5551 et
2682 5513 2786 5550 non
2825 5495 2939 5548 odit
2962 5495 3216 5563 {animum
3247 5509 3433 5560 suam,
3472 5510 3578 5548 non
3616 5505 3793 5562 potest

2206 5606 2352 5643 meus
2384 5608 2494 5644 esse
2531 5588 2825 5658 discipulus
2842 5587 2928 5652 37;
2980 5602 3105 5642 cum
3135 5586 3251 5657 jam
3296 5586 3449 5639 novit
3499 5584 3664 5639 etiam
3704 5599 3797 5638 se-

2206 5684 2388 5752 ipsum
2422 5682 2577 5752 plene
2618 5695 2944 5751 persuasum
2985 5694 3108 5734 esse
3149 5678 3216 5733 ad
3252 5678 3419 5731 vitam
3449 5691 3549 5746 pro
3568 5674 3797 5730 Christo

2206 5770 2585 5843 deponendam
2613 5787 2712 5829 ucc
2743 5771 3047 5831 terroribus
3072 5778 3167 5826 aut
3197 5768 3477 5826 blanditiis
3502 5767 3571 5824 ab
3599 5783 3659 5824 ea
3694 5783 3777 5841 vos
