4138 6458
406 356 524 413 5ῗὸ

1164 367 1217 421 ,1.
1256 358 1624 420 PEARSONII
1664 365 1991 423 VlNDlClA’.
2029 367 2450 424 ΙΟΝΑΤΙΑΝᾸΞ.
2492 403 2559 411 -
2600 370 2778 425 PARS
2805 372 2868 425 ll.

3580 373 3685 427 574

402 479 625 536 luntate
651 482 916 538 dimoveri
935 499 1114 554 posse,
1143 493 1258 539 tum
1283 501 1389 540 non
1416 488 1522 541 nisi
1544 503 1832 559 perperam
1865 489 2001 543 scri-
2031 506 2075 560 Α
2105 499 2158 541 et
2208 498 2360 543 tanto
2404 490 2522 542 viro
2572 490 2791 561 dignam
2841 489 3133 546 rationem.
3195 486 3272 543 Nc
3310 505 3431 545 cum
3487 490 3684 544 obdor-

401 571 544 627 bere
573 576 749 643 potuit
777 595 791 629 :
835 596 853 628 α
876 575 1030 631 Nunc
1062 577 1264 647 incipio
1313 579 1617 649 discipulus
1654 586 1811 638 esse?
1838 603 1856 635 ι
1888 586 2001 638 An-

402 676 526 715 non
560 665 654 733 qui
688 666 790 720 ista
819 666 1024 721 Christi
1052 667 1215 721 verba
1238 669 1441 739 legerat
1467 688 1479 724 :
1510 670 1615 736 Qui
1649 689 1753 726 non
1786 674 1997 743 bajulat

398 770 623 809 crucem
662 775 817 811 suam
868 770 917 814 et
982 761 1121 814 renit
1158 772 1273 829 ροδι
1311 779 1425 829 me,
1478 780 1583 818 ηοη
1630 776 1799 834 ροιεδι
1848 784 1992 822 meus

399 863 523 902 esse
567 850 864 920 discipulus
889 852 967 918 ³⁸,
1019 853 1156 907 satis
1203 856 1494 910 commode
1536 857 1719 913 dicere
1771 862 1994 929 potuit:

406 958 426 989 ι
454 940 619 997 'l‘unc
660 958 757 998 cro
795 944 1102 1015 discipulus
1137 962 1300 1001 verus
1335 945 1465 1002 Jesu
1504 947 1744 1014 Christi,
1778 953 1997 1022 quando

400 1051 588 1106 neque
632 1053 830 1107 corpus
874 1053 1056 1093 meum
1107 1041 1346 1096 mundus
1395 1042 1619 1110 videbit,
1657 1063 1678 1095 ι
1740 1045 1843 1099 hoc
1889 1055 1993 1111 est,

398 1131 633 1196 quando
663 1132 904 1186 maxime
950 1130 1079 1187 Jesu
1124 1134 1345 1190 Christo
1379 1134 1683 1192 conformis
1733 1137 1888 1194 fuero
1941 1151 1996 1195 et

397 1215 621 1285 Agnum
654 1234 872 1288 sequar.
904 1218 1091 1290 Neque
1121 1222 1267 1276 enim
1297 1223 1422 1277 inde
1447 1226 1698 1294 sequitur
1717 1228 1989 1283 neminem

392 1306 609 1362 Christi
632 1311 965 1381 discipulum
991 1329 1132 1379 esse,
1159 1316 1319 1386 cujus
1350 1332 1553 1386 corpus
1576 1334 1686 1373 non
1719 1320 1883 1374 fuerit
1908 1323 1992 1376 vel

392 1402 705 1458 bestiarum
745 1406 829 1459 vel
876 1406 1221 1463 flammarum
1272 1411 1323 1465 vi
1362 1412 1736 1483 absumptum,
1776 1416 1904 1486 quia
1938 1427 1992 1472 et

394 1497 507 1551 hac
591 1498 795 1569 insigni
865 1510 921 1555 et
978 1503 1082 1557 alia
1153 1506 1368 1560 ratione
1440 1508 1548 1563 dici
1620 1509 1746 1578 quis
1814 1520 1992 1580 potest

389 1590 605 1646 Christi
642 1592 966 1662 discipulus.
1033 1594 1105 1650 Ut
1142 1598 1506 1653 vetustissimi
1555 1599 1896 1657 Viennenses
1936 1611 1991 1658 et

389 1679 796 1751 Lugdunenses
834 1682 1168 1753 Christiani,
1215 1687 1282 1741 de
1330 1686 1508 1741 Vettio
1548 1686 1861 1758 Epagatho,
1894 1690 1985 1758 qui

389 1784 662 1843 tanquam
699 1775 996 1831 advocatus
1020 1776 1461 1834 Christianorum
1490 1781 1635 1834 ultro
1660 1796 1859 1850 passus
1877 1790 1983 1843 est,

2103 580 2296 645 miero,
2349 582 2617 637 molestus
2666 582 2922 652 cuiquam
2963 584 3227 637 inveniar.
3266 601 3284 632 ι
3340 580 3491 636 llanc
3538 592 3685 637 certe

2102 688 2319 743 gravem
2345 682 2397 728 et
2427 682 2576 727 tanto
2605 675 2724 728 viro
2751 675 2970 745 dignam
3001 675 3268 728 rationem
3296 675 3560 744 putabant
3584 691 3687 729 an-

2101 764 2399 833 tiquissimi
2430 766 2749 832 Christiani,
2776 766 2867 835 qui
2902 765 3094 836 lgnatii
3129 775 3397 835 tempora,
3422 776 3476 821 ct
3500 766 3681 836 ipsum

2100 856 2263 909 etiam
2295 866 2585 928 martyrem
2605 859 2809 927 optime
2835 859 3051 913 novisse
3063 869 3374 913 censentur.
3392 857 3515 914 llzec
3533 860 3680 913 enim

2098 946 2335 1017 legimus
2368 949 2423 1003 in
2456 948 3175 1018 vetustissimisejusActis:
3200 969 3215 999 ι
3239 948 3679 1004 Sicbestiiscru-

2097 1040 2314 1094 delibus
2346 1041 2416 1094 ab
2446 1042 2630 1111 impiis
2658 1042 3057 1111 opponebatur,
3091 1050 3150 1097 ut
3182 1042 3471 1097 confestim
3502 1043 3675 1097 sancti

2100 1135 2354 1205 martyris
2386 1133 2573 1204 lgnatii
2598 1136 2963 1204 compleretur
2987 1135 3341 1201 desiderium,
3375 1136 3674 1190 secundum

2097 1227 2243 1295 quod
2289 1226 2554 1295 scriptum
2604 1236 2689 1282 est.
2724 1245 2736 1278 :
2778 1224 3112 1280 Desiderium
3144 1225 3282 1294 justi
3318 1227 3676 1296 acceptabile,

2097 1326 2155 1370 ut
2186 1318 2257 1371 sit
2299 1316 2433 1370 nulli
2467 1315 2698 1371 fratrum
2744 1318 2929 1387 gravis
2974 1333 3075 1387 per
3117 1318 3494 1373 coilcetionem
3545 1319 3672 1373 reli-

2093 1409 2372 1477 quiarum,
2409 1408 2714 1463 secundum
2752 1409 2900 1479 quod
2936 1425 3326 1479 prmoceupans
3359 1410 3410 1463 in
3441 1411 3673 1480 epistola

2092 1502 2370 1571 prppriatn
2407 1502 2751 1573 concupiscit
2777 1502 2891 1557 lieri
2923 1503 3262 1557 fruitiouem.
3294 1521 3312 1553 ι

2162 1592 2289 1648 llth
2331 1595 2496 1665 igitur
2531 1596 2716 1649 omnia
2759 1611 2883 1650 cum
2928 1596 3036 1665 pia,
3076 1595 3339 1664 legitima,
3386 1595 3668 1665 pratclara,

2090 1687 2357 1755 martyris.
2388 1686 2741 1757 cogitatione,
2771 1687 3007 1742 consilio
3033 1695 3088 1741 et
3134 1702 3300 1757 opere
3336 1688 3477 1742 satis
3508 1687 3669 1757 digna

2089 1792 2212 1832 esse
2249 1778 2558 1843 videantur,
2612 1794 2806 1833 vereor
2854 1794 2924 1833 ne
2971 1778 3226 1834 odiosum
3283 1780 3356 1834 sit
3401 1795 3668 1846 asserere,

390 1867 697 1934 loquuntur
731 1884 745 1919 :
780 1863 890 1921 Ἦν
924 1869 1034 1940 γὰρ
1068 1870 1159 1922 καὶ
1194 1871 1308 1924 ἔστι
1350 1874 1573 1943 γνήσιος
1616 1874 1853 1945 Χριστοῦ
1890 1893 1984 1946 μα-

2088 1870 2231 1924 hanc
2259 1870 2548 1938 epistolam
2580 1885 2688 1925 non
2714 1871 2822 1924 alia
2850 1871 2917 1925 de
2940 1885 3107 1925 causa
3130 1870 3198 1925 ad
3229 1868 3505 1927 Romanos
3526 1874 3668 1927 scri-

388 1959 564 2032 θητὴς
596 1960 905 2013 ἀκολουθῶν
947 1962 1026 2032 τῷ
1066 1964 1237 2036 ἀρνίῳ
1276 1966 1410 2019 ὅπου
1456 1968 1523 2020 ἂν
1557 1968 1762 2040 ὑπάγῃ.
1806 1988 1823 2021 ‹
1860 1968 1983 2025 Fuit

384 2053 537 2107 enim
584 2061 640 2107 et
677 2059 761 2107 est
792 2069 1089 2124 germanus
1140 2056 1345 2113 Christi
1396 2059 1701 2129 discipulus
1746 2076 1980 2131 sequens

382 2146 607 2215 Agnum
645 2160 977 2216 quocunque
1009 2147 1153 2204 ierit.
1194 2167 1213 2201 ι
1251 2148 1519 2207 Eusebius
1557 2152 1650 2207 lib.
1680 2169 1734 2216 v,
1764 2169 1884 2224 cap.
1925 2155 1975 2208 1.

382 2236 649 2293 Christus
685 2254 781 2293 eos
819 2249 978 2293 vocat
1009 2240 1247 2308 amicos,
1280 2243 1373 2313 qui
1408 2245 1744 2299 voluntatem
1782 2245 1874 2301 Dei
1905 2246 1981 2301 fa-

384 2330 563 2396 ciunt,
591 2329 696 2384 hoc
719 2338 804 2385 est
846 2332 941 2401 qui
971 2334 1113 2387 servi
1143 2334 1263 2404 ejus
1300 2343 1465 2402 sunt;
1495 2345 1549 2391 et
1584 2346 1763 2392 tamen
1798 2337 1979 2411 S.Cy-

382 2421 620 2490 prianus
647 2438 755 2475 non
783 2424 848 2477 ad
877 2425 1197 2496 martyrium
1232 2428 1586 2493 exhortatur,
1614 2439 1673 2485 ut
1699 2431 1792 2501 qui
1835 2432 1976 2487 servi

386 2514 484 2569 Dei
532 2531 759 2581 sumus,
796 2517 971 2573 simus
1018 2528 1073 2573 et
1109 2520 1310 2587 amici,
1350 2530 1404 2576 et
1447 2524 1704 2579 omnibus
1766 2525 1977 2582 viribus

380 2609 787 2664 elaborandum
824 2627 948 2667 esse
980 2613 1175 2676 docet,
1212 2622 1273 2667 ut
1305 2616 1430 2684 quis
1464 2632 1531 2670 eo
1564 2618 1730 2672 modo
1763 2621 1974 2675 amicus

384 2700 480 2755 Dei
520 2705 637 2757 tiat.
681 2702 816 2770 Quis
862 2712 1045 2761 tamen
1096 2708 1222 2763 inde
1266 2710 1485 2781 colligat
1518 2713 1828 2778 neminem,
1866 2715 1972 2769 nisi

379 2805 512 2862 post
556 2804 863 2866 tormenta,
900 2802 1140 2856 amicum
1188 2801 1284 2857 Dei
1328 2819 1451 2858 esse
1496 2807 1706 2874 posse?
1750 2805 1974 2865 Veteres

380 2888 459 2941 illi
502 2890 557 2942 in
604 2889 883 2947 Gallicana
928 2892 1172 2950 Ecclesia
1218 2907 1487 2969 martyres
1529 2900 1738 2955 nobiles
1774 2902 1827 2955 in
1863 2904 1973 2971 pri-

380 2983 657 3045 mis,cum
679 2985 748 3039 ab
782 2986 1042 3042 omnibus
1077 2986 1342 3044 fratribus
1376 2998 1501 3060 post
1519 2993 1688 3047 multa
1725 3004 1971 3049 tormen-

377 3080 433 3127 ta
463 3083 633 3146 atque
661 3079 941 3136 cruciatus
971 3082 1191 3137 nomine
1223 3092 1524 3155 martyrum
1545 3087 1969 3155 appellarentur,

376 3169 520 3224 illud
554 3173 918 3241 recusabant;
956 3174 1066 3230 imo
1100 3177 1323 3246 eos,qui
1344 3177 1427 3232 vel
1454 3194 1710 3234 sermone
1739 3181 1823 3235 vel
1850 3181 1967 3251 epi-
1998 3214 2040 3271 Ο

374 3262 542 3317 stolis
576 3262 724 3332 ipsos
757 3281 824 3320 eo
860 3266 1019 3322 titulo
1049 3268 1416 3337 honorabant,
1453 3271 1819 3343 objurgabant
1847 3291 1969 3345 gra-

372 3355 561 3420 viter;
599 3367 907 3413 asserentes
955 3355 1239 3415 Christum
1288 3355 1466 3418 selum
1502 3380 1624 3419 esse
1649 3376 1966 3437 martyrem,

370 3458 427 3503 et
459 3464 559 3504 eos
593 3451 755 3505 etiam
792 3468 935 3522 quos
962 3454 1051 3507 ille
1084 3454 1342 3525 dignatus
1376 3468 1459 3512 est
1492 3460 1722 3524 assumi,
1754 3469 1808 3514 et
1831 3479 1971 3532 quo-

371 3556 501 3596 rum
538 3543 745 3597 exitum
791 3544 907 3615 ipse
954 3546 1284 3617 obsignavit.
1321 3549 1428 3604 Alii
1478 3559 1659 3606 tamen
1697 3568 1805 3607 non
1843 3554 1969 3609 inde

369 3635 721 3704 colligebant
745 3651 843 3692 eos
878 3638 972 3708 qui
1007 3641 1164 3695 (idem
1184 3641 1552 3697 Christianam
1580 3659 1765 3698 coram
1788 3647 1967 3716 genti-

371 3727 524 3782 libus
557 3745 682 3783 eum
718 3730 842 3785 vita:
875 3732 1197 3788 discrimine
1232 3728 1468 3804 professi
1499 3746 1646 3804 sunt,
1682 3744 1736 3792 et
1769 3754 1966 3807 quam-

368 3822 614 3892 plurima
650 3833 919 3880 tormenta
954 3827 1195 3896 perpessi
1231 3838 1380 3893 sunt,
1410 3830 1623 3885 etiamsi
1646 3833 1699 3885 in
1726 3841 1968 3887 tormen-

368 3917 443 3971 tis
464 3933 577 3971 non
614 3929 980 3983 morerentur,
1007 3931 1280 3992 martyres
1313 3922 1667 3992 appellandos
1686 3940 1791 3978 non
1808 3940 1960 3990 esse;

366 4022 470 4065 aut
505 4012 811 4069 catholicos
855 4014 948 4083 qui
987 4014 1113 4071 illos
1159 4016 1407 4085 epistolis
1453 4026 1549 4071 aut
1593 4032 1849 4073 sermone
1884 4035 1965 4073 sa-

366 4105 650 4173 lutabant,
687 4107 873 4162 minus
905 4108 1125 4178 proprie
1157 4124 1255 4165 eos
1285 4111 1575 4166 salutasse.
1619 4110 1780 4168 Tales
1813 4112 1960 4167 enim

364 4200 524 4253 viros
558 4216 621 4254 ac
657 4208 807 4255 tanta
843 4216 943 4271 pro
977 4201 1200 4257 Christo
1236 4219 1463 4274 passos,
1500 4205 1718 4260 etiamsi
1754 4205 1808 4259 in
1849 4214 1961 4259 tor-

364 4288 574 4344 mentis
610 4308 716 4346 non
754 4292 1211 4359 obdormiverint,
1248 4296 1504 4351 novimus
1539 4312 1756 4367 semper
1790 4297 1857 4351 ab
1872 4314 1961 4352 an-

362 4383 543 4453 tiquis
576 4394 630 4439 et
663 4388 862 4441 merito
896 4398 1168 4461 martyres
1201 4391 1501 4460 appellatos
1537 4390 1728 4446 fuisse.

434 4474 561 4530 Jam
595 4493 726 4532 vero
756 4479 916 4535 tertia
943 4482 1192 4552 exceptio
1224 4483 1387 4553 plane
1426 4483 1585 4537 nihili
1621 4493 1703 4539 est
1736 4503 1749 4538 :
1783 4500 1959 4554 neque

2084 1972 2230 2031 ptam
2261 1978 2403 2028 esse,
2428 1979 2592 2032 quam
2620 1973 2680 2018 ut
2706 1964 2806 2019 has
2832 1964 2932 2017 viri
2967 1964 3171 2035 glorias
3194 1964 3444 2019 viderent
3468 1974 3523 2019 et
3552 1975 3672 2020 stu-

2082 2065 2290 2124 perent.
2323 2054 2484 2111 Certe
2523 2057 2569 2112 si
2602 2057 2719 2112 haec
2764 2056 3006 2126 legitima
3039 2066 3094 2113 et
3124 2057 3225 2127 pia.
3248 2057 3379 2123 sint,
3418 2073 3521 2112 nec
3563 2058 3667 2111 im—

2080 2156 2359 2217 postorem
2405 2148 2532 2203 talia
2571 2163 2857 2213 exarasse,
2902 2164 3003 2204 nec
3042 2148 3153 2203 alio
3195 2148 3382 2204 animo
3422 2165 3488 2205 ea
3529 2149 3665 2205 scri-

2080 2242 2258 2312 psisse
2299 2242 2711 2298 sanctissimum
2770 2251 3066 2313 martyrem
3115 2258 3215 2312 par
3261 2252 3348 2298 est
3396 2241 3660 2309 credere,

2079 2348 2246 2402 quam
2280 2343 2341 2388 ut
2369 2334 2558 2388 eadem
2592 2332 2870 2388 Romanos
2900 2333 3103 2403 pietate
3145 2333 3439 2398 imbueret,
3482 2333 3551 2388 ad
3586 2333 3664 2388 si-

2079 2426 2264 2480 milem
2300 2435 2640 2481 terrenarum
2669 2441 2851 2481 rerum
2884 2434 3261 2496 contemptum
3293 2435 3658 2496 permoveret,

2079 2519 2147 2574 ad
2174 2519 2639 2589 exspectationem
2672 2518 2870 2574 futurae
2895 2520 3017 2574 vitat
3044 2520 3297 2590 erigeret,
3329 2520 3395 2574 ad
3428 2529 3657 2575 mortem

2077 2612 2334 2682 denique,
2363 2612 2407 2667 si
2431 2611 2541 2666 Deo
2572 2612 2649 2667 ita
2668 2612 2849 2668 visum
2874 2612 3058 2675 fuerit,
3092 2626 3192 2682 pro
3220 2612 3326 2667 ﬁde
3348 2611 3662 2667 Christiam

2077 2719 2206 2761 cum
2256 2718 2474 2759 summa
2525 2704 2808 2760 alacritate
2858 2704 3221 2773 appetendam
3262 2703 3552 2759 animaret.
3600 2705 3657 2757 ln

2076 2793 2276 2864 quibus
2308 2793 2442 2847 nihil
2477 2794 2752 2863 putidum,
2781 2793 2917 2848 nihil
2946 2794 3199 2849 odiosum
3222 2834 3237 2859 ,
3269 2793 3407 2847 nihil
3437 2792 3655 2855 inscite.

2076 2893 2171 2940 aut
2193 2884 2563 2955 imprudenter
2584 2886 2846 2956 scriptum
2876 2892 2978 2940 est.

2695 2996 2925 3057 CAPUT
2967 2996 3032 3052 Χ.

2087 3090 2361 3145 Veracitas
2387 3090 2445 3146 S.
2484 3089 2686 3162 lgnatii
2711 3090 3034 3162 defenditur.
3072 3088 3223 3162 Quid
3254 3088 3322 3141 sit
3352 3088 3502 3162 niteat
3530 3089 3653 3162 ἐπι-

2144 3163 2305 3233 στολή
2334 3157 2656 3232 explicatur.
2696 3157 2957 3233 Epistula:
2988 3158 3047 3215 S.
3067 3159 3243 3233 _l_’aul_i
3298 3159 3368 3233 ad
3397 3157 3653 3226 Ephesios

2148 3229 2344 3286 natura
2373 3229 2663 3303 singularis
2689 3229 3028 3287 describitur.
3067 3229 3201 3303 Vera
3220 3230 3447 3303 lectioget
3475 3240 3654 3303 aucto-

2146 3305 2243 3369 ris,
2266 3313 2314 3357 et
2345 3300 2741 3373 interpolatoris
2770 3304 3046 3356 asset-itur.
3081 3302 3281 3373 Auctor
3311 3300 3654 3373 qiistolarunt

2145 3390 2247 3428 non
2278 3375 2407 3428 dicit
2434 3370 2492 3428 se
2513 3374 2781 3429 Christum
2809 3374 2865 3427 in
2894 3388 3051 3426 carne
3074 3372 3283 3424 vidisse.
3310 3370 3479 3424 Graeci
3508 3370 3654 3421 codi-

2145 3462 2225 3499 ces
2255 3461 2468 3510 onmes,
2505 3454 2556 3499 et
2594 3454 2821 3498 reti-rum
2864 3451 3108 3511 excerpta
3168 3437 3312 3507 οἶδα,
3364 3456 3468 3492 non
3516 3436 3654 3491 εἶδον

2144 3526 2456 3585 agnoscunt.
2492 3514 2726 3585 lia/ﬁnus
2767 3523 2818 3567 et
2861 3514 3072 3567 librarii
3110 3522 3315 3585 tea‘tuni
3356 3511 3652 3585 corrupisse

2145 3581 2281 3656 inale
2310 3581 2597 3639 dicuntur."
2618 3584 2953 3656 Hieronymi.
2967 3584 3265 3635 auctoritas
3300 3583 3353 3633 in
3372 3581 3649 3656 Δνει-ιεηίζξε

2144 3655 2343 3710 ercis
2380 3665 2530 3709 tanta
2561 3672 2659 3709 non
2686 3665 2785 3717 est,
2816 3650 2873 3707 iit
2912 3651 3216 3707 Gra’corum
3237 3652 3485 3705 omnium
3502 3650 3652 3702 cadi.

2141 3742 2261 3779 cum
2282 3726 2439 3795 ﬁdem
2459 3728 2513 3780 in
2541 3726 2759 3779 dubium
2786 3735 2948 3778 vocet.
2977 3722 3237 3795 Alingonis
3277 3722 3449 3795 Grotii
3480 3720 3651 3795 expli-

2140 3792 2291 3851 catio
2332 3796 2657 3865 defenditur.
2723 3795 2856 3859 Quae
2895 3793 3154 3854 habentur
3200 3794 3253 3845 in
3301 3794 3526 3865 epistola
3558 3792 3650 3865 Vde

2137 3867 2296 3921 stella
2319 3860 2487 3937 uta-gis
2518 3868 2651 3927 risa,
2685 3875 2874 3919 temere
2905 3866 3245 3937 scripta__i_ton
3272 3860 3415 3915 sunt.
3446 3860 3648 3937 Eadem

2136 3937 2353 4006 plurimi
2386 3932 2439 3989 iit
2472 3937 2711 3990 Ecclesia
2741 3938 2905 3989 secuti
2928 3932 3070 3989 sunt.
3095 3934 3367 4006 Christum
3400 3932 3569 4006 edisse
3598 3939 3647 3982 ct

2139 4004 2329 4062 bibisse
2352 4018 2467 4076 post
2494 4009 2924 4062 resurrectionem
2952 4022 3055 4059 non
3085 4004 3231 4058 male.
3255 4004 3533 4059 asseritur.

2135 4100 2323 4170 Capite
2355 4101 2421 4155 l9
2453 4100 2522 4156 ad
2552 4101 2655 4154 alia
2704 4098 2952 4170 procedit
2975 4113 3007 4153 a
3044 4096 3337 4151 veracitate
3379 4104 3434 4151 et
3464 4110 3643 4150 rerum

2064 4193 2373 4247 divinarum
2396 4193 2707 4264 cognitione
2735 4192 2942 4258 aliena;
2977 4206 3099 4261 qua:
3123 4188 3342 4258 quidem
3372 4187 3472 4241 tria
3499 4202 3647 4248 sunt,

2064 4302 2299 4357 quorum
2333 4288 2443 4341 duo
2474 4287 2542 4341 ab
2573 4284 2979 4354 interpolatore,
3026 4298 3195 4336 unum
3232 4297 3263 4335 a
3297 4292 3489 4335 nostro
3522 4295 3649 4348 pru-

2062 4378 2184 4435 fert.
2215 4379 2373 4447 Quod
2402 4395 2433 4434 e
2462 4386 2654 4433 nostro
2683 4376 2840 4432 alIert
2866 4376 3113 4431 hocest:
3139 4372 3493 4443 «Scripsisse
3520 4387 3645 4425 eum

2062 4470 2202 4525 falso
2231 4472 2298 4525 ad
2332 4470 2601 4541 Ephesios
2634 4468 2867 4525 Paulum
2911 4468 3225 4538 apostolum
3267 4467 3321 4525 in
3351 4466 3506 4526 omni
3532 4465 3648 4534 epi-

358 4570 675 4642 quidquam
722 4572 937 4645 ιςηειίο
978 4575 1265 4647 indignum
1306 4577 1573 4632 εοηιίηρι,
1622 4576 1777 4644 Quod
1807 4579 1953 4631 enim
1988 4561 2031 4616 D
2060 4565 2197 4619 stola
2224 4565 2546 4620 memoriam
2578 4579 2769 4621 eorum
2797 4561 2977 4618 facere
3004 4562 3057 4615 in
3081 4560 3212 4617 Iesu
3239 4560 3483 4621 Christo.
3508 4579 3527 4611 ι
3561 4559 3643 4613 Αη

360 4673 543 4733 uptat,
576 4664 652 4718 ita
684 4666 868 4719 vorari
907 4673 1073 4735 atque
1100 4667 1317 4721 absumi
1359 4682 1553 4724 omnes
1588 4669 1674 4723 sui
1706 4667 1957 4738 corporis

359 4753 692 4824 particulas,
727 4763 785 4809 ut
810 4770 1000 4810 earum
1034 4756 1173 4810 nihil
1222 4757 1288 4812 ad
1319 4758 1659 4828 sepulturam
1691 4758 1953 4828 supersit,

359 4847 415 4902 id
454 4863 484 4901 a
519 4846 722 4916 pietate
746 4849 1278 4906 consummatissimi
1318 4852 1607 4922 martyris,
1649 4862 1704 4906 et
1730 4851 1953 4921 quidem

356 4941 541 5010 Ipsius
592 4939 784 5010 lgnatii
833 4943 1062 4998 minime
1102 4944 1381 4999 abhorret.
1428 4945 1744 5000 Asserimus
1773 4945 1951 5015 ipsum

353 5030 636 5100 lgnatium
664 5033 956 5103 scripsisse
991 5050 1004 5086 :
1042 5053 1059 5085 α
1086 5033 1444 5090 Frumentum
1470 5052 1591 5091 sum
1625 5036 1741 5103 Dei,
1783 5047 1836 5091 et
1859 5052 1955 5106 per

355 5124 557 5179 dentes
585 5125 886 5181 bestiarum
931 5129 1130 5193 molor,
1159 5137 1220 5183 ut
1248 5129 1490 5185 mundus
1516 5130 1674 5199 panis
1704 5130 1955 5186 inveniar

354 5215 607 5281 Christi;
652 5237 669 5268 ι
709 5216 912 5273 fatetur
963 5219 1208 5276 Dallzcus
1256 5227 1371 5276 hinc
1402 5220 1670 5292 lgnatium
1702 5224 1949 5291 dixisse;

356 5308 557 5362 laudat
610 5308 850 5366 lrenzeus
893 5320 1156 5383 tanquam
1211 5314 1641 5383 pulcherrimam
1695 5318 1953 5388 martyris

352 5402 730 5470 sententiam;
761 5404 897 5459 nihil
930 5405 1098 5475 igitur
1132 5407 1185 5460 in
1219 5422 1283 5461 ea
1312 5407 1591 5461 sententia
1614 5407 1736 5463 viro
1774 5412 1951 5463 maxi-

354 5509 453 5548 mo
482 5494 767 5566 indignum
813 5499 1028 5553 censeri
1065 5498 1247 5554 debet.
1281 5498 1351 5552 At
1378 5500 1678 5568 quomodo,
1727 5502 1946 5567 amabo,

354 5596 624 5656 tanquam
672 5590 1012 5645 irumentum
1048 5606 1146 5660 per
1168 5590 1358 5647 dentes
1389 5590 1690 5645 bestiarum
1718 5593 1951 5649 molere-

352 5690 447 5732 tur
492 5688 549 5733 ut
576 5681 736 5750 panis
766 5683 941 5747 fieret,
979 5683 1085 5737 nisi
1113 5698 1307 5740 omnes
1334 5686 1582 5756 corporis
1610 5686 1892 5755 particulae
1918 5705 1949 5743 a

351 5772 554 5836 bestiis
588 5772 698 5827 illis
722 5776 1085 5831 vorarentur?
1112 5795 1131 5827 ι
1157 5776 1293 5834 Audi
1323 5792 1473 5845 vero,
1498 5777 1700 5849 inquit,
1726 5794 1960 5851 gravem

505 5885 554 5921 ³⁸
583 5886 851 5953 lbid._27.

2060 4658 2176 4712 luce
2206 4667 2388 4712 autem
2423 4655 2563 4712 falso
2587 4656 2791 4726 scripta
2823 4653 2985 4710 sunt?
3006 4668 3114 4709 non
3138 4652 3302 4707 credo
3329 4669 3343 4705 :
3367 4650 3646 4721 quomodo

2057 4753 2253 4822 probat
2297 4754 2383 4807 vir
2420 4750 2815 4808 doctissimus?
2859 4766 2929 4803 ne
2968 4763 3097 4808 uno.
3128 4748 3349 4816 quidem
3394 4747 3640 4801 verbulo.

2060 4846 2276 4903 Siccine
2297 4847 2452 4902 decet
2479 4846 2878 4912 Christianum,
2906 4842 3165 4898 falsitatis
3194 4840 3641 4911 antiquissimum

2057 4940 2376 5010 scriptorem
2411 4940 2757 5003 insimulare,
2790 4947 2844 4992 et
2873 4935 3248 4992 accusationis
3276 4934 3481 4987 nullam
3522 4948 3645 4986 om-

2056 5034 2189 5088 nino
2225 5033 2492 5087 rationem
2527 5030 2789 5087 reddere?
2830 5028 2983 5083 Fecit
3010 5028 3116 5082 hoc
3156 5036 3284 5080 ante
3314 5041 3440 5079 eum
3478 5024 3643 5079 Blon-

2054 5126 2270 5193 dellus,
2320 5124 2686 5194 obiectionem
2740 5123 2884 5179 nuda
2939 5120 3246 5191 quiestione
3300 5119 3636 5187 preposuit:

2061 5239 2080 5271 ι
2109 5221 2194 5274 Αη
2243 5235 2374 5275 vere
2412 5219 2479 5273 de
2517 5216 2769 5286 Ephesiis
2818 5214 3114 5284 scriptum,
3148 5211 3364 5275 Παῦλος
3396 5212 3456 5264 ἐν
3489 5212 3643 5284 πάσῃ

2054 5313 2313 5385 ἐπιστολῇ
2350 5309 2677 5384 μνημονεύει
2711 5307 2898 5379 suav;
2929 5326 2947 5358 ι
2984 5306 3185 5375 qua-rit
3224 5321 3292 5359 an
3334 5320 3480 5369 vere,
3508 5305 3641 5359 sub-

2054 5409 2260 5468 indicat
2311 5407 2449 5461 falso
2497 5405 2803 5474 scriptum;
2854 5402 2909 5457 in
2950 5415 3063 5470 quo
3114 5399 3328 5455 falsitas
3358 5399 3636 5464 consistit,

2053 5516 2161 5555 non
2220 5498 2480 5555 ostendit.
2531 5496 2862 5552 Mentiunrm
2912 5492 3110 5548 fecisse
3163 5491 3525 5562 Ephesiorum
3575 5491 3633 5546 S.

2051 5594 2283 5649 Paulum
2317 5604 2471 5649 extra
2515 5590 2742 5645 dubium
2784 5596 2888 5650 est,
2919 5586 2973 5641 et
3004 5584 3227 5655 quidem
3275 5584 3329 5637 in
3365 5583 3592 5653 epistula
3620 5603 3633 5638 :

2052 5690 2143 5743 illa
2191 5697 2371 5743 tamen
2407 5685 2686 5755 lgnatiana
2738 5680 2898 5745 falsa,
2930 5690 2989 5734 ut
3034 5680 3251 5750 opinor,
3293 5679 3633 5745 existimant,

2050 5782 2195 5854 quod
2249 5782 2300 5835 itt
2350 5781 2500 5837 omni
2555 5776 2779 5850 epistula
2836 5774 2886 5830 id
2940 5790 3048 5829 non
3098 5773 3319 5839 fecerit;
3374 5775 3657 5847 putabanL
