  <div class='ocr_page' id='page_1' title='image "/cluster/home/n/w/nwhite01/storage/ocr_20150623/5/coo.31924054872845/195.png"; bbox 0 0 4138 6416; ppageno 0'>
   <div class='ocr_carea' id='block_1_1' title="bbox 487 343 592 398">
    <p class='ocr_par' dir='ltr' id='par_1_1' title="bbox 487 343 592 398">
     <span class='ocr_line' id='line_1_1' title="bbox 487 343 592 398; baseline 0 0"><span class='ocrx_word' id='word_1_1' title='bbox 487 343 592 398; x_wconf 78' lang='lat'><strong>575</strong></span> 
     </span>
    </p>
   </div>
   <div class='ocr_carea' id='block_1_2' title="bbox 1445 326 2587 389">
    <p class='ocr_par' dir='ltr' id='par_1_2' title="bbox 1445 326 2587 389">
     <span class='ocr_line' id='line_1_2' title="bbox 1445 326 2587 389; baseline -0.008 -1"><span class='ocrx_word' id='word_1_2' title='bbox 1445 334 1501 388; x_wconf 89' lang='lat' dir='ltr'><strong>S.</strong></span> <span class='ocrx_word' id='word_1_3' title='bbox 1544 331 1894 389; x_wconf 74' lang='lat' dir='ltr'><strong>IGNATIUS.</strong></span> <span class='ocrx_word' id='word_1_4' title='bbox 1935 361 2002 369; x_wconf 91' lang='lat'><strong>——</strong></span> <span class='ocrx_word' id='word_1_5' title='bbox 2054 326 2587 384; x_wconf 77' lang='lat' dir='ltr'><strong>PROLEGOMENA.</strong></span> 
     </span>
    </p>
   </div>
   <div class='ocr_carea' id='block_1_3' title="bbox 3649 327 3754 384">
    <p class='ocr_par' dir='ltr' id='par_1_3' title="bbox 3649 327 3754 384">
     <span class='ocr_line' id='line_1_3' title="bbox 3649 327 3754 384; baseline 0.019 -3"><span class='ocrx_word' id='word_1_6' title='bbox 3649 327 3754 384; x_wconf 79' lang='lat'><strong>5&#39;76.</strong></span> 
     </span>
    </p>
   </div>
   <div class='ocr_carea' id='block_1_4' title="bbox 486 445 3821 526">
    <p class='ocr_par' dir='ltr' id='par_1_4' title="bbox 486 445 3821 526">
     <span class='ocr_line' id='line_1_4' title="bbox 486 445 3821 526; baseline -0.007 -6"><span class='ocrx_word' id='word_1_7' title='bbox 486 465 633 520; x_wconf 90' lang='lat' dir='ltr'><strong>enim</strong></span> <span class='ocrx_word' id='word_1_8' title='bbox 665 483 682 514; x_wconf 79' lang='grc' dir='ltr'><strong>ι</strong></span> <span class='ocrx_word' id='word_1_9' title='bbox 716 464 768 516; x_wconf 91' lang='lat' dir='ltr'><strong>in</strong></span> <span class='ocrx_word' id='word_1_10' title='bbox 800 461 948 516; x_wconf 86' lang='lat' dir='ltr'><strong>omni</strong></span> <span class='ocrx_word' id='word_1_11' title='bbox 981 459 1210 518; x_wconf 82' lang='lat' dir='ltr'><strong>epistola</strong></span> <span class='ocrx_word' id='word_1_12' title='bbox 1245 478 1260 508; x_wconf 72' lang='grc' dir='ltr'><strong>ι</strong></span> <span class='ocrx_word' id='word_1_13' title='bbox 1301 457 1442 511; x_wconf 88' lang='lat' dir='ltr'><strong>idem</strong></span> <span class='ocrx_word' id='word_1_14' title='bbox 1467 472 1591 512; x_wconf 89' lang='lat' dir='ltr'><strong>esse</strong></span> <span class='ocrx_word' id='word_1_15' title='bbox 1624 453 1771 526; x_wconf 87' lang='lat' dir='ltr'><strong>quod</strong></span> <span class='ocrx_word' id='word_1_16' title='bbox 1807 473 1824 505; x_wconf 84' lang='grc'><strong>‹</strong></span> <span class='ocrx_word' id='word_1_17' title='bbox 1857 454 1910 507; x_wconf 92' lang='lat' dir='ltr'><strong>in</strong></span> <span class='ocrx_word' id='word_1_18' title='bbox 1950 470 2070 508; x_wconf 89' lang='lat' dir='ltr'><strong>om-</strong></span> <span class='ocrx_word' id='word_1_19' title='bbox 2101 459 2148 514; x_wconf 82' lang='grc' dir='ltr'><strong>Λ</strong></span> <span class='ocrx_word' id='word_1_20' title='bbox 2177 453 2284 522; x_wconf 90' lang='lat' dir='ltr'><strong>psit</strong></span> <span class='ocrx_word' id='word_1_21' title='bbox 2311 451 2368 505; x_wconf 90' lang='lat' dir='ltr'><strong>S.</strong></span> <span class='ocrx_word' id='word_1_22' title='bbox 2401 450 2664 521; x_wconf 79' lang='lat' dir='ltr'><strong>lgnatius,</strong></span> <span class='ocrx_word' id='word_1_23' title='bbox 2693 449 2750 502; x_wconf 89' lang='lat' dir='ltr'><strong>S.</strong></span> <span class='ocrx_word' id='word_1_24' title='bbox 2778 447 3007 503; x_wconf 89' lang='lat' dir='ltr'><strong>Paulum</strong></span> <span class='ocrx_word' id='word_1_25' title='bbox 3048 447 3102 500; x_wconf 91' lang='lat' dir='ltr'><strong>in</strong></span> <span class='ocrx_word' id='word_1_26' title='bbox 3137 455 3246 501; x_wconf 88' lang='lat' dir='ltr'><strong>tota</strong></span> <span class='ocrx_word' id='word_1_27' title='bbox 3279 445 3510 514; x_wconf 81' lang='lat' dir='ltr'><strong>epistola</strong></span> <span class='ocrx_word' id='word_1_28' title='bbox 3544 459 3757 504; x_wconf 80' lang='lat' dir='ltr'><strong>memo-</strong></span> <span class='ocrx_word' id='word_1_29' title='bbox 3817 505 3821 509; x_wconf 44' lang='grc'><strong>,</strong></span> 
     </span>
    </p>
   </div>
   <div class='ocr_carea' id='block_1_5' title="bbox 487 550 2069 626">
    <p class='ocr_par' dir='ltr' id='par_1_5' title="bbox 487 550 2069 626">
     <span class='ocr_line' id='line_1_5' title="bbox 487 550 2069 626; baseline -0.006 -14"><span class='ocrx_word' id='word_1_30' title='bbox 487 558 651 612; x_wconf 90' lang='lat' dir='ltr'><strong>nibus</strong></span> <span class='ocrx_word' id='word_1_31' title='bbox 681 555 947 626; x_wconf 76' lang='lat' dir='ltr'><strong>epistolis.</strong></span> <span class='ocrx_word' id='word_1_32' title='bbox 973 573 990 604; x_wconf 75' lang='grc' dir='ltr'><strong>ι</strong></span> <span class='ocrx_word' id='word_1_33' title='bbox 1032 552 1135 607; x_wconf 98' lang='lat' dir='ltr'><strong>Sed</strong></span> <span class='ocrx_word' id='word_1_34' title='bbox 1173 552 1373 607; x_wconf 86' lang='lat' dir='ltr'><strong>mirum</strong></span> <span class='ocrx_word' id='word_1_35' title='bbox 1423 551 1581 606; x_wconf 88' lang='lat' dir='ltr'><strong>nobis</strong></span> <span class='ocrx_word' id='word_1_36' title='bbox 1627 550 1949 618; x_wconf 84' lang='lat' dir='ltr'><strong>scriptorem</strong></span> <span class='ocrx_word' id='word_1_37' title='bbox 1981 563 2069 602; x_wconf 89' lang='lat' dir='ltr'><strong>re-</strong></span> 
     </span>
    </p>
   </div>
   <div class='ocr_carea' id='block_1_6' title="bbox 487 639 2067 717">
    <p class='ocr_par' dir='ltr' id='par_1_6' title="bbox 487 639 2067 717">
     <span class='ocr_line' id='line_1_6' title="bbox 487 639 2067 717; baseline -0.005 -15"><span class='ocrx_word' id='word_1_38' title='bbox 487 659 855 717; x_wconf 64' lang='lat' dir='ltr'><strong>praesentant;</strong></span> <span class='ocrx_word' id='word_1_39' title='bbox 896 647 1010 701; x_wconf 86' lang='lat' dir='ltr'><strong>sive</strong></span> <span class='ocrx_word' id='word_1_40' title='bbox 1037 647 1083 699; x_wconf 89' lang='lat' dir='ltr'><strong>is</strong></span> <span class='ocrx_word' id='word_1_41' title='bbox 1111 644 1374 715; x_wconf 80' lang='lat' dir='ltr'><strong>lgnatius,</strong></span> <span class='ocrx_word' id='word_1_42' title='bbox 1403 645 1516 698; x_wconf 85' lang='lat' dir='ltr'><strong>sive</strong></span> <span class='ocrx_word' id='word_1_43' title='bbox 1548 643 1673 714; x_wconf 89' lang='lat' dir='ltr'><strong>quis</strong></span> <span class='ocrx_word' id='word_1_44' title='bbox 1709 643 1849 697; x_wconf 88' lang='lat' dir='ltr'><strong>alius</strong></span> <span class='ocrx_word' id='word_1_45' title='bbox 1883 639 2067 695; x_wconf 85' lang='lat' dir='ltr'><strong>fuerit.</strong></span> 
     </span>
    </p>
   </div>
   <div class='ocr_carea' id='block_1_7' title="bbox 487 731 2072 805">
    <p class='ocr_par' dir='ltr' id='par_1_7' title="bbox 487 731 2072 805">
     <span class='ocr_line' id='line_1_7' title="bbox 487 731 2072 805; baseline -0.005 -13"><span class='ocrx_word' id='word_1_46' title='bbox 487 737 624 804; x_wconf 83' lang='lat' dir='ltr'><strong>Quis</strong></span> <span class='ocrx_word' id='word_1_47' title='bbox 670 737 815 790; x_wconf 90' lang='lat' dir='ltr'><strong>enim</strong></span> <span class='ocrx_word' id='word_1_48' title='bbox 869 735 1100 790; x_wconf 89' lang='lat' dir='ltr'><strong>vel.sub</strong></span> <span class='ocrx_word' id='word_1_49' title='bbox 1136 733 1396 805; x_wconf 72' lang='lat' dir='ltr'><strong>Traiano,</strong></span> <span class='ocrx_word' id='word_1_50' title='bbox 1428 734 1512 788; x_wconf 91' lang='lat' dir='ltr'><strong>vel</strong></span> <span class='ocrx_word' id='word_1_51' title='bbox 1560 734 1664 788; x_wconf 90' lang='lat' dir='ltr'><strong>sub</strong></span> <span class='ocrx_word' id='word_1_52' title='bbox 1711 731 2072 787; x_wconf 86' lang='lat' dir='ltr'><strong>Constantino</strong></span> 
     </span>
    </p>
   </div>
   <div class='ocr_carea' id='block_1_8' title="bbox 488 827 2070 886">
    <p class='ocr_par' dir='ltr' id='par_1_8' title="bbox 488 827 2070 886">
     <span class='ocr_line' id='line_1_8' title="bbox 488 827 2070 886; baseline -0.004 -1"><span class='ocrx_word' id='word_1_53' title='bbox 488 832 568 886; x_wconf 92' lang='lat' dir='ltr'><strong>sic</strong></span> <span class='ocrx_word' id='word_1_54' title='bbox 606 830 903 885; x_wconf 88' lang='lat' dir='ltr'><strong>scriberet?</strong></span> <span class='ocrx_word' id='word_1_55' title='bbox 933 829 1013 883; x_wconf 75' lang='lat' dir='ltr'><strong>An</strong></span> <span class='ocrx_word' id='word_1_56' title='bbox 1047 829 1290 883; x_wconf 88' lang='lat' dir='ltr'><strong>ﬁctorem</strong></span> <span class='ocrx_word' id='word_1_57' title='bbox 1341 843 1500 883; x_wconf 89' lang='lat' dir='ltr'><strong>suum</strong></span> <span class='ocrx_word' id='word_1_58' title='bbox 1560 827 1721 882; x_wconf 91' lang='lat' dir='ltr'><strong>talem</strong></span> <span class='ocrx_word' id='word_1_59' title='bbox 1751 827 1931 880; x_wconf 86' lang='lat' dir='ltr'><strong>virum</strong></span> <span class='ocrx_word' id='word_1_60' title='bbox 1966 827 2070 879; x_wconf 87' lang='lat' dir='ltr'><strong>tin-</strong></span> 
     </span>
    </p>
   </div>
   <div class='ocr_carea' id='block_1_9' title="bbox 487 916 2073 989">
    <p class='ocr_par' dir='ltr' id='par_1_9' title="bbox 487 916 2073 989">
     <span class='ocr_line' id='line_1_9' title="bbox 487 916 2073 989; baseline -0.001 -17"><span class='ocrx_word' id='word_1_61' title='bbox 487 934 614 988; x_wconf 81' lang='lat' dir='ltr'><strong>gere</strong></span> <span class='ocrx_word' id='word_1_62' title='bbox 663 927 978 989; x_wconf 90' lang='lat' dir='ltr'><strong>potuerunt,</strong></span> <span class='ocrx_word' id='word_1_63' title='bbox 1017 918 1111 988; x_wconf 90' lang='lat' dir='ltr'><strong>qui</strong></span> <span class='ocrx_word' id='word_1_64' title='bbox 1159 916 1216 972; x_wconf 93' lang='lat' dir='ltr'><strong>S.</strong></span> <span class='ocrx_word' id='word_1_65' title='bbox 1250 916 1479 973; x_wconf 87' lang='lat' dir='ltr'><strong>Paulum</strong></span> <span class='ocrx_word' id='word_1_66' title='bbox 1529 919 1583 972; x_wconf 93' lang='lat' dir='ltr'><strong>in</strong></span> <span class='ocrx_word' id='word_1_67' title='bbox 1632 917 1888 973; x_wconf 88' lang='lat' dir='ltr'><strong>omnibus</strong></span> <span class='ocrx_word' id='word_1_68' title='bbox 1933 932 2073 986; x_wconf 90' lang='lat' dir='ltr'><strong>quas</strong></span> 
     </span>
    </p>
   </div>
   <div class='ocr_carea' id='block_1_10' title="bbox 487 1009 2071 1080">
    <p class='ocr_par' dir='ltr' id='par_1_10' title="bbox 487 1009 2071 1080">
     <span class='ocr_line' id='line_1_10' title="bbox 487 1009 2071 1080; baseline -0.002 -15"><span class='ocrx_word' id='word_1_69' title='bbox 487 1011 708 1079; x_wconf 69' lang='lat' dir='ltr'><strong>scripsit</strong></span> <span class='ocrx_word' id='word_1_70' title='bbox 737 1010 986 1080; x_wconf 78' lang='lat' dir='ltr'><strong>epistolis</strong></span> <span class='ocrx_word' id='word_1_71' title='bbox 1024 1009 1388 1080; x_wconf 73' lang='lat' dir='ltr'><strong>Ephesiorum</strong></span> <span class='ocrx_word' id='word_1_72' title='bbox 1421 1010 1740 1065; x_wconf 87' lang='lat' dir='ltr'><strong>meminisse</strong></span> <span class='ocrx_word' id='word_1_73' title='bbox 1778 1009 2071 1078; x_wconf 80' lang='lat' dir='ltr'><strong>putaverit,</strong></span> 
     </span>
    </p>
   </div>
   <div class='ocr_carea' id='block_1_11' title="bbox 485 1103 2072 1174">
    <p class='ocr_par' dir='ltr' id='par_1_11' title="bbox 485 1103 2072 1174">
     <span class='ocr_line' id='line_1_11' title="bbox 485 1103 2072 1174; baseline 0.001 -17"><span class='ocrx_word' id='word_1_74' title='bbox 485 1112 584 1158; x_wconf 90' lang='lat' dir='ltr'><strong>aut</strong></span> <span class='ocrx_word' id='word_1_75' title='bbox 617 1105 778 1158; x_wconf 86' lang='lat' dir='ltr'><strong>talem</strong></span> <span class='ocrx_word' id='word_1_76' title='bbox 818 1103 1145 1159; x_wconf 87' lang='lat' dir='ltr'><strong>sententiam</strong></span> <span class='ocrx_word' id='word_1_77' title='bbox 1187 1103 1396 1174; x_wconf 83' lang='lat' dir='ltr'><strong>lgnatio</strong></span> <span class='ocrx_word' id='word_1_78' title='bbox 1428 1103 1673 1158; x_wconf 83' lang='lat' dir='ltr'><strong>tribucre</strong></span> <span class='ocrx_word' id='word_1_79' title='bbox 1704 1120 1772 1158; x_wconf 82' lang='lat' dir='ltr'><strong>ex</strong></span> <span class='ocrx_word' id='word_1_80' title='bbox 1801 1104 2072 1158; x_wconf 89' lang='lat' dir='ltr'><strong>industria</strong></span> 
     </span>
    </p>
   </div>
   <div class='ocr_carea' id='block_1_12' title="bbox 485 1194 2068 1265">
    <p class='ocr_par' dir='ltr' id='par_1_12' title="bbox 485 1194 2068 1265">
     <span class='ocr_line' id='line_1_12' title="bbox 485 1194 2068 1265; baseline 0 -19"><span class='ocrx_word' id='word_1_81' title='bbox 485 1195 760 1249; x_wconf 83' lang='lat' dir='ltr'><strong>voluerit?</strong></span> <span class='ocrx_word' id='word_1_82' title='bbox 791 1195 915 1250; x_wconf 88' lang='lat' dir='ltr'><strong>Sive</strong></span> <span class='ocrx_word' id='word_1_83' title='bbox 944 1194 1137 1249; x_wconf 86' lang='lat' dir='ltr'><strong>Latina</strong></span> <span class='ocrx_word' id='word_1_84' title='bbox 1181 1205 1415 1264; x_wconf 88' lang='lat' dir='ltr'><strong>spectes,</strong></span> <span class='ocrx_word' id='word_1_85' title='bbox 1447 1215 1467 1248; x_wconf 70' lang='grc' dir='ltr'><strong>ι</strong></span> <span class='ocrx_word' id='word_1_86' title='bbox 1496 1195 1551 1250; x_wconf 92' lang='lat' dir='ltr'><strong>in</strong></span> <span class='ocrx_word' id='word_1_87' title='bbox 1583 1197 1733 1250; x_wconf 89' lang='lat' dir='ltr'><strong>omni</strong></span> <span class='ocrx_word' id='word_1_88' title='bbox 1765 1195 2018 1265; x_wconf 86' lang='lat' dir='ltr'><strong>epistola,</strong></span> <span class='ocrx_word' id='word_1_89' title='bbox 2049 1215 2068 1246; x_wconf 71' lang='grc' dir='ltr'><strong>ι</strong></span> 
     </span>
    </p>
   </div>
   <div class='ocr_carea' id='block_1_13' title="bbox 485 1287 2076 1361">
    <p class='ocr_par' dir='ltr' id='par_1_13' title="bbox 485 1287 2076 1361">
     <span class='ocr_line' id='line_1_13' title="bbox 485 1287 2076 1361; baseline -0.001 -18"><span class='ocrx_word' id='word_1_90' title='bbox 485 1290 601 1344; x_wconf 82' lang='lat' dir='ltr'><strong>sive</strong></span> <span class='ocrx_word' id='word_1_91' title='bbox 645 1288 830 1344; x_wconf 66' lang='lat' dir='ltr'><strong>Grteca</strong></span> <span class='ocrx_word' id='word_1_92' title='bbox 855 1330 868 1353; x_wconf 92' lang='lat'><strong>,</strong></span> <span class='ocrx_word' id='word_1_93' title='bbox 912 1291 971 1342; x_wconf 84' lang='grc' dir='ltr'><strong>ἐν</strong></span> <span class='ocrx_word' id='word_1_94' title='bbox 1007 1289 1155 1361; x_wconf 79' lang='grc' dir='ltr'>πάσῃ</span> <span class='ocrx_word' id='word_1_95' title='bbox 1190 1287 1479 1359; x_wconf 81' lang='grc' dir='ltr'>ἐπιστολῇ,</span> <span class='ocrx_word' id='word_1_96' title='bbox 1521 1288 1668 1342; x_wconf 81' lang='lat' dir='ltr'><strong>aliud</strong></span> <span class='ocrx_word' id='word_1_97' title='bbox 1706 1289 1936 1342; x_wconf 90' lang='lat' dir='ltr'><strong>omnino</strong></span> <span class='ocrx_word' id='word_1_98' title='bbox 1986 1304 2076 1342; x_wconf 91' lang='lat' dir='ltr'><strong>so-</strong></span> 
     </span>
    </p>
   </div>
   <div class='ocr_carea' id='block_1_14' title="bbox 485 1379 2071 1451">
    <p class='ocr_par' dir='ltr' id='par_1_14' title="bbox 485 1379 2071 1451">
     <span class='ocr_line' id='line_1_14' title="bbox 485 1379 2071 1451; baseline 0.001 -17"><span class='ocrx_word' id='word_1_99' title='bbox 485 1390 640 1447; x_wconf 93' lang='lat' dir='ltr'><strong>nant,</strong></span> <span class='ocrx_word' id='word_1_100' title='bbox 673 1381 811 1435; x_wconf 78' lang='lat' dir='ltr'><strong>idem</strong></span> <span class='ocrx_word' id='word_1_101' title='bbox 847 1397 1040 1451; x_wconf 80' lang='lat' dir='ltr'><strong>nempe</strong></span> <span class='ocrx_word' id='word_1_102' title='bbox 1084 1380 1228 1449; x_wconf 85' lang='lat' dir='ltr'><strong>quod</strong></span> <span class='ocrx_word' id='word_1_103' title='bbox 1271 1380 1326 1433; x_wconf 89' lang='lat' dir='ltr'><strong>in</strong></span> <span class='ocrx_word' id='word_1_104' title='bbox 1383 1389 1495 1435; x_wconf 88' lang='lat' dir='ltr'><strong>tota</strong></span> <span class='ocrx_word' id='word_1_105' title='bbox 1539 1380 1791 1451; x_wconf 87' lang='lat' dir='ltr'><strong>epistola.</strong></span> <span class='ocrx_word' id='word_1_106' title='bbox 1822 1380 1982 1435; x_wconf 84' lang='lat' dir='ltr'><strong>Certe</strong></span> <span class='ocrx_word' id='word_1_107' title='bbox 2013 1379 2071 1435; x_wconf 92' lang='lat' dir='ltr'><strong>S.</strong></span> 
     </span>
    </p>
   </div>
   <div class='ocr_carea' id='block_1_15' title="bbox 484 1471 2076 1544">
    <p class='ocr_par' dir='ltr' id='par_1_15' title="bbox 484 1471 2076 1544">
     <span class='ocr_line' id='line_1_15' title="bbox 484 1471 2076 1544; baseline 0.001 -20"><span class='ocrx_word' id='word_1_108' title='bbox 484 1471 694 1540; x_wconf 79' lang='lat' dir='ltr'><strong>Ignatio</strong></span> <span class='ocrx_word' id='word_1_109' title='bbox 723 1473 873 1524; x_wconf 72' lang='grc' dir='ltr'>πᾶσα</span> <span class='ocrx_word' id='word_1_110' title='bbox 903 1473 1182 1544; x_wconf 77' lang='grc' dir='ltr'>ἐπιστολή,</span> <span class='ocrx_word' id='word_1_111' title='bbox 1213 1483 1293 1528; x_wconf 92' lang='lat' dir='ltr'><strong>est</strong></span> <span class='ocrx_word' id='word_1_112' title='bbox 1323 1491 1341 1525; x_wconf 75' lang='grc' dir='ltr'><strong>ι</strong></span> <span class='ocrx_word' id='word_1_113' title='bbox 1373 1481 1485 1527; x_wconf 87' lang='lat' dir='ltr'><strong>tota</strong></span> <span class='ocrx_word' id='word_1_114' title='bbox 1516 1473 1767 1542; x_wconf 89' lang='lat' dir='ltr'><strong>epistola,</strong></span> <span class='ocrx_word' id='word_1_115' title='bbox 1795 1491 1813 1523; x_wconf 75' lang='grc' dir='ltr'><strong>ι</strong></span> <span class='ocrx_word' id='word_1_116' title='bbox 1843 1481 1902 1526; x_wconf 86' lang='grc' dir='ltr'><strong>ιιι</strong></span> <span class='ocrx_word' id='word_1_117' title='bbox 1928 1474 2076 1526; x_wconf 78' lang='grc' dir='ltr'>πᾶσα</span> 
     </span>
    </p>
   </div>
   <div class='ocr_carea' id='block_1_16' title="bbox 484 1564 2078 1635">
    <p class='ocr_par' dir='ltr' id='par_1_16' title="bbox 484 1564 2078 1635">
     <span class='ocr_line' id='line_1_16' title="bbox 484 1564 2078 1635; baseline 0.001 -18"><span class='ocrx_word' id='word_1_118' title='bbox 484 1564 806 1634; x_wconf 76' lang='grc' dir='ltr'><strong>Ἐκκλησία,</strong></span> <span class='ocrx_word' id='word_1_119' title='bbox 847 1583 864 1615; x_wconf 77' lang='grc' dir='ltr'><strong>ι</strong></span> <span class='ocrx_word' id='word_1_120' title='bbox 898 1573 1008 1619; x_wconf 88' lang='lat' dir='ltr'><strong>tota</strong></span> <span class='ocrx_word' id='word_1_121' title='bbox 1039 1565 1303 1621; x_wconf 82' lang='lat' dir='ltr'><strong>Ecclesia.</strong></span> <span class='ocrx_word' id='word_1_122' title='bbox 1329 1586 1346 1618; x_wconf 71' lang='grc' dir='ltr'><strong>ι</strong></span> <span class='ocrx_word' id='word_1_123' title='bbox 1386 1566 1460 1620; x_wconf 88' lang='lat' dir='ltr'><strong>lta</strong></span> <span class='ocrx_word' id='word_1_124' title='bbox 1489 1567 1634 1621; x_wconf 88' lang='lat' dir='ltr'><strong>enim</strong></span> <span class='ocrx_word' id='word_1_125' title='bbox 1664 1564 1932 1635; x_wconf 79' lang='lat' dir='ltr'><strong>Ephesios</strong></span> <span class='ocrx_word' id='word_1_126' title='bbox 1961 1565 2078 1635; x_wconf 91' lang='lat' dir='ltr'><strong>ipse</strong></span> 
     </span>
    </p>
   </div>
   <div class='ocr_carea' id='block_1_17' title="bbox 485 1655 2075 1732">
    <p class='ocr_par' dir='ltr' id='par_1_17' title="bbox 485 1655 2075 1732">
     <span class='ocr_line' id='line_1_17' title="bbox 485 1655 2075 1732; baseline 0.001 -22"><span class='ocrx_word' id='word_1_127' title='bbox 485 1655 788 1724; x_wconf 72' lang='lat' dir='ltr'><strong>alloquitur</strong></span> <span class='ocrx_word' id='word_1_128' title='bbox 833 1676 846 1710; x_wconf 89' lang='lat'><strong>:</strong></span> <span class='ocrx_word' id='word_1_129' title='bbox 890 1659 953 1710; x_wconf 83' lang='lat' dir='ltr'><strong>Ei</strong></span> <span class='ocrx_word' id='word_1_130' title='bbox 1005 1657 1115 1730; x_wconf 67' lang='grc' dir='ltr'>γὲιρ</span> <span class='ocrx_word' id='word_1_131' title='bbox 1167 1659 1285 1723; x_wconf 79' lang='grc' dir='ltr'>ἑνὸς</span> <span class='ocrx_word' id='word_1_132' title='bbox 1347 1660 1439 1713; x_wconf 82' lang='grc' dir='ltr'>καὶ</span> <span class='ocrx_word' id='word_1_133' title='bbox 1488 1659 1744 1730; x_wconf 76' lang='grc' dir='ltr'><strong>δευτέρου</strong></span> <span class='ocrx_word' id='word_1_134' title='bbox 1797 1659 2075 1732; x_wconf 80' lang='grc' dir='ltr'>προσευχὴ</span> 
     </span>
    </p>
   </div>
   <div class='ocr_carea' id='block_1_18' title="bbox 481 1749 2077 1825">
    <p class='ocr_par' dir='ltr' id='par_1_18' title="bbox 481 1749 2077 1825">
     <span class='ocr_line' id='line_1_18' title="bbox 481 1749 2077 1825; baseline 0.003 -23"><span class='ocrx_word' id='word_1_135' title='bbox 481 1750 753 1821; x_wconf 75' lang='grc' dir='ltr'><strong>τοσαύτην</strong></span> <span class='ocrx_word' id='word_1_136' title='bbox 789 1749 941 1822; x_wconf 75' lang='grc' dir='ltr'>ἰσχὺν</span> <span class='ocrx_word' id='word_1_137' title='bbox 973 1751 1106 1823; x_wconf 82' lang='grc' dir='ltr'>ἔχει,</span> <span class='ocrx_word' id='word_1_138' title='bbox 1147 1754 1298 1825; x_wconf 83' lang='grc' dir='ltr'><strong>πόσῳ</strong></span> <span class='ocrx_word' id='word_1_139' title='bbox 1336 1754 1534 1825; x_wconf 79' lang='grc' dir='ltr'>μᾶλλον</span> <span class='ocrx_word' id='word_1_140' title='bbox 1577 1754 1697 1824; x_wconf 80' lang='grc' dir='ltr'><strong>ἥτε</strong></span> <span class='ocrx_word' id='word_1_141' title='bbox 1717 1753 1813 1806; x_wconf 75' lang='grc' dir='ltr'><strong>τοῦ</strong></span> <span class='ocrx_word' id='word_1_142' title='bbox 1858 1755 2077 1806; x_wconf 78' lang='grc' dir='ltr'>ἐπισκό-</span> 
     </span>
    </p>
   </div>
   <div class='ocr_carea' id='block_1_19' title="bbox 484 1822 2151 1915">
    <p class='ocr_par' dir='ltr' id='par_1_19' title="bbox 484 1822 2151 1915">
     <span class='ocr_line' id='line_1_19' title="bbox 484 1822 2151 1915; baseline 0.002 -20"><span class='ocrx_word' id='word_1_143' title='bbox 484 1859 590 1895; x_wconf 71' lang='grc' dir='ltr'>που</span> <span class='ocrx_word' id='word_1_144' title='bbox 625 1843 718 1896; x_wconf 70' lang='grc' dir='ltr'><strong>καὶ</strong></span> <span class='ocrx_word' id='word_1_145' title='bbox 751 1842 931 1914; x_wconf 80' lang='grc' dir='ltr'><strong>πάσης</strong></span> <span class='ocrx_word' id='word_1_146' title='bbox 963 1822 1311 1915; x_wconf 63' lang='grc' dir='ltr'><strong>Ἐκκλησίαξ.</strong></span> <span class='ocrx_word' id='word_1_147' title='bbox 1337 1822 1367 1896; x_wconf 40' lang='grc' dir='ltr'><strong>ἰ</strong></span> <span class='ocrx_word' id='word_1_148' title='bbox 1394 1844 1453 1898; x_wconf 86' lang='lat' dir='ltr'><strong>Si</strong></span> <span class='ocrx_word' id='word_1_149' title='bbox 1484 1822 1631 1912; x_wconf 87' lang='lat' dir='ltr'><strong>enim</strong></span> <span class='ocrx_word' id='word_1_150' title='bbox 1661 1843 1828 1898; x_wconf 90' lang='lat' dir='ltr'><strong>unius</strong></span> <span class='ocrx_word' id='word_1_151' title='bbox 1867 1852 1918 1898; x_wconf 90' lang='lat' dir='ltr'><strong>et</strong></span> <span class='ocrx_word' id='word_1_152' title='bbox 1946 1843 2077 1898; x_wconf 84' lang='lat' dir='ltr'><strong>alte-</strong></span> <span class='ocrx_word' id='word_1_153' title='bbox 2107 1822 2151 1882; x_wconf 70' lang='grc' dir='ltr'><strong>Β</strong></span> 
     </span>
    </p>
   </div>
   <div class='ocr_carea' id='block_1_20' title="bbox 484 1933 2074 2007">
    <p class='ocr_par' dir='ltr' id='par_1_20' title="bbox 484 1933 2074 2007">
     <span class='ocr_line' id='line_1_20' title="bbox 484 1933 2074 2007; baseline 0.003 -20"><span class='ocrx_word' id='word_1_154' title='bbox 484 1933 604 1987; x_wconf 86' lang='lat' dir='ltr'><strong>rius</strong></span> <span class='ocrx_word' id='word_1_155' title='bbox 652 1935 828 1988; x_wconf 85' lang='lat' dir='ltr'><strong>oratio</strong></span> <span class='ocrx_word' id='word_1_156' title='bbox 870 1943 1074 1989; x_wconf 86' lang='lat' dir='ltr'><strong>tantam</strong></span> <span class='ocrx_word' id='word_1_157' title='bbox 1119 1937 1228 1992; x_wconf 89' lang='lat' dir='ltr'><strong>vim</strong></span> <span class='ocrx_word' id='word_1_158' title='bbox 1273 1937 1469 2005; x_wconf 87' lang='lat' dir='ltr'><strong>habet,</strong></span> <span class='ocrx_word' id='word_1_159' title='bbox 1512 1944 1723 2006; x_wconf 88' lang='lat' dir='ltr'><strong>quanto</strong></span> <span class='ocrx_word' id='word_1_160' title='bbox 1766 1935 1940 2007; x_wconf 79' lang='lat' dir='ltr'><strong>magis</strong></span> <span class='ocrx_word' id='word_1_161' title='bbox 1983 1937 2074 1992; x_wconf 91' lang='lat' dir='ltr'><strong>illa</strong></span> 
     </span>
    </p>
   </div>
   <div class='ocr_carea' id='block_1_21' title="bbox 484 2026 2075 2101">
    <p class='ocr_par' dir='ltr' id='par_1_21' title="bbox 484 2026 2075 2101">
     <span class='ocr_line' id='line_1_21' title="bbox 484 2026 2075 2101; baseline 0.004 -23"><span class='ocrx_word' id='word_1_162' title='bbox 484 2026 728 2096; x_wconf 90' lang='lat' dir='ltr'><strong>episcopi</strong></span> <span class='ocrx_word' id='word_1_163' title='bbox 784 2035 839 2082; x_wconf 90' lang='lat' dir='ltr'><strong>et</strong></span> <span class='ocrx_word' id='word_1_164' title='bbox 883 2030 1064 2085; x_wconf 88' lang='lat' dir='ltr'><strong>omnis</strong></span> <span class='ocrx_word' id='word_1_165' title='bbox 1125 2029 1408 2085; x_wconf 62' lang='lat' dir='ltr'><strong>Ecclesiae!</strong></span> <span class='ocrx_word' id='word_1_166' title='bbox 1436 2049 1454 2083; x_wconf 80' lang='grc' dir='ltr'><strong>ι</strong></span> <span class='ocrx_word' id='word_1_167' title='bbox 1500 2027 1602 2084; x_wconf 88' lang='lat' dir='ltr'><strong>Ubi</strong></span> <span class='ocrx_word' id='word_1_168' title='bbox 1654 2032 1803 2083; x_wconf 79' lang='grc' dir='ltr'>πᾶσα</span> <span class='ocrx_word' id='word_1_169' title='bbox 1847 2030 2075 2101; x_wconf 87' lang='grc' dir='ltr'>Ἐκκλη-</span> 
     </span>
    </p>
   </div>
   <div class='ocr_carea' id='block_1_22' title="bbox 487 2121 2075 2194">
    <p class='ocr_par' dir='ltr' id='par_1_22' title="bbox 487 2121 2075 2194">
     <span class='ocr_line' id='line_1_22' title="bbox 487 2121 2075 2194; baseline 0.003 -21"><span class='ocrx_word' id='word_1_170' title='bbox 487 2121 579 2173; x_wconf 80' lang='grc' dir='ltr'><strong>σία</strong></span> <span class='ocrx_word' id='word_1_171' title='bbox 619 2132 701 2174; x_wconf 80' lang='lat' dir='ltr'><strong>est</strong></span> <span class='ocrx_word' id='word_1_172' title='bbox 735 2139 754 2170; x_wconf 73' lang='grc' dir='ltr'><strong>ι</strong></span> <span class='ocrx_word' id='word_1_173' title='bbox 787 2131 898 2176; x_wconf 78' lang='lat' dir='ltr'><strong>tota</strong></span> <span class='ocrx_word' id='word_1_174' title='bbox 951 2122 1194 2178; x_wconf 84' lang='lat' dir='ltr'><strong>Ecclesia</strong></span> <span class='ocrx_word' id='word_1_175' title='bbox 1222 2142 1240 2174; x_wconf 71' lang='grc' dir='ltr'><strong>ι</strong></span> <span class='ocrx_word' id='word_1_176' title='bbox 1277 2123 1382 2178; x_wconf 89' lang='lat' dir='ltr'><strong>sub</strong></span> <span class='ocrx_word' id='word_1_177' title='bbox 1425 2124 1683 2194; x_wconf 88' lang='lat' dir='ltr'><strong>episcopo</strong></span> <span class='ocrx_word' id='word_1_178' title='bbox 1713 2139 1815 2180; x_wconf 91' lang='lat' dir='ltr'><strong>suo</strong></span> <span class='ocrx_word' id='word_1_179' title='bbox 1844 2139 2075 2194; x_wconf 88' lang='lat' dir='ltr'><strong>congre-</strong></span> 
     </span>
    </p>
   </div>
   <div class='ocr_carea' id='block_1_23' title="bbox 485 2213 2070 2286">
    <p class='ocr_par' dir='ltr' id='par_1_23' title="bbox 485 2213 2070 2286">
     <span class='ocr_line' id='line_1_23' title="bbox 485 2213 2070 2286; baseline 0.003 -20"><span class='ocrx_word' id='word_1_180' title='bbox 485 2224 630 2283; x_wconf 77' lang='lat' dir='ltr'><strong>gata.</strong></span> <span class='ocrx_word' id='word_1_181' title='bbox 667 2213 760 2270; x_wconf 93' lang='lat' dir='ltr'><strong>Sic</strong></span> <span class='ocrx_word' id='word_1_182' title='bbox 799 2215 999 2285; x_wconf 76' lang='lat' dir='ltr'><strong>Latini,</strong></span> <span class='ocrx_word' id='word_1_183' title='bbox 1029 2217 1110 2271; x_wconf 93' lang='lat' dir='ltr'><strong>sic</strong></span> <span class='ocrx_word' id='word_1_184' title='bbox 1152 2215 1327 2271; x_wconf 72' lang='lat' dir='ltr'><strong>Grreci</strong></span> <span class='ocrx_word' id='word_1_185' title='bbox 1366 2217 1689 2286; x_wconf 84' lang='lat' dir='ltr'><strong>loquuntur.</strong></span> <span class='ocrx_word' id='word_1_186' title='bbox 1733 2215 1810 2270; x_wconf 87' lang='lat' dir='ltr'><strong>lta</strong></span> <span class='ocrx_word' id='word_1_187' title='bbox 1845 2216 2070 2271; x_wconf 90' lang='lat' dir='ltr'><strong>Cicero:</strong></span> 
     </span>
    </p>
   </div>
   <div class='ocr_carea' id='block_1_24' title="bbox 493 2307 2071 2384">
    <p class='ocr_par' dir='ltr' id='par_1_24' title="bbox 493 2307 2071 2384">
     <span class='ocr_line' id='line_1_24' title="bbox 493 2307 2071 2384; baseline -0.001 -19"><span class='ocrx_word' id='word_1_188' title='bbox 493 2327 512 2358; x_wconf 79' lang='grc' dir='ltr'><strong>ι</strong></span> <span class='ocrx_word' id='word_1_189' title='bbox 545 2307 780 2380; x_wconf 82' lang='lat' dir='ltr'><strong>Sanguis</strong></span> <span class='ocrx_word' id='word_1_190' title='bbox 812 2325 908 2381; x_wconf 89' lang='lat' dir='ltr'><strong>per</strong></span> <span class='ocrx_word' id='word_1_191' title='bbox 953 2325 1120 2365; x_wconf 90' lang='lat' dir='ltr'><strong>venas</strong></span> <span class='ocrx_word' id='word_1_192' title='bbox 1149 2309 1203 2364; x_wconf 94' lang='lat' dir='ltr'><strong>in</strong></span> <span class='ocrx_word' id='word_1_193' title='bbox 1236 2325 1400 2364; x_wconf 90' lang='lat' dir='ltr'><strong>omne</strong></span> <span class='ocrx_word' id='word_1_194' title='bbox 1431 2326 1631 2382; x_wconf 88' lang='lat' dir='ltr'><strong>corpus</strong></span> <span class='ocrx_word' id='word_1_195' title='bbox 1671 2311 2012 2377; x_wconf 76' lang='lat' dir='ltr'><strong>diﬁunditur,</strong></span> <span class='ocrx_word' id='word_1_196' title='bbox 2050 2331 2071 2384; x_wconf 23' lang='grc' dir='ltr'><strong>»η</strong></span> 
     </span>
    </p>
   </div>
   <div class='ocr_carea' id='block_1_25' title="bbox 486 2399 2066 2473">
    <p class='ocr_par' dir='ltr' id='par_1_25' title="bbox 486 2399 2066 2473">
     <span class='ocr_line' id='line_1_25' title="bbox 486 2399 2066 2473; baseline 0.001 -20"><span class='ocrx_word' id='word_1_197' title='bbox 486 2399 538 2453; x_wconf 90' lang='lat' dir='ltr'><strong>id</strong></span> <span class='ocrx_word' id='word_1_198' title='bbox 563 2410 645 2454; x_wconf 83' lang='lat' dir='ltr'><strong>cst</strong></span> <span class='ocrx_word' id='word_1_199' title='bbox 680 2417 788 2454; x_wconf 90' lang='lat' dir='ltr'><strong>non</strong></span> <span class='ocrx_word' id='word_1_200' title='bbox 820 2401 875 2454; x_wconf 90' lang='lat' dir='ltr'><strong>in</strong></span> <span class='ocrx_word' id='word_1_201' title='bbox 908 2401 1092 2456; x_wconf 88' lang='lat' dir='ltr'><strong>omnia</strong></span> <span class='ocrx_word' id='word_1_202' title='bbox 1121 2417 1376 2472; x_wconf 88' lang='lat' dir='ltr'><strong>corpora,</strong></span> <span class='ocrx_word' id='word_1_203' title='bbox 1399 2403 1586 2460; x_wconf 76' lang='lat' dir='ltr'><strong>sedtin</strong></span> <span class='ocrx_word' id='word_1_204' title='bbox 1612 2412 1784 2458; x_wconf 91' lang='lat' dir='ltr'><strong>totum</strong></span> <span class='ocrx_word' id='word_1_205' title='bbox 1812 2419 2066 2473; x_wconf 63' lang='lat' dir='ltr'><strong>corpus.)</strong></span> 
     </span>
    </p>
   </div>
   <div class='ocr_carea' id='block_1_26' title="bbox 485 2484 2078 2561">
    <p class='ocr_par' dir='ltr' id='par_1_26' title="bbox 485 2484 2078 2561">
     <span class='ocr_line' id='line_1_26' title="bbox 485 2484 2078 2561; baseline 0.006 -21"><span class='ocrx_word' id='word_1_206' title='bbox 485 2484 632 2540; x_wconf 75' lang='lat' dir='ltr'><strong>Idem</strong></span> <span class='ocrx_word' id='word_1_207' title='bbox 662 2506 676 2542; x_wconf 92' lang='lat'><strong>:</strong></span> <span class='ocrx_word' id='word_1_208' title='bbox 703 2507 721 2539; x_wconf 88' lang='grc'><strong>‹</strong></span> <span class='ocrx_word' id='word_1_209' title='bbox 757 2488 813 2542; x_wconf 92' lang='lat' dir='ltr'><strong>ln</strong></span> <span class='ocrx_word' id='word_1_210' title='bbox 839 2489 944 2544; x_wconf 92' lang='lat' dir='ltr'><strong>hoc</strong></span> <span class='ocrx_word' id='word_1_211' title='bbox 977 2491 1258 2561; x_wconf 80' lang='lat' dir='ltr'><strong>singulare</strong></span> <span class='ocrx_word' id='word_1_212' title='bbox 1281 2493 1549 2561; x_wconf 87' lang='lat' dir='ltr'><strong>judicium</strong></span> <span class='ocrx_word' id='word_1_213' title='bbox 1581 2509 1748 2550; x_wconf 89' lang='lat' dir='ltr'><strong>causa</strong></span> <span class='ocrx_word' id='word_1_214' title='bbox 1781 2496 1963 2550; x_wconf 91' lang='lat' dir='ltr'><strong>omnis</strong></span> <span class='ocrx_word' id='word_1_215' title='bbox 1992 2496 2078 2549; x_wconf 89' lang='lat' dir='ltr'><strong>in-</strong></span> 
     </span>
    </p>
   </div>
   <div class='ocr_carea' id='block_1_27' title="bbox 485 2581 2072 2655">
    <p class='ocr_par' dir='ltr' id='par_1_27' title="bbox 485 2581 2072 2655">
     <span class='ocr_line' id='line_1_27' title="bbox 485 2581 2072 2655; baseline 0.006 -20"><span class='ocrx_word' id='word_1_216' title='bbox 485 2581 877 2649; x_wconf 63' lang='lat' dir='ltr'><strong>cluderetur,»</strong></span> <span class='ocrx_word' id='word_1_217' title='bbox 921 2584 974 2638; x_wconf 91' lang='lat' dir='ltr'><strong>id</strong></span> <span class='ocrx_word' id='word_1_218' title='bbox 1027 2595 1111 2640; x_wconf 92' lang='lat' dir='ltr'><strong>est</strong></span> <span class='ocrx_word' id='word_1_219' title='bbox 1155 2601 1262 2639; x_wconf 89' lang='lat' dir='ltr'><strong>non</strong></span> <span class='ocrx_word' id='word_1_220' title='bbox 1295 2602 1486 2642; x_wconf 90' lang='lat' dir='ltr'><strong>omnes</strong></span> <span class='ocrx_word' id='word_1_221' title='bbox 1527 2603 1741 2655; x_wconf 82' lang='lat' dir='ltr'><strong>causae,</strong></span> <span class='ocrx_word' id='word_1_222' title='bbox 1773 2590 1866 2644; x_wconf 91' lang='lat' dir='ltr'><strong>sed</strong></span> <span class='ocrx_word' id='word_1_223' title='bbox 1922 2608 1939 2640; x_wconf 79' lang='grc' dir='ltr'><strong>ι</strong></span> <span class='ocrx_word' id='word_1_224' title='bbox 1965 2598 2072 2644; x_wconf 89' lang='lat' dir='ltr'><strong>tota</strong></span> 
     </span>
    </p>
   </div>
   <div class='ocr_carea' id='block_1_28' title="bbox 485 2673 2069 2745">
    <p class='ocr_par' dir='ltr' id='par_1_28' title="bbox 485 2673 2069 2745">
     <span class='ocr_line' id='line_1_28' title="bbox 485 2673 2069 2745; baseline 0.004 -20"><span class='ocrx_word' id='word_1_225' title='bbox 485 2688 710 2726; x_wconf 57' lang='lat' dir='ltr'><strong>causan</strong></span> <span class='ocrx_word' id='word_1_226' title='bbox 732 2673 837 2740; x_wconf 85' lang='lat' dir='ltr'><strong>Qui</strong></span> <span class='ocrx_word' id='word_1_227' title='bbox 870 2676 1035 2730; x_wconf 87' lang='lat' dir='ltr'><strong>etiam</strong></span> <span class='ocrx_word' id='word_1_228' title='bbox 1076 2697 1095 2728; x_wconf 76' lang='grc' dir='ltr'><strong>ι</strong></span> <span class='ocrx_word' id='word_1_229' title='bbox 1121 2687 1230 2732; x_wconf 91' lang='lat' dir='ltr'><strong>tota</strong></span> <span class='ocrx_word' id='word_1_230' title='bbox 1261 2687 1462 2745; x_wconf 83' lang='lat' dir='ltr'><strong>mente,</strong></span> <span class='ocrx_word' id='word_1_231' title='bbox 1493 2698 1511 2730; x_wconf 71' lang='grc' dir='ltr'><strong>ι</strong></span> <span class='ocrx_word' id='word_1_232' title='bbox 1533 2688 1585 2734; x_wconf 91' lang='lat' dir='ltr'><strong>et</strong></span> <span class='ocrx_word' id='word_1_233' title='bbox 1613 2698 1632 2730; x_wconf 74' lang='grc' dir='ltr'><strong>ι</strong></span> <span class='ocrx_word' id='word_1_234' title='bbox 1665 2681 1813 2735; x_wconf 91' lang='lat' dir='ltr'><strong>omni</strong></span> <span class='ocrx_word' id='word_1_235' title='bbox 1845 2683 2031 2735; x_wconf 88' lang='lat' dir='ltr'><strong>animo</strong></span> <span class='ocrx_word' id='word_1_236' title='bbox 2051 2701 2069 2732; x_wconf 74' lang='grc' dir='ltr'><strong>ι</strong></span> 
     </span>
    </p>
   </div>
   <div class='ocr_carea' id='block_1_29' title="bbox 483 2765 2072 2843">
    <p class='ocr_par' dir='ltr' id='par_1_29' title="bbox 483 2765 2072 2843">
     <span class='ocr_line' id='line_1_29' title="bbox 483 2765 2072 2843; baseline 0.006 -26"><span class='ocrx_word' id='word_1_237' title='bbox 483 2765 673 2818; x_wconf 62' lang='lat' dir='ltr'><strong>caulem</strong></span> <span class='ocrx_word' id='word_1_238' title='bbox 721 2767 1123 2835; x_wconf 83' lang='lat' dir='ltr'><strong>signiﬁcatione</strong></span> <span class='ocrx_word' id='word_1_239' title='bbox 1173 2769 1332 2825; x_wconf 84' lang='lat' dir='ltr'><strong>dixit.</strong></span> <span class='ocrx_word' id='word_1_240' title='bbox 1383 2769 1727 2843; x_wconf 85' lang='lat' dir='ltr'><strong>Hesychius,</strong></span> <span class='ocrx_word' id='word_1_241' title='bbox 1762 2774 1897 2837; x_wconf 76' lang='grc' dir='ltr'>Πᾶς,</span> <span class='ocrx_word' id='word_1_242' title='bbox 1933 2773 2072 2838; x_wconf 83' lang='grc' dir='ltr'>ὅλος,</span> 
     </span>
    </p>
   </div>
   <div class='ocr_carea' id='block_1_30' title="bbox 482 2855 2074 2935">
    <p class='ocr_par' dir='ltr' id='par_1_30' title="bbox 482 2855 2074 2935">
     <span class='ocr_line' id='line_1_30' title="bbox 482 2855 2074 2935; baseline 0.006 -24"><span class='ocrx_word' id='word_1_243' title='bbox 482 2855 736 2922; x_wconf 72' lang='grc' dir='ltr'>ἕκαστος.</span> <span class='ocrx_word' id='word_1_244' title='bbox 776 2857 1098 2927; x_wconf 83' lang='lat' dir='ltr'><strong>Homerum,</strong></span> <span class='ocrx_word' id='word_1_245' title='bbox 1125 2869 1185 2915; x_wconf 91' lang='lat' dir='ltr'><strong>ut</strong></span> <span class='ocrx_word' id='word_1_246' title='bbox 1207 2863 1368 2927; x_wconf 87' lang='lat' dir='ltr'><strong>solet,</strong></span> <span class='ocrx_word' id='word_1_247' title='bbox 1394 2863 1719 2933; x_wconf 87' lang='lat' dir='ltr'><strong>respiciens,</strong></span> <span class='ocrx_word' id='word_1_248' title='bbox 1745 2865 1888 2935; x_wconf 90' lang='lat' dir='ltr'><strong>apud</strong></span> <span class='ocrx_word' id='word_1_249' title='bbox 1912 2882 2074 2935; x_wconf 90' lang='lat' dir='ltr'><strong>quem</strong></span> 
     </span>
    </p>
   </div>
   <div class='ocr_carea' id='block_1_31' title="bbox 484 2956 2075 3025">
    <p class='ocr_par' dir='ltr' id='par_1_31' title="bbox 484 2956 2075 3025">
     <span class='ocr_line' id='line_1_31' title="bbox 484 2956 2075 3025; baseline 0.006 -23"><span class='ocrx_word' id='word_1_250' title='bbox 484 2959 721 3020; x_wconf 82' lang='lat' dir='ltr'><strong>utroque</strong></span> <span class='ocrx_word' id='word_1_251' title='bbox 752 2966 917 3009; x_wconf 89' lang='lat' dir='ltr'><strong>sensu</strong></span> <span class='ocrx_word' id='word_1_252' title='bbox 942 2968 1004 3007; x_wconf 92' lang='lat' dir='ltr'><strong>ea</strong></span> <span class='ocrx_word' id='word_1_253' title='bbox 1043 2969 1147 3007; x_wconf 80' lang='lat' dir='ltr'><strong>vox</strong></span> <span class='ocrx_word' id='word_1_254' title='bbox 1183 2956 1485 3025; x_wconf 85' lang='lat' dir='ltr'><strong>accipitur;</strong></span> <span class='ocrx_word' id='word_1_255' title='bbox 1525 2966 1715 3012; x_wconf 90' lang='lat' dir='ltr'><strong>nostro</strong></span> <span class='ocrx_word' id='word_1_256' title='bbox 1743 2969 1948 3024; x_wconf 90' lang='lat' dir='ltr'><strong>autem,</strong></span> <span class='ocrx_word' id='word_1_257' title='bbox 1982 2959 2075 3015; x_wconf 90' lang='lat' dir='ltr'><strong>ubi</strong></span> 
     </span>
    </p>
   </div>
   <div class='ocr_carea' id='block_1_32' title="bbox 483 3040 2074 3120">
    <p class='ocr_par' dir='ltr' id='par_1_32' title="bbox 483 3040 2074 3120">
     <span class='ocr_line' id='line_1_32' title="bbox 483 3040 2074 3120; baseline 0.01 -29"><span class='ocrx_word' id='word_1_258' title='bbox 483 3041 553 3095; x_wconf 87' lang='lat' dir='ltr'><strong>de</strong></span> <span class='ocrx_word' id='word_1_259' title='bbox 587 3040 820 3098; x_wconf 86' lang='lat' dir='ltr'><strong>Hectore</strong></span> <span class='ocrx_word' id='word_1_260' title='bbox 861 3045 991 3115; x_wconf 78' lang='lat' dir='ltr'><strong>agit.</strong></span> <span class='ocrx_word' id='word_1_261' title='bbox 1056 3046 1172 3109; x_wconf 82' lang='grc' dir='ltr'><strong>Πᾶς</strong></span> <span class='ocrx_word' id='word_1_262' title='bbox 1205 3047 1250 3100; x_wconf 82' lang='grc' dir='ltr'>δ’</span> <span class='ocrx_word' id='word_1_263' title='bbox 1273 3047 1383 3119; x_wconf 80' lang='grc' dir='ltr'>ἄρα</span> <span class='ocrx_word' id='word_1_264' title='bbox 1414 3047 1603 3120; x_wconf 77' lang='grc' dir='ltr'>χαλκῷ</span> <span class='ocrx_word' id='word_1_265' title='bbox 1635 3049 1827 3120; x_wconf 80' lang='grc' dir='ltr'>λάμφ’,</span> <span class='ocrx_word' id='word_1_266' title='bbox 1870 3071 1888 3101; x_wconf 80' lang='grc' dir='ltr'><strong>ι</strong></span> <span class='ocrx_word' id='word_1_267' title='bbox 1929 3061 2074 3107; x_wconf 88' lang='lat' dir='ltr'><strong>totus</strong></span> 
     </span>
    </p>
   </div>
   <div class='ocr_carea' id='block_1_33' title="bbox 485 3133 1788 3204">
    <p class='ocr_par' dir='ltr' id='par_1_33' title="bbox 485 3133 1788 3204">
     <span class='ocr_line' id='line_1_33' title="bbox 485 3133 1788 3204; baseline 0.006 -19"><span class='ocrx_word' id='word_1_268' title='bbox 485 3146 591 3185; x_wconf 72' lang='lat' dir='ltr'><strong>tere</strong></span> <span class='ocrx_word' id='word_1_269' title='bbox 625 3133 962 3202; x_wconf 77' lang='lat' dir='ltr'><strong>Splendebat,</strong></span> <span class='ocrx_word' id='word_1_270' title='bbox 987 3153 1005 3186; x_wconf 73' lang='grc' dir='ltr'><strong>ι</strong></span> <span class='ocrx_word' id='word_1_271' title='bbox 1045 3143 1100 3189; x_wconf 93' lang='lat' dir='ltr'><strong>ut</strong></span> <span class='ocrx_word' id='word_1_272' title='bbox 1129 3136 1195 3190; x_wconf 91' lang='lat' dir='ltr'><strong>de</strong></span> <span class='ocrx_word' id='word_1_273' title='bbox 1218 3137 1407 3190; x_wconf 89' lang='lat' dir='ltr'><strong>eodem</strong></span> <span class='ocrx_word' id='word_1_274' title='bbox 1448 3135 1746 3204; x_wconf 87' lang='lat' dir='ltr'><strong>Sophocles</strong></span> <span class='ocrx_word' id='word_1_275' title='bbox 1775 3157 1788 3193; x_wconf 88' lang='lat'><strong>:</strong></span> 
     </span>
    </p>
   </div>
   <div class='ocr_carea' id='block_1_34' title="bbox 691 3225 1856 3298">
    <p class='ocr_par' dir='ltr' id='par_1_34' title="bbox 691 3225 1856 3298">
     <span class='ocr_line' id='line_1_34' title="bbox 691 3225 1856 3298; baseline 0.005 -20"><span class='ocrx_word' id='word_1_276' title='bbox 691 3225 903 3292; x_wconf 76' lang='grc' dir='ltr'><strong>Κεῖνος</strong></span> <span class='ocrx_word' id='word_1_277' title='bbox 933 3226 1001 3279; x_wconf 82' lang='grc' dir='ltr'>δὲ</span> <span class='ocrx_word' id='word_1_278' title='bbox 1027 3228 1191 3297; x_wconf 74' lang='grc' dir='ltr'>λύπῃ</span> <span class='ocrx_word' id='word_1_279' title='bbox 1218 3227 1337 3294; x_wconf 75' lang='grc' dir='ltr'><strong>πᾶς</strong></span> <span class='ocrx_word' id='word_1_280' title='bbox 1361 3229 1650 3294; x_wconf 77' lang='grc' dir='ltr'><strong>ἐλήλαται</strong></span> <span class='ocrx_word' id='word_1_281' title='bbox 1681 3228 1856 3298; x_wconf 79' lang='grc' dir='ltr'><em>κακῇ.</em></span> 
     </span>
    </p>
   </div>
   <div class='ocr_carea' id='block_1_35' title="bbox 504 3314 2075 3392">
    <p class='ocr_par' dir='ltr' id='par_1_35' title="bbox 504 3314 2075 3392">
     <span class='ocr_line' id='line_1_35' title="bbox 504 3314 2075 3392; baseline 0.003 -24"><span class='ocrx_word' id='word_1_282' title='bbox 504 3314 589 3384; x_wconf 66' lang='lat' dir='ltr'><strong>Ubi</strong></span> <span class='ocrx_word' id='word_1_283' title='bbox 607 3314 902 3372; x_wconf 83' lang='lat' dir='ltr'><strong>Triclinius</strong></span> <span class='ocrx_word' id='word_1_284' title='bbox 919 3336 932 3370; x_wconf 94' lang='lat'>:</span> <span class='ocrx_word' id='word_1_285' title='bbox 952 3318 1025 3370; x_wconf 88' lang='grc' dir='ltr'>Τὸ</span> <span class='ocrx_word' id='word_1_286' title='bbox 1045 3318 1164 3384; x_wconf 80' lang='grc' dir='ltr'><strong>πᾶς</strong></span> <span class='ocrx_word' id='word_1_287' title='bbox 1183 3315 1357 3383; x_wconf 77' lang='grc' dir='ltr'>εἶπεν,</span> <span class='ocrx_word' id='word_1_288' title='bbox 1375 3319 1462 3372; x_wconf 82' lang='grc' dir='ltr'>ἵνα</span> <span class='ocrx_word' id='word_1_289' title='bbox 1477 3317 1627 3392; x_wconf 77' lang='grc' dir='ltr'>δείξῃ</span> <span class='ocrx_word' id='word_1_290' title='bbox 1642 3319 1718 3382; x_wconf 82' lang='grc' dir='ltr'><strong>ὡς</strong></span> <span class='ocrx_word' id='word_1_291' title='bbox 1733 3319 1854 3384; x_wconf 82' lang='grc' dir='ltr'>ὅλος</span> <span class='ocrx_word' id='word_1_292' title='bbox 1865 3321 1962 3391; x_wconf 80' lang='grc' dir='ltr'><strong>τῆς</strong></span> <span class='ocrx_word' id='word_1_293' title='bbox 1979 3320 2075 3374; x_wconf 80' lang='grc' dir='ltr'>λύ-</span> 
     </span>
    </p>
   </div>
   <div class='ocr_carea' id='block_1_36' title="bbox 483 3403 2072 3474">
    <p class='ocr_par' dir='ltr' id='par_1_36' title="bbox 483 3403 2072 3474">
     <span class='ocr_line' id='line_1_36' title="bbox 483 3403 2072 3474; baseline 0.003 -19"><span class='ocrx_word' id='word_1_294' title='bbox 483 3419 595 3474; x_wconf 84' lang='grc' dir='ltr'><strong>πης</strong></span> <span class='ocrx_word' id='word_1_295' title='bbox 627 3404 836 3472; x_wconf 80' lang='grc' dir='ltr'><strong>γέγονε.</strong></span> <span class='ocrx_word' id='word_1_296' title='bbox 880 3423 899 3455; x_wconf 85' lang='grc'><strong><em>‹</em></strong></span> <span class='ocrx_word' id='word_1_297' title='bbox 925 3403 1073 3459; x_wconf 82' lang='lat' dir='ltr'><strong>Dixit</strong></span> <span class='ocrx_word' id='word_1_298' title='bbox 1108 3407 1236 3470; x_wconf 79' lang='grc' dir='ltr'>πᾶς,</span> <span class='ocrx_word' id='word_1_299' title='bbox 1280 3417 1338 3462; x_wconf 83' lang='grc' dir='ltr'><strong>ιιι</strong></span> <span class='ocrx_word' id='word_1_300' title='bbox 1388 3408 1702 3461; x_wconf 85' lang='lat' dir='ltr'><strong>ostenderet</strong></span> <span class='ocrx_word' id='word_1_301' title='bbox 1744 3422 1868 3460; x_wconf 91' lang='lat' dir='ltr'><strong>eum</strong></span> <span class='ocrx_word' id='word_1_302' title='bbox 1901 3415 2072 3461; x_wconf 90' lang='lat' dir='ltr'><strong>totum</strong></span> 
     </span>
    </p>
   </div>
   <div class='ocr_carea' id='block_1_37' title="bbox 483 3493 2072 3569">
    <p class='ocr_par' dir='ltr' id='par_1_37' title="bbox 483 3493 2072 3569">
     <span class='ocr_line' id='line_1_37' title="bbox 483 3493 2072 3569; baseline 0.004 -22"><span class='ocrx_word' id='word_1_303' title='bbox 483 3493 655 3550; x_wconf 81' lang='lat' dir='ltr'><strong>fuisse</strong></span> <span class='ocrx_word' id='word_1_304' title='bbox 669 3497 860 3552; x_wconf 91' lang='lat' dir='ltr'><strong>dolore</strong></span> <span class='ocrx_word' id='word_1_305' title='bbox 878 3499 1254 3568; x_wconf 64' lang='lat' dir='ltr'><strong>absorptum.»</strong></span> <span class='ocrx_word' id='word_1_306' title='bbox 1281 3497 1521 3554; x_wconf 88' lang='lat' dir='ltr'><strong>Hincilla</strong></span> <span class='ocrx_word' id='word_1_307' title='bbox 1549 3499 1807 3569; x_wconf 90' lang='lat' dir='ltr'><strong>loquendi</strong></span> <span class='ocrx_word' id='word_1_308' title='bbox 1839 3499 2072 3554; x_wconf 81' lang='lat' dir='ltr'><strong>formula</strong></span> 
     </span>
    </p>
   </div>
   <div class='ocr_carea' id='block_1_38' title="bbox 482 3588 2074 3659">
    <p class='ocr_par' dir='ltr' id='par_1_38' title="bbox 482 3588 2074 3659">
     <span class='ocr_line' id='line_1_38' title="bbox 482 3588 2074 3659; baseline 0.001 -15"><span class='ocrx_word' id='word_1_309' title='bbox 482 3588 688 3645; x_wconf 67' lang='lat' dir='ltr'><strong>Graecis</strong></span> <span class='ocrx_word' id='word_1_310' title='bbox 706 3589 1012 3659; x_wconf 77' lang='lat' dir='ltr'><strong>familiaris,</strong></span> <span class='ocrx_word' id='word_1_311' title='bbox 1030 3592 1212 3648; x_wconf 68' lang='lat' dir='ltr'><strong>Suida:</strong></span> <span class='ocrx_word' id='word_1_312' title='bbox 1224 3593 1508 3650; x_wconf 85' lang='lat' dir='ltr'><strong>observata</strong></span> <span class='ocrx_word' id='word_1_313' title='bbox 1536 3611 1548 3645; x_wconf 93' lang='lat'>:</span> <span class='ocrx_word' id='word_1_314' title='bbox 1571 3592 1729 3656; x_wconf 82' lang='grc' dir='ltr'>Ὅλος</span> <span class='ocrx_word' id='word_1_315' title='bbox 1750 3594 1844 3646; x_wconf 78' lang='grc' dir='ltr'>καὶ</span> <span class='ocrx_word' id='word_1_316' title='bbox 1858 3595 1983 3656; x_wconf 81' lang='grc' dir='ltr'><strong>πᾶς.</strong></span> <span class='ocrx_word' id='word_1_317' title='bbox 2007 3593 2074 3646; x_wconf 90' lang='lat' dir='ltr'><strong>Ut</strong></span> 
     </span>
    </p>
   </div>
   <div class='ocr_carea' id='block_1_39' title="bbox 482 3682 2074 3757">
    <p class='ocr_par' dir='ltr' id='par_1_39' title="bbox 482 3682 2074 3757">
     <span class='ocr_line' id='line_1_39' title="bbox 482 3682 2074 3757; baseline 0.003 -23"><span class='ocrx_word' id='word_1_318' title='bbox 482 3682 650 3754; x_wconf 82' lang='lat' dir='ltr'><strong>igitur</strong></span> <span class='ocrx_word' id='word_1_319' title='bbox 667 3685 817 3737; x_wconf 81' lang='grc' dir='ltr'>πᾶσα</span> <span class='ocrx_word' id='word_1_320' title='bbox 841 3687 1050 3757; x_wconf 85' lang='grc' dir='ltr'>γραφή,</span> <span class='ocrx_word' id='word_1_321' title='bbox 1066 3686 1236 3741; x_wconf 80' lang='lat' dir='ltr'><strong>veteri</strong></span> <span class='ocrx_word' id='word_1_322' title='bbox 1253 3685 1557 3756; x_wconf 88' lang='lat' dir='ltr'><strong>interpreti,</strong></span> <span class='ocrx_word' id='word_1_323' title='bbox 1589 3705 1608 3736; x_wconf 72' lang='grc' dir='ltr'><strong>ι</strong></span> <span class='ocrx_word' id='word_1_324' title='bbox 1628 3686 1809 3740; x_wconf 87' lang='lat' dir='ltr'><strong>omnis</strong></span> <span class='ocrx_word' id='word_1_325' title='bbox 1837 3686 2074 3754; x_wconf 83' lang='lat' dir='ltr'><strong>scriptu-</strong></span> 
     </span>
    </p>
   </div>
   <div class='ocr_carea' id='block_1_40' title="bbox 481 3774 2072 3853">
    <p class='ocr_par' dir='ltr' id='par_1_40' title="bbox 481 3774 2072 3853">
     <span class='ocr_line' id='line_1_40' title="bbox 481 3774 2072 3853; baseline 0.004 -27"><span class='ocrx_word' id='word_1_326' title='bbox 481 3791 562 3838; x_wconf 86' lang='lat' dir='ltr'><strong>ra,</strong></span> <span class='ocrx_word' id='word_1_327' title='bbox 579 3794 595 3825; x_wconf 78' lang='grc' dir='ltr'><strong>ι</strong></span> <span class='ocrx_word' id='word_1_328' title='bbox 626 3774 916 3832; x_wconf 89' lang='lat' dir='ltr'><strong>Theodoro</strong></span> <span class='ocrx_word' id='word_1_329' title='bbox 927 3777 1102 3845; x_wconf 71' lang='lat' dir='ltr'><strong>Bczae,</strong></span> <span class='ocrx_word' id='word_1_330' title='bbox 1123 3796 1141 3828; x_wconf 77' lang='grc' dir='ltr'><strong>ι</strong></span> <span class='ocrx_word' id='word_1_331' title='bbox 1162 3786 1274 3833; x_wconf 88' lang='lat' dir='ltr'><strong>tota</strong></span> <span class='ocrx_word' id='word_1_332' title='bbox 1289 3779 1560 3848; x_wconf 90' lang='lat' dir='ltr'><strong>scriptura</strong></span> <span class='ocrx_word' id='word_1_333' title='bbox 1582 3795 1595 3843; x_wconf 90' lang='lat'><strong>;</strong></span> <span class='ocrx_word' id='word_1_334' title='bbox 1621 3797 1638 3827; x_wconf 77' lang='grc' dir='ltr'><strong>ι</strong></span> <span class='ocrx_word' id='word_1_335' title='bbox 1664 3778 1735 3832; x_wconf 88' lang='lat' dir='ltr'><strong>ita</strong></span> <span class='ocrx_word' id='word_1_336' title='bbox 1751 3778 1906 3832; x_wconf 68' lang='lat' dir='ltr'><strong>hieév</strong></span> <span class='ocrx_word' id='word_1_337' title='bbox 1921 3779 2072 3853; x_wconf 82' lang='grc' dir='ltr'>πάσῃ</span> 
     </span>
    </p>
   </div>
   <div class='ocr_carea' id='block_1_41' title="bbox 482 3868 2073 3940">
    <p class='ocr_par' dir='ltr' id='par_1_41' title="bbox 482 3868 2073 3940">
     <span class='ocr_line' id='line_1_41' title="bbox 482 3868 2073 3940; baseline 0.002 -20"><span class='ocrx_word' id='word_1_338' title='bbox 482 3868 762 3939; x_wconf 76' lang='grc' dir='ltr'>ἐπιστολῇ,</span> <span class='ocrx_word' id='word_1_339' title='bbox 795 3891 814 3919; x_wconf 76' lang='grc' dir='ltr'><strong>ι</strong></span> <span class='ocrx_word' id='word_1_340' title='bbox 846 3870 900 3923; x_wconf 92' lang='lat' dir='ltr'><strong>in</strong></span> <span class='ocrx_word' id='word_1_341' title='bbox 936 3871 1110 3936; x_wconf 90' lang='lat' dir='ltr'><strong>omni,</strong></span> <span class='ocrx_word' id='word_1_342' title='bbox 1133 3891 1150 3922; x_wconf 77' lang='grc' dir='ltr'><strong>ι</strong></span> <span class='ocrx_word' id='word_1_343' title='bbox 1180 3872 1283 3927; x_wconf 90' lang='lat' dir='ltr'><strong>hoc</strong></span> <span class='ocrx_word' id='word_1_344' title='bbox 1299 3883 1385 3926; x_wconf 91' lang='lat' dir='ltr'><strong>est</strong></span> <span class='ocrx_word' id='word_1_345' title='bbox 1413 3890 1430 3923; x_wconf 79' lang='grc' dir='ltr'><strong>ι</strong></span> <span class='ocrx_word' id='word_1_346' title='bbox 1460 3871 1514 3924; x_wconf 90' lang='lat' dir='ltr'><strong>in</strong></span> <span class='ocrx_word' id='word_1_347' title='bbox 1551 3879 1658 3926; x_wconf 87' lang='lat' dir='ltr'><strong>tota</strong></span> <span class='ocrx_word' id='word_1_348' title='bbox 1683 3871 1969 3940; x_wconf 65' lang='lat' dir='ltr'><strong>epistola.»</strong></span> <span class='ocrx_word' id='word_1_349' title='bbox 2004 3868 2073 3923; x_wconf 90' lang='lat' dir='ltr'><strong>Ut</strong></span> 
     </span>
    </p>
   </div>
   <div class='ocr_carea' id='block_1_42' title="bbox 481 3962 2069 4029">
    <p class='ocr_par' dir='ltr' id='par_1_42' title="bbox 481 3962 2069 4029">
     <span class='ocr_line' id='line_1_42' title="bbox 481 3962 2069 4029; baseline 0.002 -14"><span class='ocrx_word' id='word_1_350' title='bbox 481 3962 736 4017; x_wconf 80' lang='lat' dir='ltr'><strong>Clemens</strong></span> <span class='ocrx_word' id='word_1_351' title='bbox 765 3963 1168 4018; x_wconf 83' lang='lat' dir='ltr'><strong>Alexandrinus</strong></span> <span class='ocrx_word' id='word_1_352' title='bbox 1197 3962 1459 4018; x_wconf 86' lang='lat' dir='ltr'><strong>Stromat.</strong></span> <span class='ocrx_word' id='word_1_353' title='bbox 1495 3965 1588 4019; x_wconf 94' lang='lat' dir='ltr'><strong>lib.</strong></span> <span class='ocrx_word' id='word_1_354' title='bbox 1627 3982 1682 4029; x_wconf 84' lang='grc' dir='ltr'><strong>ν,</strong></span> <span class='ocrx_word' id='word_1_355' title='bbox 1709 3965 1799 4021; x_wconf 90' lang='lat' dir='ltr'><strong>illa</strong></span> <span class='ocrx_word' id='word_1_356' title='bbox 1831 3964 1887 4019; x_wconf 91' lang='lat' dir='ltr'><strong>S.</strong></span> <span class='ocrx_word' id='word_1_357' title='bbox 1915 3965 2069 4020; x_wconf 90' lang='lat' dir='ltr'><strong>Pauli</strong></span> 
     </span>
    </p>
   </div>
   <div class='ocr_carea' id='block_1_43' title="bbox 481 4051 2071 4125">
    <p class='ocr_par' dir='ltr' id='par_1_43' title="bbox 481 4051 2071 4125">
     <span class='ocr_line' id='line_1_43' title="bbox 481 4051 2071 4125; baseline 0.003 -21"><span class='ocrx_word' id='word_1_358' title='bbox 481 4058 488 4104; x_wconf 75' lang='grc' dir='ltr'>ἰ</span> <span class='ocrx_word' id='word_1_359' title='bbox 505 4069 582 4105; x_wconf 82' lang='grc' dir='ltr'><strong>να</strong></span> <span class='ocrx_word' id='word_1_360' title='bbox 591 4051 1074 4125; x_wconf 79' lang='grc' dir='ltr'>παραστήσωμεν</span> <span class='ocrx_word' id='word_1_361' title='bbox 1087 4055 1283 4110; x_wconf 74' lang='grc' dir='ltr'>πάντα</span> <span class='ocrx_word' id='word_1_362' title='bbox 1295 4057 1609 4124; x_wconf 71' lang='grc' dir='ltr'><strong>ἄνθρωπον</strong></span> <span class='ocrx_word' id='word_1_363' title='bbox 1620 4057 1851 4111; x_wconf 74' lang='grc' dir='ltr'>τέλειον</span> <span class='ocrx_word' id='word_1_364' title='bbox 1860 4058 1931 4110; x_wconf 74' lang='grc' dir='ltr'>ἐν</span> <span class='ocrx_word' id='word_1_365' title='bbox 1941 4060 2071 4125; x_wconf 69' lang='grc' dir='ltr'>Χρι-</span> 
     </span>
    </p>
   </div>
   <div class='ocr_carea' id='block_1_44' title="bbox 479 4144 2070 4220">
    <p class='ocr_par' dir='ltr' id='par_1_44' title="bbox 479 4144 2070 4220">
     <span class='ocr_line' id='line_1_44' title="bbox 479 4144 2070 4220; baseline 0.002 -21"><span class='ocrx_word' id='word_1_366' title='bbox 479 4144 625 4207; x_wconf 80' lang='grc' dir='ltr'>στῷ,</span> <span class='ocrx_word' id='word_1_367' title='bbox 652 4147 1060 4217; x_wconf 83' lang='lat' dir='ltr'><strong>interpretatur,</strong></span> <span class='ocrx_word' id='word_1_368' title='bbox 1091 4150 1150 4202; x_wconf 84' lang='grc' dir='ltr'><strong>οὐ</strong></span> <span class='ocrx_word' id='word_1_369' title='bbox 1187 4151 1369 4204; x_wconf 80' lang='grc' dir='ltr'>πάντα</span> <span class='ocrx_word' id='word_1_370' title='bbox 1397 4149 1588 4213; x_wconf 80' lang='grc' dir='ltr'>ἁπλῶς</span> <span class='ocrx_word' id='word_1_371' title='bbox 1605 4149 1912 4220; x_wconf 84' lang='grc' dir='ltr'>ἄνθρωπον,</span> <span class='ocrx_word' id='word_1_372' title='bbox 1947 4152 2070 4203; x_wconf 77' lang='grc' dir='ltr'>ἐπεὶ</span> 
     </span>
    </p>
   </div>
   <div class='ocr_carea' id='block_1_45' title="bbox 480 4235 2069 4314">
    <p class='ocr_par' dir='ltr' id='par_1_45' title="bbox 480 4235 2069 4314">
     <span class='ocr_line' id='line_1_45' title="bbox 480 4235 2069 4314; baseline 0.004 -24"><span class='ocrx_word' id='word_1_373' title='bbox 480 4237 654 4301; x_wconf 74' lang='grc' dir='ltr'>οὐδεὶς</span> <span class='ocrx_word' id='word_1_374' title='bbox 697 4239 764 4292; x_wconf 81' lang='grc' dir='ltr'><strong>ἂν</strong></span> <span class='ocrx_word' id='word_1_375' title='bbox 794 4235 864 4310; x_wconf 85' lang='grc' dir='ltr'>ἦν</span> <span class='ocrx_word' id='word_1_376' title='bbox 897 4239 1145 4304; x_wconf 78' lang='grc' dir='ltr'>ἄπιστος·</span> <span class='ocrx_word' id='word_1_377' title='bbox 1183 4242 1304 4295; x_wconf 82' lang='grc' dir='ltr'>οὐδὲ</span> <span class='ocrx_word' id='word_1_378' title='bbox 1351 4243 1456 4314; x_wconf 82' lang='grc' dir='ltr'>μὴν</span> <span class='ocrx_word' id='word_1_379' title='bbox 1491 4243 1670 4297; x_wconf 84' lang='grc' dir='ltr'>πάντα</span> <span class='ocrx_word' id='word_1_380' title='bbox 1707 4243 1799 4296; x_wconf 83' lang='grc' dir='ltr'>τὸν</span> <span class='ocrx_word' id='word_1_381' title='bbox 1843 4243 2069 4296; x_wconf 84' lang='grc' dir='ltr'>πιστεύ-</span> 
     </span>
    </p>
   </div>
   <div class='ocr_carea' id='block_1_46' title="bbox 479 4329 2072 4405">
    <p class='ocr_par' dir='ltr' id='par_1_46' title="bbox 479 4329 2072 4405">
     <span class='ocr_line' id='line_1_46' title="bbox 479 4329 2072 4405; baseline 0.006 -23"><span class='ocrx_word' id='word_1_382' title='bbox 479 4345 610 4382; x_wconf 79' lang='grc' dir='ltr'>οντα</span> <span class='ocrx_word' id='word_1_383' title='bbox 637 4329 840 4385; x_wconf 82' lang='grc' dir='ltr'>τέλειον</span> <span class='ocrx_word' id='word_1_384' title='bbox 874 4335 934 4386; x_wconf 77' lang='grc' dir='ltr'>ὲν</span> <span class='ocrx_word' id='word_1_385' title='bbox 965 4333 1217 4404; x_wconf 83' lang='grc' dir='ltr'>Χριστῷ,</span> <span class='ocrx_word' id='word_1_386' title='bbox 1249 4335 1382 4388; x_wconf 84' lang='grc' dir='ltr'>ἀλλὰ</span> <span class='ocrx_word' id='word_1_387' title='bbox 1415 4335 1611 4390; x_wconf 69' lang='grc' dir='ltr'>πάντα</span> <span class='ocrx_word' id='word_1_388' title='bbox 1642 4336 1956 4405; x_wconf 78' lang='grc' dir='ltr'>ἄνθρωπον</span> <span class='ocrx_word' id='word_1_389' title='bbox 1987 4338 2072 4390; x_wconf 84' lang='grc' dir='ltr'><strong>λέ-</strong></span> 
     </span>
    </p>
   </div>
   <div class='ocr_carea' id='block_1_47' title="bbox 480 4425 2070 4502">
    <p class='ocr_par' dir='ltr' id='par_1_47' title="bbox 480 4425 2070 4502">
     <span class='ocr_line' id='line_1_47' title="bbox 480 4425 2070 4502; baseline 0.008 -27"><span class='ocrx_word' id='word_1_390' title='bbox 480 4440 588 4492; x_wconf 77' lang='grc' dir='ltr'>γει,</span> <span class='ocrx_word' id='word_1_391' title='bbox 623 4425 700 4488; x_wconf 87' lang='grc' dir='ltr'><em>ὼς</em></span> <span class='ocrx_word' id='word_1_392' title='bbox 732 4427 929 4492; x_wconf 77' lang='grc' dir='ltr'>εἰπεῖν,</span> <span class='ocrx_word' id='word_1_393' title='bbox 964 4427 1084 4480; x_wconf 85' lang='grc' dir='ltr'>ὅλον</span> <span class='ocrx_word' id='word_1_394' title='bbox 1115 4427 1207 4481; x_wconf 84' lang='grc' dir='ltr'><strong>τὸν</strong></span> <span class='ocrx_word' id='word_1_395' title='bbox 1240 4428 1548 4501; x_wconf 79' lang='grc' dir='ltr'>ἄνθρωπον,</span> <span class='ocrx_word' id='word_1_396' title='bbox 1585 4426 1696 4483; x_wconf 70' lang='grc' dir='ltr'>οἷον</span> <span class='ocrx_word' id='word_1_397' title='bbox 1731 4429 1944 4502; x_wconf 83' lang='grc' dir='ltr'>σώματι</span> <span class='ocrx_word' id='word_1_398' title='bbox 1979 4436 2070 4487; x_wconf 77' lang='grc' dir='ltr'><strong>καὶ</strong></span> 
     </span>
    </p>
   </div>
   <div class='ocr_carea' id='block_1_48' title="bbox 2102 3174 2149 3238">
    <p class='ocr_par' dir='ltr' id='par_1_48' title="bbox 2102 3174 2149 3238">
     <span class='ocr_line' id='line_1_48' title="bbox 2102 3174 2149 3238; baseline 0 0"><span class='ocrx_word' id='word_1_399' title='bbox 2102 3174 2149 3238; x_wconf 89' lang='lat' dir='ltr'><strong>C</strong></span> 
     </span>
    </p>
   </div>
   <div class='ocr_carea' id='block_1_49' title="bbox 2176 537 3756 608">
    <p class='ocr_par' dir='ltr' id='par_1_49' title="bbox 2176 537 3756 608">
     <span class='ocr_line' id='line_1_49' title="bbox 2176 537 3756 608; baseline -0.006 -8"><span class='ocrx_word' id='word_1_400' title='bbox 2176 546 2313 600; x_wconf 89' lang='lat' dir='ltr'><strong>riam</strong></span> <span class='ocrx_word' id='word_1_401' title='bbox 2343 559 2533 599; x_wconf 87' lang='lat' dir='ltr'><strong>eorum</strong></span> <span class='ocrx_word' id='word_1_402' title='bbox 2562 543 2738 597; x_wconf 82' lang='lat' dir='ltr'><strong>facere</strong></span> <span class='ocrx_word' id='word_1_403' title='bbox 2766 543 2821 594; x_wconf 91' lang='lat' dir='ltr'><strong>in</strong></span> <span class='ocrx_word' id='word_1_404' title='bbox 2853 539 2981 596; x_wconf 85' lang='lat' dir='ltr'><strong>Jesu</strong></span> <span class='ocrx_word' id='word_1_405' title='bbox 3013 540 3268 594; x_wconf 86' lang='lat' dir='ltr'><strong>Christo?</strong></span> <span class='ocrx_word' id='word_1_406' title='bbox 3301 537 3424 593; x_wconf 71' lang='lat' dir='ltr'><strong>Haec</strong></span> <span class='ocrx_word' id='word_1_407' title='bbox 3452 554 3480 591; x_wconf 91' lang='lat' dir='ltr'><strong>a</strong></span> <span class='ocrx_word' id='word_1_408' title='bbox 3518 547 3756 608; x_wconf 85' lang='lat' dir='ltr'><strong>martyre</strong></span> 
     </span>
    </p>
   </div>
   <div class='ocr_carea' id='block_1_50' title="bbox 2177 631 3758 703">
    <p class='ocr_par' dir='ltr' id='par_1_50' title="bbox 2177 631 3758 703">
     <span class='ocr_line' id='line_1_50' title="bbox 2177 631 3758 703; baseline -0.004 -11"><span class='ocrx_word' id='word_1_409' title='bbox 2177 655 2285 692; x_wconf 93' lang='lat' dir='ltr'><strong>non</strong></span> <span class='ocrx_word' id='word_1_410' title='bbox 2315 638 2493 692; x_wconf 90' lang='lat' dir='ltr'><strong>otiose</strong></span> <span class='ocrx_word' id='word_1_411' title='bbox 2526 645 2622 698; x_wconf 83' lang='lat' dir='ltr'><strong>aut</strong></span> <span class='ocrx_word' id='word_1_412' title='bbox 2649 634 2866 703; x_wconf 74' lang='lat' dir='ltr'><strong>frigide,</strong></span> <span class='ocrx_word' id='word_1_413' title='bbox 2894 633 2987 687; x_wconf 90' lang='lat' dir='ltr'><strong>sed</strong></span> <span class='ocrx_word' id='word_1_414' title='bbox 3033 649 3180 696; x_wconf 90' lang='lat' dir='ltr'><strong>vere,</strong></span> <span class='ocrx_word' id='word_1_415' title='bbox 3212 632 3323 687; x_wconf 89' lang='lat' dir='ltr'><strong>imo</strong></span> <span class='ocrx_word' id='word_1_416' title='bbox 3376 631 3657 701; x_wconf 81' lang='lat' dir='ltr'><strong>signanter</strong></span> <span class='ocrx_word' id='word_1_417' title='bbox 3703 637 3758 686; x_wconf 86' lang='lat' dir='ltr'><strong>et</strong></span> 
     </span>
    </p>
   </div>
   <div class='ocr_carea' id='block_1_51' title="bbox 2175 707 3811 803">
    <p class='ocr_par' dir='ltr' id='par_1_51' title="bbox 2175 707 3811 803">
     <span class='ocr_line' id='line_1_51' title="bbox 2175 707 3811 803; baseline 0.017 -20"><span class='ocrx_word' id='word_1_418' title='bbox 2175 733 2462 803; x_wconf 65' lang='lat' dir='ltr'><strong>vigilanter</strong></span> <span class='ocrx_word' id='word_1_419' title='bbox 2494 730 2637 785; x_wconf 88' lang='lat' dir='ltr'><strong>dicta</strong></span> <span class='ocrx_word' id='word_1_420' title='bbox 2684 738 2831 783; x_wconf 90' lang='lat' dir='ltr'><strong>sunt.</strong></span> <span class='ocrx_word' id='word_1_421' title='bbox 2870 725 3007 781; x_wconf 91' lang='lat' dir='ltr'><strong>Tota</strong></span> <span class='ocrx_word' id='word_1_422' title='bbox 3038 726 3183 780; x_wconf 88' lang='lat' dir='ltr'><strong>enim</strong></span> <span class='ocrx_word' id='word_1_423' title='bbox 3229 724 3459 794; x_wconf 65' lang='lat' dir='ltr'><strong>ePiSlOIa</strong></span> <span class='ocrx_word' id='word_1_424' title='bbox 3490 722 3558 778; x_wconf 74' lang='lat' dir='ltr'><strong>ad</strong></span> <span class='ocrx_word' id='word_1_425' title='bbox 3583 720 3759 792; x_wconf 66' lang='lat' dir='ltr'><strong>Ephe’</strong></span> 
     </span>
    </p>
   </div>
   <div class='ocr_carea' id='block_1_52' title="bbox 2175 811 3790 895">
    <p class='ocr_par' dir='ltr' id='par_1_52' title="bbox 2175 811 3790 895">
     <span class='ocr_line' id='line_1_52' title="bbox 2175 811 3790 895; baseline -0.007 -15"><span class='ocrx_word' id='word_1_426' title='bbox 2175 827 2290 881; x_wconf 90' lang='lat' dir='ltr'><strong>sios</strong></span> <span class='ocrx_word' id='word_1_427' title='bbox 2321 827 2545 895; x_wconf 89' lang='lat' dir='ltr'><strong>scripta,</strong></span> <span class='ocrx_word' id='word_1_428' title='bbox 2575 825 2723 894; x_wconf 90' lang='lat' dir='ltr'><strong>ipsos</strong></span> <span class='ocrx_word' id='word_1_429' title='bbox 2761 823 3049 894; x_wconf 86' lang='lat' dir='ltr'><strong>Ephesios,</strong></span> <span class='ocrx_word' id='word_1_430' title='bbox 3080 834 3382 888; x_wconf 90' lang='lat' dir='ltr'><strong>eorumque</strong></span> <span class='ocrx_word' id='word_1_431' title='bbox 3408 818 3675 872; x_wconf 89' lang='lat' dir='ltr'><strong>honorem</strong></span> <span class='ocrx_word' id='word_1_432' title='bbox 3702 811 3790 886; x_wconf 48' lang='lat' dir='ltr'><strong>et;</strong></span> 
     </span>
    </p>
   </div>
   <div class='ocr_carea' id='block_1_53' title="bbox 2174 909 3758 987">
    <p class='ocr_par' dir='ltr' id='par_1_53' title="bbox 2174 909 3758 987">
     <span class='ocr_line' id='line_1_53' title="bbox 2174 909 3758 987; baseline -0.008 -13"><span class='ocrx_word' id='word_1_433' title='bbox 2174 935 2363 974; x_wconf 88' lang='lat' dir='ltr'><strong>curam</strong></span> <span class='ocrx_word' id='word_1_434' title='bbox 2396 918 2637 972; x_wconf 82' lang='lat' dir='ltr'><strong>maxime</strong></span> <span class='ocrx_word' id='word_1_435' title='bbox 2670 925 2898 987; x_wconf 87' lang='lat' dir='ltr'><strong>spectat,</strong></span> <span class='ocrx_word' id='word_1_436' title='bbox 2929 924 2984 970; x_wconf 90' lang='lat' dir='ltr'><strong>et</strong></span> <span class='ocrx_word' id='word_1_437' title='bbox 3015 928 3228 969; x_wconf 90' lang='lat' dir='ltr'><strong>summe</strong></span> <span class='ocrx_word' id='word_1_438' title='bbox 3274 909 3629 966; x_wconf 89' lang='lat' dir='ltr'><strong>honoriﬁcam</strong></span> <span class='ocrx_word' id='word_1_439' title='bbox 3661 922 3758 962; x_wconf 87' lang='lat' dir='ltr'><strong>eo-</strong></span> 
     </span>
    </p>
   </div>
   <div class='ocr_carea' id='block_1_54' title="bbox 2176 1001 3757 1080">
    <p class='ocr_par' dir='ltr' id='par_1_54' title="bbox 2176 1001 3757 1080">
     <span class='ocr_line' id='line_1_54' title="bbox 2176 1001 3757 1080; baseline -0.008 -13"><span class='ocrx_word' id='word_1_440' title='bbox 2176 1029 2297 1067; x_wconf 88' lang='lat' dir='ltr'><strong>rum</strong></span> <span class='ocrx_word' id='word_1_441' title='bbox 2345 1012 2669 1067; x_wconf 90' lang='lat' dir='ltr'><strong>memoriam</strong></span> <span class='ocrx_word' id='word_1_442' title='bbox 2729 1012 2796 1065; x_wconf 91' lang='lat' dir='ltr'><strong>ad</strong></span> <span class='ocrx_word' id='word_1_443' title='bbox 2841 1017 3088 1080; x_wconf 89' lang='lat' dir='ltr'><strong>posteros</strong></span> <span class='ocrx_word' id='word_1_444' title='bbox 3137 1005 3477 1060; x_wconf 89' lang='lat' dir='ltr'><strong>transmittit.</strong></span> <span class='ocrx_word' id='word_1_445' title='bbox 3524 1002 3579 1056; x_wconf 93' lang='lat' dir='ltr'><strong>In</strong></span> <span class='ocrx_word' id='word_1_446' title='bbox 3632 1001 3757 1068; x_wconf 86' lang='lat' dir='ltr'><strong>aliis</strong></span> 
     </span>
    </p>
   </div>
   <div class='ocr_carea' id='block_1_55' title="bbox 2174 1093 3758 1176">
    <p class='ocr_par' dir='ltr' id='par_1_55' title="bbox 2174 1093 3758 1176">
     <span class='ocr_line' id='line_1_55' title="bbox 2174 1093 3758 1176; baseline -0.009 -16"><span class='ocrx_word' id='word_1_447' title='bbox 2174 1106 2420 1176; x_wconf 80' lang='lat' dir='ltr'><strong>epistolis</strong></span> <span class='ocrx_word' id='word_1_448' title='bbox 2445 1102 2740 1174; x_wconf 79' lang='lat' dir='ltr'><strong>Apostolus</strong></span> <span class='ocrx_word' id='word_1_449' title='bbox 2772 1117 2867 1157; x_wconf 89' lang='lat' dir='ltr'><strong>eos</strong></span> <span class='ocrx_word' id='word_1_450' title='bbox 2889 1101 2954 1156; x_wconf 87' lang='lat' dir='ltr'><strong>ad</strong></span> <span class='ocrx_word' id='word_1_451' title='bbox 2989 1116 3126 1171; x_wconf 92' lang='lat' dir='ltr'><strong>quos</strong></span> <span class='ocrx_word' id='word_1_452' title='bbox 3153 1098 3364 1162; x_wconf 87' lang='lat' dir='ltr'><strong>scribit,</strong></span> <span class='ocrx_word' id='word_1_453' title='bbox 3388 1109 3529 1164; x_wconf 67' lang='lat' dir='ltr'><strong>saepe</strong></span> <span class='ocrx_word' id='word_1_454' title='bbox 3559 1093 3758 1148; x_wconf 87' lang='lat' dir='ltr'><strong>acriter</strong></span> 
     </span>
    </p>
   </div>
   <div class='ocr_carea' id='block_1_56' title="bbox 2176 1186 3755 1270">
    <p class='ocr_par' dir='ltr' id='par_1_56' title="bbox 2176 1186 3755 1270">
     <span class='ocr_line' id='line_1_56' title="bbox 2176 1186 3755 1270; baseline -0.009 -16"><span class='ocrx_word' id='word_1_455' title='bbox 2176 1200 2451 1270; x_wconf 79' lang='lat' dir='ltr'><strong>objurgat,</strong></span> <span class='ocrx_word' id='word_1_456' title='bbox 2482 1206 2576 1251; x_wconf 89' lang='lat' dir='ltr'><strong>aut</strong></span> <span class='ocrx_word' id='word_1_457' title='bbox 2604 1205 2749 1251; x_wconf 87' lang='lat' dir='ltr'><strong>certe</strong></span> <span class='ocrx_word' id='word_1_458' title='bbox 2790 1195 2933 1250; x_wconf 87' lang='lat' dir='ltr'><strong>haud</strong></span> <span class='ocrx_word' id='word_1_459' title='bbox 2959 1193 3206 1255; x_wconf 89' lang='lat' dir='ltr'><strong>omnino,</strong></span> <span class='ocrx_word' id='word_1_460' title='bbox 3233 1191 3319 1244; x_wconf 88' lang='lat' dir='ltr'><strong>vel</strong></span> <span class='ocrx_word' id='word_1_461' title='bbox 3346 1204 3510 1259; x_wconf 89' lang='lat' dir='ltr'><strong>parce</strong></span> <span class='ocrx_word' id='word_1_462' title='bbox 3537 1186 3755 1252; x_wconf 89' lang='lat' dir='ltr'><strong>laudat;</strong></span> 
     </span>
    </p>
   </div>
   <div class='ocr_carea' id='block_1_57' title="bbox 2176 1279 3761 1357">
    <p class='ocr_par' dir='ltr' id='par_1_57' title="bbox 2176 1279 3761 1357">
     <span class='ocr_line' id='line_1_57' title="bbox 2176 1279 3761 1357; baseline -0.008 -13"><span class='ocrx_word' id='word_1_463' title='bbox 2176 1292 2259 1344; x_wconf 86' lang='lat' dir='ltr'><strong>vel</strong></span> <span class='ocrx_word' id='word_1_464' title='bbox 2288 1290 2355 1344; x_wconf 90' lang='lat' dir='ltr'><strong>de</strong></span> <span class='ocrx_word' id='word_1_465' title='bbox 2383 1289 2549 1344; x_wconf 87' lang='lat' dir='ltr'><strong>rebus</strong></span> <span class='ocrx_word' id='word_1_466' title='bbox 2577 1287 2647 1342; x_wconf 87' lang='lat' dir='ltr'><strong>ad</strong></span> <span class='ocrx_word' id='word_1_467' title='bbox 2682 1287 2840 1341; x_wconf 85' lang='lat' dir='ltr'><strong>ﬁdem</strong></span> <span class='ocrx_word' id='word_1_468' title='bbox 2893 1283 3316 1357; x_wconf 85' lang='lat' dir='ltr'><strong>pertinentibus,</strong></span> <span class='ocrx_word' id='word_1_469' title='bbox 3359 1288 3456 1335; x_wconf 90' lang='lat' dir='ltr'><strong>aut</strong></span> <span class='ocrx_word' id='word_1_470' title='bbox 3503 1279 3571 1334; x_wconf 91' lang='lat' dir='ltr'><strong>de</strong></span> <span class='ocrx_word' id='word_1_471' title='bbox 3609 1293 3761 1348; x_wconf 69' lang='lat' dir='ltr'><strong>quae-</strong></span> 
     </span>
    </p>
   </div>
   <div class='ocr_carea' id='block_1_58' title="bbox 2178 1370 3759 1446">
    <p class='ocr_par' dir='ltr' id='par_1_58' title="bbox 2178 1370 3759 1446">
     <span class='ocr_line' id='line_1_58' title="bbox 2178 1370 3759 1446; baseline -0.012 -5"><span class='ocrx_word' id='word_1_472' title='bbox 2178 1384 2454 1441; x_wconf 90' lang='lat' dir='ltr'><strong>stionibus</strong></span> <span class='ocrx_word' id='word_1_473' title='bbox 2497 1381 2814 1446; x_wconf 83' lang='lat' dir='ltr'><strong>decidendis</strong></span> <span class='ocrx_word' id='word_1_474' title='bbox 2847 1379 3012 1434; x_wconf 87' lang='lat' dir='ltr'><strong>latius</strong></span> <span class='ocrx_word' id='word_1_475' title='bbox 3054 1377 3316 1446; x_wconf 84' lang='lat' dir='ltr'><strong>disputat.</strong></span> <span class='ocrx_word' id='word_1_476' title='bbox 3372 1371 3472 1426; x_wconf 77' lang='lat' dir='ltr'><strong>ilic</strong></span> <span class='ocrx_word' id='word_1_477' title='bbox 3501 1370 3759 1426; x_wconf 89' lang='lat' dir='ltr'><strong>omnibus</strong></span> 
     </span>
    </p>
   </div>
   <div class='ocr_carea' id='block_1_59' title="bbox 2177 1463 3759 1544">
    <p class='ocr_par' dir='ltr' id='par_1_59' title="bbox 2177 1463 3759 1544">
     <span class='ocr_line' id='line_1_59' title="bbox 2177 1463 3759 1544; baseline -0.012 -13"><span class='ocrx_word' id='word_1_478' title='bbox 2177 1476 2358 1531; x_wconf 88' lang='lat' dir='ltr'><strong>modis</strong></span> <span class='ocrx_word' id='word_1_479' title='bbox 2397 1483 2660 1544; x_wconf 90' lang='lat' dir='ltr'><strong>perpetuo</strong></span> <span class='ocrx_word' id='word_1_480' title='bbox 2692 1487 2751 1527; x_wconf 90' lang='lat' dir='ltr'><strong>se</strong></span> <span class='ocrx_word' id='word_1_481' title='bbox 2783 1468 3038 1540; x_wconf 85' lang='lat' dir='ltr'><strong>Ephesiis</strong></span> <span class='ocrx_word' id='word_1_482' title='bbox 3076 1466 3333 1543; x_wconf 89' lang='lat' dir='ltr'><strong>applicat,</strong></span> <span class='ocrx_word' id='word_1_483' title='bbox 3366 1463 3600 1532; x_wconf 89' lang='lat' dir='ltr'><strong>illosque</strong></span> <span class='ocrx_word' id='word_1_484' title='bbox 3635 1469 3759 1514; x_wconf 85' lang='lat' dir='ltr'><strong>tan-</strong></span> 
     </span>
    </p>
   </div>
   <div class='ocr_carea' id='block_1_60' title="bbox 2177 1553 3759 1640">
    <p class='ocr_par' dir='ltr' id='par_1_60' title="bbox 2177 1553 3759 1640">
     <span class='ocr_line' id='line_1_60' title="bbox 2177 1553 3759 1640; baseline -0.012 -15"><span class='ocrx_word' id='word_1_485' title='bbox 2177 1585 2342 1640; x_wconf 90' lang='lat' dir='ltr'><strong>quam</strong></span> <span class='ocrx_word' id='word_1_486' title='bbox 2365 1566 2615 1638; x_wconf 76' lang='lat' dir='ltr'><strong>egregios</strong></span> <span class='ocrx_word' id='word_1_487' title='bbox 2643 1563 2990 1620; x_wconf 88' lang='lat' dir='ltr'><strong>Christianos</strong></span> <span class='ocrx_word' id='word_1_488' title='bbox 3019 1566 3239 1619; x_wconf 91' lang='lat' dir='ltr'><strong>tractat,</strong></span> <span class='ocrx_word' id='word_1_489' title='bbox 3269 1553 3567 1624; x_wconf 79' lang='lat' dir='ltr'><strong>Evangelia</strong></span> <span class='ocrx_word' id='word_1_490' title='bbox 3606 1553 3759 1608; x_wconf 81' lang='lat' dir='ltr'><strong>salu-</strong></span> 
     </span>
    </p>
   </div>
   <div class='ocr_carea' id='block_1_61' title="bbox 2177 1647 3762 1724">
    <p class='ocr_par' dir='ltr' id='par_1_61' title="bbox 2177 1647 3762 1724">
     <span class='ocr_line' id='line_1_61' title="bbox 2177 1647 3762 1724; baseline -0.013 -5"><span class='ocrx_word' id='word_1_491' title='bbox 2177 1665 2248 1724; x_wconf 90' lang='lat' dir='ltr'><strong>tis</strong></span> <span class='ocrx_word' id='word_1_492' title='bbox 2280 1662 2507 1717; x_wconf 88' lang='lat' dir='ltr'><strong>ﬁrmiter</strong></span> <span class='ocrx_word' id='word_1_493' title='bbox 2549 1658 2854 1723; x_wconf 90' lang='lat' dir='ltr'><strong>credentes,</strong></span> <span class='ocrx_word' id='word_1_494' title='bbox 2877 1664 2932 1716; x_wconf 89' lang='lat' dir='ltr'><strong>et</strong></span> <span class='ocrx_word' id='word_1_495' title='bbox 2955 1653 3152 1724; x_wconf 90' lang='lat' dir='ltr'><strong>spiritu</strong></span> <span class='ocrx_word' id='word_1_496' title='bbox 3198 1648 3581 1722; x_wconf 86' lang='lat' dir='ltr'><strong>promissionis</strong></span> <span class='ocrx_word' id='word_1_497' title='bbox 3610 1647 3762 1702; x_wconf 76' lang='lat' dir='ltr'><strong>obsi-</strong></span> 
     </span>
    </p>
   </div>
   <div class='ocr_carea' id='block_1_62' title="bbox 2178 1741 3762 1826">
    <p class='ocr_par' dir='ltr' id='par_1_62' title="bbox 2178 1741 3762 1826">
     <span class='ocr_line' id='line_1_62' title="bbox 2178 1741 3762 1826; baseline -0.009 -16"><span class='ocrx_word' id='word_1_498' title='bbox 2178 1768 2393 1826; x_wconf 71' lang='lat' dir='ltr'><strong>gnatas,</strong></span> <span class='ocrx_word' id='word_1_499' title='bbox 2419 1752 2676 1808; x_wconf 86' lang='lat' dir='ltr'><strong>concives</strong></span> <span class='ocrx_word' id='word_1_500' title='bbox 2702 1757 3020 1805; x_wconf 88' lang='lat' dir='ltr'><strong>sanctorum</strong></span> <span class='ocrx_word' id='word_1_501' title='bbox 3050 1754 3105 1804; x_wconf 91' lang='lat' dir='ltr'><strong>et</strong></span> <span class='ocrx_word' id='word_1_502' title='bbox 3142 1743 3476 1800; x_wconf 89' lang='lat' dir='ltr'><strong>domesticos</strong></span> <span class='ocrx_word' id='word_1_503' title='bbox 3505 1741 3629 1808; x_wconf 88' lang='lat' dir='ltr'><strong>Dei;</strong></span> <span class='ocrx_word' id='word_1_504' title='bbox 3663 1756 3762 1811; x_wconf 90' lang='lat' dir='ltr'><strong>pro</strong></span> 
     </span>
    </p>
   </div>
   <div class='ocr_carea' id='block_1_63' title="bbox 2181 1835 3760 1920">
    <p class='ocr_par' dir='ltr' id='par_1_63' title="bbox 2181 1835 3760 1920">
     <span class='ocr_line' id='line_1_63' title="bbox 2181 1835 3760 1920; baseline -0.012 -13"><span class='ocrx_word' id='word_1_505' title='bbox 2181 1851 2248 1906; x_wconf 91' lang='lat' dir='ltr'><strong>iis</strong></span> <span class='ocrx_word' id='word_1_506' title='bbox 2277 1865 2420 1920; x_wconf 67' lang='lat' dir='ltr'><strong>saepe</strong></span> <span class='ocrx_word' id='word_1_507' title='bbox 2463 1847 2718 1903; x_wconf 89' lang='lat' dir='ltr'><strong>ardenter</strong></span> <span class='ocrx_word' id='word_1_508' title='bbox 2764 1850 2908 1907; x_wconf 89' lang='lat' dir='ltr'><strong>orat,</strong></span> <span class='ocrx_word' id='word_1_509' title='bbox 2937 1841 3088 1910; x_wconf 89' lang='lat' dir='ltr'><strong>ipsos</strong></span> <span class='ocrx_word' id='word_1_510' title='bbox 3133 1840 3405 1901; x_wconf 86' lang='lat' dir='ltr'><strong>hortatur,</strong></span> <span class='ocrx_word' id='word_1_511' title='bbox 3432 1835 3760 1902; x_wconf 88' lang='lat' dir='ltr'><strong>obtestatur,</strong></span> 
     </span>
    </p>
   </div>
   <div class='ocr_carea' id='block_1_64' title="bbox 2180 1925 3761 2006">
    <p class='ocr_par' dir='ltr' id='par_1_64' title="bbox 2180 1925 3761 2006">
     <span class='ocr_line' id='line_1_64' title="bbox 2180 1925 3761 2006; baseline -0.01 -10"><span class='ocrx_word' id='word_1_512' title='bbox 2180 1942 2388 2006; x_wconf 82' lang='lat' dir='ltr'><strong>laudat,</strong></span> <span class='ocrx_word' id='word_1_513' title='bbox 2439 1953 2658 1993; x_wconf 88' lang='lat' dir='ltr'><strong>omnem</strong></span> <span class='ocrx_word' id='word_1_514' title='bbox 2704 1942 2945 2000; x_wconf 87' lang='lat' dir='ltr'><strong>aetatem,</strong></span> <span class='ocrx_word' id='word_1_515' title='bbox 2975 1940 3270 2000; x_wconf 89' lang='lat' dir='ltr'><strong>utrumque</strong></span> <span class='ocrx_word' id='word_1_516' title='bbox 3322 1942 3518 1983; x_wconf 85' lang='lat' dir='ltr'><strong>sexum</strong></span> <span class='ocrx_word' id='word_1_517' title='bbox 3569 1925 3761 1981; x_wconf 87' lang='lat' dir='ltr'><strong>sedulo</strong></span> 
     </span>
    </p>
   </div>
   <div class='ocr_carea' id='block_1_65' title="bbox 2179 2018 3762 2098">
    <p class='ocr_par' dir='ltr' id='par_1_65' title="bbox 2179 2018 3762 2098">
     <span class='ocr_line' id='line_1_65' title="bbox 2179 2018 3762 2098; baseline -0.011 -9"><span class='ocrx_word' id='word_1_518' title='bbox 2179 2033 2422 2098; x_wconf 89' lang='lat' dir='ltr'><strong>instruit,</strong></span> <span class='ocrx_word' id='word_1_519' title='bbox 2448 2045 2610 2086; x_wconf 89' lang='lat' dir='ltr'><strong>suum</strong></span> <span class='ocrx_word' id='word_1_520' title='bbox 2637 2043 2764 2098; x_wconf 74' lang='lat' dir='ltr'><strong>erga</strong></span> <span class='ocrx_word' id='word_1_521' title='bbox 2793 2042 2884 2081; x_wconf 89' lang='lat' dir='ltr'><strong>eos</strong></span> <span class='ocrx_word' id='word_1_522' title='bbox 2916 2021 3250 2093; x_wconf 76' lang='lat' dir='ltr'><strong>singularem</strong></span> <span class='ocrx_word' id='word_1_523' title='bbox 3281 2020 3533 2075; x_wconf 73' lang='lat' dir='ltr'><strong>affectum</strong></span> <span class='ocrx_word' id='word_1_524' title='bbox 3559 2018 3762 2088; x_wconf 87' lang='lat' dir='ltr'><strong>ubique</strong></span> 
     </span>
    </p>
   </div>
   <div class='ocr_carea' id='block_1_66' title="bbox 2177 2109 3762 2198">
    <p class='ocr_par' dir='ltr' id='par_1_66' title="bbox 2177 2109 3762 2198">
     <span class='ocr_line' id='line_1_66' title="bbox 2177 2109 3762 2198; baseline -0.013 -15"><span class='ocrx_word' id='word_1_525' title='bbox 2177 2127 2376 2198; x_wconf 83' lang='lat' dir='ltr'><strong>prodit.</strong></span> <span class='ocrx_word' id='word_1_526' title='bbox 2424 2122 2636 2194; x_wconf 83' lang='grc' dir='ltr'>Πολλῆς</span> <span class='ocrx_word' id='word_1_527' title='bbox 2669 2121 2777 2174; x_wconf 76' lang='grc' dir='ltr'>ἔδει</span> <span class='ocrx_word' id='word_1_528' title='bbox 2808 2117 2886 2188; x_wconf 84' lang='grc' dir='ltr'><strong>τῷ</strong></span> <span class='ocrx_word' id='word_1_529' title='bbox 2918 2115 3115 2187; x_wconf 82' lang='grc' dir='ltr'>Παύλῳ</span> <span class='ocrx_word' id='word_1_530' title='bbox 3157 2113 3394 2184; x_wconf 73' lang='grc' dir='ltr'>σπουδῆς</span> <span class='ocrx_word' id='word_1_531' title='bbox 3437 2111 3575 2185; x_wconf 71' lang='grc' dir='ltr'>πρὸς</span> <span class='ocrx_word' id='word_1_532' title='bbox 3617 2109 3762 2165; x_wconf 77' lang='grc' dir='ltr'><strong>ὲκεί-</strong></span> 
     </span>
    </p>
   </div>
   <div class='ocr_carea' id='block_1_67' title="bbox 2177 2208 3761 2289">
    <p class='ocr_par' dir='ltr' id='par_1_67' title="bbox 2177 2208 3761 2289">
     <span class='ocr_line' id='line_1_67' title="bbox 2177 2208 3761 2289; baseline -0.011 -15"><span class='ocrx_word' id='word_1_533' title='bbox 2177 2238 2300 2284; x_wconf 81' lang='grc' dir='ltr'>νους</span> <span class='ocrx_word' id='word_1_534' title='bbox 2345 2218 2638 2289; x_wconf 80' lang='grc' dir='ltr'>γράφοντι,</span> <span class='ocrx_word' id='word_1_535' title='bbox 2675 2212 2854 2284; x_wconf 89' lang='lat' dir='ltr'><strong>inquit</strong></span> <span class='ocrx_word' id='word_1_536' title='bbox 2905 2208 2964 2265; x_wconf 91' lang='lat' dir='ltr'><strong>S.</strong></span> <span class='ocrx_word' id='word_1_537' title='bbox 3012 2208 3461 2279; x_wconf 88' lang='lat' dir='ltr'><strong>Chrysostomus,</strong></span> <span class='ocrx_word' id='word_1_538' title='bbox 3511 2222 3532 2258; x_wconf 75' lang='grc' dir='ltr'><strong>ι</strong></span> <span class='ocrx_word' id='word_1_539' title='bbox 3564 2217 3761 2274; x_wconf 79' lang='lat' dir='ltr'><strong>magno</strong></span> 
     </span>
    </p>
   </div>
   <div class='ocr_carea' id='block_1_68' title="bbox 2177 2297 3761 2378">
    <p class='ocr_par' dir='ltr' id='par_1_68' title="bbox 2177 2297 3761 2378">
     <span class='ocr_line' id='line_1_68' title="bbox 2177 2297 3761 2378; baseline -0.013 -9"><span class='ocrx_word' id='word_1_540' title='bbox 2177 2329 2303 2370; x_wconf 91' lang='lat' dir='ltr'><strong>cum</strong></span> <span class='ocrx_word' id='word_1_541' title='bbox 2356 2311 2538 2366; x_wconf 88' lang='lat' dir='ltr'><strong>studio</strong></span> <span class='ocrx_word' id='word_1_542' title='bbox 2585 2309 2652 2364; x_wconf 90' lang='lat' dir='ltr'><strong>ad</strong></span> <span class='ocrx_word' id='word_1_543' title='bbox 2697 2305 2966 2378; x_wconf 87' lang='lat' dir='ltr'><strong>Ephesios</strong></span> <span class='ocrx_word' id='word_1_544' title='bbox 3017 2301 3226 2358; x_wconf 91' lang='lat' dir='ltr'><strong>scribit.</strong></span> <span class='ocrx_word' id='word_1_545' title='bbox 3253 2319 3271 2352; x_wconf 74' lang='grc' dir='ltr'><strong>ι</strong></span> <span class='ocrx_word' id='word_1_546' title='bbox 3303 2299 3535 2368; x_wconf 78' lang='grc' dir='ltr'>Λέγεται</span> <span class='ocrx_word' id='word_1_547' title='bbox 3566 2297 3623 2351; x_wconf 78' lang='grc' dir='ltr'>δὲ</span> <span class='ocrx_word' id='word_1_548' title='bbox 3665 2303 3761 2353; x_wconf 79' lang='grc' dir='ltr'>και</span> 
     </span>
    </p>
   </div>
   <div class='ocr_carea' id='block_1_69' title="bbox 2179 2390 3760 2478">
    <p class='ocr_par' dir='ltr' id='par_1_69' title="bbox 2179 2390 3760 2478">
     <span class='ocr_line' id='line_1_69' title="bbox 2179 2390 3760 2478; baseline -0.011 -18"><span class='ocrx_word' id='word_1_549' title='bbox 2179 2406 2452 2478; x_wconf 83' lang='grc' dir='ltr'>βαθύτερα</span> <span class='ocrx_word' id='word_1_550' title='bbox 2500 2401 2609 2456; x_wconf 83' lang='grc' dir='ltr'><strong>τῶν</strong></span> <span class='ocrx_word' id='word_1_551' title='bbox 2659 2400 2944 2472; x_wconf 82' lang='grc' dir='ltr'><strong>νοημάτων</strong></span> <span class='ocrx_word' id='word_1_552' title='bbox 2993 2397 3178 2458; x_wconf 77' lang='grc' dir='ltr'>αὐτοῖς</span> <span class='ocrx_word' id='word_1_553' title='bbox 3221 2390 3614 2465; x_wconf 80' lang='grc' dir='ltr'>ὲμπιστεῦσαι,</span> <span class='ocrx_word' id='word_1_554' title='bbox 3663 2391 3760 2444; x_wconf 77' lang='grc' dir='ltr'>ἅτε</span> 
     </span>
    </p>
   </div>
   <div class='ocr_carea' id='block_1_70' title="bbox 2176 2481 3764 2570">
    <p class='ocr_par' dir='ltr' id='par_1_70' title="bbox 2176 2481 3764 2570">
     <span class='ocr_line' id='line_1_70' title="bbox 2176 2481 3764 2570; baseline -0.011 -19"><span class='ocrx_word' id='word_1_555' title='bbox 2176 2499 2278 2570; x_wconf 72' lang='grc' dir='ltr'><strong>ἢδη</strong></span> <span class='ocrx_word' id='word_1_556' title='bbox 2311 2494 2731 2566; x_wconf 77' lang='grc' dir='ltr'>κατηχημένοις.</span> <span class='ocrx_word' id='word_1_557' title='bbox 2770 2510 2790 2542; x_wconf 87' lang='grc'><strong>‹</strong></span> <span class='ocrx_word' id='word_1_558' title='bbox 2829 2489 3038 2545; x_wconf 88' lang='lat' dir='ltr'><strong>Dicitur</strong></span> <span class='ocrx_word' id='word_1_559' title='bbox 3083 2494 3263 2543; x_wconf 88' lang='lat' dir='ltr'><strong>autem</strong></span> <span class='ocrx_word' id='word_1_560' title='bbox 3306 2493 3362 2539; x_wconf 91' lang='lat' dir='ltr'><strong>et</strong></span> <span class='ocrx_word' id='word_1_561' title='bbox 3392 2481 3764 2553; x_wconf 79' lang='lat' dir='ltr'><strong>profundissi-</strong></span> 
     </span>
    </p>
   </div>
   <div class='ocr_carea' id='block_1_71' title="bbox 2177 2571 3764 2655">
    <p class='ocr_par' dir='ltr' id='par_1_71' title="bbox 2177 2571 3764 2655">
     <span class='ocr_line' id='line_1_71' title="bbox 2177 2571 3764 2655; baseline -0.011 -12"><span class='ocrx_word' id='word_1_562' title='bbox 2177 2604 2302 2643; x_wconf 87' lang='lat' dir='ltr'><strong>mos</strong></span> <span class='ocrx_word' id='word_1_563' title='bbox 2348 2595 2645 2655; x_wconf 89' lang='lat' dir='ltr'><strong>conceptus</strong></span> <span class='ocrx_word' id='word_1_564' title='bbox 2677 2583 2742 2638; x_wconf 90' lang='lat' dir='ltr'><strong>iis</strong></span> <span class='ocrx_word' id='word_1_565' title='bbox 2772 2578 3199 2643; x_wconf 86' lang='lat' dir='ltr'><strong>concredidisse,</strong></span> <span class='ocrx_word' id='word_1_566' title='bbox 3227 2575 3376 2646; x_wconf 91' lang='lat' dir='ltr'><strong>quod</strong></span> <span class='ocrx_word' id='word_1_567' title='bbox 3405 2574 3520 2644; x_wconf 90' lang='lat' dir='ltr'><strong>jam</strong></span> <span class='ocrx_word' id='word_1_568' title='bbox 3557 2571 3764 2628; x_wconf 78' lang='lat' dir='ltr'><strong>fuerint</strong></span> 
     </span>
    </p>
   </div>
   <div class='ocr_carea' id='block_1_72' title="bbox 2179 2668 3761 2752">
    <p class='ocr_par' dir='ltr' id='par_1_72' title="bbox 2179 2668 3761 2752">
     <span class='ocr_line' id='line_1_72' title="bbox 2179 2668 3761 2752; baseline -0.012 -14"><span class='ocrx_word' id='word_1_569' title='bbox 2179 2684 2246 2738; x_wconf 90' lang='lat' dir='ltr'><strong>ab</strong></span> <span class='ocrx_word' id='word_1_570' title='bbox 2277 2683 2398 2752; x_wconf 89' lang='lat' dir='ltr'><strong>ipso</strong></span> <span class='ocrx_word' id='word_1_571' title='bbox 2420 2679 2676 2744; x_wconf 89' lang='lat' dir='ltr'><strong>instituti,</strong></span> <span class='ocrx_word' id='word_1_572' title='bbox 2700 2697 2718 2728; x_wconf 74' lang='grc' dir='ltr'><strong>ι</strong></span> <span class='ocrx_word' id='word_1_573' title='bbox 2740 2685 2794 2731; x_wconf 90' lang='lat' dir='ltr'><strong>et</strong></span> <span class='ocrx_word' id='word_1_574' title='bbox 2813 2689 2937 2730; x_wconf 90' lang='lat' dir='ltr'><strong>cum</strong></span> <span class='ocrx_word' id='word_1_575' title='bbox 2956 2673 3024 2727; x_wconf 90' lang='lat' dir='ltr'><strong>iis</strong></span> <span class='ocrx_word' id='word_1_576' title='bbox 3045 2671 3398 2726; x_wconf 86' lang='lat' dir='ltr'><strong>Timotheum</strong></span> <span class='ocrx_word' id='word_1_577' title='bbox 3428 2668 3761 2738; x_wconf 86' lang='lat' dir='ltr'><strong>reliquisset,</strong></span> 
     </span>
    </p>
   </div>
   <div class='ocr_carea' id='block_1_73' title="bbox 2180 2757 3760 2836">
    <p class='ocr_par' dir='ltr' id='par_1_73' title="bbox 2180 2757 3760 2836">
     <span class='ocr_line' id='line_1_73' title="bbox 2180 2757 3760 2836; baseline -0.009 -12"><span class='ocrx_word' id='word_1_578' title='bbox 2180 2772 2322 2826; x_wconf 85' lang='lat' dir='ltr'><strong>unde</strong></span> <span class='ocrx_word' id='word_1_579' title='bbox 2348 2784 2442 2823; x_wconf 92' lang='lat' dir='ltr'><strong>eos</strong></span> <span class='ocrx_word' id='word_1_580' title='bbox 2465 2766 2680 2820; x_wconf 84' lang='grc' dir='ltr'>Παύλου</span> <span class='ocrx_word' id='word_1_581' title='bbox 2718 2763 3044 2836; x_wconf 85' lang='grc' dir='ltr'>συμμύστας</span> <span class='ocrx_word' id='word_1_582' title='bbox 3068 2768 3225 2815; x_wconf 91' lang='lat' dir='ltr'><strong>vocat</strong></span> <span class='ocrx_word' id='word_1_583' title='bbox 3247 2758 3508 2830; x_wconf 81' lang='lat' dir='ltr'><strong>lgnatius,</strong></span> <span class='ocrx_word' id='word_1_584' title='bbox 3536 2757 3760 2827; x_wconf 89' lang='lat' dir='ltr'><strong>quibus,</strong></span> 
     </span>
    </p>
   </div>
   <div class='ocr_carea' id='block_1_74' title="bbox 2178 2846 3764 2921">
    <p class='ocr_par' dir='ltr' id='par_1_74' title="bbox 2178 2846 3764 2921">
     <span class='ocr_line' id='line_1_74' title="bbox 2178 2846 3764 2921; baseline -0.01 -4"><span class='ocrx_word' id='word_1_585' title='bbox 2178 2861 2388 2917; x_wconf 89' lang='lat' dir='ltr'><strong>scilicet</strong></span> <span class='ocrx_word' id='word_1_586' title='bbox 2420 2861 2510 2914; x_wconf 91' lang='lat' dir='ltr'><strong>ille</strong></span> <span class='ocrx_word' id='word_1_587' title='bbox 2543 2867 2720 2914; x_wconf 91' lang='lat' dir='ltr'><strong>totum</strong></span> <span class='ocrx_word' id='word_1_588' title='bbox 2771 2853 3065 2910; x_wconf 87' lang='lat' dir='ltr'><strong>consilium</strong></span> <span class='ocrx_word' id='word_1_589' title='bbox 3100 2850 3198 2906; x_wconf 88' lang='lat' dir='ltr'><strong>Dei</strong></span> <span class='ocrx_word' id='word_1_590' title='bbox 3232 2850 3602 2921; x_wconf 77' lang='lat' dir='ltr'><strong>patefecisset.</strong></span> <span class='ocrx_word' id='word_1_591' title='bbox 3638 2846 3764 2903; x_wconf 83' lang='lat' dir='ltr'><strong>Ori-</strong></span> 
     </span>
    </p>
   </div>
   <div class='ocr_carea' id='block_1_75' title="bbox 2179 2942 3763 3028">
    <p class='ocr_par' dir='ltr' id='par_1_75' title="bbox 2179 2942 3763 3028">
     <span class='ocr_line' id='line_1_75' title="bbox 2179 2942 3763 3028; baseline -0.009 -17"><span class='ocrx_word' id='word_1_592' title='bbox 2179 2972 2342 3028; x_wconf 83' lang='lat' dir='ltr'><strong>genes</strong></span> <span class='ocrx_word' id='word_1_593' title='bbox 2359 2953 2582 3009; x_wconf 90' lang='lat' dir='ltr'><strong>homilia</strong></span> <span class='ocrx_word' id='word_1_594' title='bbox 2606 2952 2696 3019; x_wconf 81' lang='grc'><strong>15,</strong></span> <span class='ocrx_word' id='word_1_595' title='bbox 2713 2965 2973 3022; x_wconf 83' lang='lat' dir='ltr'><strong>magnum</strong></span> <span class='ocrx_word' id='word_1_596' title='bbox 2999 2949 3256 3003; x_wconf 86' lang='lat' dir='ltr'><strong>observat</strong></span> <span class='ocrx_word' id='word_1_597' title='bbox 3280 2945 3423 3000; x_wconf 89' lang='lat' dir='ltr'><strong>inter</strong></span> <span class='ocrx_word' id='word_1_598' title='bbox 3443 2942 3763 2999; x_wconf 89' lang='lat' dir='ltr'><strong>Corinthios</strong></span> 
     </span>
    </p>
   </div>
   <div class='ocr_carea' id='block_1_76' title="bbox 2177 3033 3764 3118">
    <p class='ocr_par' dir='ltr' id='par_1_76' title="bbox 2177 3033 3764 3118">
     <span class='ocr_line' id='line_1_76' title="bbox 2177 3033 3764 3118; baseline -0.009 -15"><span class='ocrx_word' id='word_1_599' title='bbox 2177 3057 2231 3103; x_wconf 89' lang='lat' dir='ltr'><strong>et</strong></span> <span class='ocrx_word' id='word_1_600' title='bbox 2261 3046 2530 3118; x_wconf 89' lang='lat' dir='ltr'><strong>Ephesios</strong></span> <span class='ocrx_word' id='word_1_601' title='bbox 2571 3044 2870 3100; x_wconf 89' lang='lat' dir='ltr'><strong>discrimen</strong></span> <span class='ocrx_word' id='word_1_602' title='bbox 2901 3060 2914 3094; x_wconf 92' lang='lat'>:</span> <span class='ocrx_word' id='word_1_603' title='bbox 2945 3060 2962 3093; x_wconf 80' lang='grc' dir='ltr'><strong>ι</strong></span> <span class='ocrx_word' id='word_1_604' title='bbox 2994 3039 3130 3095; x_wconf 92' lang='lat' dir='ltr'><strong>Vide</strong></span> <span class='ocrx_word' id='word_1_605' title='bbox 3163 3035 3443 3109; x_wconf 88' lang='lat' dir='ltr'><strong>quomodo</strong></span> <span class='ocrx_word' id='word_1_606' title='bbox 3467 3035 3535 3090; x_wconf 94' lang='lat' dir='ltr'><strong>ad</strong></span> <span class='ocrx_word' id='word_1_607' title='bbox 3566 3033 3764 3089; x_wconf 89' lang='lat' dir='ltr'><strong>Corin-</strong></span> 
     </span>
    </p>
   </div>
   <div class='ocr_carea' id='block_1_77' title="bbox 2179 3129 3757 3212">
    <p class='ocr_par' dir='ltr' id='par_1_77' title="bbox 2179 3129 3757 3212">
     <span class='ocr_line' id='line_1_77' title="bbox 2179 3129 3757 3212; baseline -0.008 -17"><span class='ocrx_word' id='word_1_608' title='bbox 2179 3141 2324 3212; x_wconf 85' lang='lat' dir='ltr'><strong>thios</strong></span> <span class='ocrx_word' id='word_1_609' title='bbox 2358 3139 2563 3194; x_wconf 87' lang='lat' dir='ltr'><strong>Paulus</strong></span> <span class='ocrx_word' id='word_1_610' title='bbox 2592 3136 2866 3206; x_wconf 89' lang='lat' dir='ltr'><strong>loquitur:</strong></span> <span class='ocrx_word' id='word_1_611' title='bbox 2887 3133 3054 3188; x_wconf 89' lang='lat' dir='ltr'><strong>Lacte</strong></span> <span class='ocrx_word' id='word_1_612' title='bbox 3080 3148 3180 3187; x_wconf 87' lang='lat' dir='ltr'><strong>vos</strong></span> <span class='ocrx_word' id='word_1_613' title='bbox 3212 3130 3420 3202; x_wconf 91' lang='lat' dir='ltr'><strong>potavi,</strong></span> <span class='ocrx_word' id='word_1_614' title='bbox 3451 3145 3562 3184; x_wconf 91' lang='lat' dir='ltr'><strong>non</strong></span> <span class='ocrx_word' id='word_1_615' title='bbox 3591 3129 3716 3183; x_wconf 87' lang='lat' dir='ltr'><strong>cibo</strong></span> <span class='ocrx_word' id='word_1_616' title='bbox 3740 3147 3757 3183; x_wconf 85' lang='lat'><strong>:</strong></span> 
     </span>
    </p>
   </div>
   <div class='ocr_carea' id='block_1_78' title="bbox 2181 3223 3758 3302">
    <p class='ocr_par' dir='ltr' id='par_1_78' title="bbox 2181 3223 3758 3302">
     <span class='ocr_line' id='line_1_78' title="bbox 2181 3223 3758 3302; baseline -0.006 -15"><span class='ocrx_word' id='word_1_617' title='bbox 2181 3235 2402 3288; x_wconf 85' lang='lat' dir='ltr'><strong>necdum</strong></span> <span class='ocrx_word' id='word_1_618' title='bbox 2429 3234 2567 3288; x_wconf 77' lang='lat' dir='ltr'><strong>enim</strong></span> <span class='ocrx_word' id='word_1_619' title='bbox 2602 3233 2890 3302; x_wconf 74' lang='lat' dir='ltr'><strong>poteratis;</strong></span> <span class='ocrx_word' id='word_1_620' title='bbox 2921 3230 3011 3284; x_wconf 82' lang='lat' dir='ltr'><strong>sed</strong></span> <span class='ocrx_word' id='word_1_621' title='bbox 3055 3245 3216 3299; x_wconf 86' lang='lat' dir='ltr'><strong>neque</strong></span> <span class='ocrx_word' id='word_1_622' title='bbox 3262 3243 3398 3282; x_wconf 84' lang='lat' dir='ltr'><strong>nunc</strong></span> <span class='ocrx_word' id='word_1_623' title='bbox 3437 3225 3657 3296; x_wconf 79' lang='lat' dir='ltr'><strong>potestis</strong></span> <span class='ocrx_word' id='word_1_624' title='bbox 3691 3223 3758 3277; x_wconf 78' lang='lat'><strong>”.</strong></span> 
     </span>
    </p>
   </div>
   <div class='ocr_carea' id='block_1_79' title="bbox 2179 3319 3765 3397">
    <p class='ocr_par' dir='ltr' id='par_1_79' title="bbox 2179 3319 3765 3397">
     <span class='ocr_line' id='line_1_79' title="bbox 2179 3319 3765 3397; baseline -0.006 -17"><span class='ocrx_word' id='word_1_625' title='bbox 2179 3326 2247 3380; x_wconf 90' lang='lat' dir='ltr'><strong>Et</strong></span> <span class='ocrx_word' id='word_1_626' title='bbox 2297 3327 2425 3397; x_wconf 90' lang='lat' dir='ltr'><strong>quia</strong></span> <span class='ocrx_word' id='word_1_627' title='bbox 2471 3326 2608 3380; x_wconf 88' lang='lat' dir='ltr'><strong>lacte</strong></span> <span class='ocrx_word' id='word_1_628' title='bbox 2659 3324 2838 3381; x_wconf 89' lang='lat' dir='ltr'><strong>adhuc</strong></span> <span class='ocrx_word' id='word_1_629' title='bbox 2888 3322 3233 3393; x_wconf 74' lang='lat' dir='ltr'><strong>indigebant,</strong></span> <span class='ocrx_word' id='word_1_630' title='bbox 3269 3337 3333 3376; x_wconf 92' lang='lat' dir='ltr'><strong>ea</strong></span> <span class='ocrx_word' id='word_1_631' title='bbox 3376 3319 3598 3375; x_wconf 84' lang='lat' dir='ltr'><strong>discunt</strong></span> <span class='ocrx_word' id='word_1_632' title='bbox 3638 3332 3765 3388; x_wconf 75' lang='lat' dir='ltr'><strong>qua:</strong></span> 
     </span>
    </p>
   </div>
   <div class='ocr_carea' id='block_1_80' title="bbox 2178 3410 3765 3486">
    <p class='ocr_par' dir='ltr' id='par_1_80' title="bbox 2178 3410 3765 3486">
     <span class='ocr_line' id='line_1_80' title="bbox 2178 3410 3765 3486; baseline -0.008 -14"><span class='ocrx_word' id='word_1_633' title='bbox 2178 3419 2390 3472; x_wconf 89' lang='lat' dir='ltr'><strong>discere</strong></span> <span class='ocrx_word' id='word_1_634' title='bbox 2423 3416 2633 3486; x_wconf 81' lang='lat' dir='ltr'><strong>parvuli</strong></span> <span class='ocrx_word' id='word_1_635' title='bbox 2685 3415 2864 3471; x_wconf 88' lang='lat' dir='ltr'><strong>solent</strong></span> <span class='ocrx_word' id='word_1_636' title='bbox 2903 3433 2918 3469; x_wconf 88' lang='lat'><strong>:</strong></span> <span class='ocrx_word' id='word_1_637' title='bbox 2963 3413 3170 3467; x_wconf 87' lang='lat' dir='ltr'><strong>Bonum</strong></span> <span class='ocrx_word' id='word_1_638' title='bbox 3214 3422 3293 3467; x_wconf 82' lang='lat' dir='ltr'><strong>est</strong></span> <span class='ocrx_word' id='word_1_639' title='bbox 3347 3410 3621 3465; x_wconf 80' lang='lat' dir='ltr'><strong>mulierem</strong></span> <span class='ocrx_word' id='word_1_640' title='bbox 3656 3424 3765 3461; x_wconf 83' lang='lat' dir='ltr'><strong>non</strong></span> 
     </span>
    </p>
   </div>
   <div class='ocr_carea' id='block_1_81' title="bbox 2181 3501 3764 3581">
    <p class='ocr_par' dir='ltr' id='par_1_81' title="bbox 2181 3501 3764 3581">
     <span class='ocr_line' id='line_1_81' title="bbox 2181 3501 3764 3581; baseline -0.006 -16"><span class='ocrx_word' id='word_1_641' title='bbox 2181 3523 2394 3581; x_wconf 76' lang='lat' dir='ltr'><strong>tangere</strong></span> <span class='ocrx_word' id='word_1_642' title='bbox 2429 3526 2447 3563; x_wconf 91' lang='lat'><em>:</em></span> <span class='ocrx_word' id='word_1_643' title='bbox 2483 3519 2696 3579; x_wconf 80' lang='lat' dir='ltr'><strong>propter</strong></span> <span class='ocrx_word' id='word_1_644' title='bbox 2733 3508 3139 3578; x_wconf 80' lang='lat' dir='ltr'><strong>fornicationem</strong></span> <span class='ocrx_word' id='word_1_645' title='bbox 3179 3515 3356 3560; x_wconf 87' lang='lat' dir='ltr'><strong>autem</strong></span> <span class='ocrx_word' id='word_1_646' title='bbox 3386 3504 3454 3571; x_wconf 69' lang='lat'><strong>‘°,</strong></span> <span class='ocrx_word' id='word_1_647' title='bbox 3475 3513 3580 3558; x_wconf 88' lang='lat' dir='ltr'><strong>etc.</strong></span> <span class='ocrx_word' id='word_1_648' title='bbox 3617 3501 3764 3556; x_wconf 82' lang='lat' dir='ltr'><strong>Rur-</strong></span> 
     </span>
    </p>
   </div>
   <div class='ocr_carea' id='block_1_82' title="bbox 2178 3591 3761 3669">
    <p class='ocr_par' dir='ltr' id='par_1_82' title="bbox 2178 3591 3761 3669">
     <span class='ocr_line' id='line_1_82' title="bbox 2178 3591 3761 3669; baseline -0.004 -15"><span class='ocrx_word' id='word_1_649' title='bbox 2178 3615 2410 3669; x_wconf 87' lang='lat' dir='ltr'><strong>sumque</strong></span> <span class='ocrx_word' id='word_1_650' title='bbox 2445 3599 2828 3664; x_wconf 88' lang='lat' dir='ltr'><strong>institnuntur,</strong></span> <span class='ocrx_word' id='word_1_651' title='bbox 2865 3612 2932 3652; x_wconf 85' lang='lat' dir='ltr'><strong>ne</strong></span> <span class='ocrx_word' id='word_1_652' title='bbox 2958 3596 3259 3667; x_wconf 70' lang='lat' dir='ltr'><strong>idolorhyta</strong></span> <span class='ocrx_word' id='word_1_653' title='bbox 3302 3595 3614 3651; x_wconf 89' lang='lat' dir='ltr'><strong>comedant.</strong></span> <span class='ocrx_word' id='word_1_654' title='bbox 3651 3591 3761 3648; x_wconf 81' lang='lat' dir='ltr'><strong>Ista</strong></span> 
     </span>
    </p>
   </div>
   <div class='ocr_carea' id='block_1_83' title="bbox 2179 3685 3762 3761">
    <p class='ocr_par' dir='ltr' id='par_1_83' title="bbox 2179 3685 3762 3761">
     <span class='ocr_line' id='line_1_83' title="bbox 2179 3685 3762 3761; baseline -0.006 -15"><span class='ocrx_word' id='word_1_655' title='bbox 2179 3694 2359 3747; x_wconf 87' lang='lat' dir='ltr'><strong>omnis</strong></span> <span class='ocrx_word' id='word_1_656' title='bbox 2402 3691 2650 3746; x_wconf 89' lang='lat' dir='ltr'><strong>doctrina</strong></span> <span class='ocrx_word' id='word_1_657' title='bbox 2680 3690 2780 3761; x_wconf 43' lang='lat' dir='ltr'><strong>.lac</strong></span> <span class='ocrx_word' id='word_1_658' title='bbox 2820 3689 3175 3759; x_wconf 89' lang='lat' dir='ltr'><strong>parvulorum</strong></span> <span class='ocrx_word' id='word_1_659' title='bbox 3223 3698 3341 3754; x_wconf 90' lang='lat' dir='ltr'><strong>est,</strong></span> <span class='ocrx_word' id='word_1_660' title='bbox 3373 3695 3430 3742; x_wconf 90' lang='lat' dir='ltr'><strong>et</strong></span> <span class='ocrx_word' id='word_1_661' title='bbox 3462 3686 3640 3741; x_wconf 89' lang='lat' dir='ltr'><strong>adhuc</strong></span> <span class='ocrx_word' id='word_1_662' title='bbox 3674 3685 3762 3738; x_wconf 90' lang='lat' dir='ltr'><strong>in-</strong></span> 
     </span>
    </p>
   </div>
   <div class='ocr_carea' id='block_1_84' title="bbox 2176 3779 3760 3851">
    <p class='ocr_par' dir='ltr' id='par_1_84' title="bbox 2176 3779 3760 3851">
     <span class='ocr_line' id='line_1_84' title="bbox 2176 3779 3760 3851; baseline -0.004 -15"><span class='ocrx_word' id='word_1_663' title='bbox 2176 3783 2407 3839; x_wconf 83' lang='lat' dir='ltr'><strong>fantium</strong></span> <span class='ocrx_word' id='word_1_664' title='bbox 2434 3783 2487 3837; x_wconf 91' lang='lat' dir='ltr'><strong>in</strong></span> <span class='ocrx_word' id='word_1_665' title='bbox 2511 3783 2751 3838; x_wconf 88' lang='lat' dir='ltr'><strong>Christo.</strong></span> <span class='ocrx_word' id='word_1_666' title='bbox 2787 3781 3018 3849; x_wconf 83' lang='lat' dir='ltr'><strong>Quando</strong></span> <span class='ocrx_word' id='word_1_667' title='bbox 3040 3796 3170 3837; x_wconf 83' lang='lat' dir='ltr'><strong>vero</strong></span> <span class='ocrx_word' id='word_1_668' title='bbox 3193 3779 3444 3851; x_wconf 90' lang='lat' dir='ltr'><strong>Ephesiis</strong></span> <span class='ocrx_word' id='word_1_669' title='bbox 3473 3779 3760 3842; x_wconf 88' lang='lat' dir='ltr'><strong>scribitur,</strong></span> 
     </span>
    </p>
   </div>
   <div class='ocr_carea' id='block_1_85' title="bbox 2176 3871 3762 3948">
    <p class='ocr_par' dir='ltr' id='par_1_85' title="bbox 2176 3871 3762 3948">
     <span class='ocr_line' id='line_1_85' title="bbox 2176 3871 3762 3948; baseline -0.006 -13"><span class='ocrx_word' id='word_1_670' title='bbox 2176 3879 2412 3935; x_wconf 90' lang='lat' dir='ltr'><strong>solidum</strong></span> <span class='ocrx_word' id='word_1_671' title='bbox 2459 3878 2567 3932; x_wconf 89' lang='lat' dir='ltr'><strong>illis</strong></span> <span class='ocrx_word' id='word_1_672' title='bbox 2616 3877 2820 3948; x_wconf 63' lang='lat' dir='ltr'><strong>praebet</strong></span> <span class='ocrx_word' id='word_1_673' title='bbox 2865 3875 3070 3930; x_wconf 91' lang='lat' dir='ltr'><strong>cibum.</strong></span> <span class='ocrx_word' id='word_1_674' title='bbox 3111 3873 3234 3930; x_wconf 91' lang='lat' dir='ltr'><strong>Non</strong></span> <span class='ocrx_word' id='word_1_675' title='bbox 3289 3874 3512 3928; x_wconf 89' lang='lat' dir='ltr'><strong>auditur</strong></span> <span class='ocrx_word' id='word_1_676' title='bbox 3556 3871 3762 3942; x_wconf 70' lang='lat' dir='ltr'><strong>quippe</strong></span> 
     </span>
    </p>
   </div>
   <div class='ocr_carea' id='block_1_86' title="bbox 2177 3964 3761 4042">
    <p class='ocr_par' dir='ltr' id='par_1_86' title="bbox 2177 3964 3761 4042">
     <span class='ocr_line' id='line_1_86' title="bbox 2177 3964 3761 4042; baseline -0.004 -16"><span class='ocrx_word' id='word_1_677' title='bbox 2177 3973 2230 4026; x_wconf 90' lang='lat' dir='ltr'><strong>in</strong></span> <span class='ocrx_word' id='word_1_678' title='bbox 2267 3972 2484 4042; x_wconf 83' lang='lat' dir='ltr'><strong>Epheso</strong></span> <span class='ocrx_word' id='word_1_679' title='bbox 2532 3970 2851 4036; x_wconf 84' lang='lat' dir='ltr'><strong>fornicatio;</strong></span> <span class='ocrx_word' id='word_1_680' title='bbox 2888 3983 2995 4022; x_wconf 89' lang='lat' dir='ltr'><strong>non</strong></span> <span class='ocrx_word' id='word_1_681' title='bbox 3030 3969 3250 4024; x_wconf 88' lang='lat' dir='ltr'><strong>auditur</strong></span> <span class='ocrx_word' id='word_1_682' title='bbox 3295 3967 3352 4022; x_wconf 89' lang='lat' dir='ltr'><strong>in</strong></span> <span class='ocrx_word' id='word_1_683' title='bbox 3391 3964 3607 4036; x_wconf 85' lang='lat' dir='ltr'><strong>Epheso</strong></span> <span class='ocrx_word' id='word_1_684' title='bbox 3639 3964 3761 4020; x_wconf 83' lang='lat' dir='ltr'><strong>ido-</strong></span> 
     </span>
    </p>
   </div>
   <div class='ocr_carea' id='block_1_87' title="bbox 2177 4063 3185 4132">
    <p class='ocr_par' dir='ltr' id='par_1_87' title="bbox 2177 4063 3185 4132">
     <span class='ocr_line' id='line_1_87' title="bbox 2177 4063 3185 4132; baseline -0.006 -14"><span class='ocrx_word' id='word_1_685' title='bbox 2177 4063 2416 4128; x_wconf 86' lang='lat' dir='ltr'><strong>lolatria,</strong></span> <span class='ocrx_word' id='word_1_686' title='bbox 2440 4073 2492 4119; x_wconf 89' lang='lat' dir='ltr'><strong>et</strong></span> <span class='ocrx_word' id='word_1_687' title='bbox 2516 4079 2645 4118; x_wconf 92' lang='lat' dir='ltr'><strong>esus</strong></span> <span class='ocrx_word' id='word_1_688' title='bbox 2678 4063 3125 4132; x_wconf 78' lang='lat' dir='ltr'><strong>idolothytorum.</strong></span> <span class='ocrx_word' id='word_1_689' title='bbox 3166 4081 3185 4112; x_wconf 71' lang='grc' dir='ltr'><strong>ι</strong></span> 
     </span>
    </p>
   </div>
   <div class='ocr_carea' id='block_1_88' title="bbox 2247 4151 3758 4226">
    <p class='ocr_par' dir='ltr' id='par_1_88' title="bbox 2247 4151 3758 4226">
     <span class='ocr_line' id='line_1_88' title="bbox 2247 4151 3758 4226; baseline -0.004 -14"><span class='ocrx_word' id='word_1_690' title='bbox 2247 4157 2384 4212; x_wconf 85' lang='lat' dir='ltr'><strong>Mira</strong></span> <span class='ocrx_word' id='word_1_691' title='bbox 2427 4166 2554 4214; x_wconf 88' lang='lat' dir='ltr'><strong>sunt.</strong></span> <span class='ocrx_word' id='word_1_692' title='bbox 2585 4173 2708 4226; x_wconf 77' lang='lat' dir='ltr'><strong>qua:</strong></span> <span class='ocrx_word' id='word_1_693' title='bbox 2739 4155 2829 4210; x_wconf 89' lang='lat' dir='ltr'><strong>hic</strong></span> <span class='ocrx_word' id='word_1_694' title='bbox 2861 4155 2929 4210; x_wconf 92' lang='lat' dir='ltr'><strong>de</strong></span> <span class='ocrx_word' id='word_1_695' title='bbox 2967 4155 3355 4224; x_wconf 79' lang='lat' dir='ltr'><strong>interpolatore</strong></span> <span class='ocrx_word' id='word_1_696' title='bbox 3383 4151 3758 4210; x_wconf 87' lang='lat' dir='ltr'><strong>comminisci-</strong></span> 
     </span>
    </p>
   </div>
   <div class='ocr_carea' id='block_1_89' title="bbox 2177 4243 3753 4322">
    <p class='ocr_par' dir='ltr' id='par_1_89' title="bbox 2177 4243 3753 4322">
     <span class='ocr_line' id='line_1_89' title="bbox 2177 4243 3753 4322; baseline -0.004 -18"><span class='ocrx_word' id='word_1_697' title='bbox 2177 4259 2264 4322; x_wconf 87' lang='lat' dir='ltr'><strong>tur</strong></span> <span class='ocrx_word' id='word_1_698' title='bbox 2313 4248 2568 4304; x_wconf 69' lang='lat' dir='ltr'><strong>Dallzcus.</strong></span> <span class='ocrx_word' id='word_1_699' title='bbox 2620 4246 2715 4303; x_wconf 88' lang='lat' dir='ltr'><strong>Ille</strong></span> <span class='ocrx_word' id='word_1_700' title='bbox 2759 4246 2933 4313; x_wconf 90' lang='lat' dir='ltr'><strong>enim,</strong></span> <span class='ocrx_word' id='word_1_701' title='bbox 2968 4245 3182 4314; x_wconf 87' lang='lat' dir='ltr'><strong>inquit,</strong></span> <span class='ocrx_word' id='word_1_702' title='bbox 3211 4245 3342 4316; x_wconf 88' lang='lat' dir='ltr'><strong>quia</strong></span> <span class='ocrx_word' id='word_1_703' title='bbox 3392 4243 3753 4314; x_wconf 85' lang='lat' dir='ltr'><strong>Ephesiorum</strong></span> 
     </span>
    </p>
   </div>
   <div class='ocr_carea' id='block_1_90' title="bbox 2175 4336 3751 4408">
    <p class='ocr_par' dir='ltr' id='par_1_90' title="bbox 2175 4336 3751 4408">
     <span class='ocr_line' id='line_1_90' title="bbox 2175 4336 3751 4408; baseline -0.003 -14"><span class='ocrx_word' id='word_1_704' title='bbox 2175 4340 2374 4395; x_wconf 79' lang='lat' dir='ltr'><strong>[actam</strong></span> <span class='ocrx_word' id='word_1_705' title='bbox 2419 4341 2474 4394; x_wconf 91' lang='lat' dir='ltr'><strong>in</strong></span> <span class='ocrx_word' id='word_1_706' title='bbox 2509 4339 2660 4394; x_wconf 90' lang='lat' dir='ltr'><strong>omni</strong></span> <span class='ocrx_word' id='word_1_707' title='bbox 2692 4338 2924 4408; x_wconf 77' lang='lat' dir='ltr'><strong>epistola</strong></span> <span class='ocrx_word' id='word_1_708' title='bbox 2949 4353 2978 4392; x_wconf 89' lang='lat' dir='ltr'><strong>a</strong></span> <span class='ocrx_word' id='word_1_709' title='bbox 3011 4337 3182 4392; x_wconf 85' lang='lat' dir='ltr'><strong>Paulo</strong></span> <span class='ocrx_word' id='word_1_710' title='bbox 3215 4336 3547 4392; x_wconf 87' lang='lat' dir='ltr'><strong>mentionem</strong></span> <span class='ocrx_word' id='word_1_711' title='bbox 3593 4351 3751 4405; x_wconf 84' lang='lat' dir='ltr'><strong>repe—</strong></span> 
     </span>
    </p>
   </div>
   <div class='ocr_carea' id='block_1_91' title="bbox 2175 4428 3753 4502">
    <p class='ocr_par' dir='ltr' id='par_1_91' title="bbox 2175 4428 3753 4502">
     <span class='ocr_line' id='line_1_91' title="bbox 2175 4428 3753 4502; baseline -0.002 -15"><span class='ocrx_word' id='word_1_712' title='bbox 2175 4434 2376 4500; x_wconf 86' lang='lat' dir='ltr'><strong>riebat,</strong></span> <span class='ocrx_word' id='word_1_713' title='bbox 2411 4448 2511 4502; x_wconf 87' lang='lat' dir='ltr'><strong>pro</strong></span> <span class='ocrx_word' id='word_1_714' title='bbox 2558 4431 2722 4498; x_wconf 78' lang='lat' dir='ltr'><strong>vobis,</strong></span> <span class='ocrx_word' id='word_1_715' title='bbox 2767 4447 2893 4496; x_wconf 82' lang='lat' dir='ltr'><strong>nos;</strong></span> <span class='ocrx_word' id='word_1_716' title='bbox 2934 4445 3034 4500; x_wconf 89' lang='lat' dir='ltr'><strong>pro</strong></span> <span class='ocrx_word' id='word_1_717' title='bbox 3077 4429 3326 4500; x_wconf 73' lang='lat' dir='ltr'><strong>epistola,</strong></span> <span class='ocrx_word' id='word_1_718' title='bbox 3366 4431 3633 4484; x_wconf 79' lang='lat' dir='ltr'><strong>orationes</strong></span> <span class='ocrx_word' id='word_1_719' title='bbox 3671 4428 3753 4485; x_wconf 83' lang='lat' dir='ltr'><strong>sic</strong></span> 
     </span>
    </p>
   </div>
   <div class='ocr_carea' id='block_1_92' title="bbox 479 4515 2072 4595">
    <p class='ocr_par' dir='ltr' id='par_1_92' title="bbox 479 4515 2064 4589">
     <span class='ocr_line' id='line_1_92' title="bbox 479 4515 2064 4589; baseline 0.008 -21"><span class='ocrx_word' id='word_1_720' title='bbox 479 4515 622 4588; x_wconf 71' lang='grc' dir='ltr'>ψυχῇ</span> <span class='ocrx_word' id='word_1_721' title='bbox 659 4519 1002 4589; x_wconf 81' lang='grc' dir='ltr'>ἡγνισμένον.</span> <span class='ocrx_word' id='word_1_722' title='bbox 1031 4539 1052 4571; x_wconf 73' lang='grc' dir='ltr'><strong>ι</strong></span> <span class='ocrx_word' id='word_1_723' title='bbox 1084 4519 1201 4575; x_wconf 87' lang='lat' dir='ltr'><strong>Non</strong></span> <span class='ocrx_word' id='word_1_724' title='bbox 1231 4537 1449 4577; x_wconf 87' lang='lat' dir='ltr'><strong>omnem</strong></span> <span class='ocrx_word' id='word_1_725' title='bbox 1482 4523 1760 4579; x_wconf 87' lang='lat' dir='ltr'><strong>hominem</strong></span> <span class='ocrx_word' id='word_1_726' title='bbox 1787 4525 2064 4589; x_wconf 86' lang='lat' dir='ltr'><strong>absolute,</strong></span> 
     </span>
    </p>
   </div>
   <div class='ocr_carea' id='block_1_93' title="bbox 2175 4515 3752 4595">
    <p class='ocr_par' dir='ltr' id='par_1_93' title="bbox 2175 4521 3752 4595">
     <span class='ocr_line' id='line_1_93' title="bbox 2175 4521 3752 4595; baseline -0.005 -12"><span class='ocrx_word' id='word_1_727' title='bbox 2175 4528 2487 4594; x_wconf 87' lang='lat' dir='ltr'><strong>substituit,</strong></span> <span class='ocrx_word' id='word_1_728' title='bbox 2533 4525 2592 4590; x_wconf 82' lang='grc' dir='ltr'><strong>ὃς</strong></span> <span class='ocrx_word' id='word_1_729' title='bbox 2627 4525 2859 4579; x_wconf 85' lang='grc' dir='ltr'>πάντοτε</span> <span class='ocrx_word' id='word_1_730' title='bbox 2892 4526 2951 4579; x_wconf 74' lang='grc' dir='ltr'><strong>ἐν</strong></span> <span class='ocrx_word' id='word_1_731' title='bbox 2981 4525 3102 4588; x_wconf 85' lang='grc' dir='ltr'>ταῖς</span> <span class='ocrx_word' id='word_1_732' title='bbox 3133 4523 3382 4595; x_wconf 86' lang='grc' dir='ltr'>δεήσεσιν</span> <span class='ocrx_word' id='word_1_733' title='bbox 3414 4521 3581 4577; x_wconf 75' lang='grc' dir='ltr'>αὑτοῦ</span> <span class='ocrx_word' id='word_1_734' title='bbox 3619 4539 3752 4594; x_wconf 81' lang='grc' dir='ltr'>μνη-</span> 
     </span>
    </p>
   </div>
   <div class='ocr_carea' id='block_1_94' title="bbox 480 4608 2066 4687">
    <p class='ocr_par' dir='ltr' id='par_1_94' title="bbox 480 4608 2066 4687">
     <span class='ocr_line' id='line_1_94' title="bbox 480 4608 2066 4687; baseline 0.008 -27"><span class='ocrx_word' id='word_1_735' title='bbox 480 4608 744 4677; x_wconf 84' lang='lat' dir='ltr'><strong>quoniam</strong></span> <span class='ocrx_word' id='word_1_736' title='bbox 774 4611 959 4666; x_wconf 85' lang='lat' dir='ltr'><strong>nullus</strong></span> <span class='ocrx_word' id='word_1_737' title='bbox 993 4621 1140 4669; x_wconf 89' lang='lat' dir='ltr'><strong>esset</strong></span> <span class='ocrx_word' id='word_1_738' title='bbox 1170 4613 1438 4681; x_wconf 84' lang='lat' dir='ltr'><strong>inﬁdelis;</strong></span> <span class='ocrx_word' id='word_1_739' title='bbox 1469 4616 1564 4670; x_wconf 87' lang='lat' dir='ltr'><strong>sed</strong></span> <span class='ocrx_word' id='word_1_740' title='bbox 1593 4630 1694 4671; x_wconf 89' lang='lat' dir='ltr'><strong>nec</strong></span> <span class='ocrx_word' id='word_1_741' title='bbox 1717 4630 1936 4670; x_wconf 87' lang='lat' dir='ltr'><strong>omnem</strong></span> <span class='ocrx_word' id='word_1_742' title='bbox 1970 4619 2066 4687; x_wconf 90' lang='lat' dir='ltr'><strong>qui</strong></span> 
     </span>
    </p>
   </div>
   <div class='ocr_carea' id='block_1_95' title="bbox 480 4702 2069 4774">
    <p class='ocr_par' dir='ltr' id='par_1_95' title="bbox 480 4702 2069 4774">
     <span class='ocr_line' id='line_1_95' title="bbox 480 4702 2069 4774; baseline 0.006 -20"><span class='ocrx_word' id='word_1_743' title='bbox 480 4702 671 4766; x_wconf 82' lang='lat' dir='ltr'><strong>credit,</strong></span> <span class='ocrx_word' id='word_1_744' title='bbox 699 4703 996 4774; x_wconf 83' lang='lat' dir='ltr'><strong>perfectum</strong></span> <span class='ocrx_word' id='word_1_745' title='bbox 1042 4706 1098 4761; x_wconf 91' lang='lat' dir='ltr'><strong>in</strong></span> <span class='ocrx_word' id='word_1_746' title='bbox 1144 4707 1396 4774; x_wconf 88' lang='lat' dir='ltr'><strong>Christo;</strong></span> <span class='ocrx_word' id='word_1_747' title='bbox 1431 4709 1525 4764; x_wconf 88' lang='lat' dir='ltr'><strong>sed</strong></span> <span class='ocrx_word' id='word_1_748' title='bbox 1568 4725 1776 4764; x_wconf 89' lang='lat' dir='ltr'><strong>omnem</strong></span> <span class='ocrx_word' id='word_1_749' title='bbox 1807 4709 1940 4764; x_wconf 89' lang='lat' dir='ltr'><strong>dicit</strong></span> <span class='ocrx_word' id='word_1_750' title='bbox 1973 4711 2069 4764; x_wconf 80' lang='lat' dir='ltr'><strong>ho-</strong></span> 
     </span>
    </p>
   </div>
   <div class='ocr_carea' id='block_1_96' title="bbox 480 4793 2064 4868">
    <p class='ocr_par' dir='ltr' id='par_1_96' title="bbox 480 4793 2064 4868">
     <span class='ocr_line' id='line_1_96' title="bbox 480 4793 2064 4868; baseline 0.009 -24"><span class='ocrx_word' id='word_1_751' title='bbox 480 4793 695 4860; x_wconf 78' lang='lat' dir='ltr'><strong>minem,</strong></span> <span class='ocrx_word' id='word_1_752' title='bbox 728 4797 954 4864; x_wconf 88' lang='lat' dir='ltr'><strong>perinde</strong></span> <span class='ocrx_word' id='word_1_753' title='bbox 985 4813 1050 4853; x_wconf 86' lang='lat' dir='ltr'><strong>ac</strong></span> <span class='ocrx_word' id='word_1_754' title='bbox 1081 4799 1128 4854; x_wconf 88' lang='lat' dir='ltr'><strong>si</strong></span> <span class='ocrx_word' id='word_1_755' title='bbox 1169 4799 1396 4863; x_wconf 74' lang='lat' dir='ltr'><strong>diceret,</strong></span> <span class='ocrx_word' id='word_1_756' title='bbox 1431 4809 1606 4854; x_wconf 91' lang='lat' dir='ltr'><strong>totum</strong></span> <span class='ocrx_word' id='word_1_757' title='bbox 1642 4801 1945 4868; x_wconf 81' lang='lat' dir='ltr'><strong>hominem,</strong></span> <span class='ocrx_word' id='word_1_758' title='bbox 1977 4811 2064 4857; x_wconf 89' lang='lat' dir='ltr'><strong>ut-</strong></span> 
     </span>
    </p>
   </div>
   <div class='ocr_carea' id='block_1_97' title="bbox 480 4891 1672 4958">
    <p class='ocr_par' dir='ltr' id='par_1_97' title="bbox 480 4891 1672 4958">
     <span class='ocr_line' id='line_1_97' title="bbox 480 4891 1672 4958; baseline 0.007 -20"><span class='ocrx_word' id='word_1_759' title='bbox 480 4895 606 4954; x_wconf 89' lang='lat' dir='ltr'><strong>pote</strong></span> <span class='ocrx_word' id='word_1_760' title='bbox 642 4903 873 4958; x_wconf 89' lang='lat' dir='ltr'><strong>eorpore</strong></span> <span class='ocrx_word' id='word_1_761' title='bbox 903 4899 959 4944; x_wconf 91' lang='lat' dir='ltr'><strong>et</strong></span> <span class='ocrx_word' id='word_1_762' title='bbox 987 4891 1171 4945; x_wconf 90' lang='lat' dir='ltr'><strong>anima</strong></span> <span class='ocrx_word' id='word_1_763' title='bbox 1203 4893 1626 4948; x_wconf 85' lang='lat' dir='ltr'><strong>sanctiﬁcatum.</strong></span> <span class='ocrx_word' id='word_1_764' title='bbox 1653 4913 1672 4945; x_wconf 78' lang='grc' dir='ltr'><strong>ι</strong></span> 
     </span>
    </p>
   </div>
   <div class='ocr_carea' id='block_1_98' title="bbox 556 4979 2068 5062">
    <p class='ocr_par' dir='ltr' id='par_1_98' title="bbox 556 4979 2068 5062">
     <span class='ocr_line' id='line_1_98' title="bbox 556 4979 2068 5062; baseline 0.009 -29"><span class='ocrx_word' id='word_1_765' title='bbox 556 4979 698 5034; x_wconf 88' lang='lat' dir='ltr'><strong>Vidit</strong></span> <span class='ocrx_word' id='word_1_766' title='bbox 735 4981 851 5036; x_wconf 70' lang='lat' dir='ltr'><strong>haec</strong></span> <span class='ocrx_word' id='word_1_767' title='bbox 880 4985 1372 5062; x_wconf 71' lang='lat' dir='ltr'><strong>praestantissimus</strong></span> <span class='ocrx_word' id='word_1_768' title='bbox 1395 4985 1615 5042; x_wconf 90' lang='lat' dir='ltr'><strong>lsaacus</strong></span> <span class='ocrx_word' id='word_1_769' title='bbox 1643 4987 1891 5054; x_wconf 87' lang='lat' dir='ltr'><strong>Vossius,</strong></span> <span class='ocrx_word' id='word_1_770' title='bbox 1917 5007 2068 5045; x_wconf 88' lang='lat' dir='ltr'><strong>eam-</strong></span> 
     </span>
    </p>
   </div>
   <div class='ocr_carea' id='block_1_99' title="bbox 477 5071 2066 5149">
    <p class='ocr_par' dir='ltr' id='par_1_99' title="bbox 477 5071 2066 5149">
     <span class='ocr_line' id='line_1_99' title="bbox 477 5071 2066 5149; baseline 0.009 -24"><span class='ocrx_word' id='word_1_771' title='bbox 477 5071 713 5142; x_wconf 88' lang='lat' dir='ltr'><strong>demque</strong></span> <span class='ocrx_word' id='word_1_772' title='bbox 740 5074 1242 5144; x_wconf 89' lang='lat' dir='ltr'><strong>interpretationem</strong></span> <span class='ocrx_word' id='word_1_773' title='bbox 1271 5077 1552 5133; x_wconf 89' lang='lat' dir='ltr'><strong>Blondello</strong></span> <span class='ocrx_word' id='word_1_774' title='bbox 1578 5079 1801 5149; x_wconf 88' lang='lat' dir='ltr'><strong>objecit.</strong></span> <span class='ocrx_word' id='word_1_775' title='bbox 1833 5082 1933 5138; x_wconf 85' lang='lat' dir='ltr'><strong>Cui</strong></span> <span class='ocrx_word' id='word_1_776' title='bbox 1973 5085 2066 5140; x_wconf 89' lang='lat' dir='ltr'><strong>ille</strong></span> 
     </span>
    </p>
   </div>
   <div class='ocr_carea' id='block_1_100' title="bbox 477 5164 2066 5242">
    <p class='ocr_par' dir='ltr' id='par_1_100' title="bbox 477 5164 2066 5242">
     <span class='ocr_line' id='line_1_100' title="bbox 477 5164 2066 5242; baseline 0.01 -26"><span class='ocrx_word' id='word_1_777' title='bbox 477 5164 596 5218; x_wconf 69' lang='lat' dir='ltr'><strong>hmc</strong></span> <span class='ocrx_word' id='word_1_778' title='bbox 629 5167 913 5234; x_wconf 86' lang='lat' dir='ltr'><strong>reposuit:</strong></span> <span class='ocrx_word' id='word_1_779' title='bbox 949 5186 966 5218; x_wconf 79' lang='grc' dir='ltr'><strong>ι</strong></span> <span class='ocrx_word' id='word_1_780' title='bbox 995 5167 1078 5221; x_wconf 81' lang='lat' dir='ltr'><strong>An</strong></span> <span class='ocrx_word' id='word_1_781' title='bbox 1110 5184 1240 5223; x_wconf 91' lang='lat' dir='ltr'><strong>vero</strong></span> <span class='ocrx_word' id='word_1_782' title='bbox 1283 5167 1551 5240; x_wconf 86' lang='lat' dir='ltr'><strong>Ignatium</strong></span> <span class='ocrx_word' id='word_1_783' title='bbox 1593 5174 1884 5242; x_wconf 86' lang='lat' dir='ltr'><strong>quisquam</strong></span> <span class='ocrx_word' id='word_1_784' title='bbox 1929 5177 2066 5232; x_wconf 87' lang='lat' dir='ltr'><strong>adeo</strong></span> 
     </span>
    </p>
   </div>
   <div class='ocr_carea' id='block_1_101' title="bbox 478 5257 2064 5339">
    <p class='ocr_par' dir='ltr' id='par_1_101' title="bbox 478 5257 2064 5339">
     <span class='ocr_line' id='line_1_101' title="bbox 478 5257 2064 5339; baseline 0.009 -30"><span class='ocrx_word' id='word_1_785' title='bbox 478 5257 784 5325; x_wconf 87' lang='lat' dir='ltr'><strong>desipuisse</strong></span> <span class='ocrx_word' id='word_1_786' title='bbox 805 5259 1114 5326; x_wconf 90' lang='lat' dir='ltr'><strong>crediderit,</strong></span> <span class='ocrx_word' id='word_1_787' title='bbox 1144 5270 1205 5315; x_wconf 93' lang='lat' dir='ltr'><strong>ut</strong></span> <span class='ocrx_word' id='word_1_788' title='bbox 1226 5261 1492 5332; x_wconf 86' lang='lat' dir='ltr'><strong>Ephesios</strong></span> <span class='ocrx_word' id='word_1_789' title='bbox 1518 5267 1586 5320; x_wconf 93' lang='lat' dir='ltr'><strong>ad</strong></span> <span class='ocrx_word' id='word_1_790' title='bbox 1614 5283 1671 5320; x_wconf 87' lang='lat' dir='ltr'><strong>se</strong></span> <span class='ocrx_word' id='word_1_791' title='bbox 1702 5276 1869 5321; x_wconf 87' lang='lat' dir='ltr'><strong>totam</strong></span> <span class='ocrx_word' id='word_1_792' title='bbox 1899 5285 2064 5339; x_wconf 86' lang='lat' dir='ltr'><strong>quam</strong></span> 
     </span>
    </p>
   </div>
   <div class='ocr_carea' id='block_1_102' title="bbox 478 5347 2060 5429">
    <p class='ocr_par' dir='ltr' id='par_1_102' title="bbox 478 5347 2060 5429">
     <span class='ocr_line' id='line_1_102' title="bbox 478 5347 2060 5429; baseline 0.009 -29"><span class='ocrx_word' id='word_1_793' title='bbox 478 5347 684 5402; x_wconf 84' lang='lat' dir='ltr'><strong>Paulus</strong></span> <span class='ocrx_word' id='word_1_794' title='bbox 715 5349 936 5417; x_wconf 90' lang='lat' dir='ltr'><strong>scripsit</strong></span> <span class='ocrx_word' id='word_1_795' title='bbox 970 5350 1257 5419; x_wconf 84' lang='lat' dir='ltr'><strong>epistolam</strong></span> <span class='ocrx_word' id='word_1_796' title='bbox 1301 5355 1525 5409; x_wconf 88' lang='lat' dir='ltr'><strong>missam</strong></span> <span class='ocrx_word' id='word_1_797' title='bbox 1558 5360 1864 5414; x_wconf 89' lang='lat' dir='ltr'><strong>monendos</strong></span> <span class='ocrx_word' id='word_1_798' title='bbox 1896 5369 2026 5429; x_wconf 86' lang='lat' dir='ltr'><strong>puta</strong></span> <span class='ocrx_word' id='word_1_799' title='bbox 2048 5391 2060 5402; x_wconf 90' lang='lat'><strong>-</strong></span> 
     </span>
    </p>
   </div>
   <div class='ocr_carea' id='block_1_103' title="bbox 481 5442 2061 5519">
    <p class='ocr_par' dir='ltr' id='par_1_103' title="bbox 481 5442 2061 5519">
     <span class='ocr_line' id='line_1_103' title="bbox 481 5442 2061 5519; baseline 0.007 -24"><span class='ocrx_word' id='word_1_800' title='bbox 481 5442 624 5496; x_wconf 62' lang='lat' dir='ltr'><strong>rit?»</strong></span> <span class='ocrx_word' id='word_1_801' title='bbox 660 5443 773 5495; x_wconf 89' lang='lat' dir='ltr'><strong>lmo</strong></span> <span class='ocrx_word' id='word_1_802' title='bbox 804 5457 934 5496; x_wconf 84' lang='lat' dir='ltr'><strong>vero</strong></span> <span class='ocrx_word' id='word_1_803' title='bbox 969 5459 1038 5496; x_wconf 88' lang='lat' dir='ltr'><strong>an</strong></span> <span class='ocrx_word' id='word_1_804' title='bbox 1069 5445 1157 5498; x_wconf 88' lang='lat' dir='ltr'><strong>ille</strong></span> <span class='ocrx_word' id='word_1_805' title='bbox 1202 5461 1305 5500; x_wconf 92' lang='lat' dir='ltr'><strong>nos</strong></span> <span class='ocrx_word' id='word_1_806' title='bbox 1344 5449 1480 5502; x_wconf 88' lang='lat' dir='ltr'><strong>adeo</strong></span> <span class='ocrx_word' id='word_1_807' title='bbox 1527 5449 1774 5519; x_wconf 88' lang='lat' dir='ltr'><strong>desipere</strong></span> <span class='ocrx_word' id='word_1_808' title='bbox 1807 5451 2061 5518; x_wconf 88' lang='lat' dir='ltr'><strong>credidit,</strong></span> 
     </span>
    </p>
   </div>
   <div class='ocr_carea' id='block_1_104' title="bbox 482 5533 2064 5611">
    <p class='ocr_par' dir='ltr' id='par_1_104' title="bbox 482 5533 2064 5611">
     <span class='ocr_line' id='line_1_104' title="bbox 482 5533 2064 5611; baseline 0.009 -27"><span class='ocrx_word' id='word_1_809' title='bbox 482 5543 540 5585; x_wconf 86' lang='lat' dir='ltr'><strong>ut</strong></span> <span class='ocrx_word' id='word_1_810' title='bbox 571 5533 778 5586; x_wconf 89' lang='lat' dir='ltr'><strong>nullum</strong></span> <span class='ocrx_word' id='word_1_811' title='bbox 810 5533 1104 5589; x_wconf 82' lang='lat' dir='ltr'><strong>discrimen</strong></span> <span class='ocrx_word' id='word_1_812' title='bbox 1129 5539 1563 5596; x_wconf 82' lang='lat' dir='ltr'><strong>animadvertere</strong></span> <span class='ocrx_word' id='word_1_813' title='bbox 1590 5558 1896 5611; x_wconf 90' lang='lat' dir='ltr'><strong>possemus,</strong></span> <span class='ocrx_word' id='word_1_814' title='bbox 1922 5545 2064 5599; x_wconf 89' lang='lat' dir='ltr'><strong>inter</strong></span> 
     </span>
    </p>
   </div>
   <div class='ocr_carea' id='block_1_105' title="bbox 478 5629 2062 5709">
    <p class='ocr_par' dir='ltr' id='par_1_105' title="bbox 478 5629 2062 5709">
     <span class='ocr_line' id='line_1_105' title="bbox 478 5629 2062 5709; baseline 0.009 -29"><span class='ocrx_word' id='word_1_815' title='bbox 478 5644 540 5680; x_wconf 86' lang='lat' dir='ltr'><strong>ea</strong></span> <span class='ocrx_word' id='word_1_816' title='bbox 577 5644 697 5696; x_wconf 66' lang='lat' dir='ltr'><strong>qtae</strong></span> <span class='ocrx_word' id='word_1_817' title='bbox 730 5629 843 5698; x_wconf 88' lang='lat' dir='ltr'><strong>ipse</strong></span> <span class='ocrx_word' id='word_1_818' title='bbox 877 5630 1029 5695; x_wconf 88' lang='lat' dir='ltr'><strong>dicit,</strong></span> <span class='ocrx_word' id='word_1_819' title='bbox 1064 5641 1232 5686; x_wconf 89' lang='lat' dir='ltr'><strong>totam</strong></span> <span class='ocrx_word' id='word_1_820' title='bbox 1265 5650 1430 5704; x_wconf 91' lang='lat' dir='ltr'><strong>quam</strong></span> <span class='ocrx_word' id='word_1_821' title='bbox 1461 5635 1663 5692; x_wconf 90' lang='lat' dir='ltr'><strong>Paulus</strong></span> <span class='ocrx_word' id='word_1_822' title='bbox 1702 5639 1921 5708; x_wconf 88' lang='lat' dir='ltr'><strong>scripsit</strong></span> <span class='ocrx_word' id='word_1_823' title='bbox 1947 5641 2062 5709; x_wconf 89' lang='lat' dir='ltr'><strong>epi-</strong></span> 
     </span>
    </p>
   </div>
   <div class='ocr_carea' id='block_1_106' title="bbox 482 5721 2060 5803">
    <p class='ocr_par' dir='ltr' id='par_1_106' title="bbox 482 5721 2060 5803">
     <span class='ocr_line' id='line_1_106' title="bbox 482 5721 2060 5803; baseline 0.012 -33"><span class='ocrx_word' id='word_1_824' title='bbox 482 5721 675 5773; x_wconf 75' lang='lat' dir='ltr'><strong>stolam</strong></span> <span class='ocrx_word' id='word_1_825' title='bbox 709 5723 774 5776; x_wconf 90' lang='lat' dir='ltr'><strong>ad</strong></span> <span class='ocrx_word' id='word_1_826' title='bbox 816 5723 1078 5792; x_wconf 88' lang='lat' dir='ltr'><strong>Ephesios</strong></span> <span class='ocrx_word' id='word_1_827' title='bbox 1113 5727 1336 5782; x_wconf 84' lang='lat' dir='ltr'><strong>missam</strong></span> <span class='ocrx_word' id='word_1_828' title='bbox 1369 5746 1511 5795; x_wconf 88' lang='lat' dir='ltr'><strong>esse,</strong></span> <span class='ocrx_word' id='word_1_829' title='bbox 1541 5743 1596 5786; x_wconf 86' lang='lat' dir='ltr'><strong>ct</strong></span> <span class='ocrx_word' id='word_1_830' title='bbox 1630 5731 1720 5786; x_wconf 90' lang='lat' dir='ltr'><strong>illa</strong></span> <span class='ocrx_word' id='word_1_831' title='bbox 1758 5747 1882 5803; x_wconf 72' lang='lat' dir='ltr'><strong>qum</strong></span> <span class='ocrx_word' id='word_1_832' title='bbox 1919 5735 2060 5790; x_wconf 87' lang='lat' dir='ltr'><strong>scri—</strong></span> 
     </span>
    </p>
   </div>
   <div class='ocr_carea' id='block_1_107' title="bbox 553 5834 1545 5914">
    <p class='ocr_par' dir='ltr' id='par_1_107' title="bbox 553 5834 1545 5914">
     <span class='ocr_line' id='line_1_107' title="bbox 553 5834 1545 5914; baseline 0.017 -26"><span class='ocrx_word' id='word_1_833' title='bbox 553 5835 592 5866; x_wconf 77' lang='grc'><strong>²⁹</strong></span> <span class='ocrx_word' id='word_1_834' title='bbox 621 5834 637 5887; x_wconf 87' lang='grc' dir='ltr'><strong>ι</strong></span> <span class='ocrx_word' id='word_1_835' title='bbox 666 5837 792 5893; x_wconf 89' lang='lat' dir='ltr'><strong>Cor.</strong></span> <span class='ocrx_word' id='word_1_836' title='bbox 829 5853 910 5903; x_wconf 87' lang='grc' dir='ltr'>ιιι,</span> <span class='ocrx_word' id='word_1_837' title='bbox 943 5840 995 5893; x_wconf 73' lang='lat'><strong>‘2.</strong></span> <span class='ocrx_word' id='word_1_838' title='bbox 1078 5841 1120 5874; x_wconf 69' lang='grc' dir='ltr'>⁸ο</span> <span class='ocrx_word' id='word_1_839' title='bbox 1164 5841 1180 5897; x_wconf 87' lang='grc' dir='ltr'><strong>ι</strong></span> <span class='ocrx_word' id='word_1_840' title='bbox 1210 5843 1337 5899; x_wconf 85' lang='lat' dir='ltr'><strong>Cor.</strong></span> <span class='ocrx_word' id='word_1_841' title='bbox 1370 5860 1467 5907; x_wconf 79' lang='lat' dir='ltr'><strong>vn,</strong></span> <span class='ocrx_word' id='word_1_842' title='bbox 1500 5845 1545 5914; x_wconf 74' lang='grc' dir='ltr'>ί,</span> 
     </span>
    </p>
   </div>
   <div class='ocr_carea' id='block_1_108' title="bbox 2175 4617 3750 4692">
    <p class='ocr_par' dir='ltr' id='par_1_108' title="bbox 2175 4617 3750 4692">
     <span class='ocr_line' id='line_1_108' title="bbox 2175 4617 3750 4692; baseline -0.004 -17"><span class='ocrx_word' id='word_1_843' title='bbox 2175 4621 2390 4692; x_wconf 84' lang='grc' dir='ltr'>μονεύει</span> <span class='ocrx_word' id='word_1_844' title='bbox 2425 4620 2602 4692; x_wconf 82' lang='grc' dir='ltr'>ἡμῶν,</span> <span class='ocrx_word' id='word_1_845' title='bbox 2632 4638 2650 4670; x_wconf 77' lang='grc' dir='ltr'><strong>ι</strong></span> <span class='ocrx_word' id='word_1_846' title='bbox 2677 4620 2770 4688; x_wconf 93' lang='lat' dir='ltr'><strong>qui</strong></span> <span class='ocrx_word' id='word_1_847' title='bbox 2795 4634 3010 4689; x_wconf 87' lang='lat' dir='ltr'><strong>semper</strong></span> <span class='ocrx_word' id='word_1_848' title='bbox 3040 4619 3096 4672; x_wconf 88' lang='lat' dir='ltr'><strong>in</strong></span> <span class='ocrx_word' id='word_1_849' title='bbox 3119 4617 3236 4674; x_wconf 91' lang='lat' dir='ltr'><strong>suis</strong></span> <span class='ocrx_word' id='word_1_850' title='bbox 3263 4617 3608 4672; x_wconf 88' lang='lat' dir='ltr'><strong>orationibus</strong></span> <span class='ocrx_word' id='word_1_851' title='bbox 3634 4631 3750 4670; x_wconf 88' lang='lat' dir='ltr'><strong>me—</strong></span> 
     </span>
    </p>
   </div>
   <div class='ocr_carea' id='block_1_109' title="bbox 2172 4710 3750 4783">
    <p class='ocr_par' dir='ltr' id='par_1_109' title="bbox 2172 4710 3750 4783">
     <span class='ocr_line' id='line_1_109' title="bbox 2172 4710 3750 4783; baseline -0.003 -15"><span class='ocrx_word' id='word_1_852' title='bbox 2172 4731 2296 4770; x_wconf 90' lang='lat' dir='ltr'><strong>mor</strong></span> <span class='ocrx_word' id='word_1_853' title='bbox 2327 4723 2412 4770; x_wconf 90' lang='lat' dir='ltr'><strong>est</strong></span> <span class='ocrx_word' id='word_1_854' title='bbox 2442 4713 2635 4770; x_wconf 88' lang='lat' dir='ltr'><strong>nostri.</strong></span> <span class='ocrx_word' id='word_1_855' title='bbox 2667 4733 2684 4765; x_wconf 75' lang='grc'><strong>»</strong></span> <span class='ocrx_word' id='word_1_856' title='bbox 2710 4711 2846 4768; x_wconf 87' lang='lat' dir='ltr'><strong>Nam</strong></span> <span class='ocrx_word' id='word_1_857' title='bbox 2874 4713 3082 4783; x_wconf 77' lang='lat' dir='ltr'><strong>primo,</strong></span> <span class='ocrx_word' id='word_1_858' title='bbox 3103 4727 3200 4782; x_wconf 85' lang='lat' dir='ltr'><strong>pro</strong></span> <span class='ocrx_word' id='word_1_859' title='bbox 3227 4730 3246 4763; x_wconf 75' lang='grc' dir='ltr'><strong>ι</strong></span> <span class='ocrx_word' id='word_1_860' title='bbox 3276 4710 3484 4779; x_wconf 63' lang='lat' dir='ltr'><strong>vobis,»</strong></span> <span class='ocrx_word' id='word_1_861' title='bbox 3508 4725 3602 4764; x_wconf 82' lang='lat' dir='ltr'><strong>nos</strong></span> <span class='ocrx_word' id='word_1_862' title='bbox 3639 4724 3750 4763; x_wconf 89' lang='lat' dir='ltr'><strong>non</strong></span> 
     </span>
    </p>
   </div>
   <div class='ocr_carea' id='block_1_110' title="bbox 2172 4801 3750 4876">
    <p class='ocr_par' dir='ltr' id='par_1_110' title="bbox 2172 4801 3750 4876">
     <span class='ocr_line' id='line_1_110' title="bbox 2172 4801 3750 4876; baseline -0.006 -14"><span class='ocrx_word' id='word_1_863' title='bbox 2172 4807 2460 4862; x_wconf 88' lang='lat' dir='ltr'><strong>substituit</strong></span> <span class='ocrx_word' id='word_1_864' title='bbox 2483 4808 2862 4876; x_wconf 87' lang='lat' dir='ltr'><strong>interpolator.</strong></span> <span class='ocrx_word' id='word_1_865' title='bbox 2902 4804 3030 4859; x_wconf 87' lang='lat' dir='ltr'><strong>Tria</strong></span> <span class='ocrx_word' id='word_1_866' title='bbox 3065 4805 3330 4860; x_wconf 86' lang='lat' dir='ltr'><strong>habemus</strong></span> <span class='ocrx_word' id='word_1_867' title='bbox 3354 4802 3538 4858; x_wconf 70' lang='lat' dir='ltr'><strong>Graeca</strong></span> <span class='ocrx_word' id='word_1_868' title='bbox 3575 4801 3750 4854; x_wconf 89' lang='lat' dir='ltr'><strong>inter-</strong></span> 
     </span>
    </p>
   </div>
   <div class='ocr_carea' id='block_1_111' title="bbox 2169 4897 3750 4970">
    <p class='ocr_par' dir='ltr' id='par_1_111' title="bbox 2169 4897 3750 4970">
     <span class='ocr_line' id='line_1_111' title="bbox 2169 4897 3750 4970; baseline -0.006 -14"><span class='ocrx_word' id='word_1_869' title='bbox 2169 4902 2437 4970; x_wconf 88' lang='lat' dir='ltr'><strong>polatoris</strong></span> <span class='ocrx_word' id='word_1_870' title='bbox 2489 4899 2856 4968; x_wconf 78' lang='lat' dir='ltr'><strong>exemplaria;</strong></span> <span class='ocrx_word' id='word_1_871' title='bbox 2894 4899 2948 4954; x_wconf 90' lang='lat' dir='ltr'><strong>in</strong></span> <span class='ocrx_word' id='word_1_872' title='bbox 3001 4914 3115 4954; x_wconf 85' lang='lat' dir='ltr'><strong>uno</strong></span> <span class='ocrx_word' id='word_1_873' title='bbox 3148 4899 3391 4968; x_wconf 89' lang='lat' dir='ltr'><strong>quidem,</strong></span> <span class='ocrx_word' id='word_1_874' title='bbox 3428 4897 3750 4966; x_wconf 80' lang='lat' dir='ltr'><strong>Augustano</strong></span> 
     </span>
    </p>
   </div>
   <div class='ocr_carea' id='block_1_112' title="bbox 2170 4986 3752 5065">
    <p class='ocr_par' dir='ltr' id='par_1_112' title="bbox 2170 4986 3752 5065">
     <span class='ocr_line' id='line_1_112' title="bbox 2170 4986 3752 5065; baseline -0.004 -17"><span class='ocrx_word' id='word_1_875' title='bbox 2170 4994 2411 5057; x_wconf 86' lang='lat' dir='ltr'><strong>scilicet,</strong></span> <span class='ocrx_word' id='word_1_876' title='bbox 2444 4993 2644 5063; x_wconf 80' lang='lat' dir='ltr'><strong>legitur</strong></span> <span class='ocrx_word' id='word_1_877' title='bbox 2675 4993 2854 5065; x_wconf 81' lang='grc' dir='ltr'>ἡμῶν,</span> <span class='ocrx_word' id='word_1_878' title='bbox 2890 4993 2986 5049; x_wconf 90' lang='lat' dir='ltr'><strong>sed</strong></span> <span class='ocrx_word' id='word_1_879' title='bbox 3020 4998 3308 5060; x_wconf 85' lang='lat' dir='ltr'><strong>corrupte;</strong></span> <span class='ocrx_word' id='word_1_880' title='bbox 3344 5003 3468 5044; x_wconf 90' lang='lat' dir='ltr'><strong>cum</strong></span> <span class='ocrx_word' id='word_1_881' title='bbox 3503 4987 3562 5057; x_wconf 74' lang='lat' dir='ltr'><strong>in</strong></span> <span class='ocrx_word' id='word_1_882' title='bbox 3602 4986 3752 5059; x_wconf 82' lang='lat' dir='ltr'><strong>Nyd--</strong></span> 
     </span>
    </p>
   </div>
   <div class='ocr_carea' id='block_1_113' title="bbox 2167 5079 3751 5158">
    <p class='ocr_par' dir='ltr' id='par_1_113' title="bbox 2167 5079 3751 5158">
     <span class='ocr_line' id='line_1_113' title="bbox 2167 5079 3751 5158; baseline -0.004 -18"><span class='ocrx_word' id='word_1_883' title='bbox 2167 5086 2465 5156; x_wconf 89' lang='lat' dir='ltr'><strong>pruceiano</strong></span> <span class='ocrx_word' id='word_1_884' title='bbox 2501 5096 2556 5141; x_wconf 86' lang='lat' dir='ltr'><strong>et</strong></span> <span class='ocrx_word' id='word_1_885' title='bbox 2582 5087 2886 5158; x_wconf 80' lang='lat' dir='ltr'><strong>Anglicano</strong></span> <span class='ocrx_word' id='word_1_886' title='bbox 2919 5087 3129 5155; x_wconf 85' lang='lat' dir='ltr'><strong>legatur</strong></span> <span class='ocrx_word' id='word_1_887' title='bbox 3161 5081 3315 5154; x_wconf 84' lang='grc' dir='ltr'>ὑμῶν</span> <span class='ocrx_word' id='word_1_888' title='bbox 3337 5122 3352 5147; x_wconf 89' lang='grc'><strong>,</strong></span> <span class='ocrx_word' id='word_1_889' title='bbox 3389 5087 3449 5134; x_wconf 81' lang='grc' dir='ltr'><strong>ιιι</strong></span> <span class='ocrx_word' id='word_1_890' title='bbox 3490 5079 3751 5151; x_wconf 80' lang='lat' dir='ltr'><strong>Vulgatus</strong></span> 
     </span>
    </p>
   </div>
   <div class='ocr_carea' id='block_1_114' title="bbox 2170 5174 3751 5250">
    <p class='ocr_par' dir='ltr' id='par_1_114' title="bbox 2170 5174 3751 5250">
     <span class='ocr_line' id='line_1_114' title="bbox 2170 5174 3751 5250; baseline -0.004 -17"><span class='ocrx_word' id='word_1_891' title='bbox 2170 5181 2435 5248; x_wconf 87' lang='lat' dir='ltr'><strong>interpres</strong></span> <span class='ocrx_word' id='word_1_892' title='bbox 2469 5179 2618 5249; x_wconf 83' lang='lat' dir='ltr'><strong>legit,</strong></span> <span class='ocrx_word' id='word_1_893' title='bbox 2644 5181 2739 5250; x_wconf 91' lang='lat' dir='ltr'><strong>qui</strong></span> <span class='ocrx_word' id='word_1_894' title='bbox 2766 5178 2999 5236; x_wconf 90' lang='lat' dir='ltr'><strong>reddidit</strong></span> <span class='ocrx_word' id='word_1_895' title='bbox 3025 5197 3044 5230; x_wconf 77' lang='grc' dir='ltr'><strong>ι</strong></span> <span class='ocrx_word' id='word_1_896' title='bbox 3071 5177 3258 5241; x_wconf 80' lang='lat' dir='ltr'><strong>vestri.</strong></span> <span class='ocrx_word' id='word_1_897' title='bbox 3280 5195 3299 5227; x_wconf 71' lang='grc' dir='ltr'><strong>ι</strong></span> <span class='ocrx_word' id='word_1_898' title='bbox 3341 5174 3485 5242; x_wconf 86' lang='lat' dir='ltr'><strong>Quin</strong></span> <span class='ocrx_word' id='word_1_899' title='bbox 3519 5182 3574 5229; x_wconf 86' lang='lat' dir='ltr'><strong>et</strong></span> <span class='ocrx_word' id='word_1_900' title='bbox 3607 5174 3751 5228; x_wconf 85' lang='lat' dir='ltr'><strong>hanc</strong></span> 
     </span>
    </p>
   </div>
   <div class='ocr_carea' id='block_1_115' title="bbox 2168 5268 3751 5340">
    <p class='ocr_par' dir='ltr' id='par_1_115' title="bbox 2168 5268 3751 5340">
     <span class='ocr_line' id='line_1_115' title="bbox 2168 5268 3751 5340; baseline -0.004 -13"><span class='ocrx_word' id='word_1_901' title='bbox 2168 5272 2616 5328; x_wconf 85' lang='lat' dir='ltr'><strong>substitutionem</strong></span> <span class='ocrx_word' id='word_1_902' title='bbox 2649 5273 2967 5327; x_wconf 89' lang='lat' dir='ltr'><strong>vetustioris</strong></span> <span class='ocrx_word' id='word_1_903' title='bbox 3001 5269 3283 5340; x_wconf 80' lang='lat' dir='ltr'><strong>scriptoris</strong></span> <span class='ocrx_word' id='word_1_904' title='bbox 3315 5268 3615 5324; x_wconf 84' lang='lat' dir='ltr'><strong>auctoritas</strong></span> <span class='ocrx_word' id='word_1_905' title='bbox 3658 5282 3751 5332; x_wconf 82' lang='lat' dir='ltr'><strong>re-</strong></span> 
     </span>
    </p>
   </div>
   <div class='ocr_carea' id='block_1_116' title="bbox 2168 5361 3746 5433">
    <p class='ocr_par' dir='ltr' id='par_1_116' title="bbox 2168 5361 3746 5433">
     <span class='ocr_line' id='line_1_116' title="bbox 2168 5361 3746 5433; baseline -0.003 -13"><span class='ocrx_word' id='word_1_906' title='bbox 2168 5366 2334 5431; x_wconf 84' lang='lat' dir='ltr'><strong>fellit,</strong></span> <span class='ocrx_word' id='word_1_907' title='bbox 2365 5381 2489 5422; x_wconf 88' lang='lat' dir='ltr'><strong>cum</strong></span> <span class='ocrx_word' id='word_1_908' title='bbox 2536 5367 2592 5422; x_wconf 90' lang='lat' dir='ltr'><strong>in</strong></span> <span class='ocrx_word' id='word_1_909' title='bbox 2626 5365 2869 5422; x_wconf 87' lang='lat' dir='ltr'><strong>Mediceo</strong></span> <span class='ocrx_word' id='word_1_910' title='bbox 2917 5364 3103 5419; x_wconf 90' lang='lat' dir='ltr'><strong>codice</strong></span> <span class='ocrx_word' id='word_1_911' title='bbox 3142 5363 3352 5433; x_wconf 83' lang='lat' dir='ltr'><strong>legatur</strong></span> <span class='ocrx_word' id='word_1_912' title='bbox 3384 5361 3569 5433; x_wconf 81' lang='grc' dir='ltr'>ὑμῶν,</span> <span class='ocrx_word' id='word_1_913' title='bbox 3603 5369 3660 5416; x_wconf 92' lang='lat' dir='ltr'><strong>et</strong></span> <span class='ocrx_word' id='word_1_914' title='bbox 3691 5363 3746 5416; x_wconf 79' lang='lat' dir='ltr'><strong>in</strong></span> 
     </span>
    </p>
   </div>
   <div class='ocr_carea' id='block_1_117' title="bbox 2166 5453 3747 5529">
    <p class='ocr_par' dir='ltr' id='par_1_117' title="bbox 2166 5453 3747 5529">
     <span class='ocr_line' id='line_1_117' title="bbox 2166 5453 3747 5529; baseline -0.002 -16"><span class='ocrx_word' id='word_1_915' title='bbox 2166 5460 2333 5516; x_wconf 89' lang='lat' dir='ltr'><strong>veteri</strong></span> <span class='ocrx_word' id='word_1_916' title='bbox 2369 5462 2665 5529; x_wconf 88' lang='lat' dir='ltr'><strong>interprete</strong></span> <span class='ocrx_word' id='word_1_917' title='bbox 2704 5479 2722 5510; x_wconf 74' lang='grc' dir='ltr'><strong>ι</strong></span> <span class='ocrx_word' id='word_1_918' title='bbox 2751 5458 2940 5514; x_wconf 82' lang='lat' dir='ltr'><strong>vestri.</strong></span> <span class='ocrx_word' id='word_1_919' title='bbox 2965 5476 2984 5509; x_wconf 72' lang='grc' dir='ltr'><strong>ι</strong></span> <span class='ocrx_word' id='word_1_920' title='bbox 3023 5457 3202 5512; x_wconf 88' lang='lat' dir='ltr'><strong>Causa</strong></span> <span class='ocrx_word' id='word_1_921' title='bbox 3236 5455 3401 5526; x_wconf 77' lang='lat' dir='ltr'><strong>igitur</strong></span> <span class='ocrx_word' id='word_1_922' title='bbox 3433 5455 3582 5510; x_wconf 85' lang='lat' dir='ltr'><strong>nulla</strong></span> <span class='ocrx_word' id='word_1_923' title='bbox 3612 5453 3747 5521; x_wconf 78' lang='lat' dir='ltr'><strong>fuit,</strong></span> 
     </span>
    </p>
   </div>
   <div class='ocr_carea' id='block_1_118' title="bbox 2167 5549 3748 5619">
    <p class='ocr_par' dir='ltr' id='par_1_118' title="bbox 2167 5549 3748 5619">
     <span class='ocr_line' id='line_1_118' title="bbox 2167 5549 3748 5619; baseline -0.003 -12"><span class='ocrx_word' id='word_1_924' title='bbox 2167 5569 2266 5607; x_wconf 89' lang='lat' dir='ltr'><strong>cur</strong></span> <span class='ocrx_word' id='word_1_925' title='bbox 2293 5553 2459 5608; x_wconf 89' lang='lat' dir='ltr'><strong>unius</strong></span> <span class='ocrx_word' id='word_1_926' title='bbox 2487 5553 2694 5608; x_wconf 81' lang='lat' dir='ltr'><strong>codicis</strong></span> <span class='ocrx_word' id='word_1_927' title='bbox 2715 5552 3001 5607; x_wconf 82' lang='lat' dir='ltr'><strong>lectionem</strong></span> <span class='ocrx_word' id='word_1_928' title='bbox 3026 5558 3215 5605; x_wconf 88' lang='lat' dir='ltr'><strong>contra</strong></span> <span class='ocrx_word' id='word_1_929' title='bbox 3239 5549 3484 5605; x_wconf 88' lang='lat' dir='ltr'><strong>omnium</strong></span> <span class='ocrx_word' id='word_1_930' title='bbox 3509 5549 3748 5619; x_wconf 87' lang='lat' dir='ltr'><strong>reliquo-</strong></span> 
     </span>
    </p>
   </div>
   <div class='ocr_carea' id='block_1_119' title="bbox 2166 5640 3746 5713">
    <p class='ocr_par' dir='ltr' id='par_1_119' title="bbox 2166 5640 3746 5713">
     <span class='ocr_line' id='line_1_119' title="bbox 2166 5640 3746 5713; baseline -0.004 -15"><span class='ocrx_word' id='word_1_931' title='bbox 2166 5659 2288 5698; x_wconf 90' lang='lat' dir='ltr'><strong>rum</strong></span> <span class='ocrx_word' id='word_1_932' title='bbox 2324 5659 2657 5700; x_wconf 87' lang='lat' dir='ltr'><strong>consensum</strong></span> <span class='ocrx_word' id='word_1_933' title='bbox 2691 5645 3114 5713; x_wconf 89' lang='lat' dir='ltr'><strong>amplecteretur</strong></span> <span class='ocrx_word' id='word_1_934' title='bbox 3161 5641 3448 5708; x_wconf 89' lang='lat' dir='ltr'><strong>Usserius,</strong></span> <span class='ocrx_word' id='word_1_935' title='bbox 3481 5650 3576 5696; x_wconf 87' lang='lat' dir='ltr'><strong>aut</strong></span> <span class='ocrx_word' id='word_1_936' title='bbox 3606 5640 3746 5695; x_wconf 89' lang='lat' dir='ltr'><strong>arri-</strong></span> 
     </span>
    </p>
   </div>
   <div class='ocr_carea' id='block_1_120' title="bbox 2164 5732 3748 5806">
    <p class='ocr_par' dir='ltr' id='par_1_120' title="bbox 2164 5732 3748 5806">
     <span class='ocr_line' id='line_1_120' title="bbox 2164 5732 3748 5806; baseline -0.004 -14"><span class='ocrx_word' id='word_1_937' title='bbox 2164 5744 2318 5806; x_wconf 88' lang='lat' dir='ltr'><strong>peret</strong></span> <span class='ocrx_word' id='word_1_938' title='bbox 2340 5735 2592 5793; x_wconf 68' lang='lat' dir='ltr'><strong>Dallaaus.</strong></span> <span class='ocrx_word' id='word_1_939' title='bbox 2630 5735 2905 5804; x_wconf 87' lang='lat' dir='ltr'><strong>Secundo,</strong></span> <span class='ocrx_word' id='word_1_940' title='bbox 2928 5751 3037 5790; x_wconf 90' lang='lat' dir='ltr'><strong>non</strong></span> <span class='ocrx_word' id='word_1_941' title='bbox 3063 5741 3278 5794; x_wconf 82' lang='lat' dir='ltr'><strong>constat</strong></span> <span class='ocrx_word' id='word_1_942' title='bbox 3303 5732 3748 5803; x_wconf 78' lang='lat' dir='ltr'><strong>interpolatorem</strong></span> 
     </span>
    </p>
   </div>
  </div>
