4138 6390
371 338 485 394 377

1121 337 1172 392 J.
1217 337 1591 392 PEABSUNII
1635 337 1961 392 VlNDlCl/E
2007 336 2425 392 lCNATlANzE.
2462 367 2529 376 ———
2565 334 2744 388 PARS
2779 331 2840 386 ll.

3543 331 3651 384 57S

372 476 482 535 pro
533 459 792 530 epistola,
847 462 1117 512 orationes
1170 459 1557 524 substituisse;
1617 475 1743 513 nam
1789 461 1971 529 potius
2003 467 2047 518 Α
2079 471 2248 521 ratur,
2270 458 2416 527 quod
2443 455 2743 511 foedissime
2778 452 3103 521 interpolata
3133 451 3223 506 sit.
3250 471 3268 502 ι
3307 450 3376 504 At
3407 465 3508 504 nos
3537 452 3654 503 hare

369 555 596 609 videtur
635 556 694 607 ὲν
740 553 891 622 πάσῃ
937 551 1194 623 ἐπιστολῇ
1247 551 1550 606 reddidisse
1582 568 1678 621 per
1712 553 1966 612 πάντοτε,

372 654 433 700 et
469 647 530 698 ὲν
561 645 683 707 ταῖς
714 642 933 714 δεήσεσι
979 642 1254 697 addidisse
1305 642 1371 696 ad
1417 642 1838 712 explicationem
1873 643 1970 695 τοῦ

379 735 736 807 μνημονεύει,
773 735 919 804 quod
956 735 1163 789 videret
1197 733 1254 789 S.
1284 734 1512 788 Paulum
1543 735 1596 788 in
1632 735 1971 788 orationibus

373 844 480 896 per
508 836 676 882 totam
712 829 996 896 epistolam
1027 828 1234 896 sparsis
1261 826 1527 897 Ephesios
1555 827 1664 882 Deo
1692 843 1972 883 commen-

375 921 546 976 dasse
581 921 634 974 in
659 919 787 974 Jesu
805 919 1047 988 Christo;
1073 923 1155 975 vel
1180 922 1245 976 ad
1269 922 1420 974 illum
1446 920 1780 976 versiculum
1798 923 1972 991 respi-

375 1023 551 1078 ceret,
569 1014 627 1066 οὐ
646 1013 892 1083 παύομαι
910 1014 1245 1086 εὐχαριστῶν
1263 1015 1402 1085 ὑπὲρ
1427 1013 1580 1084 ὑμῶν
1604 1014 1794 1084 μνείαν
1817 1016 1846 1068 ὑ
1856 1015 1970 1085 μῶν

375 1109 711 1180 ’ποιούμενος
764 1109 856 1162 ἐπὶ
899 1109 1007 1162 τῶν
1060 1107 1376 1180 προσευχῶν
1409 1127 1532 1178 μου.
1576 1130 1593 1160 ι
1643 1107 1762 1162 Non
1815 1125 1972 1164 cesso

378 1202 594 1272 gratias
617 1217 782 1272 agens
804 1218 904 1270 pro
928 1201 1082 1257 vobis
1100 1242 1115 1266 ,
1143 1203 1462 1256 memoriam
1487 1205 1654 1259 vestri
1681 1205 1888 1260 faciens
1913 1207 1970 1259 in

380 1294 732 1353 orationibus
767 1295 921 1348 meis.
947 1315 965 1345 ι
995 1293 1423 1350 Laurentianum
1446 1297 1691 1350 codicem
1713 1298 1970 1361 defendo,

379 1385 773 1442 confusionem
815 1388 1104 1458 utriusque
1150 1388 1358 1443 codicis
1390 1390 1460 1443 ab
1509 1388 1858 1446 llammondo
1892 1391 1974 1446 fa—

377 1489 532 1534 ctam
569 1497 676 1534 non
708 1481 900 1549 probo.
1911 1489 1914 1492 ί

455 1572 651 1643 Capite
681 1573 752 1626 ‘20
785 1574 853 1627 dc
888 1573 1007 1628 solo
1050 1572 1203 1628 Pauli
1247 1575 1503 1646 conjugio
1540 1577 1672 1647 agit,
1717 1585 1770 1631 et
1803 1577 1974 1631 inter-

378 1667 689 1737 polatorem
726 1675 934 1720 tantum
968 1665 1109 1719 ferit.
1147 1666 1407 1736 Caputﬂl
1439 1678 1676 1738 quatuor
1709 1670 1974 1739 objectio-

379 1774 486 1822 nes
522 1759 1037 1828 continet,quarum
1070 1773 1178 1812 una
1205 1760 1269 1813 de
1298 1759 1591 1815 Salomone
1622 1771 1675 1815 et
1706 1760 1855 1817 Josia
1890 1763 1976 1816 in-

381 1851 777 1916 terpolatorem
802 1891 814 1914 ,
853 1852 1079 1920 reliquae
1110 1863 1388 1908 auctorem
1425 1855 1604 1923 ipsum
1649 1865 1860 1924 petunt.
1899 1855 1974 1910 De

381 1942 483 1995 illo
514 1941 632 1996 haec
665 1941 868 1996 habet:
902 1961 920 1993 ι
952 1940 1125 1998 Ποιηο
1158 1945 1560 2002 audacissimus
1595 1947 1836 2002 scribere
1864 1961 1973 2000 non

381 2031 660 2085 dubitavit
697 2031 980 2088 Christum
1013 2034 1304 2092 Dominum
1340 2053 1372 2092 a
1407 2054 1466 2094 se
1495 2038 1548 2093 in
1573 2055 1738 2094 carne
1770 2040 1971 2094 visum.

380 2125 817 2197 Cbrysostomus
873 2139 1035 2200 negat
1089 2133 1359 2202 Ignatium
1411 2130 1612 2188 vidisse
1669 2134 1972 2190 Christum.

383 2217 761 2288 Epistolarum
793 2237 926 2293 ergo
952 2223 1191 2293 scriptor
1225 2223 1505 2279 manifesti
1540 2227 1806 2281 mendacii
1844 2243 1974 2281 con-

383 2311 651 2366 vincitur.
673 2333 691 2364 ι
729 2312 855 2368 llaec
883 2317 1191 2385 argumenti
1226 2333 1462 2371 summa.
1499 2316 1616 2383 Qua
1651 2319 1977 2374 certitudine

385 2406 592 2461 dixerit
624 2407 1053 2479 Chrysostumus
1077 2409 1358 2466 Christum
1395 2412 1463 2465 ab
1495 2410 1704 2481 lgnatio
1737 2424 1977 2484 martyre

387 2516 672 2571 nunquam
720 2503 901 2557 visum
950 2502 1120 2557 fuisse
1145 2545 1160 2566 ,
1199 2519 1300 2572 ego
1343 2519 1450 2556 non
1493 2519 1702 2572 quaero.
1738 2503 1898 2559 Certe
1931 2506 1976 2559 si

385 2594 742 2664 epistolarum
794 2595 1032 2664 scriptor
1073 2595 1179 2649 200
1217 2604 1340 2665 post
1389 2595 1656 2666 lgnatium
1691 2599 1870 2661 annis,
1921 2609 1980 2653 ut

386 2689 507 2743 vult
540 2687 798 2753 Dallzeus,
822 2687 1023 2743 dixerit
1045 2688 1324 2744 Christum
1357 2705 1384 2742 a
1410 2705 1468 2744 se
1493 2690 1545 2743 in
1579 2705 1744 2745 carne
1775 2692 1977 2754 visum,

385 2787 446 2833 et
475 2779 639 2833 homo
663 2779 1064 2834 audacissimus
1082 2790 1136 2835 et
1157 2781 1614 2836 mendacissimus
1637 2781 1768 2847 fuit;
1790 2798 1980 2850 quem-

387 2871 684 2926 admodum
715 2871 1166 2929 Pseudo-Abdias
1200 2889 1307 2928 non
1343 2874 1462 2929 sine
1494 2890 1708 2928 summa
1752 2874 1979 2928 audacia

386 2972 446 3017 et
478 2973 664 3033 aperto
713 2966 1002 3020 mendacio
1059 2966 1237 3034 ipsum
1294 2966 1468 3020 oculis
1524 2966 1639 3020 suis
1683 2965 1977 3019 Dominum

387 3056 593 3111 vidisse
624 3066 813 3111 narrat
842 3057 1168 3128 Apostolica:
1203 3058 1443 3113 historiae
1476 3059 1568 3113 lib.
1605 3075 1687 3119 v1,
1721 3075 1847 3114 cum
1882 3075 1980 3114 eo-

387 3150 515 3208 dem
556 3149 696 3204 libro
738 3165 847 3203 non
896 3127 1112 3204 tantum
1165 3150 1529 3221 Hegesippum
1589 3152 1976 3219 nominaverit,
2008 3151 2050 3214 ο
2082 3148 2178 3188 θοδ
2242 3129 2478 3184 Eusebio
2546 3127 2700 3196 ἱρεο,

388 3241 488 3296 sed
520 3251 576 3296 et
620 3243 741 3312 ejus
776 3243 939 3297 verba
973 3258 1041 3296 ex
1078 3245 1436 3298 translatione
1472 3243 1670 3298 Bullini
1715 3245 1980 3298 transcri-

385 3335 581 3405 pserit.
619 3336 828 3390 Auctor
867 3335 1081 3390 Politia:
1126 3335 1228 3392 SS.
1262 3335 1491 3390 Patrum
1531 3337 1891 3407 Metropltauis
1931 3348 1980 3390 et

383 3427 689 3481 Menandri
728 3429 873 3498 apud
905 3428 1161 3484 Photium
1196 3431 1385 3484 codice
1424 3430 1562 3494 256,
1595 3439 1649 3484 et
1686 3431 1850 3484 homo
1882 3446 1982 3484 au-

385 3520 722 3576 dacissimus
755 3531 810 3577 et
842 3523 1303 3578 mendacissimus
1343 3522 1464 3588 fuit,
1507 3525 1552 3578 si
1605 3524 1890 3593 scripserit
1922 3540 1980 3579 se

385 3614 596 3670 vidisse
644 3615 1068 3671 Constantinum
1124 3616 1266 3670 inter
1300 3615 1540 3685 ephebos
1590 3626 1888 3670 merentem
1925 3617 1980 3670 in
2025 3679 2028 3682 ,

384 3704 682 3762 Palmstina
710 3707 814 3762 sub
848 3707 1203 3762 Diocletiano.
1248 3705 1446 3761 Verum
1472 3707 1577 3760 hoc
1603 3707 1836 3776 scriptor
1867 3708 1981 3776 ipse

385 3813 503 3852 non
551 3798 720 3865 dixit,
753 3799 847 3854 sed
902 3800 1277 3854 obscuriorem
1326 3797 1503 3852 Photii
1549 3799 1978 3853 contractionem

384 3890 468 3945 ita
504 3892 784 3947 transtulit
828 3891 1118 3958 Schottus,
1151 3892 1311 3961 cujus
1361 3892 1860 3959 interpretationem
1899 3907 1982 3944 IC-

385 3982 589 4038 lellunt
646 3985 835 4039 eadem
888 3985 1024 4039 Acta
1073 3984 1288 4054 plenius
1341 3999 1370 4038 a
1424 3982 1758 4038 Combetisio
1809 3998 1983 4051 nuper

384 4076 570 4140 edita;
605 4091 670 4129 ex
707 4077 908 4146 quibus
967 4085 1183 4130 constat
1217 4090 1322 4129 non
1359 4076 1706 4143 scriptorem,
1737 4075 1831 4128 sed
1873 4075 1989 4128 Ma-

388 4169 702 4222 ximianum
727 4178 860 4224 tunc
891 4170 1095 4225 vidisse
1127 4169 1571 4224 Constantinum.
1611 4167 1742 4222 Illud
1780 4170 1984 4237 pariter

385 4269 446 4313 et
476 4274 579 4329 ego
613 4274 823 4326 assero,
870 4270 1151 4314 auctorem
1201 4259 1584 4328 epistolarum,
1615 4274 1754 4326 quas
1793 4258 1982 4313 defen-

387 4353 602 4419 dimus,
625 4369 906 4423 nunquam
940 4352 1248 4422 scripsisse,
1273 4352 1556 4406 Christum
1582 4367 1610 4404 a
1642 4368 1702 4406 se
1731 4352 1784 4404 in
1817 4367 1984 4406 carne

389 4445 598 4499 visum.
637 4443 696 4498 Si
730 4445 846 4499 hzec
881 4445 1215 4513 scripsisset,
1254 4443 1558 4498 Salmasius
1585 4452 1640 4497 et
1666 4442 1980 4498 Blondellus

387 4551 496 4609 pro
532 4551 631 4589 sua
667 4535 720 4588 in
755 4535 838 4588 his
871 4535 1035 4588 rebus
1066 4534 1307 4599 solertia,
1347 4535 1397 4587 id
1434 4533 1728 4602 praeterire,
1761 4533 1978 4602 opinor,

390 4628 737 4692 noluissent;
780 4627 873 4681 sed
902 4627 1129 4681 omnino
1160 4642 1266 4679 non
1297 4627 1532 4694 scripsit.
1579 4626 1835 4680 Auctoris
1868 4626 1983 4694 cpi--

388 4722 551 4776 stolae
595 4721 760 4774 verba
795 4720 912 4774 haec
945 4728 1073 4774 sunt
1123 4720 1190 4773 de
1230 4717 1654 4787 Christoz’E-{L‘o
1699 4717 1808 4790 γὰρ
1845 4716 1982 4788 μετὰ

385 4810 494 4881 τὴν
545 4810 843 4863 ἀνάστασιν
895 4811 952 4862 ὲν
1004 4809 1165 4880 σαρκὶ
1220 4809 1380 4862 αὐτὸν
1431 4804 1548 4862 οἶδα
1599 4809 1692 4862 καὶ
1743 4808 1984 4862 πιστεύω

386 4905 546 4959 ὄντα.
583 4901 662 4957 Ita
697 4904 749 4956 in
787 4903 974 4958 codice
1008 4901 1377 4956 Laurent-iano
1411 4903 1639 4973 legitur;
1677 4904 1866 4957 eadem
1903 4903 1982 4956 le-

388 4997 506 5054 ctio
539 4996 682 5066 apud
720 4995 1016 5050 Eusebium
1053 4995 1360 5061 invenitur;
1397 4996 1644 5049 eamdem
1681 5011 1983 5064 reprtesen-

390 5102 477 5146 tat
511 5089 927 5155 Theodoretus;
954 5087 1201 5141 eamdem
1236 5089 1584 5141 retinuerunt
1615 5086 1788 5140 Graeci
1829 5087 1982 5142 codi-

390 5202 490 5242 ces
532 5184 760 5254 vulgati,
795 5192 912 5237 tum
946 5180 1421 5252 Nydpruccianus,
1457 5191 1573 5235 tum
1621 5180 1978 5252 Tylinganus,

392 5291 513 5334 tum
549 5277 909 5346 Anglicanus,
935 5290 1129 5329 omnes
1163 5290 1194 5329 a
1240 5289 1408 5327 manu
1439 5274 1848 5341 interpolatoris
1884 5277 1983 5328 hoc

391 5376 522 5428 loco
557 5369 733 5424 liberi.
773 5366 1036 5422 Summus
1071 5367 1160 5421 hic
1195 5366 1360 5436 igitur
1392 5373 1447 5418 et
1478 5363 1755 5429 codicum,
1788 5373 1842 5418 et
1888 5380 1983 5419 ex-

392 5472 711 5533 cerptorum
736 5476 1072 5527 consensus;
1107 5475 1271 5530 quem
1306 5468 1487 5513 tamen
1520 5457 1674 5512 miris
1706 5459 1982 5528 conjectu-

393 5557 477 5611 ris
525 5553 855 5610 labefactare
903 5562 1134 5608 conatur
1172 5553 1243 5607 vii
1296 5551 1668 5614 doctissimus,
1709 5551 1802 5620 qui
1853 5552 1980 5604 alibi

395 5649 710 5705 exclamare
763 5647 924 5713 solet,
969 5645 1184 5716 quoties
1217 5644 1400 5713 aliqua
1450 5653 1692 5697 veterum
1728 5641 1979 5696 codicum

396 5741 563 5811 lectio
591 5740 934 5795 sollicitatur.

468 5832 699 5888 Primo:
735 5851 751 5883 ι
783 5830 1090 5888 Editionem
1125 5828 1368 5884 Graecam
1404 5828 1676 5896 vulgatam
1712 5826 1844 5881 nihil
1869 5841 1982 5879 mo—

2077 553 2238 606 verba
2264 551 2412 604 omni
2436 547 2856 616 interpolationc
2880 545 3050 598 libera
3073 558 3140 598 ex
3175 558 3236 596 ea
3262 542 3648 611 producimus;

2073 645 2280 700 scilicet
2311 641 2465 696 Μετὰ
2497 640 2598 712 τὴν
2629 641 2920 692 ἀνάστασιν
2954 639 3010 690 ὲν
3034 636 3196 708 σαρκὶ
3228 635 3389 688 αὐτὸν
3419 629 3536 685 οἶδα
3563 633 3656 685 καὶ

2072 735 2314 790 πιστεύω
2363 734 2510 787 ὄντα.
2547 732 2897 799 Quaecunque
2947 727 3113 797 igitur
3158 726 3485 796 interpolata
3522 725 3653 788 sint,

2074 831 2190 883 haec
2233 835 2379 882 certe
2428 841 2560 882 sana
2598 835 2655 879 et
2700 825 2905 893 integra
2942 828 3257 889 supersunt,
3308 834 3431 873 cum
3469 817 3656 871 codice

2075 920 2464 984 Laurentiano,
2496 917 2754 981 Eusebio,
2777 924 2830 969 et
2865 913 3212 968 Theodoreto
3237 909 3652 964 consentientia.

2077 1013 2350 1074 Secundo,
2381 1011 2435 1064 in
2467 1009 2705 1064 Eusebio
2739 1006 3041 1061 hariolatur
3065 1005 3150 1057 vel
3183 1001 3542 1070 antiquarios,
3571 1001 3656 1054 vel

2076 1103 2349 1158 Bullinum
2393 1117 2494 1171 pro
2553 1096 2690 1153 εἶδον
2734 1097 3088 1166 rescripsisse
3129 1091 3263 1148 οἴδα·
3320 1110 3384 1148 ex
3433 1092 3654 1146 Eusebii

2073 1197 2230 1251 libris
2277 1195 2344 1250 ad
2398 1192 2842 1256 Theodoretum,
2879 1199 2934 1245 et
2983 1188 3306 1258 scriptorem
3354 1182 3657 1239 Florentini

2075 1291 2279 1347 codicis
2312 1289 2646 1344 dimanasse.
2683 1286 2726 1341 Ο
2759 1286 2999 1356 lepidum
3033 1282 3442 1339 commentum!
3483 1279 3657 1332 Euse-

2075 1384 2150 1439 bii
2183 1380 2419 1436 llistoria
2443 1389 2662 1434 centum
2686 1377 2857 1432 ferme
2885 1377 3044 1430 annis
3064 1375 3384 1445 priusquam
3415 1370 3660 1423 Bullinus

2073 1492 2192 1531 eam
2231 1475 2285 1528 in
2320 1472 2576 1527 Latinum
2612 1469 2866 1534 vertit,in
2897 1467 3152 1521 manibus
3181 1465 3425 1519 omnium
3454 1462 3657 1527 fuerat;

2074 1569 2406 1638 exemplaria
2441 1582 2537 1636 per
2569 1574 2736 1620 totam
2771 1560 3071 1616 Ecclesium
3099 1557 3427 1612 Orientalem
3460 1554 3663 1622 ubique

2075 1657 2321 1725 dispersa
2355 1665 2408 1710 et
2441 1669 2636 1724 magna
2669 1651 2916 1707 omnium
2952 1664 3077 1703 cum
3105 1645 3470 1701 admiratione
3507 1659 3664 1701 accc-

2077 1760 2190 1820 pta.
2226 1753 2308 1803 An
2357 1750 2527 1820 igitur
2574 1746 2823 1801 Bullinus
2859 1745 2914 1798 in
2966 1743 3209 1798 Ecclesia
3246 1739 3441 1793 Latina
3475 1753 3661 1792 vocem

2081 1845 2299 1900 unicam
2333 1845 2388 1897 in
2432 1858 2536 1897 suo
2569 1842 2758 1897 codice
2803 1840 2870 1894 de
2904 1838 3171 1894 industria
3208 1848 3420 1890 mutare
3465 1834 3663 1898 voluit,

2079 1944 2174 1991 aut
2215 1936 2609 1991 correctionem
2643 1949 2801 1988 suam
2847 1933 2903 1985 in
2954 1931 3166 2000 reliqua
3202 1929 3387 1982 omnia
3423 1924 3666 1979 Orientis

2078 2029 2410 2099 exemplaria
2455 2027 2824 2097 recipiendam
2865 2024 2983 2078 fore
3028 2037 3250 2093 sperare
3295 2019 3512 2090 potuit?
3544 2017 3664 2071 Non

2080 2123 2216 2178 adeo
2265 2123 2490 2177 demens
2539 2119 2643 2174 fuit
2693 2117 2976 2180 Bullinus;
3027 2113 3330 2184 praesertim
3380 2125 3504 2164 cum
3546 2108 3659 2177 jam

2079 2214 2384 2269 acerrimus
2433 2211 2554 2280 ejus
2604 2208 2782 2264 hostis
2829 2205 3192 2275 Hieronymus
3235 2210 3315 2255 tot
3347 2201 3508 2253 annis
3537 2211 3664 2251 ante

2080 2309 2223 2362 hanc
2275 2304 2584 2358 versionem
2640 2300 2954 2370 catalogum
3005 2310 3167 2350 suum
3207 2292 3491 2347 edidisset.
3546 2288 3665 2344 Non

2080 2409 2165 2454 est
2201 2398 2386 2466 itaque
2414 2395 2566 2464 justa
2615 2391 2879 2460 suspicio,
2916 2387 3192 2442 Bullinum
3225 2383 3440 2438 Eusebii
3477 2380 3665 2436 Histo~

2081 2493 2220 2546 riam
2281 2489 2445 2542 verba
2498 2483 2843 2540 immutando
2903 2479 3238 2549 corrupisse.
3298 2476 3372 2529 De
3426 2473 3666 2529 librariis

2082 2593 2261 2639 autem
2294 2581 2441 2650 quod
2487 2577 2731 2647 conjicit,
2758 2575 2924 2630 verba
2957 2571 3150 2643 lgnatii
3182 2570 3250 2624 ab
3291 2567 3527 2621 Eusebio
3557 2573 3668 2618 tra-

2080 2674 2192 2728 dita
2218 2671 2474 2726 consulto
2506 2686 2601 2725 eos
2629 2665 3010 2722 animadversa
3042 2663 3122 2717 rei
3155 2659 3520 2724 absurditate,
3543 2673 3668 2712 cor-

2080 2767 2322 2830 rexisse,
2368 2763 2437 2817 ab
2484 2761 2635 2816 omni
2675 2754 3156 2813 verisimilitudine
3203 2752 3484 2806 abhorret.
3530 2748 3669 2816 Quis

2081 2858 2228 2912 cnim
2284 2871 2380 2911 eos
2428 2853 2680 2908 librarios
2734 2864 2977 2919 unquam
3033 2845 3369 2902 existimabit
3408 2847 3464 2898 in
3516 2858 3670 2898 com-

2082 2964 2249 3006 mune
2299 2945 2678 3007 consuluisse,
2724 2943 2790 2997 de
2844 2939 3063 3008 scriptis
3118 2937 3340 2992 Eusebii
3395 2935 3666 3006 judicium

2084 3041 2295 3103 tulisse,
2338 3046 2392 3092 et
2440 3037 2510 3091 de
2562 3032 2866 3088 mutatione
2909 3028 3062 3083 vocis
3111 3023 3492 3080 consensisse?
3534 3022 3668 3087 Quis

2781 3129 3006 3177 auctore
3069 3119 3154 3174 sui
3221 3115 3483 3185 temporis
3552 3129 3668 3167 ina—

2083 3227 2234 3280 ximo
2267 3221 2627 3292 sapientiores
2669 3215 2958 3287 judicabit,
2997 3227 3138 3281 quos
3181 3209 3332 3264 omni
3376 3223 3494 3262 aevo
3520 3207 3668 3266 viros

2085 3319 2255 3375 fuisse
2307 3317 2576 3370 bonarum
2632 3313 2940 3366 litterarum
2992 3307 3248 3376 ignaros,
3296 3301 3546 3357 mercede
3598 3299 3668 3353 ad

2082 3409 2506 3466 exscribendum
2556 3400 2933 3459 tantummodo
2984 3398 3308 3461 eoriductos,
3339 3395 3441 3448 viri
3474 3406 3667 3447 omnes

2083 3503 2226 3558 docti
2249 3512 2301 3556 et
2336 3502 2392 3554 in
2439 3500 2525 3553 his
2559 3498 2724 3552 rebus
2752 3495 2955 3550 versati
2989 3501 3044 3548 et
3080 3492 3411 3544 conlitentur
3441 3497 3496 3541 et
3527 3501 3667 3556 que-

2085 3595 2316 3648 runtur?
2351 3592 2408 3646 Si
2436 3589 2642 3660 aliquid
2672 3589 2726 3640 in
2758 3585 2982 3641 Eusebii
3009 3582 3194 3637 codice
3228 3589 3500 3634 tentatum
3531 3576 3669 3631 luis-

2084 3701 2187 3753 set,
2231 3691 2356 3761 quis
2389 3689 2539 3743 dabit
2571 3703 2635 3741 ea
2669 3681 3011 3739 correctione
3057 3676 3403 3733 Thcodoreto
3439 3674 3667 3743 imposi-

2085 3795 2197 3839 tum
2235 3783 2425 3848 fuisse,
2460 3780 2552 3850 qui
2603 3789 2683 3833 tot
2715 3776 2818 3831 alia
2862 3776 2979 3830 loca
3029 3789 3138 3828 non
3179 3789 3242 3827 ex
3280 3770 3538 3834 Eusebio,
3572 3768 3667 3821 sed

2083 3896 2148 3932 ex
2175 3875 2312 3946 ipsis
2345 3873 2536 3944 lgnatii
2571 3870 2816 3941 epistolis
2850 3866 3238 3936 transcripsit?
3267 3864 3402 3930 Quis
3438 3869 3668 3932 praesta-

2083 3971 2163 4025 bit
2195 3969 2518 4036 scriptorcni
2572 3962 2931 4017 Laurentiani
2981 3959 3217 4023 codicis,
3253 3955 3444 4009 relicto
3477 3966 3667 4005 exem-

2083 4061 2221 4132 plari
2257 4076 2388 4122 suo,
2427 4066 2523 4112 aut
2570 4055 2788 4112 Eusebii
2837 4053 3158 4115 Historiam,
3199 4060 3293 4104 aut
3340 4043 3668 4100 Theodoreti

2084 4154 2483 4225 disputationes
2530 4152 2584 4205 in
2629 4148 2921 4204 consilium
2957 4144 3298 4200 adhibuisse.
3354 4139 3530 4193 Nimis
3579 4137 3667 4190 di-

2084 4249 2213 4303 lutae
2245 4253 2375 4301 sunt
2417 4247 2502 4299 ha:
2539 4242 2899 4312 conjecturae;
2931 4251 2985 4294 et
3028 4236 3340 4307 aequissima
3373 4231 3668 4303 postulatio

2085 4352 2190 4410 est,
2228 4348 2288 4395 ut
2317 4355 2378 4393 ea
2416 4353 2514 4408 pro
2544 4336 2726 4391 verbis
2759 4333 3112 4404 epistolarum
3161 4326 3403 4383 auctoris
3431 4325 3672 4378 habean-

2085 4448 2195 4500 tur,
2227 4445 2349 4501 quae
2395 4430 2464 4483 ab
2496 4428 2752 4482 erunibus
2785 4424 2989 4481 Grmeis
3021 4419 3448 4492 exemplaribus,
3485 4424 3539 4470 et
3571 4431 3669 4471 ve-

2012 4499 2056 4552 D
2087 4525 2292 4580 teribus
2315 4519 2583 4591 excerptis
2605 4525 2998 4588 agnoscuntur.
3035 4513 3106 4569 lis
3133 4520 3316 4568 autem
3347 4509 3530 4564 verbis
3557 4523 3668 4562 non

2084 4617 2284 4671 dicitur
2308 4615 2360 4669 id
2387 4614 2528 4684 quod
2557 4630 2587 4667 a
2623 4613 2741 4667 solo
2766 4609 2967 4663 Dallzeo
2988 4607 3262 4676 objectum
3290 4612 3393 4667 est,
3421 4602 3478 4656 S.
3511 4599 3670 4668 lgna-

2087 4709 2220 4762 tium
2243 4709 2298 4760 in
2323 4721 2489 4760 carne
2506 4704 2788 4759 Christum
2812 4702 3034 4756 vidisse.
3066 4697 3225 4751 Aliud
3250 4697 3393 4749 enim
3419 4702 3501 4747 est
3525 4688 3663 4757 οἶδα,

2084 4801 2230 4855 aliud
2265 4796 2399 4853 εἶδον
2447 4798 2530 4852 vel
2567 4797 2693 4850 ἴδον·
2729 4809 2837 4848 non
2883 4792 3145 4860 scriptum
3190 4796 3273 4841 est
3313 4783 3480 4852 εἶδον,
3517 4788 3667 4854 quod

2083 4904 2168 4948 est
2200 4893 2404 4948 Graecis
2445 4911 2463 4942 ι
2492 4891 2624 4955 vidi,
2653 4907 2671 4939 ι
2711 4886 2804 4941 sed
2849 4881 2993 4947 οἶδα,
3029 4882 3175 4953 quod
3209 4880 3400 4934 iisdem
3449 4893 3668 4946 semper

2084 4999 2169 5046 est
2224 5009 2242 5041 ι
2274 4990 2465 5054 novi,»
2512 4988 2596 5040 vel
2646 4985 2824 5039 «scio.
2854 5002 2872 5035 ι
2930 4982 3006 5036 lta
3064 4982 3259 5034 harum
3306 4977 3666 5047 epistolarum

2084 5092 2276 5138 auctor
2320 5082 2447 5136 alibi
2481 5077 2786 5148 distinguit.
2823 5076 2903 5130 Ad
2931 5075 3195 5145 Ephesios
3223 5065 3425 5126 εΔι’ὧν
3457 5071 3668 5134 πάντας

2086 5178 2230 5247 ὑμᾶς
2264 5174 2405 5229 κατὰ
2439 5174 2659 5242 ἀγάπην
2693 5167 2851 5235 εἶδον,
2894 5188 2912 5219 ι
2937 5183 3032 5237 per
3063 5181 3203 5236 quos
3227 5181 3323 5218 vos
3357 5178 3547 5218 omnes
3578 5177 3666 5217 see

2085 5269 2324 5323 cundum
2358 5265 2676 5320 eharitatem
2712 5260 2843 5314 vidi.
2870 5279 2888 5312 ι
2920 5261 2999 5314 Ad
3031 5256 3336 5329 Magnesios
3369 5274 3381 5308 :
3417 5250 3548 5306 Οἶδα
3580 5253 3666 5306 ὅτι

2083 5363 2142 5414 οὐ
2179 5357 2490 5430 φυσιοῦσθε,
2549 5375 2566 5406 ι
2593 5355 2718 5408 novi
2753 5352 3013 5423 quoniam
3050 5365 3156 5404 non
3201 5345 3524 5409 inliumini,»
3564 5351 3662 5398 et:

2085 5448 2215 5505 Οἶδα
2263 5453 2345 5503 ὅτι
2392 5444 2748 5520 ὲντρέπεσΟε,
2791 5464 2809 5494 ι
2842 5443 2962 5496 novi
3013 5439 3274 5510 quoniam
3323 5434 3665 5491 verecunda-

2085 5543 2282 5598 mini.»
2317 5541 2396 5594 Ad
2442 5536 2915 5605 Philadelphicos,
2949 5531 3088 5585 οἶδεν
3139 5529 3246 5601 γὰρ
3297 5528 3462 5581 πόθεν
3505 5526 3663 5598 ἔρχεν

2083 5657 2193 5701 ται,
2221 5638 2314 5690 καὶ
2348 5633 2451 5686 ποῦ
2485 5633 2708 5699 ὑπάγει,
2734 5651 2751 5680 ι
2779 5631 2927 5684 nevit
2958 5628 3102 5680 enim
3127 5625 3269 5678 unde
3291 5623 3531 5688 venit,et
3553 5634 3664 5689 quo

2085 5730 2251 5784 vadit.
2281 5747 2298 5777 ι
2325 5727 2448 5782 llam
2485 5725 2663 5794 primo
2698 5738 2796 5792 pro
2826 5721 2991 5776 certis
3021 5727 3076 5774 et
3106 5714 3429 5771 indubi-tatis
3464 5714 3660 5768 habeo.

2165 5823 2270 5878 Sed
2321 5821 2563 5890 disputat
2621 5818 2853 5873 Dalla'us
2898 5831 2962 5870 ex
3009 5812 3173 5868 veteri
3227 5808 3498 5875 versione,
3545 5823 3670 5880 qua;
