4138 6412
473 353 582 409 5'79

1425 354 1484 409 S.
1524 353 1873 409 iCNATlUS.
1905 386 1971 394 —
2003 354 2541 411 PBOLEGOMENA.

3623 347 3728 402 580

476 476 642 530 verba
672 474 917 530 auctoris
939 475 1012 528 ita
1043 477 2048 546 repraesentat,«postresurrectionem
2079 482 2125 540 Α
2153 479 2395 533 Athenas
2411 474 2696 541 subvertit,
2719 493 2737 526 ι
2757 488 2855 543 pro
2877 471 3146 544 καθαίρει,
3174 469 3427 534 «lustrat;
3450 486 3468 519 ι
3493 467 3585 536 qui
3609 468 3728 520 ἑτε-

479 569 536 621 in
565 581 732 622 carne
755 583 879 621 eum
916 567 1048 621 vidi.
1077 586 1095 618 ι
1129 566 1329 622 Verum
1359 584 1470 623 non
1495 569 1778 639 quaeritur,
1809 570 1940 639 quid
1963 569 2016 624 in
2037 599 2049 608 -

479 666 688 729 terpres
712 657 923 723 fecerit,
952 657 1046 712 sed
1073 657 1206 726 quid
1237 668 1431 713 auctor
1455 659 1698 728 epistola:
1740 660 2050 730 scripserit,

478 759 536 804 et
559 765 628 803 an
653 750 727 802 ita
756 749 1022 817 interpres
1048 749 1137 803 ille
1161 750 1404 804 auctoris
1427 751 1588 803 verba
1610 751 1833 805 reddere
1856 752 2057 805 debue-

481 844 571 897 rit.
603 842 1018 911 Simplicilatem
1053 852 1106 896 et
1133 843 1290 897 fidem
1323 844 1375 896 in
1404 860 1470 897 eo
1499 845 1739 910 laudem,
1770 845 1822 896 in
1869 845 2052 914 lingua

480 934 666 990 Graeca
696 935 946 1004 peritiam
973 935 1114 988 haud
1145 935 1294 989 item.
1318 934 1486 1000 ‘Quod
1514 951 1702 990 errare
1731 939 1968 1005 potuerit
1999 937 2052 992 in

480 1027 766 1096 scriptoris
805 1026 976 1081 Grieci
1024 1039 1204 1081 mente
1255 1027 1600 1095 explicanda,
1640 1043 1839 1098 negare
1895 1045 2054 1083 nemo

480 1129 689 1191 potest;
715 1119 859 1189 quod
895 1120 998 1174 hoc
1037 1121 1157 1174 loco
1199 1121 1483 1186 erraverit,
1511 1119 1744 1175 allirmo.
1773 1119 1877 1174 Sed
1903 1131 2058 1176 vetu-

481 1213 728 1266 stissimo
757 1210 1037 1279 interpreti
1081 1211 1238 1278 plane
1263 1210 1516 1279 congruit
1543 1208 1910 1280 Hieronymus
1933 1252 1948 1275 ,
1977 1210 2057 1265 l‘a-

483 1310 603 1358 teor
630 1318 645 1355 :
677 1316 866 1355 verum
897 1309 1019 1370 post
1061 1300 1451 1372 Hieronymum
1482 1302 1739 1356 dissentit
1774 1301 2052 1370 Bullinus;

481 1395 750 1463 quieritur
800 1394 925 1464 quis
976 1404 1212 1448 mentem
1272 1395 1516 1448 aur-toris
1567 1397 1751 1461 potius
1795 1396 2056 1464 attigerit,

484 1483 869 1554 Hieronymus,
903 1500 973 1537 an
1020 1483 1291 1548 Bullinus,
1329 1484 1678 1550 Usserianus,
1712 1503 1780 1540 an
1808 1489 2058 1557 vulgatus

486 1578 784 1646 interpres;
820 1576 870 1628 id
912 1584 995 1630 est
1053 1577 1119 1630 ad
1168 1577 1277 1630 vim
1310 1586 1364 1631 et
1411 1578 1868 1648 signilicationem
1909 1583 2058 1636 vocis

485 1665 601 1721 οῖδα
640 1668 866 1722 omnino
898 1669 1236 1722 redeundum
1284 1677 1387 1723 est.
1423 1670 1542 1738 Ipse
1590 1688 1695 1725 non
1731 1673 1894 1727 audet
1934 1688 2057 1727 cum

488 1760 556 1814 iis
579 1761 906 1814 contendere
931 1760 1023 1828 qui
1057 1769 1256 1831 negant
1284 1761 1505 1814 verbum
1542 1758 1657 1814 οἶδα
1699 1779 1796 1832 pro
1825 1764 1931 1816 vidi
1969 1781 2059 1819 ac-

2155 572 2398 644 ροδόξους
2433 590 2450 622 ι
2482 567 2579 624 eos
2624 569 2718 638 qui
2760 567 2937 621 aliena
2983 583 3012 620 a
3045 566 3156 619 Deo
3202 561 3390 634 gloria:
3432 561 3729 630 cupiditate

2152 665 2294 733 rapti
2323 672 2470 727 sunt,
2506 682 2523 714 ι
2557 661 2834 714 διάλεκτον
2856 658 3201 730 ἀνθρωπίνην
3243 678 3262 710 ‹
3296 658 3589 712 humanam
3619 653 3730 707 l'ra—

2153 758 2440 825 gilitatem,
2484 776 2502 807 ›
2540 755 2607 808 τὰ
2634 754 2982 824 διαφέροντα,
3028 772 3045 803 ι
3079 751 3408 815 differentia,
3441 768 3458 800 ι
3507 745 3727 818 μείζονα

2152 848 2246 904 τοῦ
2269 849 2446 902 λαλεῖν
2473 867 2491 899 ι
2523 847 2732 917 majora
2770 847 2940 915 loqui,
2979 865 2996 898 ι
3038 845 3500 915 πεντηκόνταρχον
3529 860 3546 892 ι
3567 839 3728 909 quin-

2155 941 2570 1011 quagenarium,
2611 959 2629 991 ι
2655 940 2960 1010 πυροφόρον
2984 957 3001 989 ι
3028 936 3476 1000 frumentarium,
3499 953 3516 986 ι
3536 932 3726 986 οἱάθε-

2155 1033 2374 1095 τοῦντες
2401 1031 2563 1102 ἀΟετή
2574 1049 2718 1103 ματα
2750 1051 2766 1082 ι
2788 1032 2882 1101 qui
2923 1039 3246 1101 spreverunt
3267 1036 3676 1085 contemnentes
3701 1046 3720 1075 ι

2157 1123 2548 1192 interpretatus
2597 1132 2711 1189 est;
2758 1123 2853 1192 qui
2879 1137 2945 1176 ex
2981 1121 3124 1176 male
3167 1119 3456 1176 intellectis
3505 1116 3728 1172 Eusebii

2157 1214 2359 1270 Griecis
2394 1215 2741 1284 Apollonium
2770 1222 3073 1268 senatorem
3111 1211 3257 1271 fecit.
3303 1211 3516 1281 insigne
3551 1208 3599 1264 ei
3632 1224 3731 1262 vo-

2159 1304 2345 1360 lumen
2398 1307 2669 1370 attribuit,
2709 1305 2996 1375 ipsumque
3044 1304 3096 1357 in
3137 1304 3459 1372 Catalogum
3493 1303 3727 1372 scripto-

2159 1415 2282 1453 rum
2343 1399 2843 1452 ecclesiasticarum
2890 1395 3112 1449 retulit?
3157 1393 3232 1446 Ex
3265 1394 3425 1459 male,
3471 1393 3729 1462 inquam,

2159 1489 2448 1543 intellectis
2492 1487 2710 1541 Eusebii
2740 1487 2943 1544 Grzecis
2974 1504 2987 1540 :
3027 1485 3342 1553 conjectura
3378 1485 3524 1540 enim
3571 1483 3732 1538 Jose-

2159 1581 2253 1650 phi
2289 1580 2549 1651 Scaligeri
2584 1579 2810 1633 omnino
2837 1579 3171 1649 repudianda
3199 1587 3304 1643 est,
3332 1579 3423 1647 qui
3463 1576 3730 1648 Hierony-

2159 1689 2332 1739 mum,
2384 1688 2510 1726 cum
2564 1672 2655 1726 illa
2706 1672 2992 1736 scriberet,
3046 1686 3153 1725 non
3210 1669 3457 1726 Graecum
3510 1665 3731 1724 Eusebii

2160 1763 2458 1832 exemplar,
2520 1761 2614 1817 sed
2669 1760 2866 1815 Bullini
2918 1761 3426 1831 interpretationem
3478 1760 3735 1815 manibus

487 1851 594 1918 cipi
623 1866 803 1919 posse.
825 1849 928 1905 Sed
949 1824 1362 1907 autillivcumiis
1387 1824 1820 1907 contendendum
1840 1865 1941 1919 est,
1962 1866 2058 1910 aut
2092 1824 2134 1879 Β
2167 1824 2427 1910 habuisse
2461 1854 2680 1909 asserit.
2715 1853 2770 1908 ld
2802 1853 2946 1907 enim
2981 1854 3099 1908 lieri
3133 1855 3284 1908 nullo
3328 1852 3493 1907 modo
3528 1852 3736 1921 potuit,

486 1957 688 1996 n'ianus
711 1942 923 1996 dandae.
953 1943 1090 1997 Cum
1114 1945 1262 1998 enim
1291 1960 1415 1999 vera
1446 1946 1607 2000 lectio
1635 1946 1746 2017 jam
1779 1958 1933 2003 extra
1958 1951 2062 2003 du-

487 2034 637 2087 hium
683 2035 860 2103 posita
905 2036 996 2100 sit,
1043 2036 1180 2090 nihil
1229 2037 1378 2092 aliud
1424 2039 1478 2092 in
1521 2043 1890 2096 controversia
1937 2042 2064 2110 poni

486 2136 686 2195 potest,
714 2127 819 2180 nisi
844 2144 965 2198 qua:
999 2129 1071 2182 sit
1099 2130 1352 2184 vocabuli
1383 2147 1508 2186 vera
1537 2140 1589 2186 et
1631 2135 1867 2200 genuina
1898 2134 2068 2205 signi-

487 2221 689 2274 ﬁcatio.
737 2219 839 2275 Sed
867 2230 921 2275 et
958 2241 979 2272 ι
1017 2221 1389 2290 S0phronius,
1419 2224 1620 2295 inquit,
1652 2227 1701 2281 id
1732 2228 1907 2296 ipsum
1940 2243 2064 2297 per-

487 2312 677 2379 spicue
712 2313 985 2368 reddidit:
1020 2334 1039 2365 ›
1092 2315 1232 2384 Ἐγὼ
1275 2316 1332 2368 δὲ
1370 2317 1509 2387 μετὰ
1547 2319 1643 2390 τὴν
1673 2319 1966 2372 ἀνάστασιν
2010 2321 2068 2372 ἐν

491 2403 703 2474 σώματι
731 2406 892 2460 αὐτὸν
921 2403 1078 2462 εἶδον.
1107 2408 1272 2475 Quid,
1298 2427 1507 2479 quaeso,
1535 2421 1620 2466 est
1645 2413 1696 2465 id
1721 2414 1896 2482 ipsum
1922 2413 2067 2482 quod

489 2497 837 2566 Sophronius
881 2503 1170 2570 perspicue
1209 2501 1482 2557 reddidit?
1509 2505 1636 2558 'non
1675 2505 1805 2559 illud
1851 2506 1919 2560 de
1960 2522 2070 2574 quo

485 2591 787 2658 quieritur;
822 2592 873 2645 id
899 2595 1045 2646 enim
1072 2604 1176 2660 est,
1205 2596 1336 2665 quid
1367 2606 1559 2651 auctor
1580 2598 1824 2667 epistolae
1845 2600 2073 2669 scripse-

489 2682 595 2746 rit;
632 2680 979 2751 Sophronius
1010 2695 1194 2739 autem
1223 2702 1330 2739 non
1360 2690 1637 2743 transtulit
1663 2689 1951 2758 Ignatium,
1975 2692 2068 2744 sed

490 2770 687 2839 lgnatii
738 2775 1093 2845 interpretem
1141 2775 1560 2849 Hieronymum.
1629 2780 1684 2834 Si
1741 2797 1799 2836 se
1859 2781 2070 2852 lgnatio

492 2862 834 2920 Scholiasten
861 2868 1182 2936 praebuisset
1208 2869 1296 2922 ille
1318 2870 1572 2939 quisquis
1598 2882 1680 2925 est
1707 2873 1797 2941 qui
1829 2872 2075 2943 Sophro-

493 2956 618 3010 nius
653 2957 874 3021 dicitur,
918 2975 1199 3028 nunquam
1243 2956 1358 3014 οἶδα
1407 2978 1500 3030 per
1539 2958 1676 3016 εἶδον
1725 2965 2068 3020 reddidisset.

491 3046 601 3102 Sed
633 3065 758 3104 cum
792 3049 1108 3122 Hieronymi
1157 3053 1357 3107 librum
1393 3055 1782 3124 interpretatus
1829 3067 1943 3122 est,
1975 3057 2067 3127 qui

2166 1964 2291 2004 cum
2341 1956 2423 2002 tot
2469 1947 2628 2002 annis
2672 1945 2992 2016 Catalogum
3025 1946 3309 2016 scripserit
3339 1943 3736 2015 Hieronymus,

2168 2049 2462 2109 antequam
2511 2038 2731 2093 Eusebii
2766 2037 3065 2093 Historiam
3098 2047 3334 2093 verteret
3368 2037 3634 2092 Bullinus.
3680 2035 3735 2091 Si

2170 2133 2223 2186 in
2253 2132 2512 2187 omnibus
2547 2132 2633 2185 his
2664 2132 2821 2195 locis,
2858 2131 3090 2202 aliisque
3131 2130 3503 2200 compluribus
3538 2149 3558 2182 ι
3597 2130 3642 2186 is
3669 2129 3739 2184 sit

2168 2226 2490 2282 verissimus
2543 2241 2760 2291 sensus,
2805 2241 2967 2296 quem
3018 2225 3240 2281 exhibet
3289 2224 3673 2297 Hieronymus,
3715 2244 3734 2275 ο

2169 2317 2420 2372 dabimus
2448 2326 2542 2370 aut
2572 2313 2688 2370 οἶδα
2719 2316 3028 2388 signiﬁcare
3062 2335 3079 2367 ι
3117 2317 3245 2382 vidi,
3279 2336 3296 2367 ι
3327 2325 3420 2370 aut
3450 2332 3631 2370 veram
3666 2316 3742 2370 le-

2170 2408 2406 2463 ctionem
2438 2423 2561 2463 esse
2607 2403 2762 2461 εἷδον.
2799 2408 2901 2462 Sed
2933 2410 3064 2462 cum
3111 2407 3221 2472 ille,
3269 2407 3352 2461 vel
3402 2423 3498 2476 per
3545 2423 3743 2476 prope-

2170 2501 2448 2564 rantiam,
2516 2501 2603 2554 vel
2673 2516 2771 2570 per
2825 2501 3343 2559 halluciuationem.
3399 2516 3503 2555 non
3560 2501 3743 2554 minus

2173 2590 2321 2644 hunc
2369 2590 2547 2646 locum
2583 2606 2748 2660 quam
2804 2592 2943 2646 alios
2994 2590 3316 2646 innumeros
3361 2592 3544 2644 mimis
3596 2600 3744 2644 recte

2170 2683 2398 2737 reddere
2424 2683 2687 2752 potuerit,
2719 2698 2846 2738 vera
2882 2683 3044 2739 lectio
3066 2684 3311 2753 epistolae
3332 2683 3534 2739 Grtccte
3565 2698 3744 2753 neque

2172 2774 2435 2829 mutanda
2467 2783 2656 2829 contra
2692 2776 2938 2830 omnium
2972 2775 3222 2830 codicum
3262 2791 3618 2840 consensum,
3648 2794 3745 2832 ne—

2171 2883 2280 2937 que
2308 2868 2485 2922 aliena
2523 2868 2968 2936 interpretatione
2995 2869 3366 2938 detorquenda
3397 2879 3501 2935 est,
3555 2878 3740 2924 contra

2171 2959 2430 3029 loquendi
2484 2960 2708 3012 modum
2763 2959 2968 3014 Graecis
3017 2960 3530 3016 familiarissimum.
3585 2960 3743 3015 Certe

2175 3053 2520 3123 Freculphus
2553 3053 2880 3122 prmerllenti
2920 3052 3234 3124 Hieronymi
3285 3052 3590 3106 eruditione
3636 3050 3744 3104 mi-

490 3140 601 3193 vidi
634 3142 944 3211 scripserat,
982 3143 1112 3196 illud
1150 3160 1246 3214 per
1273 3141 1411 3198 εἶδον
1439 3147 1693 3212 reddidit,
1726 3163 1820 3216 per
1845 3143 1960 3201 οἶδα
1985 3163 2070 3201 re-
2099 3168 2141 3223 ο
2176 3145 2322 3199 nime
2352 3152 2556 3207 motus,
2591 3161 2714 3198 cum
2751 3162 2817 3199 ex
2854 3146 2946 3198 illo
2974 3146 3294 3217 plerumque
3324 3144 3508 3198 omnia
3543 3141 3721 3197 exscri

491 3240 578 3285 cte
624 3233 849 3288 reddere
881 3251 990 3288 non
1023 3237 1216 3304 potuit.
1256 3235 1325 3290 Ut
1355 3252 1487 3291 voce
1535 3257 1552 3288 ι
1585 3237 1914 3303 Quadratus,
1945 3258 1963 3290 ι
2015 3241 2072 3292 ἐν

503 3322 767 3378 Ἐλευσῖνι
799 3328 1086 3396 γενόμενος
1115 3329 1272 3395 dixit,
1301 3328 1614 3396 Hieronymi
1648 3331 1860 3396 Latina,
1886 3351 1901 3382 ι
1927 3332 2071 3384 invi-

493 3431 620 3470 sens
643 3415 981 3482 Eleusiniam,
1010 3421 1358 3488 irespiciens,
1376 3437 1483 3473 non
1512 3432 1689 3475 autem
1707 3421 1796 3475 illa
1819 3422 2074 3492 quzellie-

494 3524 758 3579 ronymus
795 3525 905 3578 prae
940 3511 1114 3566 oculis
1150 3513 1360 3574 habuit,
1405 3512 1702 3567 Ἐλευσίνια
1735 3516 2066 3568 ἐποπτεύων.

566 3600 792 3668 Verum,
825 3623 844 3654 ι
871 3613 1149 3674 utcunque
1173 3621 1231 3660 se
1251 3620 1340 3660 res
1365 3605 1583 3669 haheat,
1608 3608 1922 3676 praecellens
1946 3608 2070 3664 Hie-

494 3696 707 3764 ronymi
742 3696 978 3750 eruditio
1007 3696 1260 3751 dubitare
1305 3713 1413 3751 non
1450 3698 1601 3762 sinit,
1630 3701 1762 3770 quin
1800 3701 1871 3755 sit
1903 3701 1948 3755 is
1981 3718 2072 3756 ve-

494 3785 747 3840 rissimus
777 3803 994 3853 sensus,
1027 3804 1188 3858 quem
1224 3790 1337 3858 ipse
1362 3791 1604 3845 exhibet.
1635 3792 1789 3846 Absit
1830 3794 1974 3846 enim
2014 3803 2072 3847 ut

493 3873 672 3928 virum
720 3885 929 3930 tantum
967 3879 1266 3933 nescivisse
1309 3890 1527 3948 putem,
1557 3881 1687 3950 quid
1719 3883 1790 3935 sit
1814 3881 1906 3934 τοῦ
1939 3878 2071 3935 οἶδα

495 3966 565 4019 ab
588 3962 752 4018 εἶδον
779 3967 860 4020 vcl
888 3967 1117 4034 ἑώρακα
1139 3970 1457 4024 discrimen!
1493 3988 1510 4020 ι
1536 3969 1648 4024 Hoc
1673 3981 1818 4025 certe
1845 3971 2067 4026 unicum

495 4067 878 4126 argumentum
914 4059 979 4112 ad
1016 4053 1158 4113 lianc
1193 4075 1306 4113 rem
1339 4061 1684 4130 appositum;
1717 4065 1860 4132 quod
1887 4074 2069 4118 tamen

499 4146 813 4218 Hieronymi
843 4150 896 4201 in
927 4148 1113 4204 Graeca
1148 4149 1333 4220 lingua
1366 4153 1736 4222 perspicacize.
1764 4165 1817 4207 et
1845 4155 1898 4207 in
1944 4173 2070 4210 ver-

497 4240 660 4293 tendo
707 4254 852 4292 curae
881 4249 1044 4310 atque
1071 4240 1367 4310 diligentia:
1404 4251 1664 4312 tanquam
1717 4243 2071 4300 fundamento

497 4331 770 4384 innititur.
807 4329 883 4384 De
913 4329 1203 4399 posteriori
1237 4333 1526 4387 audiamus
1554 4333 1729 4401 ipsum
1773 4333 1826 4386 in
1872 4335 2070 4403 prrel'a-

495 4423 647 4476 tione
675 4421 934 4475 Chronici
983 4422 1274 4477 Euscbiani
1314 4443 1325 4476 :
1366 4442 1383 4474 ι
1421 4422 1681 4489 Obsecro,
1716 4432 1775 4478 ut
1803 4426 2066 4495 quidquid

2173 3239 2301 3292 bere
2334 3237 2554 3300 soleret,
2582 3236 2684 3291 ista
2721 3246 2899 3290 tamen
2925 3238 2978 3291 in
3003 3239 3118 3293 haec
3136 3239 3298 3293 verba
3328 3240 3579 3302 mutavit,
3607 3247 3741 3292 tom.

2173 3328 2237 3392 ll,
2269 3328 2365 3382 lib.
2403 3344 2463 3391 ll,
2501 3343 2622 3396 cap.
2662 3329 2719 3381 ll
2759 3346 2770 3381 :
2802 3347 2821 3380 ι
2861 3325 2974 3398 Ego
3001 3343 3132 3384 vero
3158 3337 3211 3383 et
3239 3338 3363 3398 post
3391 3330 3746 3384 resurrectio-

2173 3436 2294 3475 nem
2331 3421 2384 3474 in
2410 3435 2577 3475 carne
2603 3436 2726 3473 eum
2756 3419 2925 3474 fuisse
2949 3420 3083 3486 seio,
3117 3430 3170 3475 et
3200 3422 3364 3476 credo
3389 3422 3515 3491 quia
3549 3422 3685 3477 scio.
3718 3439 3738 3472 2

2245 3511 2347 3566 Sed
2383 3526 2604 3566 sensum
2637 3511 2706 3564 ab
2730 3509 3059 3582 Hieronymo
3087 3510 3362 3566 redditum
3397 3513 3743 3568 verissimum

2171 3621 2294 3659 esse
2326 3604 2610 3658 contendit
2636 3604 2720 3658 vir
2759 3605 3115 3659 doctissimus
3144 3620 3211 3658 ex
3255 3623 3276 3656 ι
3312 3604 3454 3660 fama
3480 3606 3546 3662 de
3579 3606 3745 3662 Chri-

2173 3704 2256 3750 sto
2287 3695 2354 3749 ah
2383 3695 2590 3764 lgnatio
2622 3695 2677 3748 in
2713 3711 2877 3750 carne
2910 3695 3048 3761 viso,
3075 3712 3198 3765 quae
3222 3697 3377 3750 'unde
3406 3697 3510 3751 nisi
3538 3715 3604 3752 ex
3639 3699 3748 3754 hoc

2171 3785 2414 3855 epistolae
2461 3785 2589 3840 loco.
2638 3793 2935 3855 propagata
2971 3785 3064 3850 sit,
3116 3786 3298 3840 dicere
3340 3788 3424 3841 vel
3475 3787 3743 3858 suspicari

2170 3877 2487 3931 dillicillime
2527 3885 2633 3943 est,
2663 3877 2967 3946 praesertim
3002 3877 3144 3946 apud
3175 3877 3396 3932 Graecos
3427 3879 3752 3933 Latinorum-

2172 3967 2286 4022 fere
2315 3969 2580 4022 librorum
2616 3968 2947 4026 incuriosos.
2984 3985 3006 4021 ι
3038 3966 3239 4023 Demus
3276 3968 3495 4025 Graecos
3525 3969 3746 4024 Latino-

2171 4075 2293 4115 rum
2347 4059 2612 4113 librorum
2669 4059 2980 4114 incuriosos
3031 4059 3220 4126 fuisse,
3261 4076 3446 4116 nonne
3492 4061 3742 4116 Graecum

2167 4151 2369 4204 lihrum
2426 4152 2757 4216 habuerunt,
2803 4167 2873 4210 ex
2923 4167 3032 4220 quo
3062 4168 3187 4206 eum
3229 4168 3474 4208 errorem
3526 4153 3748 4208 haurire

2173 4253 2485 4312 potuerunt.
2527 4241 2802 4312 Quidquid
2856 4261 2876 4294 ι
2908 4243 3013 4296 vidi
3044 4261 3061 4294 ι
3114 4243 3258 4312 apud
3312 4242 3743 4315 Hieronymum,

2172 4334 2312 4388 idem
2347 4329 2482 4386 εἶδον
2510 4333 2649 4402 apud
2683 4331 3052 4402 Sophronium
3088 4333 3300 4388 ellicere
3350 4337 3531 4404 potuit
3567 4354 3579 4389 :
3628 4347 3756 4389 erat

2173 4436 2353 4480 autem
2389 4423 2686 4494 Sophronii
2710 4425 2893 4478 versio
2915 4423 3119 4480 Graecis
3147 4427 3498 4494 sequentium
3524 4426 3748 4483 sarculo-

497 4515 604 4570 hoc
634 4515 978 4569 tumultuarii
1005 4515 1188 4584 operis
1204 4525 1310 4580 cst,
1336 4517 1664 4582 amicorum,
1690 4533 1796 4571 non
1818 4519 2066 4587 judicum
2101 4533 2145 4587 ι)
2173 4531 2296 4570 rum
2347 4517 2517 4585 probe
2562 4516 2800 4586 cognita.
2855 4514 3054 4573 Suidas
3097 4531 3222 4568 eum
3258 4515 3560 4585 saepissime
3595 4527 3747 4571 tran-

494 4610 684 4661 animo
718 4610 971 4678 relegatis
1000 4631 1013 4666 :
1042 4611 1340 4679 praesertim
1373 4626 1498 4665 cum
1531 4620 1585 4665 et
1614 4613 1845 4674 notario,
1874 4622 1934 4666 ut
1959 4615 2070 4668 sci-

495 4699 586 4764 tis,
621 4699 962 4755 velocissime
991 4703 1329 4756 dictaverim.
1367 4722 1386 4753 »
1420 4701 1631 4755 Mallem
1664 4702 1896 4756 aliorum
1922 4703 2070 4772 judi-

494 4793 639 4846 cium
692 4809 858 4862 quam
910 4809 1091 4848 meum
1135 4795 1202 4849 de
1250 4795 1494 4864 utraque
1528 4793 1801 4862 accipiant
1846 4795 2066 4849 eruditi.

501 4907 521 4939 ι
558 4886 704 4953 Quot
733 4895 787 4940 et
815 4896 1020 4956 quanta
1053 4887 1298 4956 peccavit
1338 4886 1614 4939 maximus
1650 4887 1751 4948 vir,
1791 4902 1940 4940 nunc
1975 4903 2070 4955 per

496 4980 922 5050 properantiam,
966 4995 1112 5033 nunc
1156 4994 1253 5046 per
1287 4977 1791 5041 hallucinationem,
1825 4996 1842 5028 ι
1880 4979 2071 5032 obser-

495 5071 642 5124 vavit
683 5070 958 5142 Josephus
1000 5069 1260 5139 Scaliger.
1313 5068 1378 5123 Et
1410 5069 1600 5138 quidni
1638 5070 1726 5122 ille
1772 5071 2067 5125 discrimen

497 5166 637 5218 inter
667 5159 783 5216 οἶδα
812 5173 862 5216 et
893 5158 1032 5214 εἶδον
1065 5176 1172 5214 non
1212 5161 1687 5224 animadverteret.
1716 5162 1810 5232 qui
1843 5179 2071 5234 στρατη-

497 5253 621 5323 γίαν
653 5269 776 5308 cum
823 5254 1068 5323 στρατιᾷ,
1112 5249 1428 5320 στρατεύειν
1458 5267 1579 5305 cum
1620 5251 1910 5322 μάχεσθαι,
1965 5253 2070 5317 ἕως

497 5345 686 5398 τούτου
720 5361 845 5398 cum
876 5343 1005 5415 περὶ
1051 5341 1236 5396 τούτου
1283 5343 1561 5412 confudit;
1599 5347 1690 5414 qui
1721 5346 1964 5416 γνώμην,
2016 5346 2068 5398 id

496 5445 579 5490 est
616 5456 634 5487 ‹
662 5436 1010 5500 sententiam,
1051 5453 1070 5485 ι
1106 5450 1205 5504 pro
1241 5454 1260 5486 ι
1291 5437 1538 5490 subsidio
1574 5457 1592 5489 ι
1631 5437 1855 5504 habuit;
1893 5439 1985 5507 qui
2009 5437 2068 5490 τὸ

501 5527 796 5598 βασιλειᾷν,
823 5526 872 5579 id
899 5535 981 5580 est
1003 5526 1343 5582 aﬂectionem
1369 5530 1544 5598 regni,
1581 5546 1679 5598 pro
1714 5531 1860 5600 regia
1889 5530 2069 5584 indole

498 5618 734 5686 accepit;
767 5619 859 5688 qui
879 5618 1013 5689 μετὰ
1036 5619 1143 5672 τῶν
1167 5619 1478 5673 ἀποστόλων
1515 5640 1532 5672 ι
1563 5631 1683 5690 post
1716 5623 2019 5692 apostolos;
2044 5644 2060 5674 ι

501 5710 556 5776 ἐξ
597 5713 825 5772 ἐκείνου,
872 5711 977 5766 hoc
1023 5719 1107 5766 est
1140 5729 1159 5760 ι
1193 5711 1261 5765 ab
1311 5713 1404 5766 illo
1454 5722 1716 5782 tempore,
1753 5734 1768 5764 ι
1811 5715 1865 5766 in
1910 5715 2066 5783 hujus

505 5801 898 5864 cumulationem
949 5801 1213 5870 reddidit;
1263 5803 1358 5876 qui
1409 5803 1545 5859 dixit
1586 5823 1597 5858 :
1667 5823 1685 5855 ι
1721 5803 2066 5881 Epimenides

2175 4607 2368 4660 scribit
2408 4625 2419 4659 :
2458 4617 2514 4661 et
2547 4615 2675 4659 ante
2707 4605 2932 4660 Suidam
2980 4606 3211 4663 Photius
3250 4607 3504 4662 eumdem
3544 4624 3747 4679 cogno-

2171 4698 2317 4751 visse
2349 4699 2797 4767 deprehenditur.
2847 4696 2917 4753 Ut
2957 4697 3120 4768 igitur
3152 4697 3465 4770 Hieronymi
3504 4697 3743 4760 Latinis,

2173 4791 2246 4844 ita
2279 4789 2578 4859 Sophronii
2604 4790 2784 4844 versio
2813 4790 3019 4845 Graecis
3056 4789 3233 4851 fraudi
3260 4805 3382 4845 esse
3417 4789 3612 4859 potuit.
3640 4788 3746 4842 Sed

2169 4896 2291 4935 eam
2319 4881 2518 4935 famam
2546 4897 2611 4935 ex
2658 4883 2762 4935 hoc
2795 4882 2916 4935 loco
2939 4893 3112 4936 ortam
3142 4897 3265 4936 esse
3301 4881 3597 4940 verisimile
3637 4897 3746 4934 non

2171 4984 2256 5029 est
2296 4993 2308 5029 :
2365 4976 2452 5030 hic
2488 4976 2633 5029 enim
2685 4975 2942 5039 traditur,
2996 4983 3057 5028 ut
3093 4973 3170 5030 illi
3214 4974 3424 5038 volunt,
3475 4972 3760 5042 lgnatium.

2171 5078 2295 5136 post
2327 5067 2783 5122 resurrectionem
2817 5068 3101 5121 Christum
3133 5067 3185 5119 in
3213 5081 3378 5123 carne
3410 5065 3650 5120 vidisse:
3690 5074 3750 5120 at

2172 5160 2261 5212 illa
2294 5158 2437 5214 fama
2465 5160 2598 5214 nihil
2628 5159 2734 5214 tale
2757 5158 3000 5221 tradidit,
3031 5159 3123 5212 sed
3147 5157 3418 5227 lgnatium
3445 5156 3590 5211 inter
3617 5173 3748 5226 par-

2171 5253 2326 5307 vulos
2360 5252 2427 5305 ad
2476 5251 2756 5306 Christum
2809 5252 3076 5305 adductos
3121 5249 3289 5304 fuisse
3330 5249 3503 5319 ipsius
3538 5249 3747 5304 Christi

2172 5345 2426 5399 manibus
2457 5355 2764 5414 exceptum.
2797 5343 2924 5399 Haec
2956 5353 3136 5402 autem
3168 5342 3278 5396 duo
3315 5352 3442 5397 sunt
3471 5342 3629 5412 plane
3665 5341 3751 5395 di-

2170 5453 2348 5492 versa.
2386 5435 2442 5492 Si
2477 5438 2720 5508 lgnatius
2747 5436 2979 5492 dixisset
3011 5450 3068 5490 se
3112 5434 3317 5490 vidisse
3363 5435 3645 5490 Christum
3688 5433 3746 5488 in

2172 5544 2336 5584 carne
2362 5539 2484 5599 post
2509 5527 2991 5593 resurrectionem,
3051 5543 3120 5580 an
3147 5526 3440 5597 quisquam
3471 5526 3598 5580 inde
3631 5526 3751 5580 col-

2171 5621 2380 5691 ligeret,
2411 5621 2663 5676 eumdem
2692 5619 2848 5690 quasi
2893 5619 3204 5689 puerulum,
3245 5619 3506 5673 manibus
3540 5617 3747 5679 Christi

2171 5722 2445 5784 gestatum
2502 5712 2675 5768 luisse
2725 5720 2849 5766 ante
2905 5709 3028 5780 ejus
3073 5709 3347 5764 mortem?
3386 5723 3549 5764 nemo
3591 5722 3756 5767 sane.

2173 5805 2404 5866 Aliunde
2464 5804 2628 5876 igitur
2656 5819 2721 5860 ea
2764 5803 2906 5866 fama
2946 5811 3063 5859 orta
3103 5810 3217 5870 est;
3252 5815 3428 5874 neque
3469 5799 3522 5875 id
3567 5797 3752 5871 suspi-
