4138 6388
379 364 491 422 381

1103 365 1155 421 J.
1215 363 1584 421 PEARSONII
1624 363 1948 421 VINDICIIE
1989 362 2411 421 lGNATlANxE.
2439 395 2506 403 ——
2548 362 2729 418 PARS
2758 361 2821 418 li.

3565 357 3669 413 582

386 485 508 541 cari
533 484 773 555 diﬁicile,
804 485 899 543 sed
936 486 991 541 in
1020 496 1278 559 promptu
1305 496 1409 543 est.
1448 486 1526 542 Ex
1564 488 1791 543 nomine
1828 488 1976 543 enim
2008 496 2049 550 Α
2082 502 2478 557 pervacaneum
2530 494 2645 551 est,
2702 484 2795 541 sed
2847 498 2944 554 per
2994 490 3291 552 utrumque
3338 477 3668 534 describitur

386 578 669 651 Θεοφόρου
697 594 728 633 a
763 579 1158 649 posterioribus
1197 580 1462 636 Graeculis
1493 580 1723 637 conﬁcta
1750 590 1835 636 est
1873 590 1979 635 tra-

382 672 533 727 ditio
561 671 675 739 illa,
703 672 863 741 cujus
894 674 1042 728 nulla
1078 674 1185 727 alia
1210 674 1444 745 vestigia
1468 674 1611 744 apud
1642 672 1981 743 antiquiores

390 775 639 820 exstant.
686 765 792 833 Qui
849 767 996 821 illam
1054 766 1297 822 fabulam
1350 767 1754 837 excogitarunt,
1793 768 1983 822 dicunt

390 858 523 914 ideo
554 859 822 929 lgnatium
857 859 1125 931 Θεοφόρον
1167 860 1408 926 dictum;
1456 860 1549 914 sed
1582 861 1755 914 multo
1784 860 1981 914 verisi—

393 950 587 1005 milius
629 960 713 1005 est
738 951 884 1018 iideo
916 967 1037 1006 cam
1069 951 1312 1007 fabulam
1358 952 1723 1022 excogitatam
1771 951 1941 1006 fuisse
1965 991 1982 1017 ,

389 1043 529 1112 quia
558 1058 684 1097 eum
714 1043 984 1115 Θεοφόρον
1018 1044 1224 1099 dictum
1260 1052 1653 1114 cognoverant,
1704 1043 1849 1113 quod
1886 1058 1984 1097 no-

390 1153 525 1193 men
562 1138 677 1207 ipsa
726 1136 911 1192 fabula
966 1137 1129 1209 longe
1174 1138 1457 1208 antiquius
1499 1145 1584 1193 est
1630 1141 1889 1208 :defqua
1923 1152 1985 1193 re

384 1236 594 1298 postea
632 1228 737 1283 erit
758 1229 1145 1284 disserendum
1180 1229 1367 1284 latius.

470 1321 603 1377 “290
634 1338 762 1377 cum
798 1322 866 1377 ad
897 1323 1059 1377 tidem
1092 1322 1410 1378 Grazcorum
1442 1324 1694 1379 codicum
1728 1324 1984 1379 tuendam

390 1424 455 1470 et
503 1430 692 1470 verum
728 1415 1015 1485 scriptoris
1065 1430 1287 1470 sensum
1322 1431 1353 1470 a
1403 1417 1589 1485 pravis
1634 1416 1988 1471 versionibus

394 1508 797 1563 vindicandum
843 1507 1090 1565 suﬁicere
1118 1517 1377 1580 possent;
1416 1508 1645 1564 ulterius
1685 1508 1989 1563 observan-

392 1604 534 1658 dum
581 1612 665 1658 est
722 1602 1212 1672 prudentissimum
1263 1602 1456 1656 harum
1518 1616 1701 1655 rerum
1746 1599 1987 1669 judicem

394 1694 690 1766 Hugoncm
742 1693 993 1749 Grotium
1038 1694 1106 1750 de
1154 1696 1257 1749 hac
1290 1695 1408 1765 ipsa
1460 1692 1838 1748 controversia
1888 1691 1990 1746 ista

394 1789 471 1844 ad
508 1788 747 1843 Mattbaei
777 1803 900 1857 cap.
933 1804 1106 1842 xxvm
1145 1787 1475 1843 adnotasse:
1511 1806 1527 1837 ι
1567 1785 1623 1840 Si
1654 1785 1779 1855 quis
1806 1785 1989 1840 locum

396 1880 601 1950 lgnatii
630 1895 755 1935 cum
795 1895 929 1935 cura
969 1879 1244 1949 inspiciat,
1290 1878 1493 1933 videbit
1519 1888 1722 1933 rectam
1757 1878 1995 1932 esselc-

395 1973 644 2029 ctionem
676 1968 814 2037 οἶδα,
847 1988 1026 2042 neque
1050 1972 1117 2027 de
1159 1973 1315 2028 visus
1343 1988 1511 2028 sensu
1543 1972 1619 2027 ibi
1654 1972 1762 2042 agi,
1799 1971 1891 2026 sed
1928 1972 1994 2027 de

399 2066 537 2135 ﬁde,
584 2082 749 2138 quam
784 2082 895 2121 non
942 2081 1064 2131 suo,
1099 2067 1193 2122 sed
1237 2066 1472 2131 aliorum
1516 2064 1831 2122 testimonio
1863 2080 1997 2120 con-

400 2160 610 2216 ﬁrmat.
650 2180 668 2213 ι
733 2160 1081 2217 Rectissime.
1121 2158 1318 2216 Adhuc
1368 2170 1548 2216 tamen
1587 2159 1822 2215 Dallmus
1876 2160 1996 2213 loco

400 2256 655 2325 inspecto
685 2254 873 2311 videre
908 2256 1010 2311 sibi
1040 2257 1194 2313 visus
1225 2263 1310 2311 est
1343 2256 1517 2310 multo
1543 2270 1664 2310 esse
1695 2253 1997 2325 appositio-

403 2364 524 2403 rem
556 2346 1042 2418 Hieronymianum
1077 2362 1242 2417 quam
1285 2344 1606 2400 Grotianum
1636 2358 1897 2406 sensum;
1925 2341 2000 2396 id-

401 2454 518 2510 que
548 2439 620 2494 ob
660 2440 800 2495 duas
831 2439 1107 2503 rationes,
1157 2452 1391 2507 quarum
1437 2434 1617 2505 prima
1663 2450 1694 2489 a
1727 2433 1999 2505 particula

404 2531 519 2601 γάρ
544 2531 773 2600 petitur,
823 2547 987 2602 quam
1024 2530 1312 2586 ostendere
1340 2528 1456 2583 vult
1514 2527 1832 2597 scriptorem
1874 2542 1999 2581 ver-

405 2619 499 2674 bis
533 2621 892 2689 sequentibus
933 2620 1055 2691 ejus
1100 2619 1246 2690 quod
1279 2618 1711 2690 praecedentibus
1755 2617 1997 2683 dixerat,

407 2712 681 2769 rationem
738 2712 951 2768 afferre.
1010 2711 1232 2768 Dixerat
1288 2719 1471 2766 autem
1527 2708 1810 2765 Christum
1873 2724 2002 2763 vere

408 2816 695 2859 mortuum
730 2814 784 2860 et
832 2807 1217 2861 resuscitatum
1260 2823 1273 2858 :
1306 2804 1463 2874 cujus
1492 2804 1571 2859 rei
1608 2804 1874 2874 Optimum
1912 2818 2002 2856 ar-

408 2908 760 2968 gumentum,
782 2898 929 2969 quod
958 2898 1136 2969 ipsum
1168 2898 1221 2952 in
1246 2911 1413 2953 carne
1434 2898 1820 2953 resuscitatum
1845 2894 2001 2950 vide-

410 2991 506 3045 rit.
531 2988 647 3044 Imo
674 3006 802 3045 vero
835 3006 935 3046 nec
960 2992 1231 3061 particula
1258 2992 1367 3062 γάρ
1394 2991 1665 3046 rationem
1699 2988 2001 3059 superioris

408 3084 743 3139 assertionis
772 3084 1040 3146 continet,
1074 3099 1252 3153 neque
1302 3084 1447 3139 visio
1478 3084 1593 3151 illa,
1625 3098 1793 3153 quam
1833 3080 1998 3152 lgna-

2086 581 2383 653 Apostolus
2415 576 2867 649 πληροφορηθείς.
2904 573 3047 641 Quin
3070 582 3126 628 et
3168 572 3297 627 alibi
3322 570 3659 641 conjunctim

2086 671 2375 742 expressit,
2409 668 2504 723 καὶ
2548 666 2706 721 τοῦτο
2747 664 3022 728 πεποιθὼς
3070 659 3207 731 οἴδα,
3257 661 3454 731 Philip.
3506 677 3544 721 ι,

2088 764 2259 831 Quem
2310 763 2556 817 imitatus
2603 769 2688 823 est
2726 757 2786 814 S.
2831 758 3165 812 Athanasius
3212 762 3353 810 orat.
3401 754 3426 807 1
3489 761 3669 807 rcntra

2088 858 2314 910 Arianos
2352 871 2368 907 :
2398 850 2528 909 Οἶδα
2571 852 2680 924 γὰρ
2725 852 2819 905 καὶ
2852 850 3153 919 πέπεισμαι
3199 848 3279 900 ὅτι
3312 850 3425 910 τοῖς
3464 845 3672 915 ὑπομέ-

2088 963 2270 1001 νουσιν
2312 946 2464 999 ἕσται
2501 944 2691 1015 μισθὸς
2736 941 2844 997 ἀπὸ
2868 940 2962 995 τοῦ
2987 941 3239 1011 Σωτῆρος
3266 957 3282 995 :
3314 958 3333 991 ‹
3369 938 3495 993 Scio
3522 938 3668 993 enim

2086 1045 2141 1090 et
2171 1045 2379 1090 certum
2424 1035 2601 1089 habeo
2644 1033 2934 1103 prmmium
2970 1031 3037 1085 iis
3077 1031 3172 1101 qui
3214 1030 3490 1085 sustinent
3519 1029 3675 1082 retri-

2088 1129 2365 1185 buendum
2394 1144 2514 1183 esse
2540 1144 2570 1183 a
2603 1127 2911 1181 Salvatore.
2946 1144 2965 1177 »
3003 1124 3073 1179 Ut
3109 1124 3252 1179 idem
3293 1124 3366 1177 sit
3392 1122 3534 1191 apud
3565 1138 3666 1175 n09

2090 1230 2283 1276 strum.
2315 1215 2444 1274 Οἶδα
2472 1220 2564 1272 καὶ
2602 1217 2865 1283 πιστεύω,
2898 1216 3045 1285 quod
3079 1213 3234 1277 εἰδὼς
3279 1212 3538 1278 πιστεύω,
3577 1221 3673 1267 aut

2089 1310 2362 1365 πιστεύων
2394 1305 2527 1361 οἶδα.
2560 1306 2707 1361 Nihil
2732 1306 2877 1361 enim
2907 1303 3053 1358 aliud
3089 1317 3253 1372 quam
3284 1301 3595 1353 ﬁrmitatem
3620 1308 3675 1353 et

2090 1404 2475 1459 certitudinem
2503 1394 2626 1455 ﬁdei
2652 1400 2767 1454 haec
2782 1399 3115 1468 loquuntur:
3141 1413 3159 1445 (
3187 1394 3291 1448 Sed
3317 1409 3441 1447 eum
3461 1392 3570 1445 duo
3591 1390 3675 1445 di-

2090 1511 2249 1552 versa
2272 1494 2437 1549 verba
2468 1493 2735 1564 posuerit,
2766 1490 3007 1546 ostendit
3035 1503 3093 1543 se
3124 1486 3407 1541 Christum
3435 1486 3489 1538 in
3510 1497 3676 1538 carne

2093 1586 2266 1643 fuisse
2289 1587 2444 1641 aliter
2471 1600 2636 1641 nosse
2661 1599 2827 1654 quam
2857 1598 2983 1637 eum
3008 1580 3061 1634 in
3092 1579 3281 1634 eadem
3301 1590 3448 1633 nunc
3473 1589 3617 1629 esse.
3651 1592 3671 1626 ι

2094 1676 2193 1732 llic
2207 1686 2354 1732 certe
2374 1677 2620 1731 omnium
2642 1675 2697 1728 in
2716 1674 2818 1727 hac
2836 1687 2894 1727 re
2914 1685 3187 1734 errorum,
3211 1678 3271 1723 ut
3291 1667 3424 1722 mihi
3441 1664 3675 1727 videtur,

2096 1768 2220 1825 fons
2254 1779 2357 1824 est.
2402 1766 2521 1824 Non
2567 1766 2788 1821 aliunde
2828 1763 3227 1818 ballucinatum
3278 1760 3451 1816 fuisse
3499 1757 3679 1829 primo

2024 1837 2065 1895 Β
2095 1861 2509 1933 Hieronymum,
2537 1859 2661 1914 dein
2685 1859 3058 1926 interpretem,
3085 1869 3149 1909 ac
3173 1853 3390 1908 tandem
3421 1850 3679 1903 Dallzeum

2095 1956 2356 2012 arbitror.
2390 1953 2507 2008 Duo
2539 1950 2839 2023 signiﬁcari
2882 1948 3184 2003 Dominicze
3216 1945 3400 2000 carnis
3434 1952 3677 2012 tempora

2095 2048 2410 2110 voluerunt,
2442 2052 2567 2113 post
2610 2040 3073 2096 resurrectionem
3120 2038 3174 2090 in
3206 2036 3387 2100 terris,
3423 2044 3551 2104 post
3590 2049 3682 2087 as-

2097 2138 2408 2195 censionem
2458 2136 2513 2189 in
2541 2133 2718 2198 caelis,
2755 2146 2876 2201 qum
2907 2145 2936 2183 a
2970 2136 3151 2182 mente
3197 2126 3485 2196 scriptoris
3525 2141 3683 2195 pror-

2097 2249 2194 2289 sus
2216 2232 2393 2285 alieua
2424 2237 2567 2285 sunt.
2604 2225 2817 2281 Fictum
2844 2233 2926 2277 est
2952 2222 3083 2277 illud
3119 2240 3136 2271 ι
3168 2219 3359 2285 fuisse,
3393 2238 3413 2271 ι
3444 2220 3591 2289 quod
3615 2235 3684 2273 ex

2098 2325 2376 2381 Vairlenio
2428 2320 2738 2393 proferunt.
2794 2317 3041 2388 lgnatius
3096 2322 3307 2369 tantum
3366 2314 3503 2369 dixit.
3555 2313 3686 2366 ὄντα.

2099 2421 2245 2490 quod
2277 2434 2402 2473 cum
2449 2418 2506 2470 ὲν
2542 2415 2706 2487 σαρκί
2742 2410 3185 2482 conjungendum
3219 2418 3324 2465 est.
3380 2407 3518 2463 lllud
3561 2407 3687 2461 unic-

2100 2525 2226 2567 cum
2251 2516 2335 2562 est
2371 2505 2517 2575 quod
2548 2506 2639 2560 hic
2681 2503 2926 2573 lgnatius
2955 2503 3092 2558 dixit
3122 2518 3182 2558 se
3226 2502 3385 2571 plena
3421 2500 3525 2553 ﬁde
3568 2513 3688 2551 am-

2099 2603 2285 2673 plecti,
2329 2597 2613 2653 Christum
2662 2598 2720 2649 ὲν
2770 2596 2935 2667 σαρκὶ
2954 2596 3106 2661 ὄντα,
3141 2594 3322 2648 adhuc
3350 2593 3516 2647 etiam
3562 2602 3690 2661 post

2102 2694 2561 2751 resurrectionem
2592 2709 2610 2741 ι
2642 2689 2695 2742 in
2720 2704 2885 2743 carne
2915 2689 3294 2743 exsistentem.
3331 2706 3350 2738 ι
3385 2685 3461 2740 De
3500 2701 3689 2741 ascen-

2102 2790 2257 2846 sione
2306 2787 2443 2841 nihil
2498 2785 2588 2839 hie
2647 2783 2808 2849 dixit,
2860 2782 2994 2836 nihil
3042 2781 3320 2851 probavit.
3372 2778 3689 2834 Ridiculum

2102 2890 2187 2938 est
2219 2881 2540 2950 scriptorem
2576 2877 2686 2931 duo
2717 2876 2923 2942 dicere,
2967 2889 3203 2944 quorum
3245 2873 3482 2927 alterum
3522 2871 3690 2939 vidit,

2103 2976 2337 3031 alterum
2383 2971 2646 3037 credidit;
2681 2970 2881 3025 deinde
2926 2971 3087 3041 plura
3136 2967 3451 3024 testimonia
3497 2966 3693 3020 aﬁ‘erre

2102 3083 2205 3138 pro
2237 3082 2304 3122 eo
2332 3065 2479 3135 quod
2521 3064 2763 3129 viderat;
2798 3077 2897 3133 pro
2924 3079 2988 3117 eo
3010 3062 3154 3132 quod
3175 3059 3430 3123 credidit,
3455 3057 3689 3111 nullum.

412 3175 527 3229 tius
558 3183 775 3245 poterat
798 3175 1120 3240 obtendere,
1148 3151 1248 3245 pro
1273 3174 1519 3246 legitimo
1548 3151 1876 3246 argumento
1900 3172 2002 3225 ha-
2029 3184 2072 3242 (ς
2106 3159 2303 3215 Omnia
2328 3160 2472 3213 enim
2507 3171 2631 3226 qum
2668 3165 2978 3226 sequuntur
3029 3153 3411 3210 lalllummodo
3458 3151 3695 3223 probant

413 3269 537 3324 beri
571 3268 768 3337 potuit.
807 3266 1082 3323 Particula
1132 3269 1241 3339 γάρ
1275 3267 1440 3321 habet
1470 3266 1636 3321 aliam
1669 3264 2000 3336 particulam

413 3361 515 3415 καί
542 3360 889 3429 adjunctam,
931 3375 1053 3431 quae
1091 3359 1328 3415 ostendit
1361 3359 1683 3428 scriptorem
1740 3357 1806 3411 ad
1841 3355 2005 3410 aliam

413 3456 747 3512 sententiam
800 3456 1003 3522 dilabi;
1036 3456 1154 3511 sive
1187 3454 1256 3509 ad
1290 3453 1610 3508 ulteriorem
1659 3449 2007 3507 adversario—

412 3566 543 3607 rum
576 3549 1008 3605 confutationem
1041 3547 1317 3618 progredi.
1342 3546 1670 3609 Asseruerat
1701 3552 1827 3598 ante
1850 3541 2009 3596 Chri-

414 3651 570 3698 stum
602 3658 731 3701 vere
763 3656 1007 3712 passum,
1038 3649 1093 3695 et
1124 3654 1250 3695 vere
1278 3638 1522 3708 seipsum
1550 3635 1935 3699 resuscitasse,
1957 3641 2011 3686 et

416 3746 549 3807 post
577 3735 781 3790 nudam
815 3735 1174 3789 assertionem
1222 3746 1379 3787 suam
1418 3729 1723 3792 haereticos,
1754 3726 1848 3797 qui
1888 3741 2010 3780 eam

418 3844 533 3883 non
569 3826 954 3893 admittebant,
982 3825 1351 3881 daemoniacos
1381 3828 1702 3885 vocaverat;
1734 3819 1883 3874 addit
1907 3819 2008 3889 igi-

419 3932 515 3975 tur
550 3930 658 3974 tam
690 3934 893 3975 severae
923 3917 1321 3989 objurgationis
1355 3915 1619 3969 rationem
1652 3912 2013 3967 assertionem

419 4018 617 4080 aliam,
666 4029 835 4083 quam
873 4013 1033 4083 plena
1062 4012 1169 4067 ﬁde
1215 4010 1459 4080 seipsum
1513 4007 1767 4077 amplecti
1812 4006 2011 4071 docet,

419 4107 661 4170 scilicet,
698 4105 986 4160 Christum
1034 4110 1159 4173 post
1209 4101 1674 4157 resurrectionem
1732 4097 1913 4152 adhuc
1960 4096 2015 4149 in

420 4214 596 4255 carne
653 4196 951 4260 exsistere,
1008 4194 1241 4264 ideoque
1289 4192 1477 4251 statim
1536 4189 1791 4260 plurimis
1852 4203 2019 4259 argu-

421 4291 648 4356 mentis,
696 4304 761 4344 ex
817 4288 1053 4343 aliorum
1112 4286 1428 4342 testimonio
1483 4283 1789 4340 conﬁrmat.
1841 4281 2019 4351 Argu-

422 4395 676 4440 mentum
715 4391 899 4437 autem
936 4396 967 4435 a
1006 4388 1306 4449 conspectu
1338 4377 1531 4447 lgnatii
1558 4385 1654 4435 aut
1682 4389 1784 4445 pro
1812 4373 2021 4429 levissi-

421 4493 524 4533 mo
574 4476 793 4541 haberi,
829 4484 923 4529 aut
971 4489 1072 4543 pro
1104 4473 1256 4527 nullo
1296 4471 1481 4542 potius
1517 4468 1725 4524 debuit.
1764 4465 1822 4521 Si
1870 4466 2016 4521 enim

2106 3248 2409 3315 Christum,
2428 3249 2557 3303 dum
2584 3248 2637 3301 in
2656 3247 2817 3301 terris
2833 3254 2998 3310 esset,
3030 3246 3083 3299 in
3100 3261 3266 3300 carne
3284 3245 3486 3310 fuisse;
3516 3257 3694 3311 neque

2106 3340 2328 3395 aliunde
2361 3340 2467 3393 hoc
2496 3339 2649 3393 novit
2671 3346 2768 3391 aut
2793 3337 3027 3392 credidit
3060 3335 3322 3405 lgnatius,
3350 3336 3457 3389 nisi
3484 3350 3551 3389 ex
3585 3334 3696 3388 illis

2106 3450 2230 3504 quae
2267 3432 2933 3504 sequunturtestimoniis.
2962 3430 3255 3485 Hucetiam
3270 3431 3523 3499 pertinet,
3539 3430 3690 3501 quod

2109 3534 2304 3595 putant
2334 3521 2451 3579 οἶδα
2486 3525 2748 3594 ριίιλιενίιί
2779 3523 3044 3592 temporis
3096 3522 3555 3591 signiﬁcationem
3605 3522 3703 3575 ha-

2109 3616 2241 3670 bere
2276 3615 2515 3669 πιστεύω
2559 3617 2865 3685 praesentis.
2906 3613 3022 3667 Hoc
3045 3624 3226 3667 autem
3256 3614 3459 3683 pariter
3496 3613 3696 3669 falsum

2110 3720 2215 3765 est.
2250 3708 2487 3765 Verbum
2516 3708 2660 3763 enim
2686 3704 2802 3761 οἴδα
2832 3709 2957 3764 licet
2980 3708 3155 3762 forma
3181 3708 3255 3761 sit
3280 3706 3543 3778 praeteriti
3569 3715 3701 3760 tem-

2113 3803 2285 3873 poris,
2300 3803 2439 3873 apud
2457 3802 2695 3867 Graecos,
2716 3811 2898 3856 tamen
2918 3801 3318 3873 signiﬁcatione
3336 3817 3576 3872 praesens
3592 3808 3697 3860 est,

2114 3904 2169 3952 et
2206 3911 2333 3950 eum
2375 3895 2546 3949 verbo
2575 3894 2858 3965 praesentis
2900 3896 3163 3963 temporis
3204 3894 3397 3949 eadem
3431 3890 3702 3963 signiﬁca-

2116 3990 2268 4045 tione
2310 3989 2555 4059 ponitur,
2583 3997 2642 4042 ut
2668 3988 2811 4058 apud
2839 3985 3136 4043 Homerum
3161 4005 3173 4041 :

2248 4126 2450 4196 Αὐτὰρ
2479 4123 2595 4196 ἐγὼ
2626 4122 2791 4195 θυμῷ
2822 4121 2972 4178 νοέω
2997 4122 3094 4176 καὶ
3123 4120 3256 4175 οῖδα
3277 4119 3523 4174 ἕκαστα.

2191 4270 2426 4338 Ideoque
2459 4265 2640 4321 Latini
2672 4264 2997 4333 interpretes
3026 4260 3195 4317 verbo
3232 4260 3523 4331 praesentis
3568 4268 3707 4315 tem-

2120 4364 2274 4435 poris
2303 4361 2559 4425 cﬂ'erunt,
2592 4367 2655 4413 ut
2680 4356 2873 4411 Matth.
2907 4372 2981 4421 vt,
3005 4355 3076 4409 52
3102 4372 3116 4409 :
3151 4353 3286 4408 Οἵδε
3311 4353 3422 4424 γὰρ
3450 4356 3481 4407 ό
3502 4351 3706 4420 Πατὴρ

2121 4451 2309 4521 ὑμῶν,
2362 4448 2478 4504 Scit
2516 4450 2656 4503 enim
2706 4448 2871 4501 Pater
2902 4456 3104 4509 vester;
3138 4461 3288 4511 axrv,
3325 4444 3393 4498 56
3438 4462 3451 4498 :
3498 4442 3708 4510 Οὐδεὶς

424 4572 522 4626 ille
546 4570 663 4640 jam
689 4568 759 4623 80
792 4566 963 4622 ferme
993 4565 1155 4620 annis
1183 4571 1307 4634 post
1341 4562 1653 4632 passionem
1685 4556 1898 4613 Domini
1922 4572 2006 4611 su-

2122 4543 2268 4610 οἵδε,
2321 4541 2494 4597 Nemo
2550 4542 2670 4595 scit.
2719 4537 3065 4595 Glossarium
3117 4535 3311 4592 Vetus:
3351 4529 3503 4600 Οἶδα,
3571 4528 3706 4594 scio,

2674 4632 2708 4640 ..
2773 4633 2785 4640 .
2838 4631 2891 4640 ,..
3064 4632 3074 4640 .
3246 4625 3327 4640 η.
3440 4620 3491 4640 τε.
3584 4621 3684 4640 πω

422 4669 647 4730 perstcs
701 4656 1067 4722 asseruisset,
1121 4670 1181 4709 se
1234 4654 1417 4709 adhuc
1476 4650 1763 4722 parvulum
1820 4648 2025 4707 vidisse

424 4752 717 4807 Christum
764 4750 818 4803 in
850 4764 1018 4803 carne
1057 4755 1182 4816 post
1216 4743 1698 4807 resurrectionem,
1735 4737 1860 4809 quis
1890 4736 2026 4793 illud

426 4843 817 4901 testimonium
849 4841 916 4895 ad
966 4841 1248 4894 veritatem
1286 4838 1543 4891 humana:
1578 4843 1787 4888 natura:
1822 4828 2025 4886 Christi

426 4927 739 5008 quidquam
774 4934 956 4988 valere
1007 4928 1373 4986 concederet?
1400 4927 1481 4980 An
1517 4942 1582 4980 ea
1631 4922 1852 4978 aetatula
1892 4919 2026 4975 satis

425 5042 589 5090 certo
633 5032 884 5101 judicare
934 5027 1133 5100 potuit,
1181 5036 1367 5080 utrum
1403 5036 1527 5077 vere
1571 5036 1641 5075 an
1687 5016 2029 5090 phantastice

426 5128 694 5184 Christus
740 5124 984 5193 seipsum
1031 5117 1376 5175 exhibuerit?
1426 5113 1648 5169 Nullum
1692 5118 1843 5167 certe
1884 5108 2025 5163 Gro-

430 5225 592 5278 tiano
622 5219 809 5275 sensui
847 5216 1151 5287 periculum
1184 5228 1250 5268 ex
1286 5209 1556 5283 particula
1590 5206 1719 5277 γάρ.
1752 5203 2024 5267 Secundo,

432 5315 644 5383 inquit,
684 5331 704 5364 ι
739 5310 794 5366 Si
846 5311 899 5365 id
942 5310 1108 5364 vellet
1157 5306 1430 5376 scriptor,
1475 5299 1622 5372 quod
1658 5298 1735 5352 ait
1770 5295 2024 5357 Grotius,

432 5418 911 5478 supervacaneum
941 5401 1046 5457 erit
1075 5400 1301 5455 verbum
1335 5390 1473 5448 οἶδα.
1506 5411 1524 5444 ι
1569 5390 1843 5445 Fortasse.
1883 5383 2027 5438 Fieri

433 5502 591 5559 enim
619 5506 796 5569 potest
818 5505 879 5551 ut
906 5496 962 5549 in
994 5492 1202 5564 optimo
1231 5490 1499 5558 scriptore
1540 5482 1835 5554 aliquando
1862 5493 2028 5533 voca-

436 5595 635 5650 bulum
667 5589 957 5645 redundet.
993 5586 1099 5641 Sed
1123 5594 1593 5654 supervacaneum
1620 5592 1726 5631 non
1751 5584 1855 5641 est,
1882 5572 2028 5642 quod

437 5682 571 5739 ﬁdei
614 5679 999 5736 certitudinem
1049 5687 1104 5731 et
1138 5671 1509 5745 πληροφορίαν
1560 5668 1830 5740 adjungit.
1884 5666 2030 5720 Dixit

438 5778 502 5834 S.
541 5774 749 5829 Paulus
778 5794 791 5829 :
829 5771 973 5827 Οἶδα
1003 5770 1099 5824 καὶ
1133 5768 1456 5837 πέπεισμαι
1479 5765 1549 5839 ἐν
1565 5764 1760 5831 Κυρίῳ
1802 5760 2026 5829 Ἰησοῦ,

439 5873 608 5952 (toto.
646 5884 757 5929 xlv.
792 5868 875 5934 Η,
914 5865 1005 5921 ubi
1043 5878 1219 5936 nequc
1247 5857 1364 5917 οἴδα
1399 5875 1574 5931 neque
1607 5857 1909 5939 πέπεισμαι
1942 5871 2029 5925 δυη-

2127 4650 2276 4698 noro,
2308 4650 2502 4699 nosco;
2559 4642 2614 4687 et
2639 4632 2789 4688 aliud
2832 4631 3175 4687 Glossarium
3201 4649 3213 4682 :
3240 4625 3387 4691 Scio,
3414 4620 3552 4678 οἶδα.
3584 4621 3708 4693 Ety-

2124 4726 2433 4796 mologicon
2464 4727 2698 4787 :0I0'0a,
2723 4724 2845 4777 dmi.
2871 4722 2987 4787 τοῦ,
3005 4718 3516 4791 γινώσκειςΛ-ὶεςίε
3544 4716 3709 4787 igitur

2125 4817 2241 4874 οἶδα
2271 4826 2325 4873 et
2347 4833 2472 4874 cum
2499 4814 2741 4869 πιστεύω
2770 4811 3145 4883 conjungitur,
3180 4818 3235 4864 et
3272 4809 3339 4863 ad
3364 4808 3507 4876 ,ὄντα
3541 4806 3711 4862 refer-

2126 4926 2237 4981 tur,
2266 4924 2324 4969 ut
2347 4914 2415 4967 ad
2454 4910 2871 4980 Xenophontem
2901 4901 3018 4959 οἶδα
3043 4903 3277 4976 ἐμαυτὸν
3314 4902 3515 4973 ἥττονα
3546 4892 3707 4962 δντά,

2128 5015 2277 5062 recte
2319 5005 2543 5059 unicum
2589 5003 2681 5057 hic
2709 5000 2985 5069 objectum
3019 4997 3144 5053 ﬁdei
3176 4994 3518 5069 agnoscitur,
3561 4989 3710 5061 quod

2128 5098 2493 5169 sequentibus
2525 5095 2857 5151 testimoniis
2883 5092 3259 5149 conﬁrmatur.
3283 5085 3471 5156 Neque
3493 5098 3623 5139 vero
3644 5097 3709 5137 ea

2128 5195 2317 5249 minus
2357 5189 2627 5263 lgnatium
2666 5188 2891 5252 decent,
2925 5193 3019 5239 aut
3058 5183 3127 5238 ad
3162 5192 3385 5236 sensum
3428 5173 3713 5244 scriptoris

2129 5287 2431 5345 eruendum
2467 5284 2642 5355 magis
2675 5282 2879 5347 valent,
2918 5277 3067 5350 quod
3112 5290 3221 5331 non
3248 5272 3442 5327 iisdem
3483 5282 3715 5339 prorsus

2130 5381 2314 5438 verbis
2344 5377 2749 5447 concipiantur,
2776 5389 2898 5445 qua:
2924 5387 3073 5426 nunc
3108 5372 3162 5425 in
3198 5365 3511 5439 Evangeliis
3532 5363 3715 5433 legun-

2132 5489 2241 5533 tur.
2266 5476 2346 5530 Ad
2375 5488 2494 5529 eam
2522 5486 2635 5525 rem
2676 5468 3040 5540 probandam,
3070 5480 3236 5536 quam
3280 5462 3516 5531 scriptor
3560 5473 3716 5513 asse-

2132 5577 2337 5633 rucrat,
2376 5563 2614 5623 maxime
2646 5560 3059 5618 accommodata
3094 5566 3254 5624 sunt;
3280 5563 3337 5610 at
3367 5553 3412 5610 si
3438 5552 3711 5623 duplicem

2133 5662 2497 5721 assertionem
2514 5657 2816 5722 iaciamus,
2846 5667 3025 5723 neque
3049 5666 3239 5713 unam,
3276 5663 3454 5717 neque
3484 5646 3712 5701 alteram

2134 5757 2388 5828 probant.
2422 5750 2539 5806 Non
2571 5748 2806 5821 probant
2833 5744 3099 5815 lgnatium
3142 5742 3423 5798 Christum
3464 5747 3586 5810 post
3625 5754 3716 5791 re~

2134 5847 2533 5908 surrectioncm
2561 5841 2762 5898 vidisse
2785 5856 2799 5909 ;
2838 5854 2944 5894 non
2974 5835 3269 5901 ostendunt
3292 5833 3571 5898 Christum
3593 5836 3718 5897 post
