4138 6416
464 390 572 445 .335

1442 383 1501 436 S.
1541 381 1891 440 lGNATlUS.
1919 411 1985 421 -—
2003 379 2536 436 PROLEGOMENA.

3633 369 3737 426 584

469 505 852 561 ascensionem
904 507 961 561 in
1011 520 1180 560 carne
1240 519 1396 567 esse,
1459 504 1825 574 undecunque
1886 504 2053 572 igitur
2083 507 2130 564 Α
2161 517 2379 572 cunque
2407 501 2552 555 dicta
2577 499 2900 560 videantur,
2931 497 2996 551 ad
3036 497 3182 549 hunc
3211 493 3390 562 ipsum
3433 486 3628 558 lgnati't
3654 488 3740 542 lo-

435 631 440 638 -
469 607 690 667 sumpta
722 606 871 662 sunt,
905 596 1210 652 secundum
1260 611 1485 650 sensum
1520 595 1859 649 Dallaeanum
1900 594 2055 648 nihili

471 700 621 744 sunt.
678 689 754 744 De
808 689 1120 759 apocrypho
1169 698 1296 742 ante
1341 688 1509 742 latius
1551 688 1888 756 disputatum
1936 697 2052 754 est;

472 781 561 835 hic
619 782 784 846 igitur
828 782 1097 834 concludo
1146 791 1426 835 auctorem
1477 782 1723 850 epistola:
1772 795 2055 850 nunquam

469 875 755 940 scripsisse
786 873 1069 926 Christum
1098 890 1128 927 a
1154 890 1211 928 se
1236 875 1288 926 in
1317 889 1481 928 carne
1512 874 1712 927 visum.

539 963 672 1029 Qua:
695 966 859 1019 habet
884 967 950 1020 de
975 966 1131 1020 stella
1162 965 1337 1034 magis
1360 967 1694 1035 prrelucente
1719 965 1870 1018 nullo
1895 964 2057 1018 modo

471 1057 722 1112 ﬁctilium
759 1058 1025 1127 Ignatium
1069 1060 1338 1128 probant;
1376 1074 1551 1124 neque
1578 1059 1693 1128 ipse
1717 1058 1921 1128 aliquid
1957 1059 2056 1112 ob—

465 1149 608 1216 jicit,
643 1149 745 1202 nisi
773 1149 921 1218 quod
954 1148 1064 1202 sint
1093 1158 1300 1202 temere
1347 1149 1580 1216 scripta;
1621 1157 1676 1202 et
1714 1149 1859 1217 quod
1896 1163 2058 1202 nemo

471 1242 834 1308 interpretum
888 1257 950 1294 ea
999 1241 1071 1295 sit
1124 1251 1367 1295 secutus.
1424 1240 1598 1294 Verba
1651 1239 1843 1310 lgnatii
1888 1250 2054 1294 sunt:

482 1333 682 1403 ’Λστὴρ
710 1335 767 1384 ἐν
796 1333 1010 1403 οὐρανῷ
1049 1333 1290 1402 ἔλαμψεν
1331 1333 1473 1403 ὑπὲρ
1503 1334 1709 1394 πάντας
1744 1332 1868 1393 τοὺς
1899 1331 2058 1384 ἀστέ-

471 1443 590 1494 ρας,
625 1427 717 1477 καὶ
742 1426 801 1478 τὸ
832 1425 946 1494 φῶς
970 1425 1134 1476 αὑτοῦ
1171 1423 1532 1493 ἁνεκλάλητον
1557 1419 1624 1494 ἧν
1643 1440 1654 1452 ·
1688 1423 1781 1476 καὶ
1811 1422 2060 1492 ξενισμὸν

473 1523 734 1589 παρεῖχεν
758 1522 790 1588 ἡ
825 1521 1079 1588 καινότης
1109 1518 1271 1572 αὑτοῦ
1290 1535 1301 1548 '
1323 1518 1393 1570 τὰ
1421 1520 1475 1570 δὲ
1499 1517 1661 1570 λοιπὰ
1686 1518 1862 1570 πάντα
1885 1517 2060 1587 ἄστρα

472 1611 588 1680 ἃμα
614 1611 750 1680 ἡλίῳ
781 1614 872 1664 καὶ
898 1612 1097 1684 σελήνῃ
1121 1612 1281 1682 χορὸς
1306 1612 1526 1678 ἐγένετο
1553 1611 1628 1680 τῷ
1651 1611 1869 1680 ἀστέρι·
1898 1612 2060 1674 αὐτὸς

471 1703 526 1754 δὲ
552 1698 620 1772 ἦν
647 1704 1000 1772 ὑπερϐάλλων
1032 1704 1092 1756 τὸ
1125 1703 1240 1772 φῶς
1277 1702 1441 1754 αὐτοῦ
1474 1703 1615 1774 ὑπὲρ
1652 1703 1849 1755 πάντα.
1879 1703 2062 1773 Ταρα-

470 1799 538 1864 χή
574 1796 618 1846 τ’
649 1790 736 1863 ἦν,
765 1794 927 1847 πόθεν
954 1799 986 1866 ἡ
1026 1795 1280 1866 καινότης
1309 1796 1342 1864 ἡ
1392 1795 1645 1865 ἀνόμοιος
1682 1795 1864 1856 αὐτοῖς
1886 1811 1898 1822 ⁸
1936 1793 2059 1846 ὅθεν

2158 610 2284 647 eum
2334 593 2606 662 respicere
2653 591 2778 660 quis
2832 591 3076 654 dubitet,
3127 587 3241 641 sive
3290 583 3579 652 ξενισμὸν,
3627 580 3741 635 sive

2157 686 2486 754 καινότητα,
2523 683 2638 738 sive
2667 683 2964 736 κατάλυσιν
2997 679 3244 750 spectet?
3291 675 3426 730 Nam
3465 686 3519 730 et
3547 675 3743 744 ἀστρο-

2160 776 2315 829 θεσία
2346 776 2503 846 quasi
2544 790 2830 846 magorum
2861 773 3182 843 disciplina,
3211 787 3238 824 a
3273 768 3490 824 diabolo
3519 768 3739 820 inventa

2161 867 2396 922 Tatiano
2451 867 2673 922 dicitur.
2732 866 2807 921 De
2859 866 2997 920 mira
3046 865 3167 933 ejus
3228 864 3348 918 luce
3405 861 3737 929 reliquarum

2159 962 2437 1014 stellarum
2482 960 2828 1030 splendorem
2880 967 3172 1028 superante
3215 956 3325 1011 Leo
3363 954 3612 1022 Magnus,
3644 953 3743 1006 ho-

2159 1055 2311 1108 milia
2352 1055 2376 1106 l
2427 1052 2506 1107 De
2539 1050 2874 1106 Nativitate:
2911 1071 2928 1102 ι
2967 1049 3024 1104 1η
3061 1050 3279 1117 regione
3319 1047 3546 1102 orientis
3587 1045 3740 1099 stella

2160 1162 2314 1200 nova:
2339 1145 2606 1200 claritatis
2638 1144 2912 1214 apparuit,
2937 1160 3060 1213 qua:
3089 1141 3354 1196 illustrior
3377 1138 3589 1194 eazteris
3621 1138 3744 1206 pul-

2157 1238 2453 1307 chriorque
2499 1234 2776 1292 Sideribus
2805 1236 2964 1292 facile
3000 1236 3056 1289 in
3084 1251 3141 1290 se
3171 1235 3498 1289 intuentium
3527 1233 3747 1288 animos

2161 1331 2460 1400 oculosque
2485 1338 2850 1384 converteret.
2867 1349 2884 1381 ι
2906 1328 3196 1391 Maximus,
3231 1327 3452 1381 homi-lia
3471 1327 3538 1379 '5:
3567 1343 3585 1376 ι
3609 1323 3746 1391 Quis

2159 1423 2305 1476 enim
2347 1423 2560 1478 dubitat
2604 1422 2778 1492 ipsam
2824 1423 3034 1476 stellam
3067 1421 3260 1475 laetiori
3300 1420 3421 1474 lure
3449 1428 3504 1472 et
3533 1417 3748 1487 lulgen-

2165 1514 2394 1569 tioribus
2418 1515 2586 1569 radiis
2606 1530 2953 1576 coruscasse,
2973 1529 3096 1584 qua:
3125 1513 3247 1567 εαξΙί
3267 1523 3533 1580 terraeque
3557 1511 3743 1564 lumen

2162 1607 2420 1663 humanis
2446 1608 2620 1663 oculis
2651 1607 2964 1680 ingerebat?
2994 1605 3059 1660 Et
3087 1621 3308 1660 necesse
3336 1613 3454 1658 erat
3489 1612 3549 1657 ut
3587 1601 3748 1656 stella

2163 1699 2279 1755 haec
2311 1715 2340 1754 a
2365 1701 2578 1756 caeteris
2611 1700 2891 1754 sideribus
2925 1699 3059 1753 orbe
3087 1699 3319 1753 clariore
3347 1697 3595 1756 distaret,
3623 1711 3750 1764 quae

2164 1795 2530 1848 annuntiabat
2559 1794 2864 1859 Christum,
2903 1794 3066 1863 cujus
3092 1792 3352 1846 nativitas
3375 1793 3445 1844 ab
3474 1790 3749 1844 universis

469 1885 657 1938 ἐλύετο
691 1888 838 1938 πᾶσα
877 1888 1098 1956 μαγεία,
1138 1886 1307 1941 Vetus
1345 1888 1656 1956 interpres:
1692 1905 1709 1936 ι
1753 1889 1976 1940 Astrum
2005 1887 2058 1939 in

2165 1889 2491 1943 mortalibus
2517 1887 2822 1942 diti'erebat.
2852 1905 2869 1937 ι
2903 1885 2961 1941 S.
2991 1885 3442 1955 Chrysostomus,
3473 1882 3662 1936 homil.
3689 1883 3749 1945 Β,

469 1979 612 2031 οωιο
643 1979 981 2048 resplenduit
1006 1995 1171 2048 super
1193 1980 1380 2035 omnia
1404 1989 1574 2044 astra,
1600 1989 1654 2032 et
1679 1980 1860 2032 lumen
1889 1977 2059 2047 ipsius

471 2070 746 2125 inelfabile
773 2081 912 2136 erat,
929 2081 982 2124 et
1007 2081 1286 2140 stuporem
1304 2073 1724 2126 tribuitnovitas
1748 2069 2060 2140 ipsius.Re—

469 2159 620 2228 liqua
649 2177 778 2215 vero
805 2163 988 2216 omnia
1023 2172 1172 2216 astra
1207 2162 1370 2216 simul
1397 2178 1521 2217 eum
1558 2164 1671 2217 sole
1701 2173 1753 2216 et
1781 2163 1907 2216 luna
1932 2163 2062 2216 cho-

470 2269 567 2306 rus
589 2251 718 2308 facti
750 2263 880 2307 sunt
904 2255 981 2308 illi
1009 2263 1161 2309 astro
1189 2272 1201 2307 :
1239 2255 1418 2323 ipsum
1461 2263 1643 2309 autem
1669 2264 1787 2308 erat
1811 2253 2060 2323 superfe-

469 2362 597 2401 rens
629 2347 812 2401 lumen
841 2364 1002 2402 suum
1029 2363 1193 2416 super
1215 2348 1422 2401 omnia.
1448 2345 1713 2402 Turbalio
1741 2358 1920 2402 autem
1945 2355 2064 2400 erat

473 2439 615 2492 unde
647 2439 862 2493 novitas
890 2455 1012 2508 qua:
1053 2439 1344 2493 dissimilis
1369 2439 1538 2508 ipsis;
1565 2455 1633 2492 ex
1667 2455 1777 2508 qua
1819 2439 2064 2492 solveba-

471 2541 561 2584 tur
592 2531 772 2585 omnis
799 2532 999 2600 magia.
1040 2550 1056 2581 ι
1101 2529 1228 2585 ιι.ωο
1251 2540 1453 2585 temere
1483 2531 1628 2585 dicta
1653 2531 1768 2586 vult
1789 2529 2058 2595 Dallaeus,

475 2630 660 2690 utpote
697 2641 714 2672 ι
753 2624 1081 2690 aScriptura
1129 2623 1330 2686 aliena,
1359 2632 1415 2676 et
1446 2622 1515 2674 ah
1548 2622 1668 2691 ipso
1691 2621 1856 2692 hujus
1890 2621 2063 2675 stella:

473 2731 578 2768 usu
605 2714 983 2777 abhorrentia,
1010 2712 1078 2766 ad
1103 2715 1349 2779 domum,
1380 2711 1971 2776 scLlieetBethelehem,
1989 2713 2064 2765 in-

472 2805 790 2870 dicandam,
825 2805 919 2859 ubi
944 2813 1103 2859 natus
1131 2817 1250 2858 erat
1274 2807 1552 2860 Christus.
1589 2825 1607 2856 ι
1651 2805 1756 2860 Sed
1784 2806 2063 2874 quomodo

475 2898 590 2949 haec
619 2911 648 2948 a
674 2895 954 2965 Scriptura
983 2898 1159 2967 magis
1188 2899 1364 2951 aliena
1395 2907 1544 2961 sunt,
1572 2914 1738 2967 quam
1775 2899 1864 2952 illa
1886 2939 1900 2961 ,
1941 2916 2064 2969 qum

473 2989 658 3042 aliide
689 2989 880 3042 eadem
919 2991 1078 3044 stella
1118 2990 1479 3057 tradiderunt,
1525 3006 1634 3044 non
1663 2991 1840 3045 video.
1874 2989 2062 3060 Neque

476 3082 630 3134 illum
662 3099 834 3134 unum
875 3099 1036 3137 usum
1065 3085 1358 3153 quisquam
1401 3085 1582 3138 adhuc
1607 3085 1831 3153 agnovit
1862 3085 1926 3138 ad
1965 3086 2063 3138 do-

474 3189 625 3226 mum
645 3173 959 3228 Bethlehem
983 3174 1350 3228 indicandam.
1379 3173 1505 3228 Dum
1528 3173 1750 3228 fuerunt
1772 3175 1922 3230 illius
1942 3176 2066 3229 stel-

475 3276 542 3318 la:
594 3264 809 3332 φάσεις,
860 3281 968 3317 una
1022 3265 1073 3318 in
1121 3264 1375 3329 Oriente,
1420 3265 1588 3319 altera
1643 3266 2059 3338 Hierosolymis.

480 3356 624 3408 llsus
645 3355 834 3423 prima:
867 3355 1230 3423 apparitionis
1261 3354 1365 3408 fuit
1390 3357 1456 3409 ad
1477 3372 1762 3425 magosex
1788 3373 1887 3412 sua
1919 3367 2060 3412 terra

472 3446 541 3500 ad
569 3448 924 3514 qurerendum
971 3446 1168 3518 Regem
1211 3447 1528 3503 Judzeorum
1565 3450 1921 3517 excitandos;
1970 3467 2061 3505 se—

472 3539 666 3592 cunda:
713 3541 778 3592 ad
823 3540 1049 3593 domum
1098 3541 1474 3596 indicandam.
1521 3540 1690 3596 Multa
1739 3551 1952 3598 veteres
1995 3544 2062 3597 de

474 3631 644 3698 priori
675 3633 997 3700 loquuntur,
1035 3650 1202 3702 quam
1242 3634 1522 3703 Scriptura
1551 3635 1933 3689 tantummodo
1976 3634 2063 3687 in—

470 3721 634 3785 dicat,
689 3739 862 3791 pauca
900 3721 1190 3792 lgnatius:
1236 3742 1413 3795 neque
1468 3728 1578 3793 hic,
1635 3743 1812 3797 neque
1869 3728 1946 3781 illi
1993 3744 2060 3781 ex

472 3811 760 3883 Scriptura
813 3830 877 3869 ea
927 3831 1052 3884 qua:
1082 3817 1330 3872 dicerent
1375 3832 1751 3889 sumpserunt,
1801 3821 1898 3875 sed
1927 3820 2059 3889 quid

471 3907 577 3976 ipsi
607 3906 677 3960 de
710 3923 772 3960 ea
805 3924 861 3963 re
903 3908 1171 3962 sentirent
1212 3909 1381 3966 libere
1443 3914 1888 3982 pronuntiabant.
1959 3913 2060 3967 Ubi

469 4012 546 4054 est
573 4002 662 4071 qui
689 4012 844 4054 natus
879 4012 954 4055 est
992 4001 1103 4056 Rea:
1126 4001 1458 4067 Judworum,
1490 4005 1743 4072 inquiunt
1776 4008 1941 4076 magi,
1986 4010 2063 4061 vi—

469 4094 648 4146 dimus
696 4095 833 4145 enim
885 4093 1097 4147 stet’lam
1149 4095 1264 4162 ejus
1320 4097 1373 4148 in
1421 4095 1674 4158 Oriente,
1727 4110 1775 4151 ει
1829 4102 2059 4155 venimus

471 4183 701 4236 adorare
757 4199 876 4236 eum
931 4184 994 4244 ¹’¹,
1054 4182 1342 4248 Quomodo
1385 4190 1701 4254 apparuerit
1743 4190 1795 4242 in
1839 4190 2062 4245 Oriente

473 4274 634 4327 sitella
691 4274 804 4336 illa,
837 4273 1112 4339 quotnodo
1149 4275 1289 4343 magi
1322 4276 1448 4330 inde
1477 4279 1809 4334 crediderint
1858 4281 2057 4352 Regem

468 4363 784 4416 Judaeorum
820 4373 1009 4416 natum
1043 4380 1184 4432 esse,
1215 4369 1496 4434 quomodo
1534 4375 1799 4429 commoti
1842 4377 1908 4428 ad
1933 4393 2058 4429 eum

467 4458 813 4512 adorandum
867 4459 1139 4525 venerint,
1188 4462 1258 4515 ab
1309 4465 1568 4519 omnibus
1620 4469 1910 4536 qumsitum
1955 4480 2056 4525 est.

470 4550 642 4602 Suam
697 4553 1026 4604 sententiam
1083 4553 1268 4621 prodit
1318 4553 1588 4626 lgnatius,

467 4643 709 4697 maxime
765 4643 910 4699 inter
959 4660 1150 4701 omnes
1196 4649 1468 4703 illustrem
1517 4649 1711 4714 fuisse,
1755 4661 1806 4706 et
1841 4669 1908 4708 ex
1960 4670 2060 4708 sua

468 4736 799 4793 claritudine
828 4754 1019 4808 magos
1065 4739 1475 4812 l’lierosolymas
1505 4745 1824 4801 adduxisse.
1875 4745 2062 4815 Neque

468 4831 580 4883 Laec
608 4831 882 4886 sententia
913 4833 1052 4886 adeo
1081 4834 1319 4888 absurda
1359 4837 1476 4890 visa
1496 4846 1600 4902 est,
1642 4848 1699 4892 ut
1722 4854 1882 4894 neruo
1911 4850 2062 4895 vete—

470 4941 596 4979 rum
626 4942 749 4980 eam
784 4939 1131 4997 sequeretur,
1155 4933 1302 5000 quod
1325 4934 1496 4986 miror
1520 4935 1774 5003 equidem
1805 4953 1834 4990 a
1861 4936 2060 4992 Dallaeo

466 5019 698 5079 dictum.
741 5019 890 5074 Nihil
923 5021 1072 5076 enim
1101 5023 1215 5077 fere
1245 5025 1298 5078 in
1336 5027 1439 5080 hac
1474 5030 1749 5082 sententia
1788 5032 2056 5099 scriptum

459 5121 578 5176 est,
631 5114 779 5181 quod
840 5130 949 5169 non
994 5117 1220 5185 plurimi
1270 5128 1458 5188 postea
1519 5121 1802 5176 dixerunt.
1863 5123 2057 5179 Omnia

461 5207 576 5258 fere
611 5205 804 5260 eadem
835 5215 1135 5278 tanguntur
1183 5211 1277 5264 illo
1324 5228 1434 5265 uno
1466 5213 1764 5268 Clementis
1810 5215 2057 5270 Alexan—

460 5296 606 5357 drini
651 5297 768 5353 loco
819 5300 875 5354 in
929 5295 1256 5372 Exeerpt’ts:
1302 5305 1400 5357 Διὰ
1456 5304 1618 5359 τοῦτο
1664 5307 1904 5361 ἀνέτειλε
1967 5308 2056 5376 ξέ-

460 5404 548 5450 νος
618 5389 794 5462 ἀστὴρ
870 5394 964 5446 καὶ
1040 5395 1226 5458 καινὸς
1297 5397 1580 5452 καταλύων
1648 5399 1750 5471 τὴν
1817 5401 2055 5455 παλαιὰν

457 5482 848 5553 ἁστροΟεσίαν,
880 5486 1052 5558 καινῴ
1095 5490 1235 5558 φωτὶ
1263 5491 1324 5543 οὐ
1375 5492 1628 5563 κοσμικῷ
1677 5493 2050 5564 λαμπόμενος.

464 5591 484 5620 ι
542 5570 836 5642 Propterea
907 5587 1027 5633 orta
1082 5591 1167 5636 est
1223 5583 1512 5653 peregrina
1548 5595 1602 5638 et
1648 5601 1787 5639 nova
1857 5587 2052 5652 stella,

460 5664 764 5722 dissolvens
838 5678 1074 5726 veterem
1145 5676 1529 5746 astrologiam,
1598 5693 1740 5732 novo
1813 5687 1867 5732 et
1946 5695 2053 5734 non

464 5757 744 5813 muudano
789 5762 996 5818 lumine
1045 5780 1364 5824 coruscans.
1400 5789 1418 5821 ι
1456 5770 1589 5835 Qua:
1645 5772 1808 5827 verba
1848 5790 1876 5826 a
1913 5789 2052 5842 quo-

537 5875 578 5906 “
613 5872 802 5930 Matth.
846 5893 908 5944 ιι,
943 5881 997 5934 2.

2164 1981 2221 2034 in
2253 1981 2570 2035 "animum
2591 2021 2607 2047 ,
2639 1981 2706 2034 de
2745 1979 2847 2033 hac
2871 1979 3022 2033 stella
3052 1997 3064 2030 :
3099 1978 3175 2029 Οὐ
3209 1977 3316 2046 γὰρ
3352 1978 3408 2028 ὲν
3436 1976 3592 2028 νυκτὶ
3625 1972 3753 2042 φαί-

2162 2090 2311 2126 νεται
2336 2071 2448 2125 ἀλλ’
2472 2073 2529 2125 ὲν
2559 2071 2740 2142 ἡμέρᾳ
2780 2070 2921 2141 μέσῃ
2949 2070 3258 2140 λάμποντος
3288 2067 3460 2139 ἡλίου,
3487 2070 3625 2139 ὅπερ
3650 2067 3753 2119 οιίκ

2163 2165 2278 2218 ἔστι
2318 2164 2600 2236 δυνάμεως
2636 2163 2901 2234 ἀστέρος,
2947 2163 3060 2215 ἀλλ’
3093 2162 3215 2216 οὐδὲ
3263 2161 3519 2232 σελήνης·
3559 2164 3592 2231 ἡ
3640 2159 3752 2232 γὰρ

2162 2256 2418 2310 τοσοῦτον
2493 2256 2711 2309 πάντων
2763 2255 3106 2327 ὑπερέχουσα
3158 2253 3264 2308 τῶν
3333 2254 3582 2325 ἀστέρων
3652 2253 3754 2322 τῆς

2163 2353 2378 2414 ἀκτῖνος
2404 2351 2664 2420 φανείσης
2692 2349 2787 2418 τῆς
2819 2348 3052 2420 ἡλιακῆς
3084 2347 3385 2418 κρύπτεται
3429 2347 3522 2399 καὶ
3552 2345 3752 2414 ἀφανί-

2163 2443 2338 2508 ζεται.
2371 2438 2540 2505 Οὗτος
2575 2442 2636 2495 δὲ
2675 2444 2741 2513 τῇ
2773 2441 2874 2512 τῆς
2913 2441 3120 2504 οἰκείας
3156 2439 3539 2511 λαμπρότητος
3584 2439 3754 2509 ὑπερ-

2163 2536 2315 2607 ϐολῇ,
2352 2537 2447 2590 καὶ
2477 2535 2573 2599 τὰς
2619 2536 2840 2598 ἀκτῖνας
2885 2534 3104 2603 ἐνίκησε
3144 2531 3243 2596 τὰς
3286 2530 3549 2602 ἡλιακὰς,
3583 2531 3751 2598 φανό-

2163 2646 2321 2700 τερος
2365 2629 2596 2691 ἐκείνοις
2638 2628 2826 2697 φανεὶς
2874 2627 2967 2680 καὶ
3000 2627 3059 2678 ἐν
3095 2623 3334 2694 τοσούτῳ
3375 2626 3513 2693 φωτὶ
3565 2622 3752 2694 μεῖζον

2163 2721 2404 2792 λάμψας.
2439 2740 2456 2773 ι
2485 2720 2604 2774 Non
2635 2723 2780 2776 enim
2818 2723 2885 2777 de
2920 2731 3079 2776 nocte
3109 2731 3364 2791 apparet,
3399 2721 3493 2775 sed
3526 2719 3755 2774 meridie

2167 2815 2488 2884 splendente
2519 2814 2666 2880 sole;
2709 2830 2876 2884 quam
2907 2814 3224 2868 facultatem
3254 2829 3361 2867 non
3395 2813 3561 2867 modo
3593 2813 3752 2868 stella

2164 2907 2333 2974 nulla,
2365 2908 2462 2962 sed
2494 2923 2560 2962 ne
2584 2908 2713 2961 luna
2743 2908 2965 2978 quidem
2991 2908 3239 2962 sortitur.
3265 2905 3358 2961 illa
3384 2907 3532 2960 enim
3561 2921 3754 2962 omnes

2165 3001 2352 3054 stellas
2383 3009 2668 3070 tantopere
2699 3015 2970 3070 superans
3002 3009 3126 3054 ortu
3171 2999 3304 3054 solis
3334 2999 3662 3053 obscuratur
3695 3008 3754 3052 et

2167 3092 2432 3162 disparet.
2462 3091 2590 3149 Haec
2624 3101 2810 3147 autem
2848 3092 3017 3146 nativi
3060 3092 3364 3161 splendoris
3393 3091 3756 3145 exuberantia

2091 3224 2133 3280 C
2170 3189 2336 3240 etiam
2391 3187 2527 3242 solis
2576 3187 2761 3241 radios
2811 3187 3146 3256 superabat,
3194 3185 3468 3240 illustrior
3513 3185 3621 3238 illis
3653 3199 3755 3252 ap-

2169 3296 2366 3348 parens
2393 3322 2407 3346 ,
2440 3295 2494 3335 et
2528 3280 2581 3333 in
2639 3289 2791 3335 tanta
2823 3280 2944 3334 luce
2973 3279 3148 3350 magis
3194 3294 3513 3334 coruscans.
3546 3297 3564 3329 ι
3597 3275 3760 3331 Unde

2165 3373 2298 3428 illud
2342 3384 2535 3429 vocat:
2573 3374 2772 3444 ἄστρον
2825 3375 2965 3444 μέγα
2999 3372 3094 3425 καὶ
3137 3371 3562 3444 ἐξηλλαγμένον,
3609 3370 3757 3424 ὥστε

2166 3466 2258 3520 καὶ
2306 3465 2385 3538 τῷ
2439 3466 2659 3536 μεγέθει
2702 3465 2798 3520 καὶ
2838 3466 2916 3537 τῷ
2949 3465 3137 3520 κάλλει
3173 3465 3274 3535 τῆς
3330 3465 3505 3534 ὅψεως
3557 3464 3759 3528 αὐτοὺς

2164 3559 2461 3630 ἐκπλῆξαι·
2494 3579 2512 3610 ι
2538 3559 2747 3615 stellam
2782 3576 3038 3629 magnam
3069 3568 3126 3613 et
3153 3558 3492 3621 inusitatam,
3530 3557 3667 3610 adeo
3695 3565 3761 3609 ut

2164 3651 2526 3723 amplitudine
2576 3662 2631 3708 et
2673 3663 2930 3722 aspectus
2974 3652 3224 3706 claritate
3265 3666 3456 3720 magos
3493 3649 3760 3719 percelle-

2164 3754 2268 3801 ret.
2302 3765 2324 3797 ι
2362 3744 2489 3800 Haec
2539 3755 2723 3801 autem
2767 3745 2906 3799 dixit
2959 3746 3425 3814 Chrysostomus,
3460 3749 3755 3811 postquam

2164 3839 2350 3892 omnia
2403 3855 2464 3894 se
2507 3839 2616 3891 ἀπὸ
2648 3839 2756 3892 τῶν
2793 3837 3197 3909 γεγραμμένων
3242 3834 3422 3888 αὐτῶν
3457 3854 3474 3885 ι
3517 3850 3584 3888 ex
3634 3833 3757 3903 ipsa

2166 3928 2448 4000 Scriptura
2473 3950 2494 3982 ι
2524 3931 2802 3986 dicturum
2830 3931 3106 4000 pollicitus
3136 3941 3300 3985 esset.
3329 3927 3516 3999 Neque
3547 3929 3750 3982 mirum

2163 4031 2266 4086 est,
2301 4023 2571 4092 lgnatium
2603 4023 2762 4078 nobis
2791 4024 3002 4077 stellam
3039 4023 3267 4092 reliquis
3289 4023 3547 4078 omnibus
3585 4033 3753 4092 atque

2164 4115 2328 4168 etiam
2359 4116 2475 4169 sole
2527 4116 2646 4185 ipso
2677 4116 3099 4185 splendidiorem
3146 4126 3587 4184 reprzescntasse,
3620 4132 3750 4169 cum

2164 4208 2346 4276 gravis
2388 4217 2584 4262 auctor
2620 4208 2917 4278 Gregorius
2957 4207 3238 4279 Nyssenus
3277 4209 3329 4262 in
3377 4207 3496 4260 Vita
3524 4207 3748 4276 M‘oysis,

2165 4299 2512 4368 splendorem
2566 4301 2706 4354 rubo
2754 4301 2921 4356 solari
2968 4301 3234 4370 majorem
3277 4301 3522 4354 tribuat:
3568 4299 3752 4362 Φωτὸς

2164 4393 2354 4463 ἑτέρου
2389 4395 2534 4465 ὑπὲρ
2569 4395 2629 4448 τὸ
2674 4393 2899 4465 ἡλιακὸν
2943 4393 3057 4463 φῶς
3088 4393 3187 4457 τὰς
3216 4394 3368 4464 ὄψεις
3417 4392 3753 4465 uspiam:ch

2161 4483 2384 4553 ψαντος,
2413 4505 2430 4536 ‹
2461 4487 2566 4540 alia
2599 4487 2720 4541 luce
2751 4502 2912 4556 supra
2939 4487 3113 4541 lucem
3139 4487 3371 4542 solarem
3391 4487 3536 4540 circa
3560 4487 3750 4540 oculos

1639 4559 1852 4613 διευθιυ
1910 4560 2058 4614 mal“
2092 4565 2137 4620 Ι)
2167 4576 2372 4646 Moysis
2399 4578 2710 4650 eti‘uigente.
2737 4597 2756 4630 ι
2785 4579 2861 4633 De
2907 4579 3170 4633 solutione
3216 4580 3406 4650 magia:
3452 4579 3750 4649 Gregorius

2164 4669 2584 4736 Nazianzenus,
2624 4672 2878 4727 oratione
2930 4674 3154 4742 prima:
3209 4674 3306 4726 Διὰ
3361 4672 3517 4726 τοῦτο
3572 4674 3749 4745 ἀστὴρ

2161 4765 2494 4836 ἡγούμενος,
2546 4766 2640 4817 καὶ
2693 4765 2856 4835 μάγοι
2917 4766 3314 4836 προπίπτοντες
3362 4768 3454 4819 καὶ
3511 4767 3750 4837 δωροφοο

2167 4857 2406 4928 ροῦντες,
2435 4857 2500 4909 ἵν’
2544 4856 2927 4929 εἰδωλολατρία
2971 4858 3270 4930 καταλυθῇ.
3302 4878 3319 4910 ι
3350 4858 3558 4912 Idcirco
3591 4859 3746 4912 stella

2161 4945 2428 5014 praeiens,
2479 4955 2534 5000 et
2585 4947 2729 5017 magi
2773 4962 2894 5001 sese
2950 4957 3362 5017 prosternentes
3403 4965 3469 5003 ac
3519 4964 3745 5002 munera

2160 5040 2484 5105 oﬂ‘erentes,
2515 5048 2604 5105 ut,
2647 5041 2890 5107 scilicet,
2924 5042 3235 5095 idololatria
3276 5041 3684 5096 dissolveretur.
3721 5062 3740 5094 ι

2163 5131 2310 5186 idem
2344 5134 2690 5187 Areanorum
2723 5135 2968 5189 carmine
3007 5134 3063 5200 5,
3093 5150 3218 5188 cum
3252 5136 3545 5189 novitatem
3576 5135 3746 5190 stella:

2160 5234 2406 5279 notasset
2427 5245 2440 5279 :

2167 5360 2380 5430 Τῆμος,
2397 5361 2481 5414 ὅτ’
2499 5361 3106 5432 ἁστρολόγοισινόμοῦ
3127 5361 3278 5416 πέσε
3294 5363 3490 5433 μήδεα
3506 5372 3741 5433 τέχνης.

2161 5497 2226 5551 Et
2272 5497 2328 5552 S.
2363 5497 2602 5553 Basilius
2646 5497 2899 5552 oratione
2937 5499 2994 5550 in
3039 5497 3239 5553 Christi
3272 5498 3643 5565 Nutivit-atem,
3675 5500 3742 5554 de

2161 5591 2371 5660 magis:
2408 5590 2561 5660 Τάχα
2587 5590 2644 5643 δὲ
2682 5590 2776 5643 καὶ
2804 5589 3186 5661 ἀντικειμένης
3219 5591 3498 5662 δυνάμεως
3527 5595 3592 5663 τῇ
3624 5593 3744 5644 ἐπι-

2159 5683 2353 5753 φανείᾳ
2397 5682 2489 5736 τοῦ
2540 5682 2746 5754 Κυρίου
2785 5684 3125 5754 ἁτονωτέρας
3166 5683 3351 5736 λοιπὸν
3408 5685 3741 5755 γενομένης,

2157 5777 2465 5850 αἰσθόμενοι
2502 5778 2950 5852 καταργουμένας
2984 5778 3080 5842 τὰς
3111 5778 3387 5847 ἐνεργείας
3418 5778 3609 5849 αὐτῆς,
3647 5794 3742 5848 μεῖν
