  <div class='ocr_page' id='page_1' title='image "/cluster/home/n/w/nwhite01/storage/ocr_20150623/5/coo.31924054872845/201.png"; bbox 0 0 4138 6388; ppageno 0'>
   <div class='ocr_carea' id='block_1_1' title="bbox 462 370 567 426">
    <p class='ocr_par' dir='ltr' id='par_1_1' title="bbox 462 370 567 426">
     <span class='ocr_line' id='line_1_1' title="bbox 462 370 567 426; baseline -0.029 0"><span class='ocrx_word' id='word_1_1' title='bbox 462 370 567 426; x_wconf 72' lang='lat'>887</span> 
     </span>
    </p>
   </div>
   <div class='ocr_carea' id='block_1_2' title="bbox 1419 359 2536 420">
    <p class='ocr_par' dir='ltr' id='par_1_2' title="bbox 1419 359 2536 420">
     <span class='ocr_line' id='line_1_2' title="bbox 1419 359 2536 420; baseline -0.004 -1"><span class='ocrx_word' id='word_1_2' title='bbox 1419 366 1477 419; x_wconf 78' lang='lat' dir='ltr'>S.</span> <span class='ocrx_word' id='word_1_3' title='bbox 1513 362 1862 420; x_wconf 73' lang='lat' dir='ltr'>IGNATIUS.</span> <span class='ocrx_word' id='word_1_4' title='bbox 1891 392 1959 401; x_wconf 93' lang='lat'>—</span> <span class='ocrx_word' id='word_1_5' title='bbox 2000 359 2536 419; x_wconf 75' lang='lat' dir='ltr'>PROLEGOMENA.</span> 
     </span>
    </p>
   </div>
   <div class='ocr_carea' id='block_1_3' title="bbox 3636 356 3741 412">
    <p class='ocr_par' dir='ltr' id='par_1_3' title="bbox 3636 356 3741 412">
     <span class='ocr_line' id='line_1_3' title="bbox 3636 356 3741 412; baseline 0 -1"><span class='ocrx_word' id='word_1_6' title='bbox 3636 356 3741 412; x_wconf 76' lang='lat'>588</span> 
     </span>
    </p>
   </div>
   <div class='ocr_carea' id='block_1_4' title="bbox 466 468 3743 558">
    <p class='ocr_par' dir='ltr' id='par_1_4' title="bbox 466 468 3743 558">
     <span class='ocr_line' id='line_1_4' title="bbox 466 468 3743 558; baseline -0.005 -16"><span class='ocrx_word' id='word_1_7' title='bbox 466 492 714 547; x_wconf 86' lang='lat' dir='ltr'>haberet.</span> <span class='ocrx_word' id='word_1_8' title='bbox 750 490 895 558; x_wconf 85' lang='lat' dir='ltr'>quod</span> <span class='ocrx_word' id='word_1_9' title='bbox 933 500 1111 556; x_wconf 90' lang='lat' dir='ltr'>neque</span> <span class='ocrx_word' id='word_1_10' title='bbox 1136 500 1252 541; x_wconf 66' lang='lat' dir='ltr'>aevo</span> <span class='ocrx_word' id='word_1_11' title='bbox 1276 484 1505 556; x_wconf 90' lang='lat' dir='ltr'>lgnatii,</span> <span class='ocrx_word' id='word_1_12' title='bbox 1534 500 1637 540; x_wconf 87' lang='lat' dir='ltr'>nec</span> <span class='ocrx_word' id='word_1_13' title='bbox 1681 499 1784 537; x_wconf 87' lang='lat' dir='ltr'>suo</span> <span class='ocrx_word' id='word_1_14' title='bbox 1829 497 2050 551; x_wconf 88' lang='lat' dir='ltr'>compe-</span> <span class='ocrx_word' id='word_1_15' title='bbox 2082 488 2129 542; x_wconf 77' lang='grc' dir='ltr'><strong>Α</strong></span> <span class='ocrx_word' id='word_1_16' title='bbox 2157 480 2393 550; x_wconf 87' lang='lat' dir='ltr'>attingit.</span> <span class='ocrx_word' id='word_1_17' title='bbox 2438 478 2828 548; x_wconf 84' lang='lat' dir='ltr'>Antiquiorum</span> <span class='ocrx_word' id='word_1_18' title='bbox 2877 476 3151 531; x_wconf 69' lang='lat' dir='ltr'>distincta:</span> <span class='ocrx_word' id='word_1_19' title='bbox 3201 476 3440 529; x_wconf 67' lang='lat' dir='ltr'>haereses</span> <span class='ocrx_word' id='word_1_20' title='bbox 3484 468 3597 541; x_wconf 87' lang='lat' dir='ltr'>jam</span> <span class='ocrx_word' id='word_1_21' title='bbox 3626 479 3743 525; x_wconf 92' lang='lat' dir='ltr'>tum</span> 
     </span>
    </p>
   </div>
   <div class='ocr_carea' id='block_1_5' title="bbox 463 575 2054 649">
    <p class='ocr_par' dir='ltr' id='par_1_5' title="bbox 463 575 2054 649">
     <span class='ocr_line' id='line_1_5' title="bbox 463 575 2054 649; baseline -0.004 -15"><span class='ocrx_word' id='word_1_22' title='bbox 463 581 646 635; x_wconf 86' lang='lat' dir='ltr'>teret?</span> <span class='ocrx_word' id='word_1_23' title='bbox 674 580 835 635; x_wconf 88' lang='lat' dir='ltr'>Certe</span> <span class='ocrx_word' id='word_1_24' title='bbox 858 581 904 635; x_wconf 90' lang='lat' dir='ltr'>si</span> <span class='ocrx_word' id='word_1_25' title='bbox 945 580 1082 635; x_wconf 85' lang='lat' dir='ltr'><strong>nulli</strong></span> <span class='ocrx_word' id='word_1_26' title='bbox 1120 595 1366 649; x_wconf 88' lang='lat' dir='ltr'>unquam</span> <span class='ocrx_word' id='word_1_27' title='bbox 1402 579 1470 632; x_wconf 92' lang='lat' dir='ltr'>ab</span> <span class='ocrx_word' id='word_1_28' title='bbox 1516 576 1851 632; x_wconf 87' lang='lat' dir='ltr'>eucharistia</span> <span class='ocrx_word' id='word_1_29' title='bbox 1882 575 2054 629; x_wconf 87' lang='lat' dir='ltr'>absti-</span> 
     </span>
    </p>
   </div>
   <div class='ocr_carea' id='block_1_6' title="bbox 464 668 2051 745">
    <p class='ocr_par' dir='ltr' id='par_1_6' title="bbox 464 668 2051 745">
     <span class='ocr_line' id='line_1_6' title="bbox 464 668 2051 745; baseline -0.004 -17"><span class='ocrx_word' id='word_1_30' title='bbox 464 676 747 738; x_wconf 91' lang='lat' dir='ltr'>nuissent,</span> <span class='ocrx_word' id='word_1_31' title='bbox 782 689 851 728; x_wconf 88' lang='lat' dir='ltr'>ne</span> <span class='ocrx_word' id='word_1_32' title='bbox 896 672 1055 729; x_wconf 86' lang='lat' dir='ltr'>ﬁctor</span> <span class='ocrx_word' id='word_1_33' title='bbox 1091 675 1313 745; x_wconf 87' lang='lat' dir='ltr'>quidem</span> <span class='ocrx_word' id='word_1_34' title='bbox 1363 672 1417 726; x_wconf 89' lang='lat' dir='ltr'>id</span> <span class='ocrx_word' id='word_1_35' title='bbox 1459 671 1723 736; x_wconf 76' lang='lat' dir='ltr'>dixisset,</span> <span class='ocrx_word' id='word_1_36' title='bbox 1749 677 1843 723; x_wconf 90' lang='lat' dir='ltr'>aut</span> <span class='ocrx_word' id='word_1_37' title='bbox 1887 668 2051 737; x_wconf 85' lang='lat' dir='ltr'>hujus</span> 
     </span>
    </p>
   </div>
   <div class='ocr_carea' id='block_1_7' title="bbox 464 759 2053 837">
    <p class='ocr_par' dir='ltr' id='par_1_7' title="bbox 464 759 2053 837">
     <span class='ocr_line' id='line_1_7' title="bbox 464 759 2053 837; baseline -0.003 -18"><span class='ocrx_word' id='word_1_38' title='bbox 464 767 697 821; x_wconf 75' lang='lat' dir='ltr'>inauditi</span> <span class='ocrx_word' id='word_1_39' title='bbox 755 766 1008 822; x_wconf 86' lang='lat' dir='ltr'>criminis</span> <span class='ocrx_word' id='word_1_40' title='bbox 1081 781 1417 837; x_wconf 88' lang='lat' dir='ltr'>quemquam</span> <span class='ocrx_word' id='word_1_41' title='bbox 1482 771 1819 819; x_wconf 79' lang='lat' dir='ltr'>accusasset.</span> <span class='ocrx_word' id='word_1_42' title='bbox 1890 759 2053 816; x_wconf 79' lang='lat' dir='ltr'>Nullo</span> 
     </span>
    </p>
   </div>
   <div class='ocr_carea' id='block_1_8' title="bbox 463 854 2051 929">
    <p class='ocr_par' dir='ltr' id='par_1_8' title="bbox 463 854 2051 929">
     <span class='ocr_line' id='line_1_8' title="bbox 463 854 2051 929; baseline -0.004 -16"><span class='ocrx_word' id='word_1_43' title='bbox 463 858 629 913; x_wconf 89' lang='lat' dir='ltr'>modo</span> <span class='ocrx_word' id='word_1_44' title='bbox 660 859 825 929; x_wconf 79' lang='lat' dir='ltr'>igitur</span> <span class='ocrx_word' id='word_1_45' title='bbox 874 858 1239 913; x_wconf 83' lang='lat' dir='ltr'>dubitandum</span> <span class='ocrx_word' id='word_1_46' title='bbox 1288 866 1406 924; x_wconf 91' lang='lat' dir='ltr'>est,</span> <span class='ocrx_word' id='word_1_47' title='bbox 1460 857 1592 926; x_wconf 92' lang='lat' dir='ltr'>quin</span> <span class='ocrx_word' id='word_1_48' title='bbox 1625 857 1760 911; x_wconf 82' lang='lat' dir='ltr'>tales</span> <span class='ocrx_word' id='word_1_49' title='bbox 1810 854 2051 910; x_wconf 54' lang='lat' dir='ltr'>heretici</span> 
     </span>
    </p>
   </div>
   <div class='ocr_carea' id='block_1_9' title="bbox 462 949 2048 1021">
    <p class='ocr_par' dir='ltr' id='par_1_9' title="bbox 462 949 2048 1021">
     <span class='ocr_line' id='line_1_9' title="bbox 462 949 2048 1021; baseline -0.001 -16"><span class='ocrx_word' id='word_1_50' title='bbox 462 952 689 1006; x_wconf 78' lang='lat' dir='ltr'>fuerint.</span> <span class='ocrx_word' id='word_1_51' title='bbox 738 952 847 1007; x_wconf 86' lang='lat' dir='ltr'>Sed</span> <span class='ocrx_word' id='word_1_52' title='bbox 883 971 902 1003; x_wconf 78' lang='grc' dir='ltr'>ι</span> <span class='ocrx_word' id='word_1_53' title='bbox 934 952 1160 1021; x_wconf 89' lang='lat' dir='ltr'>quinam</span> <span class='ocrx_word' id='word_1_54' title='bbox 1214 961 1365 1014; x_wconf 92' lang='lat' dir='ltr'>sunt,</span> <span class='ocrx_word' id='word_1_55' title='bbox 1393 970 1410 1002; x_wconf 72' lang='grc' dir='ltr'>ι</span> <span class='ocrx_word' id='word_1_56' title='bbox 1448 951 1666 1020; x_wconf 86' lang='lat' dir='ltr'>inquit?</span> <span class='ocrx_word' id='word_1_57' title='bbox 1713 949 1771 1003; x_wconf 85' lang='lat' dir='ltr'>Si</span> <span class='ocrx_word' id='word_1_58' title='bbox 1816 958 2048 1019; x_wconf 63' lang='lat' dir='ltr'>quaarat,</span> 
     </span>
    </p>
   </div>
   <div class='ocr_carea' id='block_1_10' title="bbox 462 1041 2052 1114">
    <p class='ocr_par' dir='ltr' id='par_1_10' title="bbox 462 1041 2052 1114">
     <span class='ocr_line' id='line_1_10' title="bbox 462 1041 2052 1114; baseline -0.001 -17"><span class='ocrx_word' id='word_1_59' title='bbox 462 1045 763 1114; x_wconf 60' lang='lat' dir='ltr'>quaerimus</span> <span class='ocrx_word' id='word_1_60' title='bbox 790 1055 843 1098; x_wconf 92' lang='lat' dir='ltr'>et</span> <span class='ocrx_word' id='word_1_61' title='bbox 879 1060 1013 1109; x_wconf 88' lang='lat' dir='ltr'>nos,</span> <span class='ocrx_word' id='word_1_62' title='bbox 1047 1045 1274 1113; x_wconf 88' lang='lat' dir='ltr'>quinam</span> <span class='ocrx_word' id='word_1_63' title='bbox 1311 1043 1389 1096; x_wconf 84' lang='lat' dir='ltr'>illi</span> <span class='ocrx_word' id='word_1_64' title='bbox 1421 1042 1660 1097; x_wconf 64' lang='lat' dir='ltr'>haeretici</span> <span class='ocrx_word' id='word_1_65' title='bbox 1694 1041 1949 1107; x_wconf 86' lang='lat' dir='ltr'>fuerunt,</span> <span class='ocrx_word' id='word_1_66' title='bbox 1984 1041 2052 1095; x_wconf 89' lang='lat' dir='ltr'>de</span> 
     </span>
    </p>
   </div>
   <div class='ocr_carea' id='block_1_11' title="bbox 461 1131 2052 1204">
    <p class='ocr_par' dir='ltr' id='par_1_11' title="bbox 461 1131 2052 1204">
     <span class='ocr_line' id='line_1_11' title="bbox 461 1131 2052 1204; baseline -0.002 -15"><span class='ocrx_word' id='word_1_67' title='bbox 461 1136 664 1203; x_wconf 85' lang='lat' dir='ltr'>quibus</span> <span class='ocrx_word' id='word_1_68' title='bbox 688 1135 934 1204; x_wconf 90' lang='lat' dir='ltr'>loquitur</span> <span class='ocrx_word' id='word_1_69' title='bbox 957 1134 1370 1189; x_wconf 89' lang='lat' dir='ltr'>Tertullianus?</span> <span class='ocrx_word' id='word_1_70' title='bbox 1398 1152 1415 1184; x_wconf 75' lang='grc' dir='ltr'>ι</span> <span class='ocrx_word' id='word_1_71' title='bbox 1446 1132 1639 1187; x_wconf 87' lang='lat' dir='ltr'>Plures</span> <span class='ocrx_word' id='word_1_72' title='bbox 1666 1148 1766 1187; x_wconf 89' lang='lat' dir='ltr'>nec</span> <span class='ocrx_word' id='word_1_73' title='bbox 1788 1131 2052 1186; x_wconf 85' lang='lat' dir='ltr'>ecclesias</span> 
     </span>
    </p>
   </div>
   <div class='ocr_carea' id='block_1_12' title="bbox 462 1225 2048 1295">
    <p class='ocr_par' dir='ltr' id='par_1_12' title="bbox 462 1225 2048 1295">
     <span class='ocr_line' id='line_1_12' title="bbox 462 1225 2048 1295; baseline -0.002 -13"><span class='ocrx_word' id='word_1_74' title='bbox 462 1229 689 1295; x_wconf 84' lang='lat' dir='ltr'>habent,</span> <span class='ocrx_word' id='word_1_75' title='bbox 722 1229 843 1283; x_wconf 91' lang='lat' dir='ltr'>sine</span> <span class='ocrx_word' id='word_1_76' title='bbox 872 1237 1079 1293; x_wconf 88' lang='lat' dir='ltr'>matre,</span> <span class='ocrx_word' id='word_1_77' title='bbox 1113 1228 1232 1282; x_wconf 88' lang='lat' dir='ltr'>sine</span> <span class='ocrx_word' id='word_1_78' title='bbox 1263 1227 1411 1291; x_wconf 89' lang='lat' dir='ltr'>sede,</span> <span class='ocrx_word' id='word_1_79' title='bbox 1440 1226 1559 1281; x_wconf 91' lang='lat' dir='ltr'>orbi</span> <span class='ocrx_word' id='word_1_80' title='bbox 1598 1225 1733 1289; x_wconf 87' lang='lat' dir='ltr'>ﬁde,</span> <span class='ocrx_word' id='word_1_81' title='bbox 1764 1233 2048 1290; x_wconf 79' lang='lat' dir='ltr'>extorres,</span> 
     </span>
    </p>
   </div>
   <div class='ocr_carea' id='block_1_13' title="bbox 463 1317 2052 1392">
    <p class='ocr_par' dir='ltr' id='par_1_13' title="bbox 463 1317 2052 1392">
     <span class='ocr_line' id='line_1_13' title="bbox 463 1317 2052 1392; baseline -0.005 -14"><span class='ocrx_word' id='word_1_82' title='bbox 463 1323 585 1378; x_wconf 80' lang='lat' dir='ltr'>sine</span> <span class='ocrx_word' id='word_1_83' title='bbox 616 1323 731 1377; x_wconf 87' lang='lat' dir='ltr'>lare</span> <span class='ocrx_word' id='word_1_84' title='bbox 781 1331 1071 1392; x_wconf 77' lang='lat' dir='ltr'>vagantur.</span> <span class='ocrx_word' id='word_1_85' title='bbox 1100 1341 1118 1372; x_wconf 74' lang='grc' dir='ltr'>ι</span> <span class='ocrx_word' id='word_1_86' title='bbox 1151 1320 1384 1387; x_wconf 86' lang='lat' dir='ltr'>Quando</span> <span class='ocrx_word' id='word_1_87' title='bbox 1406 1361 1420 1383; x_wconf 94' lang='lat'>,</span> <span class='ocrx_word' id='word_1_88' title='bbox 1455 1334 1680 1389; x_wconf 69' lang='lat' dir='ltr'>quaeso,</span> <span class='ocrx_word' id='word_1_89' title='bbox 1722 1318 1801 1372; x_wconf 90' lang='lat' dir='ltr'>illi</span> <span class='ocrx_word' id='word_1_90' title='bbox 1846 1317 2052 1372; x_wconf 86' lang='lat' dir='ltr'>eucha-</span> 
     </span>
    </p>
   </div>
   <div class='ocr_carea' id='block_1_14' title="bbox 461 1411 2053 1483">
    <p class='ocr_par' dir='ltr' id='par_1_14' title="bbox 461 1411 2053 1483">
     <span class='ocr_line' id='line_1_14' title="bbox 461 1411 2053 1483; baseline -0.004 -13"><span class='ocrx_word' id='word_1_91' title='bbox 461 1416 673 1471; x_wconf 89' lang='lat' dir='ltr'>ristiam</span> <span class='ocrx_word' id='word_1_92' title='bbox 720 1414 1111 1469; x_wconf 81' lang='lat' dir='ltr'>celebrabant?</span> <span class='ocrx_word' id='word_1_93' title='bbox 1160 1429 1282 1483; x_wconf 67' lang='lat' dir='ltr'>quae</span> <span class='ocrx_word' id='word_1_94' title='bbox 1319 1412 1426 1467; x_wconf 90' lang='lat' dir='ltr'>illis</span> <span class='ocrx_word' id='word_1_95' title='bbox 1483 1428 1617 1466; x_wconf 92' lang='lat' dir='ltr'>cura</span> <span class='ocrx_word' id='word_1_96' title='bbox 1662 1411 1953 1466; x_wconf 87' lang='lat' dir='ltr'>viduarum</span> <span class='ocrx_word' id='word_1_97' title='bbox 1998 1418 2053 1464; x_wconf 90' lang='lat' dir='ltr'>et</span> 
     </span>
    </p>
   </div>
   <div class='ocr_carea' id='block_1_15' title="bbox 460 1504 2052 1578">
    <p class='ocr_par' dir='ltr' id='par_1_15' title="bbox 460 1504 2052 1578">
     <span class='ocr_line' id='line_1_15' title="bbox 460 1504 2052 1578; baseline -0.004 -15"><span class='ocrx_word' id='word_1_98' title='bbox 460 1508 874 1578; x_wconf 82' lang='lat' dir='ltr'>orphanorum?</span> <span class='ocrx_word' id='word_1_99' title='bbox 907 1507 1011 1562; x_wconf 87' lang='lat' dir='ltr'>Sed</span> <span class='ocrx_word' id='word_1_100' title='bbox 1054 1508 1287 1561; x_wconf 89' lang='lat' dir='ltr'>ulterius</span> <span class='ocrx_word' id='word_1_101' title='bbox 1318 1505 1517 1575; x_wconf 60' lang='lat' dir='ltr'>quatrit</span> <span class='ocrx_word' id='word_1_102' title='bbox 1539 1547 1555 1572; x_wconf 92' lang='lat'>,</span> <span class='ocrx_word' id='word_1_103' title='bbox 1587 1506 1811 1575; x_wconf 92' lang='lat' dir='ltr'>quinam</span> <span class='ocrx_word' id='word_1_104' title='bbox 1849 1504 1926 1558; x_wconf 90' lang='lat' dir='ltr'>illi</span> <span class='ocrx_word' id='word_1_105' title='bbox 1957 1506 2052 1573; x_wconf 88' lang='lat' dir='ltr'>qui</span> 
     </span>
    </p>
   </div>
   <div class='ocr_carea' id='block_1_16' title="bbox 462 1596 2054 1666">
    <p class='ocr_par' dir='ltr' id='par_1_16' title="bbox 462 1596 2054 1666">
     <span class='ocr_line' id='line_1_16' title="bbox 462 1596 2054 1666; baseline -0.002 -14"><span class='ocrx_word' id='word_1_106' title='bbox 462 1600 585 1654; x_wconf 90' lang='lat' dir='ltr'>ideo</span> <span class='ocrx_word' id='word_1_107' title='bbox 608 1600 952 1654; x_wconf 87' lang='lat' dir='ltr'>abstinerent</span> <span class='ocrx_word' id='word_1_108' title='bbox 979 1598 1051 1653; x_wconf 81' lang='lat' dir='ltr'>ab</span> <span class='ocrx_word' id='word_1_109' title='bbox 1081 1597 1437 1660; x_wconf 86' lang='lat' dir='ltr'>eueharistia,</span> <span class='ocrx_word' id='word_1_110' title='bbox 1469 1596 1613 1666; x_wconf 91' lang='lat' dir='ltr'>quod</span> <span class='ocrx_word' id='word_1_111' title='bbox 1643 1611 1763 1650; x_wconf 90' lang='lat' dir='ltr'>eam</span> <span class='ocrx_word' id='word_1_112' title='bbox 1790 1604 2054 1665; x_wconf 82' lang='lat' dir='ltr'>negarent</span> 
     </span>
    </p>
   </div>
   <div class='ocr_carea' id='block_1_17' title="bbox 463 1684 2049 1757">
    <p class='ocr_par' dir='ltr' id='par_1_17' title="bbox 463 1684 2049 1757">
     <span class='ocr_line' id='line_1_17' title="bbox 463 1684 2049 1757; baseline -0.003 -14"><span class='ocrx_word' id='word_1_113' title='bbox 463 1687 766 1744; x_wconf 83' lang='lat' dir='ltr'>Salvatoris</span> <span class='ocrx_word' id='word_1_114' title='bbox 795 1704 917 1745; x_wconf 92' lang='lat' dir='ltr'>esse</span> <span class='ocrx_word' id='word_1_115' title='bbox 945 1704 1167 1743; x_wconf 90' lang='lat' dir='ltr'>carnem</span> <span class='ocrx_word' id='word_1_116' title='bbox 1194 1702 1293 1757; x_wconf 92' lang='lat' dir='ltr'>pro</span> <span class='ocrx_word' id='word_1_117' title='bbox 1324 1687 1487 1742; x_wconf 90' lang='lat' dir='ltr'>nobis</span> <span class='ocrx_word' id='word_1_118' title='bbox 1510 1687 1767 1756; x_wconf 84' lang='lat' dir='ltr'>passam?</span> <span class='ocrx_word' id='word_1_119' title='bbox 1800 1684 2049 1755; x_wconf 78' lang='lat' dir='ltr'>Respon—</span> 
     </span>
    </p>
   </div>
   <div class='ocr_carea' id='block_1_18' title="bbox 464 1774 2047 1846">
    <p class='ocr_par' dir='ltr' id='par_1_18' title="bbox 464 1774 2047 1846">
     <span class='ocr_line' id='line_1_18' title="bbox 464 1774 2047 1846; baseline -0.004 -12"><span class='ocrx_word' id='word_1_120' title='bbox 464 1780 591 1845; x_wconf 91' lang='lat' dir='ltr'>deo,</span> <span class='ocrx_word' id='word_1_121' title='bbox 608 1777 857 1834; x_wconf 79' lang='lat' dir='ltr'>Docetze:</span> <span class='ocrx_word' id='word_1_122' title='bbox 878 1777 1356 1846; x_wconf 85' lang='lat' dir='ltr'>illi,scilicetquos</span> <span class='ocrx_word' id='word_1_123' title='bbox 1372 1776 1636 1830; x_wconf 88' lang='lat' dir='ltr'>describit</span> <span class='ocrx_word' id='word_1_124' title='bbox 1666 1774 1931 1845; x_wconf 85' lang='lat' dir='ltr'>lgnatius,</span> <span class='ocrx_word' id='word_1_125' title='bbox 1954 1774 2047 1843; x_wconf 88' lang='lat' dir='ltr'>qui</span> 
     </span>
    </p>
   </div>
   <div class='ocr_carea' id='block_1_19' title="bbox 459 1851 2124 1937">
    <p class='ocr_par' dir='ltr' id='par_1_19' title="bbox 459 1851 2124 1937">
     <span class='ocr_line' id='line_1_19' title="bbox 459 1851 2124 1937; baseline -0.004 -10"><span class='ocrx_word' id='word_1_126' title='bbox 459 1873 748 1928; x_wconf 91' lang='lat' dir='ltr'>veritatem</span> <span class='ocrx_word' id='word_1_127' title='bbox 781 1872 1039 1926; x_wconf 74' lang='lat' dir='ltr'>humana:</span> <span class='ocrx_word' id='word_1_128' title='bbox 1061 1879 1272 1924; x_wconf 70' lang='lat' dir='ltr'>natura:</span> <span class='ocrx_word' id='word_1_129' title='bbox 1301 1871 1355 1923; x_wconf 91' lang='lat' dir='ltr'>in</span> <span class='ocrx_word' id='word_1_130' title='bbox 1380 1869 1602 1923; x_wconf 86' lang='lat' dir='ltr'>Christo</span> <span class='ocrx_word' id='word_1_131' title='bbox 1632 1868 2047 1937; x_wconf 82' lang='lat' dir='ltr'>impugnabant,</span> <span class='ocrx_word' id='word_1_132' title='bbox 2083 1851 2124 1906; x_wconf 79' lang='grc' dir='ltr'>Β</span> 
     </span>
    </p>
   </div>
   <div class='ocr_carea' id='block_1_20' title="bbox 457 1960 2048 2035">
    <p class='ocr_par' dir='ltr' id='par_1_20' title="bbox 457 1960 2048 2035">
     <span class='ocr_line' id='line_1_20' title="bbox 457 1960 2048 2035; baseline -0.004 -16"><span class='ocrx_word' id='word_1_133' title='bbox 457 1966 555 2035; x_wconf 91' lang='lat' dir='ltr'>qui</span> <span class='ocrx_word' id='word_1_134' title='bbox 580 1964 895 2035; x_wconf 88' lang='lat' dir='ltr'>passionem</span> <span class='ocrx_word' id='word_1_135' title='bbox 920 1963 1061 2033; x_wconf 88' lang='lat' dir='ltr'>ejus,</span> <span class='ocrx_word' id='word_1_136' title='bbox 1092 1970 1148 2017; x_wconf 89' lang='lat' dir='ltr'>et</span> <span class='ocrx_word' id='word_1_137' title='bbox 1170 1961 1633 2016; x_wconf 87' lang='lat' dir='ltr'>resurrectionem</span> <span class='ocrx_word' id='word_1_138' title='bbox 1657 1960 2048 2030; x_wconf 80' lang='lat' dir='ltr'>pernegabant,</span> 
     </span>
    </p>
   </div>
   <div class='ocr_carea' id='block_1_21' title="bbox 458 2051 2053 2127">
    <p class='ocr_par' dir='ltr' id='par_1_21' title="bbox 458 2051 2053 2127">
     <span class='ocr_line' id='line_1_21' title="bbox 458 2051 2053 2127; baseline -0.004 -16"><span class='ocrx_word' id='word_1_139' title='bbox 458 2058 723 2127; x_wconf 84' lang='lat' dir='ltr'>aquibus</span> <span class='ocrx_word' id='word_1_140' title='bbox 767 2057 1072 2111; x_wconf 87' lang='lat' dir='ltr'>cavendum</span> <span class='ocrx_word' id='word_1_141' title='bbox 1124 2064 1309 2109; x_wconf 91' lang='lat' dir='ltr'>monet</span> <span class='ocrx_word' id='word_1_142' title='bbox 1350 2052 1615 2123; x_wconf 85' lang='lat' dir='ltr'>lguatius,</span> <span class='ocrx_word' id='word_1_143' title='bbox 1670 2061 1725 2106; x_wconf 89' lang='lat' dir='ltr'>et</span> <span class='ocrx_word' id='word_1_144' title='bbox 1755 2051 2053 2122; x_wconf 85' lang='lat' dir='ltr'>Evangeho</span> 
     </span>
    </p>
   </div>
   <div class='ocr_carea' id='block_1_22' title="bbox 459 2147 2051 2219">
    <p class='ocr_par' dir='ltr' id='par_1_22' title="bbox 459 2147 2051 2219">
     <span class='ocr_line' id='line_1_22' title="bbox 459 2147 2051 2219; baseline -0.004 -15"><span class='ocrx_word' id='word_1_145' title='bbox 459 2149 873 2215; x_wconf 66' lang='lat' dir='ltr'>adhwrendum,</span> <span class='ocrx_word' id='word_1_146' title='bbox 905 2167 924 2201; x_wconf 75' lang='grc' dir='ltr'>ι</span> <span class='ocrx_word' id='word_1_147' title='bbox 962 2148 1017 2203; x_wconf 89' lang='lat' dir='ltr'>in</span> <span class='ocrx_word' id='word_1_148' title='bbox 1049 2164 1161 2219; x_wconf 91' lang='lat' dir='ltr'>quo</span> <span class='ocrx_word' id='word_1_149' title='bbox 1190 2147 1374 2217; x_wconf 86' lang='lat' dir='ltr'>passio</span> <span class='ocrx_word' id='word_1_150' title='bbox 1406 2147 1563 2201; x_wconf 91' lang='lat' dir='ltr'>nobis</span> <span class='ocrx_word' id='word_1_151' title='bbox 1596 2153 1817 2199; x_wconf 86' lang='lat' dir='ltr'>ostensa</span> <span class='ocrx_word' id='word_1_152' title='bbox 1866 2153 1967 2209; x_wconf 89' lang='lat' dir='ltr'>est,</span> <span class='ocrx_word' id='word_1_153' title='bbox 1998 2155 2051 2197; x_wconf 91' lang='lat' dir='ltr'>et</span> 
     </span>
    </p>
   </div>
   <div class='ocr_carea' id='block_1_23' title="bbox 459 2238 2051 2313">
    <p class='ocr_par' dir='ltr' id='par_1_23' title="bbox 459 2238 2051 2313">
     <span class='ocr_line' id='line_1_23' title="bbox 459 2238 2051 2313; baseline -0.003 -16"><span class='ocrx_word' id='word_1_154' title='bbox 459 2244 793 2299; x_wconf 83' lang='lat' dir='ltr'>resurrectio</span> <span class='ocrx_word' id='word_1_155' title='bbox 825 2242 1065 2313; x_wconf 77' lang='lat' dir='ltr'>perfecta</span> <span class='ocrx_word' id='word_1_156' title='bbox 1113 2251 1217 2296; x_wconf 91' lang='lat' dir='ltr'>est.</span> <span class='ocrx_word' id='word_1_157' title='bbox 1251 2260 1270 2292; x_wconf 73' lang='grc' dir='ltr'>ι</span> <span class='ocrx_word' id='word_1_158' title='bbox 1308 2240 1536 2294; x_wconf 86' lang='lat' dir='ltr'>Fatetur</span> <span class='ocrx_word' id='word_1_159' title='bbox 1567 2238 1799 2292; x_wconf 69' lang='lat' dir='ltr'>Dallaaus</span> <span class='ocrx_word' id='word_1_160' title='bbox 1844 2239 2051 2292; x_wconf 86' lang='lat' dir='ltr'>multos</span> 
     </span>
    </p>
   </div>
   <div class='ocr_carea' id='block_1_24' title="bbox 458 2331 2051 2403">
    <p class='ocr_par' dir='ltr' id='par_1_24' title="bbox 458 2331 2051 2403">
     <span class='ocr_line' id='line_1_24' title="bbox 458 2331 2051 2403; baseline -0.003 -16"><span class='ocrx_word' id='word_1_161' title='bbox 458 2336 591 2390; x_wconf 83' lang='lat' dir='ltr'>olim</span> <span class='ocrx_word' id='word_1_162' title='bbox 638 2334 807 2391; x_wconf 82' lang='lat' dir='ltr'>fuisse</span> <span class='ocrx_word' id='word_1_163' title='bbox 852 2335 1176 2398; x_wconf 67' lang='lat' dir='ltr'>haereticos,</span> <span class='ocrx_word' id='word_1_164' title='bbox 1219 2334 1312 2403; x_wconf 91' lang='lat' dir='ltr'>qui</span> <span class='ocrx_word' id='word_1_165' title='bbox 1370 2333 1511 2387; x_wconf 89' lang='lat' dir='ltr'>hanc</span> <span class='ocrx_word' id='word_1_166' title='bbox 1557 2332 1680 2385; x_wconf 84' lang='lat' dir='ltr'>fidei</span> <span class='ocrx_word' id='word_1_167' title='bbox 1724 2331 2051 2385; x_wconf 63' lang='lat' dir='ltr'>Christianae</span> 
     </span>
    </p>
   </div>
   <div class='ocr_carea' id='block_1_25' title="bbox 461 2418 2049 2496">
    <p class='ocr_par' dir='ltr' id='par_1_25' title="bbox 461 2418 2049 2496">
     <span class='ocr_line' id='line_1_25' title="bbox 461 2418 2049 2496; baseline -0.003 -19"><span class='ocrx_word' id='word_1_168' title='bbox 461 2436 667 2494; x_wconf 87' lang='lat' dir='ltr'>partem</span> <span class='ocrx_word' id='word_1_169' title='bbox 700 2434 988 2496; x_wconf 79' lang='lat' dir='ltr'>negarent,</span> <span class='ocrx_word' id='word_1_170' title='bbox 1025 2426 1189 2493; x_wconf 89' lang='lat' dir='ltr'>idque</span> <span class='ocrx_word' id='word_1_171' title='bbox 1227 2439 1349 2478; x_wconf 89' lang='lat' dir='ltr'>esse</span> <span class='ocrx_word' id='word_1_172' title='bbox 1381 2420 1903 2492; x_wconf 91' lang='lat' dir='ltr'>compertissimum.</span> <span class='ocrx_word' id='word_1_173' title='bbox 1944 2418 2049 2474; x_wconf 87' lang='lat' dir='ltr'>Sed</span> 
     </span>
    </p>
   </div>
   <div class='ocr_carea' id='block_1_26' title="bbox 459 2515 2050 2588">
    <p class='ocr_par' dir='ltr' id='par_1_26' title="bbox 459 2515 2050 2588">
     <span class='ocr_line' id='line_1_26' title="bbox 459 2515 2050 2588; baseline -0.001 -16"><span class='ocrx_word' id='word_1_174' title='bbox 459 2520 654 2588; x_wconf 67' lang='lat' dir='ltr'>quaerit</span> <span class='ocrx_word' id='word_1_175' title='bbox 694 2535 927 2573; x_wconf 87' lang='lat' dir='ltr'>rursus:</span> <span class='ocrx_word' id='word_1_176' title='bbox 983 2517 1120 2584; x_wconf 85' lang='lat' dir='ltr'>Quis</span> <span class='ocrx_word' id='word_1_177' title='bbox 1172 2518 1239 2571; x_wconf 91' lang='lat' dir='ltr'>de</span> <span class='ocrx_word' id='word_1_178' title='bbox 1272 2516 1541 2571; x_wconf 67' lang='lat' dir='ltr'>hatreticis</span> <span class='ocrx_word' id='word_1_179' title='bbox 1588 2515 1738 2571; x_wconf 88' lang='lat' dir='ltr'>illius</span> <span class='ocrx_word' id='word_1_180' title='bbox 1788 2516 2050 2584; x_wconf 87' lang='lat' dir='ltr'>temporis</span> 
     </span>
    </p>
   </div>
   <div class='ocr_carea' id='block_1_27' title="bbox 462 2606 2051 2680">
    <p class='ocr_par' dir='ltr' id='par_1_27' title="bbox 462 2606 2051 2680">
     <span class='ocr_line' id='line_1_27' title="bbox 462 2606 2051 2680; baseline -0.003 -15"><span class='ocrx_word' id='word_1_181' title='bbox 462 2610 761 2680; x_wconf 78' lang='lat' dir='ltr'>scripserit,</span> <span class='ocrx_word' id='word_1_182' title='bbox 793 2625 889 2665; x_wconf 91' lang='lat' dir='ltr'>eos</span> <span class='ocrx_word' id='word_1_183' title='bbox 915 2611 985 2664; x_wconf 90' lang='lat' dir='ltr'>ab</span> <span class='ocrx_word' id='word_1_184' title='bbox 1024 2610 1360 2664; x_wconf 89' lang='lat' dir='ltr'>eucharistia</span> <span class='ocrx_word' id='word_1_185' title='bbox 1390 2608 1769 2663; x_wconf 87' lang='lat' dir='ltr'>abstinuisse?</span> <span class='ocrx_word' id='word_1_186' title='bbox 1802 2606 2051 2678; x_wconf 84' lang='lat' dir='ltr'>Respon-</span> 
     </span>
    </p>
   </div>
   <div class='ocr_carea' id='block_1_28' title="bbox 460 2700 2050 2773">
    <p class='ocr_par' dir='ltr' id='par_1_28' title="bbox 460 2700 2050 2773">
     <span class='ocr_line' id='line_1_28' title="bbox 460 2700 2050 2773; baseline -0.003 -13"><span class='ocrx_word' id='word_1_187' title='bbox 460 2706 585 2768; x_wconf 44' lang='lat' dir='ltr'>‘jeo,</span> <span class='ocrx_word' id='word_1_188' title='bbox 614 2720 776 2757; x_wconf 90' lang='lat' dir='ltr'>nemo</span> <span class='ocrx_word' id='word_1_189' title='bbox 797 2712 993 2773; x_wconf 57' lang='lat' dir='ltr'>prater</span> <span class='ocrx_word' id='word_1_190' title='bbox 1022 2701 1291 2772; x_wconf 78' lang='lat' dir='ltr'>lgnatium</span> <span class='ocrx_word' id='word_1_191' title='bbox 1321 2702 1391 2755; x_wconf 90' lang='lat' dir='ltr'>de</span> <span class='ocrx_word' id='word_1_192' title='bbox 1425 2700 1588 2755; x_wconf 89' lang='lat' dir='ltr'>istius</span> <span class='ocrx_word' id='word_1_193' title='bbox 1626 2701 1892 2770; x_wconf 86' lang='lat' dir='ltr'>temporis</span> <span class='ocrx_word' id='word_1_194' title='bbox 1938 2702 2050 2756; x_wconf 66' lang='lat' dir='ltr'>hae-</span> 
     </span>
    </p>
   </div>
   <div class='ocr_carea' id='block_1_29' title="bbox 461 2792 2050 2864">
    <p class='ocr_par' dir='ltr' id='par_1_29' title="bbox 461 2792 2050 2864">
     <span class='ocr_line' id='line_1_29' title="bbox 461 2792 2050 2864; baseline 0.001 -15"><span class='ocrx_word' id='word_1_195' title='bbox 461 2794 648 2850; x_wconf 88' lang='lat' dir='ltr'>reticis</span> <span class='ocrx_word' id='word_1_196' title='bbox 676 2796 781 2849; x_wconf 91' lang='lat' dir='ltr'>hoc</span> <span class='ocrx_word' id='word_1_197' title='bbox 811 2794 1013 2849; x_wconf 80' lang='lat' dir='ltr'>diserte</span> <span class='ocrx_word' id='word_1_198' title='bbox 1040 2793 1348 2847; x_wconf 77' lang='lat' dir='ltr'>afﬁrmavit.</span> <span class='ocrx_word' id='word_1_199' title='bbox 1376 2792 1634 2864; x_wconf 85' lang='lat' dir='ltr'>Ejusdem</span> <span class='ocrx_word' id='word_1_200' title='bbox 1666 2802 1847 2849; x_wconf 87' lang='lat' dir='ltr'>tamen</span> <span class='ocrx_word' id='word_1_201' title='bbox 1874 2796 2050 2851; x_wconf 70' lang='lat' dir='ltr'>relatis</span> 
     </span>
    </p>
   </div>
   <div class='ocr_carea' id='block_1_30' title="bbox 460 2886 2049 2957">
    <p class='ocr_par' dir='ltr' id='par_1_30' title="bbox 460 2886 2049 2957">
     <span class='ocr_line' id='line_1_30' title="bbox 460 2886 2049 2957; baseline 0.001 -16"><span class='ocrx_word' id='word_1_202' title='bbox 460 2897 515 2941; x_wconf 85' lang='lat' dir='ltr'>et</span> <span class='ocrx_word' id='word_1_203' title='bbox 546 2887 674 2941; x_wconf 91' lang='lat' dir='ltr'>anni</span> <span class='ocrx_word' id='word_1_204' title='bbox 707 2887 966 2957; x_wconf 86' lang='lat' dir='ltr'>scriptor,</span> <span class='ocrx_word' id='word_1_205' title='bbox 1006 2887 1065 2942; x_wconf 93' lang='lat' dir='ltr'>S.</span> <span class='ocrx_word' id='word_1_206' title='bbox 1092 2886 1430 2957; x_wconf 80' lang='lat' dir='ltr'>Polyearpus</span> <span class='ocrx_word' id='word_1_207' title='bbox 1454 2925 1469 2949; x_wconf 90' lang='lat'>,</span> <span class='ocrx_word' id='word_1_208' title='bbox 1504 2886 1728 2940; x_wconf 88' lang='lat' dir='ltr'>eosdem</span> <span class='ocrx_word' id='word_1_209' title='bbox 1759 2886 2049 2943; x_wconf 65' lang='lat' dir='ltr'>haereticos</span> 
     </span>
    </p>
   </div>
   <div class='ocr_carea' id='block_1_31' title="bbox 462 2978 2052 3049">
    <p class='ocr_par' dir='ltr' id='par_1_31' title="bbox 462 2978 2052 3049">
     <span class='ocr_line' id='line_1_31' title="bbox 462 2978 2052 3049; baseline 0.001 -16"><span class='ocrx_word' id='word_1_210' title='bbox 462 2981 608 3046; x_wconf 84' lang='lat' dir='ltr'>ferit,</span> <span class='ocrx_word' id='word_1_211' title='bbox 647 2978 1063 3034; x_wconf 84' lang='lat' dir='ltr'>fundamentum</span> <span class='ocrx_word' id='word_1_212' title='bbox 1106 2980 1273 3049; x_wconf 84' lang='lat' dir='ltr'>hujus</span> <span class='ocrx_word' id='word_1_213' title='bbox 1320 2979 1669 3034; x_wconf 73' lang='lat' dir='ltr'>abstinentia:</span> <span class='ocrx_word' id='word_1_214' title='bbox 1699 2980 1906 3035; x_wconf 91' lang='lat' dir='ltr'>indicat</span> <span class='ocrx_word' id='word_1_215' title='bbox 1932 3022 1947 3047; x_wconf 91' lang='lat'>,</span> <span class='ocrx_word' id='word_1_216' title='bbox 1994 2989 2052 3035; x_wconf 89' lang='lat' dir='ltr'>et</span> 
     </span>
    </p>
   </div>
   <div class='ocr_carea' id='block_1_32' title="bbox 461 3071 2048 3143">
    <p class='ocr_par' dir='ltr' id='par_1_32' title="bbox 461 3071 2048 3143">
     <span class='ocr_line' id='line_1_32' title="bbox 461 3071 2048 3143; baseline 0.001 -16"><span class='ocrx_word' id='word_1_217' title='bbox 461 3074 672 3142; x_wconf 86' lang='lat' dir='ltr'>reliqua</span> <span class='ocrx_word' id='word_1_218' title='bbox 705 3090 829 3128; x_wconf 91' lang='lat' dir='ltr'>cum</span> <span class='ocrx_word' id='word_1_219' title='bbox 865 3072 1077 3143; x_wconf 92' lang='lat' dir='ltr'>lgnatio</span> <span class='ocrx_word' id='word_1_220' title='bbox 1121 3073 1466 3143; x_wconf 78' lang='lat' dir='ltr'>perstringit.</span> <span class='ocrx_word' id='word_1_221' title='bbox 1507 3071 1632 3129; x_wconf 68' lang='lat' dir='ltr'>llaec</span> <span class='ocrx_word' id='word_1_222' title='bbox 1675 3074 1821 3128; x_wconf 91' lang='lat' dir='ltr'>enim</span> <span class='ocrx_word' id='word_1_223' title='bbox 1861 3075 1952 3129; x_wconf 88' lang='lat' dir='ltr'>ille</span> <span class='ocrx_word' id='word_1_224' title='bbox 1981 3075 2048 3130; x_wconf 90' lang='lat' dir='ltr'>de</span> 
     </span>
    </p>
   </div>
   <div class='ocr_carea' id='block_1_33' title="bbox 2155 564 3740 642">
    <p class='ocr_par' dir='ltr' id='par_1_33' title="bbox 2155 564 3740 642">
     <span class='ocr_line' id='line_1_33' title="bbox 2155 564 3740 642; baseline -0.008 -14"><span class='ocrx_word' id='word_1_225' title='bbox 2155 580 2313 629; x_wconf 90' lang='lat' dir='ltr'>erant</span> <span class='ocrx_word' id='word_1_226' title='bbox 2359 572 2699 642; x_wconf 90' lang='lat' dir='ltr'>superstites.</span> <span class='ocrx_word' id='word_1_227' title='bbox 2737 570 3250 625; x_wconf 73' lang='lat' dir='ltr'>Valentinianorum</span> <span class='ocrx_word' id='word_1_228' title='bbox 3286 567 3451 635; x_wconf 81' lang='lat' dir='ltr'>igitur</span> <span class='ocrx_word' id='word_1_229' title='bbox 3487 564 3740 619; x_wconf 70' lang='lat' dir='ltr'>harresim</span> 
     </span>
    </p>
   </div>
   <div class='ocr_carea' id='block_1_34' title="bbox 2155 658 3741 731">
    <p class='ocr_par' dir='ltr' id='par_1_34' title="bbox 2155 658 3741 731">
     <span class='ocr_line' id='line_1_34' title="bbox 2155 658 3741 731; baseline -0.005 -11"><span class='ocrx_word' id='word_1_230' title='bbox 2155 666 2394 721; x_wconf 72' lang='lat' dir='ltr'>lrenams</span> <span class='ocrx_word' id='word_1_231' title='bbox 2449 673 2707 719; x_wconf 89' lang='lat' dir='ltr'>accurate</span> <span class='ocrx_word' id='word_1_232' title='bbox 2748 664 3067 718; x_wconf 88' lang='lat' dir='ltr'>describens</span> <span class='ocrx_word' id='word_1_233' title='bbox 3102 675 3445 731; x_wconf 89' lang='lat' dir='ltr'>operoseque</span> <span class='ocrx_word' id='word_1_234' title='bbox 3492 658 3741 712; x_wconf 82' lang='lat' dir='ltr'>refutans</span> 
     </span>
    </p>
   </div>
   <div class='ocr_carea' id='block_1_35' title="bbox 2156 755 3743 827">
    <p class='ocr_par' dir='ltr' id='par_1_35' title="bbox 2156 755 3743 827">
     <span class='ocr_line' id='line_1_35' title="bbox 2156 755 3743 827; baseline -0.006 -15"><span class='ocrx_word' id='word_1_235' title='bbox 2156 759 2456 827; x_wconf 70' lang='lat' dir='ltr'>saepissime</span> <span class='ocrx_word' id='word_1_236' title='bbox 2478 758 2712 811; x_wconf 89' lang='lat' dir='ltr'>lectores</span> <span class='ocrx_word' id='word_1_237' title='bbox 2746 764 2951 819; x_wconf 87' lang='lat' dir='ltr'>monet,</span> <span class='ocrx_word' id='word_1_238' title='bbox 2978 755 3170 810; x_wconf 89' lang='lat' dir='ltr'>iisdem</span> <span class='ocrx_word' id='word_1_239' title='bbox 3220 755 3563 823; x_wconf 81' lang='lat' dir='ltr'>argumentis</span> <span class='ocrx_word' id='word_1_240' title='bbox 3586 759 3743 803; x_wconf 87' lang='lat' dir='ltr'>vetu-</span> 
     </span>
    </p>
   </div>
   <div class='ocr_carea' id='block_1_36' title="bbox 2155 842 3740 911">
    <p class='ocr_par' dir='ltr' id='par_1_36' title="bbox 2155 842 3740 911">
     <span class='ocr_line' id='line_1_36' title="bbox 2155 842 3740 911; baseline -0.006 -9"><span class='ocrx_word' id='word_1_241' title='bbox 2155 850 2353 903; x_wconf 87' lang='lat' dir='ltr'>stiores</span> <span class='ocrx_word' id='word_1_242' title='bbox 2378 848 2666 901; x_wconf 63' lang='lat' dir='ltr'>haereticos</span> <span class='ocrx_word' id='word_1_243' title='bbox 2692 862 2816 901; x_wconf 85' lang='lat' dir='ltr'>esse</span> <span class='ocrx_word' id='word_1_244' title='bbox 2858 846 3148 899; x_wconf 84' lang='lat' dir='ltr'>refutatos.</span> <span class='ocrx_word' id='word_1_245' title='bbox 3178 843 3375 896; x_wconf 81' lang='lat' dir='ltr'>Mirum</span> <span class='ocrx_word' id='word_1_246' title='bbox 3431 842 3597 911; x_wconf 81' lang='lat' dir='ltr'>igitur</span> <span class='ocrx_word' id='word_1_247' title='bbox 3628 854 3740 894; x_wconf 86' lang='lat' dir='ltr'>non</span> 
     </span>
    </p>
   </div>
   <div class='ocr_carea' id='block_1_37' title="bbox 2153 936 3743 1008">
    <p class='ocr_par' dir='ltr' id='par_1_37' title="bbox 2153 936 3743 1008">
     <span class='ocr_line' id='line_1_37' title="bbox 2153 936 3743 1008; baseline -0.005 -13"><span class='ocrx_word' id='word_1_248' title='bbox 2153 949 2258 1007; x_wconf 87' lang='lat' dir='ltr'>est,</span> <span class='ocrx_word' id='word_1_249' title='bbox 2288 940 2336 995; x_wconf 87' lang='lat' dir='ltr'>si</span> <span class='ocrx_word' id='word_1_250' title='bbox 2371 940 2589 994; x_wconf 73' lang='lat' dir='ltr'>Doccta:</span> <span class='ocrx_word' id='word_1_251' title='bbox 2616 939 2787 1008; x_wconf 89' lang='lat' dir='ltr'>aliqui</span> <span class='ocrx_word' id='word_1_252' title='bbox 2813 940 2881 994; x_wconf 90' lang='lat' dir='ltr'>ab</span> <span class='ocrx_word' id='word_1_253' title='bbox 2906 938 3240 994; x_wconf 85' lang='lat' dir='ltr'>eucharistia</span> <span class='ocrx_word' id='word_1_254' title='bbox 3274 936 3612 991; x_wconf 87' lang='lat' dir='ltr'>abstinerent</span> <span class='ocrx_word' id='word_1_255' title='bbox 3639 975 3652 995; x_wconf 92' lang='lat'>,</span> <span class='ocrx_word' id='word_1_256' title='bbox 3688 943 3743 987; x_wconf 87' lang='lat' dir='ltr'>et</span> 
     </span>
    </p>
   </div>
   <div class='ocr_carea' id='block_1_38' title="bbox 2155 1028 3739 1088">
    <p class='ocr_par' dir='ltr' id='par_1_38' title="bbox 2155 1028 3739 1088">
     <span class='ocr_line' id='line_1_38' title="bbox 2155 1028 3739 1088; baseline -0.004 -1"><span class='ocrx_word' id='word_1_257' title='bbox 2155 1044 2339 1087; x_wconf 90' lang='lat' dir='ltr'>tamen</span> <span class='ocrx_word' id='word_1_258' title='bbox 2376 1034 2523 1088; x_wconf 90' lang='lat' dir='ltr'>illius</span> <span class='ocrx_word' id='word_1_259' title='bbox 2547 1033 2625 1088; x_wconf 91' lang='lat' dir='ltr'>rei</span> <span class='ocrx_word' id='word_1_260' title='bbox 2651 1034 2859 1087; x_wconf 91' lang='lat' dir='ltr'>nullam</span> <span class='ocrx_word' id='word_1_261' title='bbox 2900 1033 3138 1087; x_wconf 62' lang='lat' dir='ltr'>lrenmus</span> <span class='ocrx_word' id='word_1_262' title='bbox 3170 1030 3357 1085; x_wconf 84' lang='lat' dir='ltr'>fecerit</span> <span class='ocrx_word' id='word_1_263' title='bbox 3382 1028 3739 1083; x_wconf 88' lang='lat' dir='ltr'>mentionem.</span> 
     </span>
    </p>
   </div>
   <div class='ocr_carea' id='block_1_39' title="bbox 2226 1122 3742 1194">
    <p class='ocr_par' dir='ltr' id='par_1_39' title="bbox 2226 1122 3742 1194">
     <span class='ocr_line' id='line_1_39' title="bbox 2226 1122 3742 1194; baseline -0.002 -16"><span class='ocrx_word' id='word_1_264' title='bbox 2226 1125 2282 1179; x_wconf 89' lang='lat' dir='ltr'>Id</span> <span class='ocrx_word' id='word_1_265' title='bbox 2308 1134 2489 1181; x_wconf 90' lang='lat' dir='ltr'>tamen</span> <span class='ocrx_word' id='word_1_266' title='bbox 2528 1125 2685 1180; x_wconf 89' lang='lat' dir='ltr'>docet</span> <span class='ocrx_word' id='word_1_267' title='bbox 2720 1126 2959 1180; x_wconf 67' lang='lat' dir='ltr'>lrenreus</span> <span class='ocrx_word' id='word_1_268' title='bbox 2982 1141 3093 1194; x_wconf 89' lang='lat' dir='ltr'>quo</span> <span class='ocrx_word' id='word_1_269' title='bbox 3126 1126 3229 1179; x_wconf 92' lang='lat' dir='ltr'>hoc</span> <span class='ocrx_word' id='word_1_270' title='bbox 3260 1124 3437 1193; x_wconf 90' lang='lat' dir='ltr'>ipsum</span> <span class='ocrx_word' id='word_1_271' title='bbox 3463 1122 3612 1191; x_wconf 90' lang='lat' dir='ltr'>quod</span> <span class='ocrx_word' id='word_1_272' title='bbox 3643 1137 3742 1175; x_wconf 87' lang='lat' dir='ltr'>vo-</span> 
     </span>
    </p>
   </div>
   <div class='ocr_carea' id='block_1_40' title="bbox 2154 1216 3738 1287">
    <p class='ocr_par' dir='ltr' id='par_1_40' title="bbox 2154 1216 3738 1287">
     <span class='ocr_line' id='line_1_40' title="bbox 2154 1216 3738 1287; baseline -0.002 -16"><span class='ocrx_word' id='word_1_273' title='bbox 2154 1218 2339 1273; x_wconf 89' lang='lat' dir='ltr'>lumus</span> <span class='ocrx_word' id='word_1_274' title='bbox 2368 1219 2672 1285; x_wconf 86' lang='lat' dir='ltr'>indicatur;</span> <span class='ocrx_word' id='word_1_275' title='bbox 2697 1234 2760 1272; x_wconf 84' lang='lat' dir='ltr'>ex</span> <span class='ocrx_word' id='word_1_276' title='bbox 2790 1218 3070 1271; x_wconf 76' lang='lat' dir='ltr'>Menandri</span> <span class='ocrx_word' id='word_1_277' title='bbox 3115 1218 3303 1272; x_wconf 89' lang='lat' dir='ltr'>schola</span> <span class='ocrx_word' id='word_1_278' title='bbox 3340 1217 3613 1287; x_wconf 90' lang='lat' dir='ltr'>prodiisse</span> <span class='ocrx_word' id='word_1_279' title='bbox 3637 1216 3738 1277; x_wconf 86' lang='lat' dir='ltr'>ait,</span> 
     </span>
    </p>
   </div>
   <div class='ocr_carea' id='block_1_41' title="bbox 2153 1308 3741 1381">
    <p class='ocr_par' dir='ltr' id='par_1_41' title="bbox 2153 1308 3741 1381">
     <span class='ocr_line' id='line_1_41' title="bbox 2153 1308 3741 1381; baseline -0.003 -15"><span class='ocrx_word' id='word_1_280' title='bbox 2153 1313 2247 1381; x_wconf 91' lang='lat' dir='ltr'>qui</span> <span class='ocrx_word' id='word_1_281' title='bbox 2278 1312 2640 1377; x_wconf 82' lang='lat' dir='ltr'>asserebant,</span> <span class='ocrx_word' id='word_1_282' title='bbox 2691 1328 2800 1365; x_wconf 91' lang='lat' dir='ltr'>non</span> <span class='ocrx_word' id='word_1_283' title='bbox 2844 1328 2967 1367; x_wconf 88' lang='lat' dir='ltr'>esse</span> <span class='ocrx_word' id='word_1_284' title='bbox 3009 1310 3343 1366; x_wconf 88' lang='lat' dir='ltr'>credendum</span> <span class='ocrx_word' id='word_1_285' title='bbox 3388 1310 3441 1364; x_wconf 93' lang='lat' dir='ltr'>in</span> <span class='ocrx_word' id='word_1_286' title='bbox 3485 1326 3613 1363; x_wconf 91' lang='lat' dir='ltr'>eum</span> <span class='ocrx_word' id='word_1_287' title='bbox 3646 1308 3741 1378; x_wconf 92' lang='lat' dir='ltr'>qui</span> 
     </span>
    </p>
   </div>
   <div class='ocr_carea' id='block_1_42' title="bbox 2154 1400 3739 1473">
    <p class='ocr_par' dir='ltr' id='par_1_42' title="bbox 2154 1400 3739 1473">
     <span class='ocr_line' id='line_1_42' title="bbox 2154 1400 3739 1473; baseline -0.003 -14"><span class='ocrx_word' id='word_1_288' title='bbox 2154 1404 2451 1459; x_wconf 80' lang='lat' dir='ltr'>cruciﬁxus</span> <span class='ocrx_word' id='word_1_289' title='bbox 2480 1414 2565 1460; x_wconf 85' lang='lat' dir='ltr'>est</span> <span class='ocrx_word' id='word_1_290' title='bbox 2596 1425 2608 1459; x_wconf 90' lang='lat'>:</span> <span class='ocrx_word' id='word_1_291' title='bbox 2635 1421 2869 1473; x_wconf 89' lang='lat' dir='ltr'>quorum</span> <span class='ocrx_word' id='word_1_292' title='bbox 2902 1405 3007 1459; x_wconf 90' lang='lat' dir='ltr'>hoc</span> <span class='ocrx_word' id='word_1_293' title='bbox 3029 1404 3250 1458; x_wconf 76' lang='lat' dir='ltr'>etfatum</span> <span class='ocrx_word' id='word_1_294' title='bbox 3276 1412 3431 1459; x_wconf 91' lang='lat' dir='ltr'>erat:</span> <span class='ocrx_word' id='word_1_295' title='bbox 3468 1421 3486 1453; x_wconf 84' lang='grc'><strong><em>‹</em></strong></span> <span class='ocrx_word' id='word_1_296' title='bbox 3526 1400 3583 1455; x_wconf 91' lang='lat' dir='ltr'>Si</span> <span class='ocrx_word' id='word_1_297' title='bbox 3614 1402 3739 1471; x_wconf 91' lang='lat' dir='ltr'>quis</span> 
     </span>
    </p>
   </div>
   <div class='ocr_carea' id='block_1_43' title="bbox 2154 1493 3735 1561">
    <p class='ocr_par' dir='ltr' id='par_1_43' title="bbox 2154 1493 3735 1561">
     <span class='ocr_line' id='line_1_43' title="bbox 2154 1493 3735 1561; baseline -0.001 -11"><span class='ocrx_word' id='word_1_298' title='bbox 2154 1497 2448 1551; x_wconf 91' lang='lat' dir='ltr'>conﬁtetur</span> <span class='ocrx_word' id='word_1_299' title='bbox 2472 1498 2823 1561; x_wconf 72' lang='lat' dir='ltr'>cruciﬁxum,</span> <span class='ocrx_word' id='word_1_300' title='bbox 2852 1496 3033 1551; x_wconf 92' lang='lat' dir='ltr'>adhuc</span> <span class='ocrx_word' id='word_1_301' title='bbox 3062 1496 3151 1549; x_wconf 87' lang='lat' dir='ltr'>hic</span> <span class='ocrx_word' id='word_1_302' title='bbox 3177 1510 3369 1551; x_wconf 89' lang='lat' dir='ltr'>servus</span> <span class='ocrx_word' id='word_1_303' title='bbox 3411 1506 3513 1549; x_wconf 89' lang='lat' dir='ltr'>est.</span> <span class='ocrx_word' id='word_1_304' title='bbox 3542 1515 3559 1546; x_wconf 76' lang='grc' dir='ltr'>ι</span> <span class='ocrx_word' id='word_1_305' title='bbox 3586 1493 3735 1559; x_wconf 91' lang='lat' dir='ltr'>Quo-</span> 
     </span>
    </p>
   </div>
   <div class='ocr_carea' id='block_1_44' title="bbox 2156 1589 3737 1659">
    <p class='ocr_par' dir='ltr' id='par_1_44' title="bbox 2156 1589 3737 1659">
     <span class='ocr_line' id='line_1_44' title="bbox 2156 1589 3737 1659; baseline -0.001 -16"><span class='ocrx_word' id='word_1_306' title='bbox 2156 1591 2321 1644; x_wconf 87' lang='lat' dir='ltr'>modo</span> <span class='ocrx_word' id='word_1_307' title='bbox 2350 1590 2516 1659; x_wconf 87' lang='lat' dir='ltr'>igitur</span> <span class='ocrx_word' id='word_1_308' title='bbox 2551 1589 2647 1655; x_wconf 89' lang='lat' dir='ltr'>illi,</span> <span class='ocrx_word' id='word_1_309' title='bbox 2675 1590 2770 1659; x_wconf 92' lang='lat' dir='ltr'>qui</span> <span class='ocrx_word' id='word_1_310' title='bbox 2811 1589 3092 1644; x_wconf 86' lang='lat' dir='ltr'>Christum</span> <span class='ocrx_word' id='word_1_311' title='bbox 3128 1598 3405 1641; x_wconf 86' lang='lat' dir='ltr'>mortuum</span> <span class='ocrx_word' id='word_1_312' title='bbox 3434 1603 3542 1641; x_wconf 91' lang='lat' dir='ltr'>non</span> <span class='ocrx_word' id='word_1_313' title='bbox 3574 1596 3737 1657; x_wconf 90' lang='lat' dir='ltr'>puta-</span> 
     </span>
    </p>
   </div>
   <div class='ocr_carea' id='block_1_45' title="bbox 2158 1678 3737 1752">
    <p class='ocr_par' dir='ltr' id='par_1_45' title="bbox 2158 1678 3737 1752">
     <span class='ocr_line' id='line_1_45' title="bbox 2158 1678 3737 1752; baseline -0.001 -19"><span class='ocrx_word' id='word_1_314' title='bbox 2158 1680 2314 1748; x_wconf 89' lang='lat' dir='ltr'>bant,</span> <span class='ocrx_word' id='word_1_315' title='bbox 2346 1682 2441 1752; x_wconf 92' lang='lat' dir='ltr'>qui</span> <span class='ocrx_word' id='word_1_316' title='bbox 2465 1682 2627 1736; x_wconf 88' lang='lat' dir='ltr'>ﬁdem</span> <span class='ocrx_word' id='word_1_317' title='bbox 2662 1682 2717 1735; x_wconf 90' lang='lat' dir='ltr'>in</span> <span class='ocrx_word' id='word_1_318' title='bbox 2741 1697 2866 1735; x_wconf 91' lang='lat' dir='ltr'>cum</span> <span class='ocrx_word' id='word_1_319' title='bbox 2900 1682 2995 1751; x_wconf 85' lang='lat' dir='ltr'>qui</span> <span class='ocrx_word' id='word_1_320' title='bbox 3028 1681 3325 1735; x_wconf 82' lang='lat' dir='ltr'>cruciﬁxus</span> <span class='ocrx_word' id='word_1_321' title='bbox 3359 1688 3445 1734; x_wconf 89' lang='lat' dir='ltr'>est</span> <span class='ocrx_word' id='word_1_322' title='bbox 3477 1678 3737 1747; x_wconf 89' lang='lat' dir='ltr'>repudia-</span> 
     </span>
    </p>
   </div>
   <div class='ocr_carea' id='block_1_46' title="bbox 2158 1771 3737 1842">
    <p class='ocr_par' dir='ltr' id='par_1_46' title="bbox 2158 1771 3737 1842">
     <span class='ocr_line' id='line_1_46' title="bbox 2158 1771 3737 1842; baseline -0.002 -14"><span class='ocrx_word' id='word_1_323' title='bbox 2158 1775 2323 1840; x_wconf 86' lang='lat' dir='ltr'>bant,</span> <span class='ocrx_word' id='word_1_324' title='bbox 2354 1775 2420 1829; x_wconf 90' lang='lat' dir='ltr'>ad</span> <span class='ocrx_word' id='word_1_325' title='bbox 2452 1774 2844 1829; x_wconf 89' lang='lat' dir='ltr'>eucharistiam</span> <span class='ocrx_word' id='word_1_326' title='bbox 2869 1775 3250 1829; x_wconf 77' lang='lat' dir='ltr'>&#39;convenirent</span> <span class='ocrx_word' id='word_1_327' title='bbox 3274 1814 3289 1839; x_wconf 93' lang='lat'>,</span> <span class='ocrx_word' id='word_1_328' title='bbox 3320 1788 3443 1842; x_wconf 70' lang='lat' dir='ltr'>quae</span> <span class='ocrx_word' id='word_1_329' title='bbox 3488 1771 3737 1825; x_wconf 84' lang='lat' dir='ltr'>instituta</span> 
     </span>
    </p>
   </div>
   <div class='ocr_carea' id='block_1_47' title="bbox 2153 1863 3741 1936">
    <p class='ocr_par' dir='ltr' id='par_1_47' title="bbox 2153 1863 3741 1936">
     <span class='ocr_line' id='line_1_47' title="bbox 2153 1863 3741 1936; baseline -0.003 -14"><span class='ocrx_word' id='word_1_330' title='bbox 2153 1876 2237 1922; x_wconf 91' lang='lat' dir='ltr'>est</span> <span class='ocrx_word' id='word_1_331' title='bbox 2268 1866 2335 1920; x_wconf 89' lang='lat' dir='ltr'>ad</span> <span class='ocrx_word' id='word_1_332' title='bbox 2365 1866 2560 1920; x_wconf 91' lang='lat' dir='ltr'>mortis</span> <span class='ocrx_word' id='word_1_333' title='bbox 2594 1866 2799 1921; x_wconf 88' lang='lat' dir='ltr'>Christi</span> <span class='ocrx_word' id='word_1_334' title='bbox 2833 1864 3452 1921; x_wconf 87' lang='lat' dir='ltr'>commemorationem?</span> <span class='ocrx_word' id='word_1_335' title='bbox 3478 1863 3741 1936; x_wconf 81' lang='grc' dir='ltr'>Περιττὸς</span> 
     </span>
    </p>
   </div>
   <div class='ocr_carea' id='block_1_48' title="bbox 2154 1958 3740 2031">
    <p class='ocr_par' dir='ltr' id='par_1_48' title="bbox 2154 1958 3740 2031">
     <span class='ocr_line' id='line_1_48' title="bbox 2154 1958 3740 2031; baseline -0.001 -19"><span class='ocrx_word' id='word_1_336' title='bbox 2154 1960 2263 2031; x_wconf 78' lang='grc' dir='ltr'>γὰρ</span> <span class='ocrx_word' id='word_1_337' title='bbox 2288 1962 2317 2013; x_wconf 85' lang='grc' dir='ltr'>ὁ</span> <span class='ocrx_word' id='word_1_338' title='bbox 2348 1959 2516 2022; x_wconf 77' lang='grc' dir='ltr'>τύπος</span> <span class='ocrx_word' id='word_1_339' title='bbox 2544 1959 2893 2031; x_wconf 80' lang='grc' dir='ltr'>ἀνῃρημένης</span> <span class='ocrx_word' id='word_1_340' title='bbox 2920 1959 3017 2028; x_wconf 82' lang='grc' dir='ltr'>τῆς</span> <span class='ocrx_word' id='word_1_341' title='bbox 3050 1958 3324 2029; x_wconf 78' lang='grc' dir='ltr'>ἀληθείας,</span> <span class='ocrx_word' id='word_1_342' title='bbox 3360 1978 3378 2009; x_wconf 87' lang='grc'><strong><em>‹</em></strong></span> <span class='ocrx_word' id='word_1_343' title='bbox 3410 1972 3740 2027; x_wconf 87' lang='lat' dir='ltr'>supervaca-</span> 
     </span>
    </p>
   </div>
   <div class='ocr_carea' id='block_1_49' title="bbox 2155 2052 3741 2124">
    <p class='ocr_par' dir='ltr' id='par_1_49' title="bbox 2155 2052 3741 2124">
     <span class='ocr_line' id='line_1_49' title="bbox 2155 2052 3741 2124; baseline 0 -17"><span class='ocrx_word' id='word_1_344' title='bbox 2155 2068 2292 2108; x_wconf 91' lang='lat' dir='ltr'>neus</span> <span class='ocrx_word' id='word_1_345' title='bbox 2323 2052 2470 2107; x_wconf 92' lang='lat' dir='ltr'>enim</span> <span class='ocrx_word' id='word_1_346' title='bbox 2520 2060 2603 2107; x_wconf 92' lang='lat' dir='ltr'>est</span> <span class='ocrx_word' id='word_1_347' title='bbox 2644 2062 2805 2123; x_wconf 83' lang='lat' dir='ltr'>typus</span> <span class='ocrx_word' id='word_1_348' title='bbox 2847 2054 3027 2108; x_wconf 91' lang='lat' dir='ltr'>ablata</span> <span class='ocrx_word' id='word_1_349' title='bbox 3056 2054 3320 2118; x_wconf 83' lang='lat' dir='ltr'>veritate,</span> <span class='ocrx_word' id='word_1_350' title='bbox 3354 2072 3372 2105; x_wconf 73' lang='grc' dir='ltr'>ι</span> <span class='ocrx_word' id='word_1_351' title='bbox 3410 2064 3470 2108; x_wconf 91' lang='lat' dir='ltr'>ut</span> <span class='ocrx_word' id='word_1_352' title='bbox 3498 2054 3741 2124; x_wconf 78' lang='lat' dir='ltr'>loquitur</span> 
     </span>
    </p>
   </div>
   <div class='ocr_carea' id='block_1_50' title="bbox 2153 2143 3741 2214">
    <p class='ocr_par' dir='ltr' id='par_1_50' title="bbox 2153 2143 3741 2214">
     <span class='ocr_line' id='line_1_50' title="bbox 2153 2143 3741 2214; baseline 0.003 -18"><span class='ocrx_word' id='word_1_353' title='bbox 2153 2143 2216 2198; x_wconf 90' lang='lat' dir='ltr'>B.</span> <span class='ocrx_word' id='word_1_354' title='bbox 2238 2144 2634 2199; x_wconf 76' lang='lat' dir='ltr'>Theodoretus.</span> <span class='ocrx_word' id='word_1_355' title='bbox 2670 2143 2745 2199; x_wconf 90' lang='lat' dir='ltr'>De</span> <span class='ocrx_word' id='word_1_356' title='bbox 2769 2143 3107 2200; x_wconf 90' lang='lat' dir='ltr'>Simonianis</span> <span class='ocrx_word' id='word_1_357' title='bbox 3136 2161 3258 2214; x_wconf 63' lang='lat' dir='ltr'>qua:</span> <span class='ocrx_word' id='word_1_358' title='bbox 3288 2145 3450 2200; x_wconf 87' lang='lat' dir='ltr'>habet</span> <span class='ocrx_word' id='word_1_359' title='bbox 3475 2146 3741 2200; x_wconf 86' lang='lat' dir='ltr'>adversus</span> 
     </span>
    </p>
   </div>
   <div class='ocr_carea' id='block_1_51' title="bbox 2153 2235 3741 2307">
    <p class='ocr_par' dir='ltr' id='par_1_51' title="bbox 2153 2235 3741 2307">
     <span class='ocr_line' id='line_1_51' title="bbox 2153 2235 3741 2307; baseline 0.003 -19"><span class='ocrx_word' id='word_1_360' title='bbox 2153 2236 2545 2292; x_wconf 80' lang='lat' dir='ltr'>Bellarminum</span> <span class='ocrx_word' id='word_1_361' title='bbox 2577 2237 2715 2291; x_wconf 89' lang='lat' dir='ltr'>nihil</span> <span class='ocrx_word' id='word_1_362' title='bbox 2754 2238 2955 2291; x_wconf 86' lang='lat' dir='ltr'>valent.</span> <span class='ocrx_word' id='word_1_363' title='bbox 2992 2235 3375 2307; x_wconf 80' lang='lat' dir='ltr'>lntelliguntur</span> <span class='ocrx_word' id='word_1_364' title='bbox 3407 2253 3475 2292; x_wconf 91' lang='lat' dir='ltr'>eo</span> <span class='ocrx_word' id='word_1_365' title='bbox 3517 2238 3741 2293; x_wconf 85' lang='lat' dir='ltr'>nomine</span> 
     </span>
    </p>
   </div>
   <div class='ocr_carea' id='block_1_52' title="bbox 2154 2329 3741 2400">
    <p class='ocr_par' dir='ltr' id='par_1_52' title="bbox 2154 2329 3741 2400">
     <span class='ocr_line' id='line_1_52' title="bbox 2154 2329 3741 2400; baseline 0.001 -18"><span class='ocrx_word' id='word_1_366' title='bbox 2154 2345 2263 2383; x_wconf 92' lang='lat' dir='ltr'>non</span> <span class='ocrx_word' id='word_1_367' title='bbox 2295 2340 2505 2385; x_wconf 90' lang='lat' dir='ltr'>tantum</span> <span class='ocrx_word' id='word_1_368' title='bbox 2536 2332 2593 2397; x_wconf 89' lang='lat' dir='ltr'>ii,</span> <span class='ocrx_word' id='word_1_369' title='bbox 2626 2332 2720 2400; x_wconf 90' lang='lat' dir='ltr'>qui</span> <span class='ocrx_word' id='word_1_370' title='bbox 2746 2329 3022 2385; x_wconf 91' lang='lat' dir='ltr'>Simonem</span> <span class='ocrx_word' id='word_1_371' title='bbox 3060 2330 3333 2394; x_wconf 87' lang='lat' dir='ltr'>colebant,</span> <span class='ocrx_word' id='word_1_372' title='bbox 3361 2331 3456 2386; x_wconf 91' lang='lat' dir='ltr'>sed</span> <span class='ocrx_word' id='word_1_373' title='bbox 3486 2339 3539 2385; x_wconf 92' lang='lat' dir='ltr'>ct</span> <span class='ocrx_word' id='word_1_374' title='bbox 3570 2332 3741 2387; x_wconf 84' lang='lat' dir='ltr'>disci-</span> 
     </span>
    </p>
   </div>
   <div class='ocr_carea' id='block_1_53' title="bbox 2152 2421 3742 2494">
    <p class='ocr_par' dir='ltr' id='par_1_53' title="bbox 2152 2421 3742 2494">
     <span class='ocr_line' id='line_1_53' title="bbox 2152 2421 3742 2494; baseline 0.002 -18"><span class='ocrx_word' id='word_1_375' title='bbox 2152 2424 2286 2493; x_wconf 88' lang='lat' dir='ltr'>puli,</span> <span class='ocrx_word' id='word_1_376' title='bbox 2325 2424 2419 2494; x_wconf 91' lang='lat' dir='ltr'>qui</span> <span class='ocrx_word' id='word_1_377' title='bbox 2449 2440 2516 2478; x_wconf 80' lang='lat' dir='ltr'>ex</span> <span class='ocrx_word' id='word_1_378' title='bbox 2546 2424 2667 2493; x_wconf 89' lang='lat' dir='ltr'>ejus</span> <span class='ocrx_word' id='word_1_379' title='bbox 2691 2422 2879 2477; x_wconf 85' lang='lat' dir='ltr'>schola</span> <span class='ocrx_word' id='word_1_380' title='bbox 2909 2421 3244 2491; x_wconf 89' lang='lat' dir='ltr'>prodeuntes</span> <span class='ocrx_word' id='word_1_381' title='bbox 3285 2423 3355 2477; x_wconf 89' lang='lat' dir='ltr'>ab</span> <span class='ocrx_word' id='word_1_382' title='bbox 3384 2438 3450 2477; x_wconf 90' lang='lat' dir='ltr'>eo</span> <span class='ocrx_word' id='word_1_383' title='bbox 3478 2435 3742 2493; x_wconf 89' lang='lat' dir='ltr'>ceperunt</span> 
     </span>
    </p>
   </div>
   <div class='ocr_carea' id='block_1_54' title="bbox 2153 2514 3740 2583">
    <p class='ocr_par' dir='ltr' id='par_1_54' title="bbox 2153 2514 3740 2583">
     <span class='ocr_line' id='line_1_54' title="bbox 2153 2514 3740 2583; baseline 0 -12"><span class='ocrx_word' id='word_1_384' title='bbox 2153 2518 2330 2579; x_wconf 89' lang='lat' dir='ltr'>initia,</span> <span class='ocrx_word' id='word_1_385' title='bbox 2359 2526 2413 2570; x_wconf 88' lang='lat' dir='ltr'>et</span> <span class='ocrx_word' id='word_1_386' title='bbox 2440 2517 2589 2571; x_wconf 87' lang='lat' dir='ltr'>illius</span> <span class='ocrx_word' id='word_1_387' title='bbox 2618 2514 2945 2569; x_wconf 87' lang='lat' dir='ltr'>sententiam</span> <span class='ocrx_word' id='word_1_388' title='bbox 2978 2514 3129 2568; x_wconf 89' lang='lat' dir='ltr'>varie</span> <span class='ocrx_word' id='word_1_389' title='bbox 3156 2514 3647 2583; x_wconf 83' lang='lat' dir='ltr'>transformabant,</span> <span class='ocrx_word' id='word_1_390' title='bbox 3686 2526 3740 2573; x_wconf 91' lang='lat' dir='ltr'>et</span> 
     </span>
    </p>
   </div>
   <div class='ocr_carea' id='block_1_55' title="bbox 2153 2604 3743 2679">
    <p class='ocr_par' dir='ltr' id='par_1_55' title="bbox 2153 2604 3743 2679">
     <span class='ocr_line' id='line_1_55' title="bbox 2153 2604 3743 2679; baseline 0 -16"><span class='ocrx_word' id='word_1_391' title='bbox 2153 2616 2277 2679; x_wconf 91' lang='lat' dir='ltr'>post</span> <span class='ocrx_word' id='word_1_392' title='bbox 2309 2608 2429 2677; x_wconf 89' lang='lat' dir='ltr'>ejus</span> <span class='ocrx_word' id='word_1_393' title='bbox 2463 2606 2747 2661; x_wconf 91' lang='lat' dir='ltr'>interitum</span> <span class='ocrx_word' id='word_1_394' title='bbox 2788 2604 2893 2660; x_wconf 85' lang='lat' dir='ltr'>sub</span> <span class='ocrx_word' id='word_1_395' title='bbox 2928 2605 3076 2658; x_wconf 87' lang='lat' dir='ltr'>illius</span> <span class='ocrx_word' id='word_1_396' title='bbox 3110 2607 3331 2661; x_wconf 91' lang='lat' dir='ltr'>nomine</span> <span class='ocrx_word' id='word_1_397' title='bbox 3354 2608 3743 2675; x_wconf 87' lang='lat' dir='ltr'>pestilentissi-</span> 
     </span>
    </p>
   </div>
   <div class='ocr_carea' id='block_1_56' title="bbox 2153 2697 3734 2770">
    <p class='ocr_par' dir='ltr' id='par_1_56' title="bbox 2153 2697 3734 2770">
     <span class='ocr_line' id='line_1_56' title="bbox 2153 2697 3734 2770; baseline 0.001 -16"><span class='ocrx_word' id='word_1_398' title='bbox 2153 2715 2304 2755; x_wconf 86' lang='lat' dir='ltr'>mum</span> <span class='ocrx_word' id='word_1_399' title='bbox 2338 2700 2536 2769; x_wconf 85' lang='lat' dir='ltr'>dogma</span> <span class='ocrx_word' id='word_1_400' title='bbox 2561 2700 2924 2754; x_wconf 89' lang='lat' dir='ltr'>tradiderunt.</span> <span class='ocrx_word' id='word_1_401' title='bbox 2949 2697 3213 2764; x_wconf 76' lang='lat' dir='ltr'>Quamvis</span> <span class='ocrx_word' id='word_1_402' title='bbox 3243 2710 3299 2753; x_wconf 89' lang='lat' dir='ltr'>et</span> <span class='ocrx_word' id='word_1_403' title='bbox 3324 2700 3402 2753; x_wconf 92' lang='lat' dir='ltr'>illi</span> <span class='ocrx_word' id='word_1_404' title='bbox 3425 2701 3519 2770; x_wconf 89' lang='lat' dir='ltr'>qui</span> <span class='ocrx_word' id='word_1_405' title='bbox 3555 2699 3734 2755; x_wconf 83' lang='lat' dir='ltr'>Simo-</span> 
     </span>
    </p>
   </div>
   <div class='ocr_carea' id='block_1_57' title="bbox 2152 2790 3741 2862">
    <p class='ocr_par' dir='ltr' id='par_1_57' title="bbox 2152 2790 3741 2862">
     <span class='ocr_line' id='line_1_57' title="bbox 2152 2790 3741 2862; baseline 0.003 -17"><span class='ocrx_word' id='word_1_406' title='bbox 2152 2807 2276 2847; x_wconf 90' lang='lat' dir='ltr'>nem</span> <span class='ocrx_word' id='word_1_407' title='bbox 2310 2791 2564 2846; x_wconf 90' lang='lat' dir='ltr'>colebant</span> <span class='ocrx_word' id='word_1_408' title='bbox 2601 2792 2693 2846; x_wconf 90' lang='lat' dir='ltr'>diu</span> <span class='ocrx_word' id='word_1_409' title='bbox 2732 2801 2855 2861; x_wconf 91' lang='lat' dir='ltr'>post</span> <span class='ocrx_word' id='word_1_410' title='bbox 2904 2790 3024 2860; x_wconf 90' lang='lat' dir='ltr'>ejus</span> <span class='ocrx_word' id='word_1_411' title='bbox 3067 2801 3301 2845; x_wconf 87' lang='lat' dir='ltr'>mortem</span> <span class='ocrx_word' id='word_1_412' title='bbox 3344 2794 3741 2862; x_wconf 86' lang='lat' dir='ltr'>perdurahant.</span> 
     </span>
    </p>
   </div>
   <div class='ocr_carea' id='block_1_58' title="bbox 2153 2880 3742 2957">
    <p class='ocr_par' dir='ltr' id='par_1_58' title="bbox 2153 2880 3742 2957">
     <span class='ocr_line' id='line_1_58' title="bbox 2153 2880 3742 2957; baseline 0.005 -23"><span class='ocrx_word' id='word_1_413' title='bbox 2153 2880 2230 2936; x_wconf 90' lang='lat' dir='ltr'>De</span> <span class='ocrx_word' id='word_1_414' title='bbox 2281 2894 2439 2939; x_wconf 66' lang='lat' dir='ltr'>aetate</span> <span class='ocrx_word' id='word_1_415' title='bbox 2487 2900 2585 2939; x_wconf 91' lang='lat' dir='ltr'>sua</span> <span class='ocrx_word' id='word_1_416' title='bbox 2639 2883 2890 2940; x_wconf 88' lang='lat' dir='ltr'>Justinus</span> <span class='ocrx_word' id='word_1_417' title='bbox 2939 2896 3145 2957; x_wconf 89' lang='lat' dir='ltr'>martyr</span> <span class='ocrx_word' id='word_1_418' title='bbox 3201 2887 3451 2955; x_wconf 87' lang='lat' dir='ltr'>apologia</span> <span class='ocrx_word' id='word_1_419' title='bbox 3501 2887 3570 2940; x_wconf 72' lang='lat'>2:</span> <span class='ocrx_word' id='word_1_420' title='bbox 3631 2888 3742 2942; x_wconf 72' lang='grc' dir='ltr'>Καὶ</span> 
     </span>
    </p>
   </div>
   <div class='ocr_carea' id='block_1_59' title="bbox 2153 2974 3741 3050">
    <p class='ocr_par' dir='ltr' id='par_1_59' title="bbox 2153 2974 3741 3050">
     <span class='ocr_line' id='line_1_59' title="bbox 2153 2974 3741 3050; baseline 0.003 -23"><span class='ocrx_word' id='word_1_421' title='bbox 2153 2974 2337 3045; x_wconf 83' lang='grc' dir='ltr'>σχεδὸν</span> <span class='ocrx_word' id='word_1_422' title='bbox 2368 2978 2569 3041; x_wconf 78' lang='grc' dir='ltr'>πάντες</span> <span class='ocrx_word' id='word_1_423' title='bbox 2602 2978 2700 3048; x_wconf 80' lang='grc' dir='ltr'>μὲν</span> <span class='ocrx_word' id='word_1_424' title='bbox 2726 2980 3023 3050; x_wconf 80' lang='grc' dir='ltr'>Σαμαρεῖς,</span> <span class='ocrx_word' id='word_1_425' title='bbox 3058 2979 3227 3047; x_wconf 78' lang='grc' dir='ltr'>ὀλίγοι</span> <span class='ocrx_word' id='word_1_426' title='bbox 3260 2980 3316 3031; x_wconf 77' lang='grc' dir='ltr'>δὲ</span> <span class='ocrx_word' id='word_1_427' title='bbox 3351 2979 3445 3032; x_wconf 70' lang='grc' dir='ltr'>καὶ</span> <span class='ocrx_word' id='word_1_428' title='bbox 3477 2981 3533 3033; x_wconf 83' lang='grc' dir='ltr'>ἐν</span> <span class='ocrx_word' id='word_1_429' title='bbox 3559 2979 3741 3045; x_wconf 78' lang='grc' dir='ltr'>ἄλλοις</span> 
     </span>
    </p>
   </div>
   <div class='ocr_carea' id='block_1_60' title="bbox 2150 3066 3741 3144">
    <p class='ocr_par' dir='ltr' id='par_1_60' title="bbox 2150 3066 3741 3144">
     <span class='ocr_line' id='line_1_60' title="bbox 2150 3066 3741 3144; baseline 0.003 -24"><span class='ocrx_word' id='word_1_430' title='bbox 2150 3066 2361 3122; x_wconf 77' lang='grc' dir='ltr'>ἔθνεσιν</span> <span class='ocrx_word' id='word_1_431' title='bbox 2410 3071 2485 3134; x_wconf 81' lang='grc' dir='ltr'>ὡς</span> <span class='ocrx_word' id='word_1_432' title='bbox 2535 3068 2625 3123; x_wconf 77' lang='grc' dir='ltr'>τὸν</span> <span class='ocrx_word' id='word_1_433' title='bbox 2665 3070 2881 3142; x_wconf 84' lang='grc' dir='ltr'>πρῶτον</span> <span class='ocrx_word' id='word_1_434' title='bbox 2921 3072 3051 3125; x_wconf 78' lang='grc' dir='ltr'>Θεὸν</span> <span class='ocrx_word' id='word_1_435' title='bbox 3104 3073 3311 3125; x_wconf 83' lang='grc' dir='ltr'>ἐκεῖνον</span> <span class='ocrx_word' id='word_1_436' title='bbox 3353 3071 3741 3144; x_wconf 83' lang='grc' dir='ltr'>ὁμολογοῦντες</span> 
     </span>
    </p>
   </div>
   <div class='ocr_carea' id='block_1_61' title="bbox 461 3163 2049 3252">
    <p class='ocr_par' dir='ltr' id='par_1_61' title="bbox 461 3164 2049 3238">
     <span class='ocr_line' id='line_1_61' title="bbox 461 3164 2049 3238; baseline 0.002 -21"><span class='ocrx_word' id='word_1_437' title='bbox 461 3164 715 3221; x_wconf 87' lang='lat' dir='ltr'>Docetis:</span> <span class='ocrx_word' id='word_1_438' title='bbox 765 3166 881 3229; x_wconf 80' lang='lat' dir='ltr'>na;</span> <span class='ocrx_word' id='word_1_439' title='bbox 913 3164 1023 3236; x_wconf 81' lang='grc' dir='ltr'>γὰρ</span> <span class='ocrx_word' id='word_1_440' title='bbox 1052 3165 1111 3228; x_wconf 81' lang='grc' dir='ltr'>ὃς</span> <span class='ocrx_word' id='word_1_441' title='bbox 1160 3164 1226 3218; x_wconf 86' lang='grc' dir='ltr'>ἂν</span> <span class='ocrx_word' id='word_1_442' title='bbox 1263 3164 1336 3235; x_wconf 85' lang='grc' dir='ltr'>μὴ</span> <span class='ocrx_word' id='word_1_443' title='bbox 1384 3164 1619 3236; x_wconf 80' lang='grc' dir='ltr'>ὁμολογῇ</span> <span class='ocrx_word' id='word_1_444' title='bbox 1671 3166 1877 3236; x_wconf 90' lang='grc' dir='ltr'>Ἰησοῦν</span> <span class='ocrx_word' id='word_1_445' title='bbox 1915 3168 2049 3238; x_wconf 81' lang='grc' dir='ltr'>Χρι⁶</span> 
     </span>
    </p>
   </div>
   <div class='ocr_carea' id='block_1_62' title="bbox 2151 3163 3742 3252">
    <p class='ocr_par' dir='ltr' id='par_1_62' title="bbox 2154 3163 3742 3236">
     <span class='ocr_line' id='line_1_62' title="bbox 2154 3163 3742 3236; baseline 0.004 -23"><span class='ocrx_word' id='word_1_446' title='bbox 2154 3163 2362 3215; x_wconf 80' lang='grc' dir='ltr'>ἐκεῖνον</span> <span class='ocrx_word' id='word_1_447' title='bbox 2416 3164 2511 3216; x_wconf 71' lang='grc' dir='ltr'>καὶ</span> <span class='ocrx_word' id='word_1_448' title='bbox 2554 3163 2943 3235; x_wconf 79' lang='grc' dir='ltr'>προσκυνοῦσι.</span> <span class='ocrx_word' id='word_1_449' title='bbox 2985 3183 3003 3215; x_wconf 77' lang='grc' dir='ltr'>ι</span> <span class='ocrx_word' id='word_1_450' title='bbox 3040 3164 3118 3219; x_wconf 80' lang='lat' dir='ltr'>Ac</span> <span class='ocrx_word' id='word_1_451' title='bbox 3180 3164 3512 3220; x_wconf 88' lang='lat' dir='ltr'>Samaritani</span> <span class='ocrx_word' id='word_1_452' title='bbox 3572 3180 3742 3236; x_wconf 86' lang='lat' dir='ltr'>prope</span> 
     </span>
    </p>
   </div>
   <div class='ocr_carea' id='block_1_63' title="bbox 461 3255 2050 3325">
    <p class='ocr_par' dir='ltr' id='par_1_63' title="bbox 461 3255 2050 3325">
     <span class='ocr_line' id='line_1_63' title="bbox 461 3255 2050 3325; baseline -0.001 -15"><span class='ocrx_word' id='word_1_453' title='bbox 461 3256 584 3310; x_wconf 83' lang='grc' dir='ltr'>στὸν</span> <span class='ocrx_word' id='word_1_454' title='bbox 612 3259 669 3309; x_wconf 81' lang='grc' dir='ltr'>ὲν</span> <span class='ocrx_word' id='word_1_455' title='bbox 695 3258 857 3322; x_wconf 77' lang='grc' dir='ltr'>σαρκὶ</span> <span class='ocrx_word' id='word_1_456' title='bbox 883 3256 1222 3325; x_wconf 78' lang='grc' dir='ltr'>ἐληλυθέναι,</span> <span class='ocrx_word' id='word_1_457' title='bbox 1268 3255 1634 3325; x_wconf 81' lang='grc' dir='ltr'>Ἀντίχριστός</span> <span class='ocrx_word' id='word_1_458' title='bbox 1676 3258 1791 3308; x_wconf 80' lang='grc' dir='ltr'>ἐστι</span> <span class='ocrx_word' id='word_1_459' title='bbox 1811 3274 1822 3285; x_wconf 82' lang='grc'><em>’</em></span> <span class='ocrx_word' id='word_1_460' title='bbox 1867 3257 1963 3308; x_wconf 74' lang='grc' dir='ltr'>καὶ</span> <span class='ocrx_word' id='word_1_461' title='bbox 1991 3255 2050 3319; x_wconf 82' lang='grc' dir='ltr'>ὃς</span> 
     </span>
    </p>
   </div>
   <div class='ocr_carea' id='block_1_64' title="bbox 456 3342 2055 3419">
    <p class='ocr_par' dir='ltr' id='par_1_64' title="bbox 456 3342 2055 3419">
     <span class='ocr_line' id='line_1_64' title="bbox 456 3342 2055 3419; baseline -0.004 -18"><span class='ocrx_word' id='word_1_462' title='bbox 456 3346 525 3401; x_wconf 72' lang='grc' dir='ltr'>ἂν</span> <span class='ocrx_word' id='word_1_463' title='bbox 558 3349 632 3418; x_wconf 82' lang='grc' dir='ltr'>μὴ</span> <span class='ocrx_word' id='word_1_464' title='bbox 658 3348 892 3419; x_wconf 78' lang='grc' dir='ltr'>ὁμολογῇ</span> <span class='ocrx_word' id='word_1_465' title='bbox 918 3347 976 3400; x_wconf 78' lang='grc' dir='ltr'>τὸ</span> <span class='ocrx_word' id='word_1_466' title='bbox 1004 3347 1300 3419; x_wconf 70' lang='grc' dir='ltr'>μαρτύριον</span> <span class='ocrx_word' id='word_1_467' title='bbox 1334 3346 1426 3399; x_wconf 88' lang='grc' dir='ltr'>τοῦ</span> <span class='ocrx_word' id='word_1_468' title='bbox 1461 3342 1715 3416; x_wconf 86' lang='grc' dir='ltr'>σταυροῦ,</span> <span class='ocrx_word' id='word_1_469' title='bbox 1734 3348 1798 3399; x_wconf 82' lang='grc' dir='ltr'>ἐκ</span> <span class='ocrx_word' id='word_1_470' title='bbox 1825 3347 1916 3399; x_wconf 91' lang='grc' dir='ltr'>τοῦ</span> <span class='ocrx_word' id='word_1_471' title='bbox 1939 3347 2055 3400; x_wconf 73' lang='grc' dir='ltr'>δια-</span> 
     </span>
    </p>
   </div>
   <div class='ocr_carea' id='block_1_65' title="bbox 459 3438 2051 3511">
    <p class='ocr_par' dir='ltr' id='par_1_65' title="bbox 459 3438 2051 3511">
     <span class='ocr_line' id='line_1_65' title="bbox 459 3438 2051 3511; baseline -0.003 -16"><span class='ocrx_word' id='word_1_472' title='bbox 459 3442 615 3495; x_wconf 75' lang='grc' dir='ltr'>ϐόλου</span> <span class='ocrx_word' id='word_1_473' title='bbox 638 3442 777 3497; x_wconf 79' lang='grc' dir='ltr'>ἐστί.</span> <span class='ocrx_word' id='word_1_474' title='bbox 804 3443 914 3495; x_wconf 79' lang='grc' dir='ltr'>Καὶ</span> <span class='ocrx_word' id='word_1_475' title='bbox 948 3442 1007 3505; x_wconf 80' lang='grc' dir='ltr'>ὃς</span> <span class='ocrx_word' id='word_1_476' title='bbox 1039 3441 1104 3495; x_wconf 87' lang='grc' dir='ltr'>ἂν</span> <span class='ocrx_word' id='word_1_477' title='bbox 1132 3439 1395 3511; x_wconf 77' lang='grc' dir='ltr'>μεθοδεύῃ</span> <span class='ocrx_word' id='word_1_478' title='bbox 1429 3438 1495 3492; x_wconf 81' lang='grc' dir='ltr'>τὰ</span> <span class='ocrx_word' id='word_1_479' title='bbox 1527 3440 1681 3509; x_wconf 83' lang='grc' dir='ltr'>λόγια</span> <span class='ocrx_word' id='word_1_480' title='bbox 1710 3439 1803 3493; x_wconf 86' lang='grc' dir='ltr'>τοῦ</span> <span class='ocrx_word' id='word_1_481' title='bbox 1843 3440 2051 3509; x_wconf 73' lang='grc' dir='ltr'>Κυρίου</span> 
     </span>
    </p>
   </div>
   <div class='ocr_carea' id='block_1_66' title="bbox 459 3531 2052 3605">
    <p class='ocr_par' dir='ltr' id='par_1_66' title="bbox 459 3531 2052 3605">
     <span class='ocr_line' id='line_1_66' title="bbox 459 3531 2052 3605; baseline -0.002 -17"><span class='ocrx_word' id='word_1_482' title='bbox 459 3534 597 3605; x_wconf 79' lang='grc' dir='ltr'>πρὸς</span> <span class='ocrx_word' id='word_1_483' title='bbox 639 3534 737 3597; x_wconf 82' lang='grc' dir='ltr'>τὰς</span> <span class='ocrx_word' id='word_1_484' title='bbox 783 3533 920 3596; x_wconf 82' lang='grc' dir='ltr'>ἰδίας</span> <span class='ocrx_word' id='word_1_485' title='bbox 949 3532 1266 3603; x_wconf 74' lang='grc' dir='ltr'>ἐπιθυμίας,</span> <span class='ocrx_word' id='word_1_486' title='bbox 1302 3535 1397 3586; x_wconf 79' lang='grc' dir='ltr'>καὶ</span> <span class='ocrx_word' id='word_1_487' title='bbox 1422 3534 1555 3603; x_wconf 84' lang='grc' dir='ltr'>λέγῃ</span> <span class='ocrx_word' id='word_1_488' title='bbox 1583 3536 1719 3603; x_wconf 88' lang='grc' dir='ltr'>μήτε</span> <span class='ocrx_word' id='word_1_489' title='bbox 1756 3531 2052 3586; x_wconf 82' lang='grc' dir='ltr'>ἀνάστασιν</span> 
     </span>
    </p>
   </div>
   <div class='ocr_carea' id='block_1_67' title="bbox 462 3619 2048 3697">
    <p class='ocr_par' dir='ltr' id='par_1_67' title="bbox 462 3619 2048 3697">
     <span class='ocr_line' id='line_1_67' title="bbox 462 3619 2048 3697; baseline -0.003 -18"><span class='ocrx_word' id='word_1_490' title='bbox 462 3627 599 3697; x_wconf 84' lang='grc' dir='ltr'>μήτε</span> <span class='ocrx_word' id='word_1_491' title='bbox 623 3626 803 3697; x_wconf 81' lang='grc' dir='ltr'>κρίσιν</span> <span class='ocrx_word' id='word_1_492' title='bbox 828 3620 988 3689; x_wconf 73' lang='grc' dir='ltr'>εἶναι,</span> <span class='ocrx_word' id='word_1_493' title='bbox 1010 3619 1163 3688; x_wconf 71' lang='grc' dir='ltr'>οὗτος</span> <span class='ocrx_word' id='word_1_494' title='bbox 1190 3624 1535 3696; x_wconf 78' lang='grc' dir='ltr'>πρωτότοκός</span> <span class='ocrx_word' id='word_1_495' title='bbox 1558 3626 1675 3676; x_wconf 75' lang='grc' dir='ltr'>ἐστι</span> <span class='ocrx_word' id='word_1_496' title='bbox 1700 3622 1793 3676; x_wconf 88' lang='grc' dir='ltr'>τοῦ</span> <span class='ocrx_word' id='word_1_497' title='bbox 1816 3623 2048 3677; x_wconf 73' lang='grc' dir='ltr'>Σατανᾶ.</span> 
     </span>
    </p>
   </div>
   <div class='ocr_carea' id='block_1_68' title="bbox 464 3718 2051 3790">
    <p class='ocr_par' dir='ltr' id='par_1_68' title="bbox 464 3718 2051 3790">
     <span class='ocr_line' id='line_1_68' title="bbox 464 3718 2051 3790; baseline 0.001 -19"><span class='ocrx_word' id='word_1_498' title='bbox 464 3738 482 3771; x_wconf 76' lang='grc' dir='ltr'>ς</span> <span class='ocrx_word' id='word_1_499' title='bbox 516 3719 778 3790; x_wconf 88' lang='lat' dir='ltr'>Quisquis</span> <span class='ocrx_word' id='word_1_500' title='bbox 809 3718 953 3774; x_wconf 91' lang='lat' dir='ltr'>enim</span> <span class='ocrx_word' id='word_1_501' title='bbox 984 3736 1092 3775; x_wconf 90' lang='lat' dir='ltr'>non</span> <span class='ocrx_word' id='word_1_502' title='bbox 1138 3719 1431 3775; x_wconf 90' lang='lat' dir='ltr'>conﬁtetur</span> <span class='ocrx_word' id='word_1_503' title='bbox 1466 3718 1655 3775; x_wconf 80' lang='lat' dir='ltr'>Jesum</span> <span class='ocrx_word' id='word_1_504' title='bbox 1684 3718 1965 3774; x_wconf 88' lang='lat' dir='ltr'>Christum</span> <span class='ocrx_word' id='word_1_505' title='bbox 1994 3719 2051 3773; x_wconf 85' lang='lat' dir='ltr'>in</span> 
     </span>
    </p>
   </div>
   <div class='ocr_carea' id='block_1_69' title="bbox 457 3810 2053 3879">
    <p class='ocr_par' dir='ltr' id='par_1_69' title="bbox 457 3810 2053 3879">
     <span class='ocr_line' id='line_1_69' title="bbox 457 3810 2053 3879; baseline -0.001 -15"><span class='ocrx_word' id='word_1_506' title='bbox 457 3826 625 3865; x_wconf 86' lang='lat' dir='ltr'>carne</span> <span class='ocrx_word' id='word_1_507' title='bbox 650 3810 889 3875; x_wconf 87' lang='lat' dir='ltr'>venisse,</span> <span class='ocrx_word' id='word_1_508' title='bbox 914 3810 1283 3868; x_wconf 81' lang='lat' dir='ltr'>Antichristus</span> <span class='ocrx_word' id='word_1_509' title='bbox 1315 3819 1433 3876; x_wconf 89' lang='lat' dir='ltr'>est;</span> <span class='ocrx_word' id='word_1_510' title='bbox 1476 3820 1531 3865; x_wconf 90' lang='lat' dir='ltr'>et</span> <span class='ocrx_word' id='word_1_511' title='bbox 1561 3810 1657 3879; x_wconf 92' lang='lat' dir='ltr'>qui</span> <span class='ocrx_word' id='word_1_512' title='bbox 1688 3825 1797 3863; x_wconf 93' lang='lat' dir='ltr'>non</span> <span class='ocrx_word' id='word_1_513' title='bbox 1827 3811 2053 3864; x_wconf 84' lang='lat' dir='ltr'>confite-</span> 
     </span>
    </p>
   </div>
   <div class='ocr_carea' id='block_1_70' title="bbox 458 3903 2050 3975">
    <p class='ocr_par' dir='ltr' id='par_1_70' title="bbox 458 3903 2050 3975">
     <span class='ocr_line' id='line_1_70' title="bbox 458 3903 2050 3975; baseline 0 -18"><span class='ocrx_word' id='word_1_514' title='bbox 458 3914 547 3957; x_wconf 87' lang='lat' dir='ltr'>tur</span> <span class='ocrx_word' id='word_1_515' title='bbox 572 3905 896 3975; x_wconf 83' lang='lat' dir='ltr'>martyrium</span> <span class='ocrx_word' id='word_1_516' title='bbox 921 3904 1124 3969; x_wconf 88' lang='lat' dir='ltr'>crucis,</span> <span class='ocrx_word' id='word_1_517' title='bbox 1148 3919 1213 3957; x_wconf 82' lang='lat' dir='ltr'>ex</span> <span class='ocrx_word' id='word_1_518' title='bbox 1247 3904 1468 3958; x_wconf 88' lang='lat' dir='ltr'>diabolo</span> <span class='ocrx_word' id='word_1_519' title='bbox 1490 3913 1575 3958; x_wconf 91' lang='lat' dir='ltr'>est</span> <span class='ocrx_word' id='word_1_520' title='bbox 1597 3921 1611 3969; x_wconf 90' lang='lat'><strong>;</strong></span> <span class='ocrx_word' id='word_1_521' title='bbox 1638 3912 1692 3957; x_wconf 92' lang='lat' dir='ltr'>et</span> <span class='ocrx_word' id='word_1_522' title='bbox 1713 3903 1806 3973; x_wconf 89' lang='lat' dir='ltr'>qui</span> <span class='ocrx_word' id='word_1_523' title='bbox 1830 3904 2050 3974; x_wconf 87' lang='lat' dir='ltr'>eloquia</span> 
     </span>
    </p>
   </div>
   <div class='ocr_carea' id='block_1_71' title="bbox 460 3995 2051 4066">
    <p class='ocr_par' dir='ltr' id='par_1_71' title="bbox 460 3995 2051 4066">
     <span class='ocr_line' id='line_1_71' title="bbox 460 3995 2051 4066; baseline 0.002 -18"><span class='ocrx_word' id='word_1_524' title='bbox 460 3995 677 4050; x_wconf 91' lang='lat' dir='ltr'>Domini</span> <span class='ocrx_word' id='word_1_525' title='bbox 708 3997 776 4050; x_wconf 90' lang='lat' dir='ltr'>ad</span> <span class='ocrx_word' id='word_1_526' title='bbox 820 3997 1076 4065; x_wconf 84' lang='lat' dir='ltr'>proprios</span> <span class='ocrx_word' id='word_1_527' title='bbox 1109 3995 1338 4051; x_wconf 80' lang='lat' dir='ltr'>aﬁ&#39;cctus</span> <span class='ocrx_word' id='word_1_528' title='bbox 1372 3996 1561 4059; x_wconf 92' lang='lat' dir='ltr'>trahit,</span> <span class='ocrx_word' id='word_1_529' title='bbox 1589 3996 1833 4066; x_wconf 88' lang='lat' dir='ltr'>dicitque</span> <span class='ocrx_word' id='word_1_530' title='bbox 1872 4011 2051 4066; x_wconf 90' lang='lat' dir='ltr'>neque</span> 
     </span>
    </p>
   </div>
   <div class='ocr_carea' id='block_1_72' title="bbox 462 4087 2050 4157">
    <p class='ocr_par' dir='ltr' id='par_1_72' title="bbox 462 4087 2050 4157">
     <span class='ocr_line' id='line_1_72' title="bbox 462 4087 2050 4157; baseline 0.001 -16"><span class='ocrx_word' id='word_1_531' title='bbox 462 4087 925 4142; x_wconf 88' lang='lat' dir='ltr'>resurrectionem</span> <span class='ocrx_word' id='word_1_532' title='bbox 983 4102 1163 4156; x_wconf 89' lang='lat' dir='ltr'>neque</span> <span class='ocrx_word' id='word_1_533' title='bbox 1200 4087 1472 4156; x_wconf 90' lang='lat' dir='ltr'>judicium</span> <span class='ocrx_word' id='word_1_534' title='bbox 1510 4102 1667 4153; x_wconf 88' lang='lat' dir='ltr'>esse,</span> <span class='ocrx_word' id='word_1_535' title='bbox 1702 4088 1792 4142; x_wconf 90' lang='lat' dir='ltr'>hic</span> <span class='ocrx_word' id='word_1_536' title='bbox 1834 4089 2050 4157; x_wconf 88' lang='lat' dir='ltr'>primo-</span> 
     </span>
    </p>
   </div>
   <div class='ocr_carea' id='block_1_73' title="bbox 460 4177 2051 4250">
    <p class='ocr_par' dir='ltr' id='par_1_73' title="bbox 460 4177 2051 4250">
     <span class='ocr_line' id='line_1_73' title="bbox 460 4177 2051 4250; baseline 0.003 -18"><span class='ocrx_word' id='word_1_537' title='bbox 460 4179 676 4250; x_wconf 85' lang='lat' dir='ltr'>genitus</span> <span class='ocrx_word' id='word_1_538' title='bbox 714 4188 791 4233; x_wconf 90' lang='lat' dir='ltr'>est</span> <span class='ocrx_word' id='word_1_539' title='bbox 838 4177 1075 4232; x_wconf 50' lang='lat' dir='ltr'>Satanan</span> <span class='ocrx_word' id='word_1_540' title='bbox 1114 4198 1130 4229; x_wconf 73' lang='grc' dir='ltr'><strong><em>υ</em></strong></span> <span class='ocrx_word' id='word_1_541' title='bbox 1189 4179 1400 4244; x_wconf 88' lang='lat' dir='ltr'>Quibus</span> <span class='ocrx_word' id='word_1_542' title='bbox 1439 4180 1601 4234; x_wconf 90' lang='lat' dir='ltr'>docet</span> <span class='ocrx_word' id='word_1_543' title='bbox 1642 4195 1740 4235; x_wconf 91' lang='lat' dir='ltr'>eos</span> <span class='ocrx_word' id='word_1_544' title='bbox 1788 4182 1881 4250; x_wconf 90' lang='lat' dir='ltr'>qui</span> <span class='ocrx_word' id='word_1_545' title='bbox 1920 4190 2051 4236; x_wconf 91' lang='lat' dir='ltr'>tunc</span> 
     </span>
    </p>
   </div>
   <div class='ocr_carea' id='block_1_74' title="bbox 462 4271 2047 4342">
    <p class='ocr_par' dir='ltr' id='par_1_74' title="bbox 462 4271 2047 4342">
     <span class='ocr_line' id='line_1_74' title="bbox 462 4271 2047 4342; baseline 0.003 -19"><span class='ocrx_word' id='word_1_546' title='bbox 462 4271 751 4325; x_wconf 80' lang='lat' dir='ltr'>veritatem</span> <span class='ocrx_word' id='word_1_547' title='bbox 796 4271 1053 4326; x_wconf 64' lang='lat' dir='ltr'>humanae</span> <span class='ocrx_word' id='word_1_548' title='bbox 1114 4282 1325 4325; x_wconf 73' lang='lat' dir='ltr'>natura:</span> <span class='ocrx_word' id='word_1_549' title='bbox 1376 4272 1429 4325; x_wconf 91' lang='lat' dir='ltr'>in</span> <span class='ocrx_word' id='word_1_550' title='bbox 1467 4271 1691 4327; x_wconf 90' lang='lat' dir='ltr'>Christo</span> <span class='ocrx_word' id='word_1_551' title='bbox 1737 4274 2047 4342; x_wconf 85' lang='lat' dir='ltr'>negabant,</span> 
     </span>
    </p>
   </div>
   <div class='ocr_carea' id='block_1_75' title="bbox 461 4362 2048 4434">
    <p class='ocr_par' dir='ltr' id='par_1_75' title="bbox 461 4362 2048 4434">
     <span class='ocr_line' id='line_1_75' title="bbox 461 4362 2048 4434; baseline 0.003 -18"><span class='ocrx_word' id='word_1_552' title='bbox 461 4371 692 4417; x_wconf 87' lang='lat' dir='ltr'>mortem</span> <span class='ocrx_word' id='word_1_553' title='bbox 721 4362 841 4432; x_wconf 84' lang='lat' dir='ltr'>ejus</span> <span class='ocrx_word' id='word_1_554' title='bbox 873 4364 1077 4432; x_wconf 84' lang='lat' dir='ltr'>pariter</span> <span class='ocrx_word' id='word_1_555' title='bbox 1110 4378 1361 4433; x_wconf 81' lang='lat' dir='ltr'>negasse,</span> <span class='ocrx_word' id='word_1_556' title='bbox 1396 4364 1973 4434; x_wconf 84' lang='lat' dir='ltr'>resurrectionemque</span> <span class='ocrx_word' id='word_1_557' title='bbox 1996 4377 2048 4421; x_wconf 91' lang='lat' dir='ltr'>et</span> 
     </span>
    </p>
   </div>
   <div class='ocr_carea' id='block_1_76' title="bbox 454 4453 2048 4526">
    <p class='ocr_par' dir='ltr' id='par_1_76' title="bbox 454 4453 2048 4526">
     <span class='ocr_line' id='line_1_76' title="bbox 454 4453 2048 4526; baseline 0.002 -17"><span class='ocrx_word' id='word_1_558' title='bbox 454 4456 722 4526; x_wconf 90' lang='lat' dir='ltr'>judicium</span> <span class='ocrx_word' id='word_1_559' title='bbox 756 4456 1067 4511; x_wconf 89' lang='lat' dir='ltr'>sustulisse.</span> <span class='ocrx_word' id='word_1_560' title='bbox 1108 4453 1218 4509; x_wconf 88' lang='lat' dir='ltr'>llos</span> <span class='ocrx_word' id='word_1_561' title='bbox 1256 4466 1437 4509; x_wconf 88' lang='lat' dir='ltr'>autem</span> <span class='ocrx_word' id='word_1_562' title='bbox 1467 4456 1626 4509; x_wconf 89' lang='lat' dir='ltr'>docet</span> <span class='ocrx_word' id='word_1_563' title='bbox 1666 4471 1836 4510; x_wconf 91' lang='lat' dir='ltr'>vanos</span> <span class='ocrx_word' id='word_1_564' title='bbox 1871 4458 2048 4512; x_wconf 92' lang='lat' dir='ltr'>homi-</span> 
     </span>
    </p>
   </div>
   <div class='ocr_carea' id='block_1_77' title="bbox 2156 3256 3737 3325">
    <p class='ocr_par' dir='ltr' id='par_1_77' title="bbox 2156 3256 3737 3325">
     <span class='ocr_line' id='line_1_77' title="bbox 2156 3256 3737 3325; baseline 0.003 -16"><span class='ocrx_word' id='word_1_565' title='bbox 2156 3270 2379 3319; x_wconf 89' lang='lat' dir='ltr'>omnes,</span> <span class='ocrx_word' id='word_1_566' title='bbox 2413 3271 2478 3309; x_wconf 77' lang='lat' dir='ltr'>ex</span> <span class='ocrx_word' id='word_1_567' title='bbox 2524 3256 2647 3311; x_wconf 90' lang='lat' dir='ltr'>aliis</span> <span class='ocrx_word' id='word_1_568' title='bbox 2687 3257 2852 3311; x_wconf 89' lang='lat' dir='ltr'>etiam</span> <span class='ocrx_word' id='word_1_569' title='bbox 2908 3258 3227 3312; x_wconf 86' lang='lat' dir='ltr'>nationibus</span> <span class='ocrx_word' id='word_1_570' title='bbox 3273 3259 3557 3325; x_wconf 90' lang='lat' dir='ltr'>nonnulli,</span> <span class='ocrx_word' id='word_1_571' title='bbox 3587 3258 3737 3313; x_wconf 91' lang='lat' dir='ltr'>illum</span> 
     </span>
    </p>
   </div>
   <div class='ocr_carea' id='block_1_78' title="bbox 2154 3347 3733 3421">
    <p class='ocr_par' dir='ltr' id='par_1_78' title="bbox 2154 3347 3733 3421">
     <span class='ocr_line' id='line_1_78' title="bbox 2154 3347 3733 3421; baseline 0.003 -21"><span class='ocrx_word' id='word_1_572' title='bbox 2154 3347 2317 3415; x_wconf 88' lang='lat' dir='ltr'>quasi</span> <span class='ocrx_word' id='word_1_573' title='bbox 2352 3349 2589 3417; x_wconf 88' lang='lat' dir='ltr'>primum</span> <span class='ocrx_word' id='word_1_574' title='bbox 2625 3347 2796 3402; x_wconf 89' lang='lat' dir='ltr'>Deum</span> <span class='ocrx_word' id='word_1_575' title='bbox 2827 3350 3153 3404; x_wconf 87' lang='lat' dir='ltr'>conﬁtentes</span> <span class='ocrx_word' id='word_1_576' title='bbox 3191 3351 3683 3421; x_wconf 83' lang='lat' dir='ltr'>adorantquoque.</span> <span class='ocrx_word' id='word_1_577' title='bbox 3714 3373 3733 3404; x_wconf 74' lang='grc' dir='ltr'>ι</span> 
     </span>
    </p>
   </div>
   <div class='ocr_carea' id='block_1_79' title="bbox 2154 3437 3735 3511">
    <p class='ocr_par' dir='ltr' id='par_1_79' title="bbox 2154 3437 3735 3511">
     <span class='ocr_line' id='line_1_79' title="bbox 2154 3437 3735 3511; baseline 0.006 -20"><span class='ocrx_word' id='word_1_578' title='bbox 2154 3437 2221 3492; x_wconf 84' lang='lat' dir='ltr'>Et</span> <span class='ocrx_word' id='word_1_579' title='bbox 2265 3440 2318 3492; x_wconf 91' lang='lat' dir='ltr'>in</span> <span class='ocrx_word' id='word_1_580' title='bbox 2372 3439 2564 3493; x_wconf 90' lang='lat' dir='ltr'>eadem</span> <span class='ocrx_word' id='word_1_581' title='bbox 2603 3440 2849 3511; x_wconf 73' lang='lat' dir='ltr'>apologis</span> <span class='ocrx_word' id='word_1_582' title='bbox 2890 3442 3089 3497; x_wconf 83' lang='lat' dir='ltr'>asserit</span> <span class='ocrx_word' id='word_1_583' title='bbox 3136 3442 3415 3498; x_wconf 77' lang='lat' dir='ltr'>daemonas</span> <span class='ocrx_word' id='word_1_584' title='bbox 3464 3446 3735 3500; x_wconf 74' lang='lat' dir='ltr'>excitasse</span> 
     </span>
    </p>
   </div>
   <div class='ocr_carea' id='block_1_80' title="bbox 2154 3532 3736 3608">
    <p class='ocr_par' dir='ltr' id='par_1_80' title="bbox 2154 3532 3736 3608">
     <span class='ocr_line' id='line_1_80' title="bbox 2154 3532 3736 3608; baseline 0.004 -25"><span class='ocrx_word' id='word_1_585' title='bbox 2154 3532 2377 3603; x_wconf 81' lang='grc' dir='ltr'>Σίμωνα</span> <span class='ocrx_word' id='word_1_586' title='bbox 2407 3533 2502 3585; x_wconf 76' lang='grc' dir='ltr'>καὶ</span> <span class='ocrx_word' id='word_1_587' title='bbox 2534 3532 2842 3603; x_wconf 80' lang='grc' dir='ltr'>Μένανδρον</span> <span class='ocrx_word' id='word_1_588' title='bbox 2889 3535 2996 3588; x_wconf 84' lang='grc' dir='ltr'>ἀπὸ</span> <span class='ocrx_word' id='word_1_589' title='bbox 3042 3536 3373 3606; x_wconf 79' lang='grc' dir='ltr'>Σαμαρείας,</span> <span class='ocrx_word' id='word_1_590' title='bbox 3405 3536 3453 3589; x_wconf 79' lang='grc' dir='ltr'>οἳ</span> <span class='ocrx_word' id='word_1_591' title='bbox 3501 3539 3595 3589; x_wconf 74' lang='grc' dir='ltr'>καὶ</span> <span class='ocrx_word' id='word_1_592' title='bbox 3630 3556 3736 3608; x_wconf 83' lang='grc' dir='ltr'>μα-</span> 
     </span>
    </p>
   </div>
   <div class='ocr_carea' id='block_1_81' title="bbox 2152 3624 3741 3701">
    <p class='ocr_par' dir='ltr' id='par_1_81' title="bbox 2152 3624 3741 3701">
     <span class='ocr_line' id='line_1_81' title="bbox 2152 3624 3741 3701; baseline 0.004 -24"><span class='ocrx_word' id='word_1_593' title='bbox 2152 3624 2314 3693; x_wconf 80' lang='grc' dir='ltr'>γικὰς</span> <span class='ocrx_word' id='word_1_594' title='bbox 2346 3626 2604 3697; x_wconf 86' lang='grc' dir='ltr'>δυνάμεις</span> <span class='ocrx_word' id='word_1_595' title='bbox 2639 3630 2965 3699; x_wconf 79' lang='grc' dir='ltr'>ποιήσαντες</span> <span class='ocrx_word' id='word_1_596' title='bbox 3005 3628 3233 3692; x_wconf 78' lang='grc' dir='ltr'>πολλοὺς</span> <span class='ocrx_word' id='word_1_597' title='bbox 3265 3628 3614 3701; x_wconf 81' lang='grc' dir='ltr'>ἐξηπάτησαν</span> <span class='ocrx_word' id='word_1_598' title='bbox 3648 3630 3741 3684; x_wconf 79' lang='grc' dir='ltr'>καὶ</span> 
     </span>
    </p>
   </div>
   <div class='ocr_carea' id='block_1_82' title="bbox 2152 3712 3739 3787">
    <p class='ocr_par' dir='ltr' id='par_1_82' title="bbox 2152 3712 3739 3787">
     <span class='ocr_line' id='line_1_82' title="bbox 2152 3712 3739 3787; baseline 0.008 -23"><span class='ocrx_word' id='word_1_599' title='bbox 2152 3712 2234 3765; x_wconf 80' lang='grc' dir='ltr'>ἔτι</span> <span class='ocrx_word' id='word_1_600' title='bbox 2262 3712 2661 3784; x_wconf 83' lang='grc' dir='ltr'>ἀπατωμένους</span> <span class='ocrx_word' id='word_1_601' title='bbox 2690 3714 2895 3785; x_wconf 76' lang='grc' dir='ltr'>ἔχουσι,</span> <span class='ocrx_word' id='word_1_602' title='bbox 2933 3736 2951 3768; x_wconf 77' lang='grc' dir='ltr'>ι</span> <span class='ocrx_word' id='word_1_603' title='bbox 2977 3719 3070 3787; x_wconf 90' lang='lat' dir='ltr'>qui</span> <span class='ocrx_word' id='word_1_604' title='bbox 3106 3719 3270 3772; x_wconf 90' lang='lat' dir='ltr'>etiam</span> <span class='ocrx_word' id='word_1_605' title='bbox 3297 3736 3444 3774; x_wconf 91' lang='lat' dir='ltr'>nunc</span> <span class='ocrx_word' id='word_1_606' title='bbox 3483 3723 3739 3777; x_wconf 86' lang='lat' dir='ltr'>seductos</span> 
     </span>
    </p>
   </div>
   <div class='ocr_carea' id='block_1_83' title="bbox 2151 3805 3743 3881">
    <p class='ocr_par' dir='ltr' id='par_1_83' title="bbox 2151 3805 3743 3881">
     <span class='ocr_line' id='line_1_83' title="bbox 2151 3805 3743 3881; baseline 0.007 -23"><span class='ocrx_word' id='word_1_607' title='bbox 2151 3805 2459 3873; x_wconf 85' lang='lat' dir='ltr'>possident,</span> <span class='ocrx_word' id='word_1_608' title='bbox 2494 3826 2513 3857; x_wconf 71' lang='grc' dir='ltr'>ι</span> <span class='ocrx_word' id='word_1_609' title='bbox 2552 3823 2662 3862; x_wconf 89' lang='lat' dir='ltr'>non</span> <span class='ocrx_word' id='word_1_610' title='bbox 2694 3817 2753 3861; x_wconf 91' lang='lat' dir='ltr'>ut</span> <span class='ocrx_word' id='word_1_611' title='bbox 2795 3809 3088 3879; x_wconf 86' lang='lat' dir='ltr'>interpres,</span> <span class='ocrx_word' id='word_1_612' title='bbox 3124 3830 3142 3862; x_wconf 73' lang='grc' dir='ltr'>ι</span> <span class='ocrx_word' id='word_1_613' title='bbox 3171 3828 3312 3881; x_wconf 88' lang='lat' dir='ltr'>quos</span> <span class='ocrx_word' id='word_1_614' title='bbox 3340 3812 3604 3869; x_wconf 88' lang='lat' dir='ltr'>seducant</span> <span class='ocrx_word' id='word_1_615' title='bbox 3643 3816 3743 3869; x_wconf 88' lang='lat' dir='ltr'>ha-</span> 
     </span>
    </p>
   </div>
   <div class='ocr_carea' id='block_1_84' title="bbox 2151 3897 3737 3978">
    <p class='ocr_par' dir='ltr' id='par_1_84' title="bbox 2151 3897 3737 3978">
     <span class='ocr_line' id='line_1_84' title="bbox 2151 3897 3737 3978; baseline 0.009 -27"><span class='ocrx_word' id='word_1_616' title='bbox 2151 3897 2302 3952; x_wconf 90' lang='lat' dir='ltr'>bent.</span> <span class='ocrx_word' id='word_1_617' title='bbox 2334 3918 2351 3948; x_wconf 74' lang='grc' dir='ltr'>ι</span> <span class='ocrx_word' id='word_1_618' title='bbox 2388 3897 2541 3954; x_wconf 91' lang='lat' dir='ltr'>Unde</span> <span class='ocrx_word' id='word_1_619' title='bbox 2578 3901 2645 3955; x_wconf 90' lang='lat' dir='ltr'>de</span> <span class='ocrx_word' id='word_1_620' title='bbox 2685 3902 2866 3972; x_wconf 91' lang='lat' dir='ltr'>seipso</span> <span class='ocrx_word' id='word_1_621' title='bbox 2906 3903 2980 3957; x_wconf 90' lang='lat' dir='ltr'>ita</span> <span class='ocrx_word' id='word_1_622' title='bbox 3027 3904 3269 3975; x_wconf 90' lang='lat' dir='ltr'>loquitur</span> <span class='ocrx_word' id='word_1_623' title='bbox 3315 3906 3367 3960; x_wconf 93' lang='lat' dir='ltr'>in</span> <span class='ocrx_word' id='word_1_624' title='bbox 3403 3909 3574 3963; x_wconf 88' lang='lat' dir='ltr'>altera</span> <span class='ocrx_word' id='word_1_625' title='bbox 3606 3926 3737 3978; x_wconf 85' lang='lat' dir='ltr'>apo-</span> 
     </span>
    </p>
   </div>
   <div class='ocr_carea' id='block_1_85' title="bbox 2150 3987 3739 4064">
    <p class='ocr_par' dir='ltr' id='par_1_85' title="bbox 2150 3987 3739 4064">
     <span class='ocr_line' id='line_1_85' title="bbox 2150 3987 3739 4064; baseline 0.008 -23"><span class='ocrx_word' id='word_1_626' title='bbox 2150 3987 2292 4058; x_wconf 84' lang='lat' dir='ltr'>logia</span> <span class='ocrx_word' id='word_1_627' title='bbox 2322 4008 2334 4043; x_wconf 90' lang='lat'>:</span> <span class='ocrx_word' id='word_1_628' title='bbox 2362 3990 2469 4042; x_wconf 86' lang='grc' dir='ltr'>Κα“ι</span> <span class='ocrx_word' id='word_1_629' title='bbox 2495 3990 2588 4043; x_wconf 84' lang='grc' dir='ltr'>τοῦ</span> <span class='ocrx_word' id='word_1_630' title='bbox 2618 3993 2676 4044; x_wconf 76' lang='grc' dir='ltr'>ἐν</span> <span class='ocrx_word' id='word_1_631' title='bbox 2700 3992 2776 4062; x_wconf 81' lang='grc' dir='ltr'>τῷ</span> <span class='ocrx_word' id='word_1_632' title='bbox 2808 3994 2925 4064; x_wconf 78' lang='grc' dir='ltr'>ἐμῷ</span> <span class='ocrx_word' id='word_1_633' title='bbox 2955 3992 3096 4046; x_wconf 80' lang='grc' dir='ltr'>ἔθνει</span> <span class='ocrx_word' id='word_1_634' title='bbox 3131 3996 3364 4060; x_wconf 81' lang='grc' dir='ltr'>ἀσεϐοῦς</span> <span class='ocrx_word' id='word_1_635' title='bbox 3398 3999 3493 4051; x_wconf 76' lang='grc' dir='ltr'>καὶ</span> <span class='ocrx_word' id='word_1_636' title='bbox 3534 3999 3739 4053; x_wconf 83' lang='grc' dir='ltr'>πλάνου</span> 
     </span>
    </p>
   </div>
   <div class='ocr_carea' id='block_1_86' title="bbox 2151 4081 3737 4165">
    <p class='ocr_par' dir='ltr' id='par_1_86' title="bbox 2151 4081 3737 4165">
     <span class='ocr_line' id='line_1_86' title="bbox 2151 4081 3737 4165; baseline 0.011 -32"><span class='ocrx_word' id='word_1_637' title='bbox 2151 4081 2488 4151; x_wconf 87' lang='grc' dir='ltr'>Σιμωνιανοῦ</span> <span class='ocrx_word' id='word_1_638' title='bbox 2544 4082 2812 4154; x_wconf 86' lang='grc' dir='ltr'>δόγματος</span> <span class='ocrx_word' id='word_1_639' title='bbox 2856 4086 3263 4158; x_wconf 81' lang='grc' dir='ltr'>κατεφρόνησα.</span> <span class='ocrx_word' id='word_1_640' title='bbox 3307 4109 3325 4141; x_wconf 81' lang='grc' dir='ltr'>ι</span> <span class='ocrx_word' id='word_1_641' title='bbox 3364 4090 3477 4161; x_wconf 84' lang='lat' dir='ltr'>Ego</span> <span class='ocrx_word' id='word_1_642' title='bbox 3518 4109 3737 4165; x_wconf 89' lang='lat' dir='ltr'>quoque</span> 
     </span>
    </p>
   </div>
   <div class='ocr_carea' id='block_1_87' title="bbox 2150 4174 3735 4250">
    <p class='ocr_par' dir='ltr' id='par_1_87' title="bbox 2150 4174 3735 4250">
     <span class='ocr_line' id='line_1_87' title="bbox 2150 4174 3735 4250; baseline 0.009 -23"><span class='ocrx_word' id='word_1_643' title='bbox 2150 4174 2379 4244; x_wconf 90' lang='lat' dir='ltr'>impium</span> <span class='ocrx_word' id='word_1_644' title='bbox 2424 4185 2479 4230; x_wconf 88' lang='lat' dir='ltr'>et</span> <span class='ocrx_word' id='word_1_645' title='bbox 2519 4192 2811 4232; x_wconf 88' lang='lat' dir='ltr'>erroneum</span> <span class='ocrx_word' id='word_1_646' title='bbox 2864 4180 2917 4233; x_wconf 90' lang='lat' dir='ltr'>in</span> <span class='ocrx_word' id='word_1_647' title='bbox 2965 4193 3127 4250; x_wconf 89' lang='lat' dir='ltr'>gente</span> <span class='ocrx_word' id='word_1_648' title='bbox 3171 4199 3292 4237; x_wconf 87' lang='lat' dir='ltr'>mea</span> <span class='ocrx_word' id='word_1_649' title='bbox 3351 4184 3735 4241; x_wconf 79' lang='lat' dir='ltr'>Simonianum</span> 
     </span>
    </p>
   </div>
   <div class='ocr_carea' id='block_1_88' title="bbox 2149 4267 3736 4341">
    <p class='ocr_par' dir='ltr' id='par_1_88' title="bbox 2149 4267 3736 4341">
     <span class='ocr_line' id='line_1_88' title="bbox 2149 4267 3736 4341; baseline 0.009 -20"><span class='ocrx_word' id='word_1_650' title='bbox 2149 4267 2346 4341; x_wconf 87' lang='lat' dir='ltr'>dogma</span> <span class='ocrx_word' id='word_1_651' title='bbox 2377 4270 2622 4340; x_wconf 86' lang='lat' dir='ltr'>despexi.</span> <span class='ocrx_word' id='word_1_652' title='bbox 2654 4291 2672 4323; x_wconf 75' lang='grc' dir='ltr'>ι</span> <span class='ocrx_word' id='word_1_653' title='bbox 2722 4271 2936 4329; x_wconf 89' lang='lat' dir='ltr'>Pariter</span> <span class='ocrx_word' id='word_1_654' title='bbox 2981 4275 3049 4329; x_wconf 90' lang='lat' dir='ltr'>de</span> <span class='ocrx_word' id='word_1_655' title='bbox 3102 4277 3188 4331; x_wconf 92' lang='lat' dir='ltr'>sui</span> <span class='ocrx_word' id='word_1_656' title='bbox 3238 4279 3337 4332; x_wconf 68' lang='lat' dir='ltr'>aevi</span> <span class='ocrx_word' id='word_1_657' title='bbox 3403 4278 3736 4337; x_wconf 90' lang='lat' dir='ltr'>Simonianis</span> 
     </span>
    </p>
   </div>
   <div class='ocr_carea' id='block_1_89' title="bbox 2148 4361 3735 4430">
    <p class='ocr_par' dir='ltr' id='par_1_89' title="bbox 2148 4361 3735 4430">
     <span class='ocr_line' id='line_1_89' title="bbox 2148 4361 3735 4430; baseline 0.008 -15"><span class='ocrx_word' id='word_1_658' title='bbox 2148 4361 2401 4416; x_wconf 91' lang='lat' dir='ltr'>Clemens</span> <span class='ocrx_word' id='word_1_659' title='bbox 2457 4364 2907 4430; x_wconf 82' lang='lat' dir='ltr'>Alexandrinus,</span> <span class='ocrx_word' id='word_1_660' title='bbox 2966 4366 3227 4423; x_wconf 81' lang='lat' dir='ltr'>Stromat.</span> <span class='ocrx_word' id='word_1_661' title='bbox 3276 4372 3370 4426; x_wconf 91' lang='lat' dir='ltr'>lib.</span> <span class='ocrx_word' id='word_1_662' title='bbox 3423 4388 3504 4427; x_wconf 72' lang='grc' dir='ltr'>ιιι</span> <span class='ocrx_word' id='word_1_663' title='bbox 3565 4374 3627 4426; x_wconf 83' lang='grc' dir='ltr'><strong>Οἱ</strong></span> <span class='ocrx_word' id='word_1_664' title='bbox 3679 4375 3735 4427; x_wconf 80' lang='grc' dir='ltr'>δὲ</span> 
     </span>
    </p>
   </div>
   <div class='ocr_carea' id='block_1_90' title="bbox 2148 4454 3733 4535">
    <p class='ocr_par' dir='ltr' id='par_1_90' title="bbox 2148 4454 3733 4535">
     <span class='ocr_line' id='line_1_90' title="bbox 2148 4454 3733 4535; baseline 0.008 -29"><span class='ocrx_word' id='word_1_665' title='bbox 2148 4454 2289 4524; x_wconf 78' lang='grc' dir='ltr'>ἀμφὶ</span> <span class='ocrx_word' id='word_1_666' title='bbox 2320 4455 2408 4508; x_wconf 85' lang='grc' dir='ltr'>τὸν</span> <span class='ocrx_word' id='word_1_667' title='bbox 2438 4457 2657 4526; x_wconf 85' lang='grc' dir='ltr'>Σίμωνα</span> <span class='ocrx_word' id='word_1_668' title='bbox 2679 4458 2755 4528; x_wconf 77' lang='grc' dir='ltr'>τῷ</span> <span class='ocrx_word' id='word_1_669' title='bbox 2794 4459 3044 4527; x_wconf 83' lang='grc' dir='ltr'>Ἐστῶτι,</span> <span class='ocrx_word' id='word_1_670' title='bbox 3074 4461 3132 4514; x_wconf 82' lang='grc' dir='ltr'>ὃν</span> <span class='ocrx_word' id='word_1_671' title='bbox 3164 4461 3428 4528; x_wconf 78' lang='grc' dir='ltr'>σέϐουσιν,</span> <span class='ocrx_word' id='word_1_672' title='bbox 3455 4464 3733 4535; x_wconf 80' lang='grc' dir='ltr'>ἐξομοιοῦ-</span> 
     </span>
    </p>
   </div>
   <div class='ocr_carea' id='block_1_91' title="bbox 458 4545 2049 4619">
    <p class='ocr_par' dir='ltr' id='par_1_91' title="bbox 458 4548 2044 4615">
     <span class='ocr_line' id='line_1_91' title="bbox 458 4548 2044 4615; baseline -0.002 -9"><span class='ocrx_word' id='word_1_673' title='bbox 458 4565 558 4606; x_wconf 78' lang='lat' dir='ltr'>nes</span> <span class='ocrx_word' id='word_1_674' title='bbox 600 4548 921 4615; x_wconf 74' lang='lat' dir='ltr'>seduxrsse;</span> <span class='ocrx_word' id='word_1_675' title='bbox 972 4548 1276 4603; x_wconf 84' lang='lat' dir='ltr'>catholicos</span> <span class='ocrx_word' id='word_1_676' title='bbox 1327 4557 1515 4601; x_wconf 90' lang='lat' dir='ltr'>monet</span> <span class='ocrx_word' id='word_1_677' title='bbox 1572 4556 1633 4602; x_wconf 91' lang='lat' dir='ltr'>ut</span> <span class='ocrx_word' id='word_1_678' title='bbox 1682 4564 1872 4603; x_wconf 91' lang='lat' dir='ltr'>eorum</span> <span class='ocrx_word' id='word_1_679' title='bbox 1919 4566 2044 4605; x_wconf 90' lang='lat' dir='ltr'>cor-</span> 
     </span>
    </p>
   </div>
   <div class='ocr_carea' id='block_1_92' title="bbox 2151 4545 3735 4619">
    <p class='ocr_par' dir='ltr' id='par_1_92' title="bbox 2153 4546 3735 4619">
     <span class='ocr_line' id='line_1_92' title="bbox 2153 4546 3735 4619; baseline 0.009 -21"><span class='ocrx_word' id='word_1_680' title='bbox 2153 4546 2274 4599; x_wconf 88' lang='grc' dir='ltr'>σθαι</span> <span class='ocrx_word' id='word_1_681' title='bbox 2310 4547 2511 4619; x_wconf 84' lang='grc' dir='ltr'>τρόπον</span> <span class='ocrx_word' id='word_1_682' title='bbox 2556 4549 2857 4619; x_wconf 85' lang='grc' dir='ltr'>βούλονται.</span> <span class='ocrx_word' id='word_1_683' title='bbox 2895 4570 2912 4603; x_wconf 80' lang='lat' dir='ltr'>t</span> <span class='ocrx_word' id='word_1_684' title='bbox 2944 4550 3186 4608; x_wconf 89' lang='lat' dir='ltr'>Simonis</span> <span class='ocrx_word' id='word_1_685' title='bbox 3220 4564 3403 4609; x_wconf 88' lang='lat' dir='ltr'>autem</span> <span class='ocrx_word' id='word_1_686' title='bbox 3438 4566 3735 4613; x_wconf 82' lang='lat' dir='ltr'>sectatores</span> 
     </span>
    </p>
   </div>
   <div class='ocr_carea' id='block_1_93' title="bbox 460 4640 2046 4711">
    <p class='ocr_par' dir='ltr' id='par_1_93' title="bbox 460 4640 2046 4711">
     <span class='ocr_line' id='line_1_93' title="bbox 460 4640 2046 4711; baseline 0.001 -16"><span class='ocrx_word' id='word_1_687' title='bbox 460 4640 705 4711; x_wconf 90' lang='lat' dir='ltr'>ruptelas</span> <span class='ocrx_word' id='word_1_688' title='bbox 740 4640 997 4707; x_wconf 80' lang='lat' dir='ltr'>vitantes,</span> <span class='ocrx_word' id='word_1_689' title='bbox 1029 4640 1375 4695; x_wconf 88' lang='lat' dir='ltr'>orationibus</span> <span class='ocrx_word' id='word_1_690' title='bbox 1400 4640 1705 4709; x_wconf 89' lang='lat' dir='ltr'>invigilent,</span> <span class='ocrx_word' id='word_1_691' title='bbox 1740 4653 1794 4695; x_wconf 91' lang='lat' dir='ltr'>et</span> <span class='ocrx_word' id='word_1_692' title='bbox 1818 4641 2046 4711; x_wconf 90' lang='lat' dir='ltr'>jejuniis</span> 
     </span>
    </p>
   </div>
   <div class='ocr_carea' id='block_1_94' title="bbox 458 4734 2045 4805">
    <p class='ocr_par' dir='ltr' id='par_1_94' title="bbox 458 4734 2045 4805">
     <span class='ocr_line' id='line_1_94' title="bbox 458 4734 2045 4805; baseline 0.003 -16"><span class='ocrx_word' id='word_1_693' title='bbox 458 4735 792 4798; x_wconf 64' lang='lat' dir='ltr'>adhaereant;</span> <span class='ocrx_word' id='word_1_694' title='bbox 815 4744 937 4805; x_wconf 87' lang='lat' dir='ltr'>post</span> <span class='ocrx_word' id='word_1_695' title='bbox 960 4750 1082 4805; x_wconf 63' lang='lat' dir='ltr'>qua:</span> <span class='ocrx_word' id='word_1_696' title='bbox 1101 4734 1447 4789; x_wconf 89' lang='lat' dir='ltr'>notissimum</span> <span class='ocrx_word' id='word_1_697' title='bbox 1469 4743 1553 4789; x_wconf 90' lang='lat' dir='ltr'>est</span> <span class='ocrx_word' id='word_1_698' title='bbox 1570 4735 1959 4790; x_wconf 88' lang='lat' dir='ltr'>eucharistiam</span> <span class='ocrx_word' id='word_1_699' title='bbox 1982 4753 2045 4793; x_wconf 91' lang='lat' dir='ltr'>ea</span> 
     </span>
    </p>
   </div>
   <div class='ocr_carea' id='block_1_95' title="bbox 456 4827 2047 4892">
    <p class='ocr_par' dir='ltr' id='par_1_95' title="bbox 456 4827 2047 4892">
     <span class='ocr_line' id='line_1_95' title="bbox 456 4827 2047 4892; baseline 0.001 -9"><span class='ocrx_word' id='word_1_700' title='bbox 456 4836 615 4883; x_wconf 78' lang='lat' dir='ltr'>:ctate</span> <span class='ocrx_word' id='word_1_701' title='bbox 627 4828 890 4883; x_wconf 89' lang='lat' dir='ltr'>celebrari</span> <span class='ocrx_word' id='word_1_702' title='bbox 908 4828 1125 4882; x_wconf 89' lang='lat' dir='ltr'>solitam</span> <span class='ocrx_word' id='word_1_703' title='bbox 1140 4842 1283 4892; x_wconf 89' lang='lat' dir='ltr'>esse;</span> <span class='ocrx_word' id='word_1_704' title='bbox 1302 4827 1553 4881; x_wconf 87' lang='lat' dir='ltr'>hortatur</span> <span class='ocrx_word' id='word_1_705' title='bbox 1568 4827 1733 4880; x_wconf 90' lang='lat' dir='ltr'>etiam</span> <span class='ocrx_word' id='word_1_706' title='bbox 1755 4837 1813 4881; x_wconf 92' lang='lat' dir='ltr'>ut</span> <span class='ocrx_word' id='word_1_707' title='bbox 1828 4829 2047 4885; x_wconf 88' lang='lat' dir='ltr'>visitent</span> 
     </span>
    </p>
   </div>
   <div class='ocr_carea' id='block_1_96' title="bbox 458 4921 2045 4991">
    <p class='ocr_par' dir='ltr' id='par_1_96' title="bbox 458 4921 2045 4991">
     <span class='ocr_line' id='line_1_96' title="bbox 458 4921 2045 4991; baseline 0.001 -16"><span class='ocrx_word' id='word_1_708' title='bbox 458 4922 727 4989; x_wconf 87' lang='lat' dir='ltr'>inﬁrmos,</span> <span class='ocrx_word' id='word_1_709' title='bbox 761 4922 978 4989; x_wconf 86' lang='lat' dir='ltr'>viduas,</span> <span class='ocrx_word' id='word_1_710' title='bbox 1009 4921 1266 4991; x_wconf 91' lang='lat' dir='ltr'>pupillos,</span> <span class='ocrx_word' id='word_1_711' title='bbox 1295 4935 1677 4990; x_wconf 80' lang='lat' dir='ltr'>pauperesque</span> <span class='ocrx_word' id='word_1_712' title='bbox 1704 4922 1856 4975; x_wconf 92' lang='lat' dir='ltr'>nullo</span> <span class='ocrx_word' id='word_1_713' title='bbox 1882 4924 2045 4977; x_wconf 92' lang='lat' dir='ltr'>modo</span> 
     </span>
    </p>
   </div>
   <div class='ocr_carea' id='block_1_97' title="bbox 456 5012 2043 5085">
    <p class='ocr_par' dir='ltr' id='par_1_97' title="bbox 456 5012 2043 5085">
     <span class='ocr_line' id='line_1_97' title="bbox 456 5012 2043 5085; baseline 0.002 -18"><span class='ocrx_word' id='word_1_714' title='bbox 456 5014 753 5084; x_wconf 85' lang='lat' dir='ltr'>negligant,</span> <span class='ocrx_word' id='word_1_715' title='bbox 787 5014 881 5083; x_wconf 91' lang='lat' dir='ltr'>qui</span> <span class='ocrx_word' id='word_1_716' title='bbox 918 5028 1111 5067; x_wconf 87' lang='lat' dir='ltr'>omnes</span> <span class='ocrx_word' id='word_1_717' title='bbox 1130 5028 1197 5068; x_wconf 81' lang='lat' dir='ltr'>ex</span> <span class='ocrx_word' id='word_1_718' title='bbox 1230 5012 1604 5068; x_wconf 90' lang='lat' dir='ltr'>oblationibus</span> <span class='ocrx_word' id='word_1_719' title='bbox 1630 5022 1685 5067; x_wconf 91' lang='lat' dir='ltr'>et</span> <span class='ocrx_word' id='word_1_720' title='bbox 1716 5015 1923 5085; x_wconf 90' lang='lat' dir='ltr'>agapis,</span> <span class='ocrx_word' id='word_1_721' title='bbox 1952 5016 2043 5070; x_wconf 90' lang='lat' dir='ltr'>ubi</span> 
     </span>
    </p>
   </div>
   <div class='ocr_carea' id='block_1_98' title="bbox 456 5106 2045 5175">
    <p class='ocr_par' dir='ltr' id='par_1_98' title="bbox 456 5106 2045 5175">
     <span class='ocr_line' id='line_1_98' title="bbox 456 5106 2045 5175; baseline 0.004 -14"><span class='ocrx_word' id='word_1_722' title='bbox 456 5107 792 5161; x_wconf 88' lang='lat' dir='ltr'>eucharistia</span> <span class='ocrx_word' id='word_1_723' title='bbox 825 5106 1226 5173; x_wconf 83' lang='lat' dir='ltr'>celebrabatur,</span> <span class='ocrx_word' id='word_1_724' title='bbox 1260 5107 1556 5161; x_wconf 88' lang='lat' dir='ltr'>sustentari</span> <span class='ocrx_word' id='word_1_725' title='bbox 1579 5108 1845 5164; x_wconf 88' lang='lat' dir='ltr'>solebant.</span> <span class='ocrx_word' id='word_1_726' title='bbox 1863 5109 2045 5175; x_wconf 88' lang='lat' dir='ltr'>Quare</span> 
     </span>
    </p>
   </div>
   <div class='ocr_carea' id='block_1_99' title="bbox 458 5196 2045 5270">
    <p class='ocr_par' dir='ltr' id='par_1_99' title="bbox 458 5196 2045 5270">
     <span class='ocr_line' id='line_1_99' title="bbox 458 5196 2045 5270; baseline 0.004 -18"><span class='ocrx_word' id='word_1_727' title='bbox 458 5200 602 5253; x_wconf 83' lang='lat' dir='ltr'>idem</span> <span class='ocrx_word' id='word_1_728' title='bbox 635 5198 949 5253; x_wconf 90' lang='lat' dir='ltr'>subindicat</span> <span class='ocrx_word' id='word_1_729' title='bbox 970 5196 1328 5270; x_wconf 83' lang='lat' dir='ltr'>Polycarpus,</span> <span class='ocrx_word' id='word_1_730' title='bbox 1358 5199 1506 5269; x_wconf 90' lang='lat' dir='ltr'>quod</span> <span class='ocrx_word' id='word_1_731' title='bbox 1539 5200 1685 5255; x_wconf 89' lang='lat' dir='ltr'>clare</span> <span class='ocrx_word' id='word_1_732' title='bbox 1714 5200 1931 5256; x_wconf 92' lang='lat' dir='ltr'>locutus</span> <span class='ocrx_word' id='word_1_733' title='bbox 1961 5213 2045 5259; x_wconf 89' lang='lat' dir='ltr'>est</span> 
     </span>
    </p>
   </div>
   <div class='ocr_carea' id='block_1_100' title="bbox 456 5288 2043 5360">
    <p class='ocr_par' dir='ltr' id='par_1_100' title="bbox 456 5288 2043 5360">
     <span class='ocr_line' id='line_1_100' title="bbox 456 5288 2043 5360; baseline 0.003 -16"><span class='ocrx_word' id='word_1_734' title='bbox 456 5290 720 5360; x_wconf 73' lang='lat' dir='ltr'>lgnatius.</span> <span class='ocrx_word' id='word_1_735' title='bbox 746 5308 764 5340; x_wconf 76' lang='grc' dir='ltr'>ι</span> <span class='ocrx_word' id='word_1_736' title='bbox 793 5288 901 5344; x_wconf 91' lang='lat' dir='ltr'>Sed</span> <span class='ocrx_word' id='word_1_737' title='bbox 935 5290 980 5344; x_wconf 93' lang='lat' dir='ltr'>si</span> <span class='ocrx_word' id='word_1_738' title='bbox 1009 5306 1199 5345; x_wconf 86' lang='lat' dir='ltr'>verum</span> <span class='ocrx_word' id='word_1_739' title='bbox 1237 5301 1407 5357; x_wconf 87' lang='lat' dir='ltr'>esset,</span> <span class='ocrx_word' id='word_1_740' title='bbox 1440 5292 1529 5346; x_wconf 91' lang='lat' dir='ltr'>vel</span> <span class='ocrx_word' id='word_1_741' title='bbox 1568 5292 1639 5346; x_wconf 88' lang='lat' dir='ltr'>ab</span> <span class='ocrx_word' id='word_1_742' title='bbox 1680 5292 1888 5348; x_wconf 61' lang='lat' dir='ltr'>Irenaeo</span> <span class='ocrx_word' id='word_1_743' title='bbox 1923 5309 2043 5349; x_wconf 86' lang='lat' dir='ltr'>me-</span> 
     </span>
    </p>
   </div>
   <div class='ocr_carea' id='block_1_101' title="bbox 457 5381 2041 5452">
    <p class='ocr_par' dir='ltr' id='par_1_101' title="bbox 457 5381 2041 5452">
     <span class='ocr_line' id='line_1_101' title="bbox 457 5381 2041 5452; baseline 0.001 -17"><span class='ocrx_word' id='word_1_744' title='bbox 457 5390 755 5446; x_wconf 88' lang='lat' dir='ltr'>moratum,</span> <span class='ocrx_word' id='word_1_745' title='bbox 780 5381 863 5434; x_wconf 87' lang='lat' dir='ltr'>vel</span> <span class='ocrx_word' id='word_1_746' title='bbox 888 5382 957 5435; x_wconf 89' lang='lat' dir='ltr'>ab</span> <span class='ocrx_word' id='word_1_747' title='bbox 980 5382 1087 5437; x_wconf 86' lang='lat' dir='ltr'>alio</span> <span class='ocrx_word' id='word_1_748' title='bbox 1112 5382 1296 5452; x_wconf 87' lang='lat' dir='ltr'>aliquo</span> <span class='ocrx_word' id='word_1_749' title='bbox 1325 5393 1490 5438; x_wconf 86' lang='lat' dir='ltr'>esset.</span> <span class='ocrx_word' id='word_1_750' title='bbox 1516 5402 1535 5435; x_wconf 73' lang='grc' dir='ltr'>ι</span> <span class='ocrx_word' id='word_1_751' title='bbox 1564 5382 1825 5439; x_wconf 91' lang='lat' dir='ltr'>Dedimus</span> <span class='ocrx_word' id='word_1_752' title='bbox 1848 5384 2041 5449; x_wconf 89' lang='lat' dir='ltr'>alium,</span> 
     </span>
    </p>
   </div>
   <div class='ocr_carea' id='block_1_102' title="bbox 455 5474 2037 5547">
    <p class='ocr_par' dir='ltr' id='par_1_102' title="bbox 455 5474 2037 5547">
     <span class='ocr_line' id='line_1_102' title="bbox 455 5474 2037 5547; baseline 0.003 -20"><span class='ocrx_word' id='word_1_753' title='bbox 455 5483 510 5528; x_wconf 91' lang='lat' dir='ltr'>et</span> <span class='ocrx_word' id='word_1_754' title='bbox 537 5474 756 5543; x_wconf 88' lang='lat' dir='ltr'>quidem</span> <span class='ocrx_word' id='word_1_755' title='bbox 788 5474 1024 5528; x_wconf 80' lang='lat' dir='ltr'>maxime</span> <span class='ocrx_word' id='word_1_756' title='bbox 1053 5474 1311 5529; x_wconf 87' lang='lat' dir='ltr'>idonequ</span> <span class='ocrx_word' id='word_1_757' title='bbox 1346 5484 1540 5530; x_wconf 87' lang='lat' dir='ltr'>testem</span> <span class='ocrx_word' id='word_1_758' title='bbox 1570 5474 1627 5529; x_wconf 91' lang='lat' dir='ltr'>S.</span> <span class='ocrx_word' id='word_1_759' title='bbox 1654 5474 2037 5547; x_wconf 87' lang='lat' dir='ltr'>Polycarpum.</span> 
     </span>
    </p>
   </div>
   <div class='ocr_carea' id='block_1_103' title="bbox 458 5565 2040 5624">
    <p class='ocr_par' dir='ltr' id='par_1_103' title="bbox 458 5565 2040 5624">
     <span class='ocr_line' id='line_1_103' title="bbox 458 5565 2040 5624; baseline 0.004 -7"><span class='ocrx_word' id='word_1_760' title='bbox 458 5567 693 5619; x_wconf 76' lang='lat' dir='ltr'>lrenzeus</span> <span class='ocrx_word' id='word_1_761' title='bbox 749 5575 930 5620; x_wconf 87' lang='lat' dir='ltr'>autem</span> <span class='ocrx_word' id='word_1_762' title='bbox 967 5567 1385 5622; x_wconf 88' lang='lat' dir='ltr'>curiosissimus</span> <span class='ocrx_word' id='word_1_763' title='bbox 1420 5565 1811 5623; x_wconf 70' lang='lat' dir='ltr'>Valentiniano:</span> <span class='ocrx_word' id='word_1_764' title='bbox 1867 5571 2040 5624; x_wconf 74' lang='lat' dir='ltr'>luere-</span> 
     </span>
    </p>
   </div>
   <div class='ocr_carea' id='block_1_104' title="bbox 455 5657 2042 5730">
    <p class='ocr_par' dir='ltr' id='par_1_104' title="bbox 455 5657 2042 5730">
     <span class='ocr_line' id='line_1_104' title="bbox 455 5657 2042 5730; baseline 0.003 -19"><span class='ocrx_word' id='word_1_765' title='bbox 455 5673 581 5711; x_wconf 73' lang='lat' dir='ltr'>seos</span> <span class='ocrx_word' id='word_1_766' title='bbox 615 5659 929 5728; x_wconf 80' lang='lat' dir='ltr'>explorator</span> <span class='ocrx_word' id='word_1_767' title='bbox 968 5657 1105 5723; x_wconf 82' lang='lat' dir='ltr'>fuit,</span> <span class='ocrx_word' id='word_1_768' title='bbox 1139 5661 1502 5729; x_wconf 88' lang='lat' dir='ltr'>omniumque</span> <span class='ocrx_word' id='word_1_769' title='bbox 1533 5676 1655 5730; x_wconf 69' lang='lat' dir='ltr'>qua:</span> <span class='ocrx_word' id='word_1_770' title='bbox 1694 5662 1763 5715; x_wconf 91' lang='lat' dir='ltr'>ab</span> <span class='ocrx_word' id='word_1_771' title='bbox 1804 5677 1866 5715; x_wconf 92' lang='lat' dir='ltr'>ea</span> <span class='ocrx_word' id='word_1_772' title='bbox 1901 5669 2042 5715; x_wconf 70' lang='lat' dir='ltr'>nata:</span> 
     </span>
    </p>
   </div>
   <div class='ocr_carea' id='block_1_105' title="bbox 456 5750 2038 5823">
    <p class='ocr_par' dir='ltr' id='par_1_105' title="bbox 456 5750 2038 5823">
     <span class='ocr_line' id='line_1_105' title="bbox 456 5750 2038 5823; baseline 0.004 -20"><span class='ocrx_word' id='word_1_773' title='bbox 456 5758 588 5803; x_wconf 72' lang='lat' dir='ltr'>sunt</span> <span class='ocrx_word' id='word_1_774' title='bbox 613 5750 1064 5806; x_wconf 82' lang='lat' dir='ltr'>accuratissimus</span> <span class='ocrx_word' id='word_1_775' title='bbox 1103 5752 1386 5823; x_wconf 90' lang='lat' dir='ltr'>indagator</span> <span class='ocrx_word' id='word_1_776' title='bbox 1419 5773 1431 5807; x_wconf 89' lang='lat'>:</span> <span class='ocrx_word' id='word_1_777' title='bbox 1464 5754 1832 5809; x_wconf 88' lang='lat' dir='ltr'>vetustiorum</span> <span class='ocrx_word' id='word_1_778' title='bbox 1866 5754 2038 5809; x_wconf 71' lang='lat' dir='ltr'>haere-</span> 
     </span>
    </p>
   </div>
   <div class='ocr_carea' id='block_1_106' title="bbox 456 5843 2037 5918">
    <p class='ocr_par' dir='ltr' id='par_1_106' title="bbox 456 5843 2037 5918">
     <span class='ocr_line' id='line_1_106' title="bbox 456 5843 2037 5918; baseline 0.006 -24"><span class='ocrx_word' id='word_1_779' title='bbox 456 5843 690 5899; x_wconf 83' lang='lat' dir='ltr'>ticorum</span> <span class='ocrx_word' id='word_1_780' title='bbox 719 5844 913 5900; x_wconf 88' lang='lat' dir='ltr'>deliria</span> <span class='ocrx_word' id='word_1_781' title='bbox 942 5846 1177 5903; x_wconf 81' lang='lat' dir='ltr'>breviter</span> <span class='ocrx_word' id='word_1_782' title='bbox 1199 5846 1481 5916; x_wconf 88' lang='lat' dir='ltr'>describit,</span> <span class='ocrx_word' id='word_1_783' title='bbox 1501 5857 1553 5905; x_wconf 90' lang='lat' dir='ltr'>ct</span> <span class='ocrx_word' id='word_1_784' title='bbox 1576 5846 1922 5918; x_wconf 87' lang='lat' dir='ltr'>disciplinam</span> <span class='ocrx_word' id='word_1_785' title='bbox 1945 5847 2037 5903; x_wconf 77' lang='lat' dir='ltr'>vix</span> 
     </span>
    </p>
   </div>
   <div class='ocr_carea' id='block_1_107' title="bbox 2152 4636 3727 4709">
    <p class='ocr_par' dir='ltr' id='par_1_107' title="bbox 2152 4636 3727 4709">
     <span class='ocr_line' id='line_1_107' title="bbox 2152 4636 3727 4709; baseline 0.006 -18"><span class='ocrx_word' id='word_1_786' title='bbox 2152 4636 2328 4693; x_wconf 88' lang='lat' dir='ltr'>Stanti</span> <span class='ocrx_word' id='word_1_787' title='bbox 2373 4656 2536 4709; x_wconf 91' lang='lat' dir='ltr'>quem</span> <span class='ocrx_word' id='word_1_788' title='bbox 2590 4642 2781 4696; x_wconf 90' lang='lat' dir='ltr'>colunt</span> <span class='ocrx_word' id='word_1_789' title='bbox 2826 4644 3020 4699; x_wconf 86' lang='lat' dir='ltr'>volunt</span> <span class='ocrx_word' id='word_1_790' title='bbox 3066 4646 3359 4702; x_wconf 88' lang='lat' dir='ltr'>assimilari</span> <span class='ocrx_word' id='word_1_791' title='bbox 3408 4650 3676 4705; x_wconf 86' lang='lat' dir='ltr'>moribus.</span> <span class='ocrx_word' id='word_1_792' title='bbox 3710 4671 3727 4700; x_wconf 84' lang='grc'>›</span> 
     </span>
    </p>
   </div>
   <div class='ocr_carea' id='block_1_108' title="bbox 2149 4732 3733 4815">
    <p class='ocr_par' dir='ltr' id='par_1_108' title="bbox 2149 4732 3733 4815">
     <span class='ocr_line' id='line_1_108' title="bbox 2149 4732 3733 4815; baseline 0.008 -29"><span class='ocrx_word' id='word_1_793' title='bbox 2149 4732 2342 4787; x_wconf 86' lang='lat' dir='ltr'>Postea</span> <span class='ocrx_word' id='word_1_794' title='bbox 2378 4732 2642 4804; x_wconf 86' lang='lat' dir='ltr'>Origenes</span> <span class='ocrx_word' id='word_1_795' title='bbox 2688 4737 2784 4791; x_wconf 91' lang='lat' dir='ltr'>lib.</span> <span class='ocrx_word' id='word_1_796' title='bbox 2815 4754 2869 4791; x_wconf 83' lang='lat' dir='ltr'>vr</span> <span class='ocrx_word' id='word_1_797' title='bbox 2950 4750 3135 4792; x_wconf 85' lang='lat' dir='ltr'>contra</span> <span class='ocrx_word' id='word_1_798' title='bbox 3180 4741 3435 4795; x_wconf 85' lang='lat' dir='ltr'>Celsum:</span> <span class='ocrx_word' id='word_1_799' title='bbox 3481 4746 3733 4815; x_wconf 75' lang='grc' dir='ltr'>Οὐδαμοῦ</span> 
     </span>
    </p>
   </div>
   <div class='ocr_carea' id='block_1_109' title="bbox 2147 4824 3737 4902">
    <p class='ocr_par' dir='ltr' id='par_1_109' title="bbox 2147 4824 3737 4902">
     <span class='ocr_line' id='line_1_109' title="bbox 2147 4824 3737 4902; baseline 0.008 -25"><span class='ocrx_word' id='word_1_800' title='bbox 2147 4824 2247 4895; x_wconf 80' lang='grc' dir='ltr'>τῆς</span> <span class='ocrx_word' id='word_1_801' title='bbox 2279 4826 2606 4898; x_wconf 82' lang='grc' dir='ltr'>οἰκουμένης</span> <span class='ocrx_word' id='word_1_802' title='bbox 2631 4830 2681 4880; x_wconf 84' lang='grc' dir='ltr'>οἱ</span> <span class='ocrx_word' id='word_1_803' title='bbox 2712 4830 3056 4899; x_wconf 86' lang='grc' dir='ltr'>Σιμωνιανοί.</span> <span class='ocrx_word' id='word_1_804' title='bbox 3088 4850 3105 4881; x_wconf 76' lang='grc' dir='ltr'>ι</span> <span class='ocrx_word' id='word_1_805' title='bbox 3137 4829 3335 4886; x_wconf 87' lang='lat' dir='ltr'>Nullihi</span> <span class='ocrx_word' id='word_1_806' title='bbox 3372 4834 3612 4902; x_wconf 88' lang='lat' dir='ltr'>gentium</span> <span class='ocrx_word' id='word_1_807' title='bbox 3650 4838 3737 4889; x_wconf 85' lang='lat' dir='ltr'>Si-</span> 
     </span>
    </p>
   </div>
   <div class='ocr_carea' id='block_1_110' title="bbox 2150 4920 3735 4993">
    <p class='ocr_par' dir='ltr' id='par_1_110' title="bbox 2150 4920 3735 4993">
     <span class='ocr_line' id='line_1_110' title="bbox 2150 4920 3735 4993; baseline 0.005 -22"><span class='ocrx_word' id='word_1_808' title='bbox 2150 4921 2452 4974; x_wconf 67' lang='lat' dir='ltr'>moniani.)</span> <span class='ocrx_word' id='word_1_809' title='bbox 2490 4920 2610 4990; x_wconf 82' lang='lat' dir='ltr'>Ipse</span> <span class='ocrx_word' id='word_1_810' title='bbox 2654 4930 2838 4976; x_wconf 84' lang='lat' dir='ltr'>tamen</span> <span class='ocrx_word' id='word_1_811' title='bbox 2878 4923 3124 4993; x_wconf 81' lang='lat' dir='ltr'>ejusdem</span> <span class='ocrx_word' id='word_1_812' title='bbox 3172 4925 3352 4993; x_wconf 88' lang='lat' dir='ltr'>operis</span> <span class='ocrx_word' id='word_1_813' title='bbox 3383 4926 3477 4979; x_wconf 92' lang='lat' dir='ltr'>lib.</span> <span class='ocrx_word' id='word_1_814' title='bbox 3513 4942 3564 4979; x_wconf 75' lang='grc' dir='ltr'>ιε</span> <span class='ocrx_word' id='word_1_815' title='bbox 3597 4927 3735 4979; x_wconf 73' lang='grc' dir='ltr'>Νυνὶ</span> 
     </span>
    </p>
   </div>
   <div class='ocr_carea' id='block_1_111' title="bbox 2146 5013 3733 5089">
    <p class='ocr_par' dir='ltr' id='par_1_111' title="bbox 2146 5013 3733 5089">
     <span class='ocr_line' id='line_1_111' title="bbox 2146 5013 3733 5089; baseline 0.006 -24"><span class='ocrx_word' id='word_1_816' title='bbox 2146 5014 2201 5065; x_wconf 81' lang='grc' dir='ltr'>δὲ</span> <span class='ocrx_word' id='word_1_817' title='bbox 2228 5014 2354 5077; x_wconf 82' lang='grc' dir='ltr'>τοὺς</span> <span class='ocrx_word' id='word_1_818' title='bbox 2382 5013 2590 5076; x_wconf 81' lang='grc' dir='ltr'>πάντας</span> <span class='ocrx_word' id='word_1_819' title='bbox 2615 5018 2672 5067; x_wconf 76' lang='grc' dir='ltr'>ἐν</span> <span class='ocrx_word' id='word_1_820' title='bbox 2690 5018 2755 5086; x_wconf 78' lang='grc' dir='ltr'>τῇ</span> <span class='ocrx_word' id='word_1_821' title='bbox 2784 5016 3077 5086; x_wconf 78' lang='grc' dir='ltr'>οἰκουμένῃ</span> <span class='ocrx_word' id='word_1_822' title='bbox 3101 5015 3200 5067; x_wconf 80' lang='grc' dir='ltr'>οῦκ</span> <span class='ocrx_word' id='word_1_823' title='bbox 3227 5016 3342 5071; x_wconf 77' lang='grc' dir='ltr'>ἔστι</span> <span class='ocrx_word' id='word_1_824' title='bbox 3367 5019 3733 5089; x_wconf 78' lang='grc' dir='ltr'>Σιμωνιανοῦς</span> 
     </span>
    </p>
   </div>
   <div class='ocr_carea' id='block_1_112' title="bbox 2148 5103 3734 5183">
    <p class='ocr_par' dir='ltr' id='par_1_112' title="bbox 2148 5103 3734 5183">
     <span class='ocr_line' id='line_1_112' title="bbox 2148 5103 3734 5183; baseline 0.006 -26"><span class='ocrx_word' id='word_1_825' title='bbox 2148 5106 2327 5176; x_wconf 75' lang='grc' dir='ltr'>εὑρεῖν</span> <span class='ocrx_word' id='word_1_826' title='bbox 2370 5106 2462 5159; x_wconf 84' lang='grc' dir='ltr'>τὸν</span> <span class='ocrx_word' id='word_1_827' title='bbox 2507 5106 2776 5178; x_wconf 76' lang='grc' dir='ltr'>ἀριθμὸν,</span> <span class='ocrx_word' id='word_1_828' title='bbox 2830 5103 3014 5177; x_wconf 77' lang='grc' dir='ltr'>οἶμαι,</span> <span class='ocrx_word' id='word_1_829' title='bbox 3062 5108 3397 5179; x_wconf 86' lang='grc' dir='ltr'>τριάκοντα,</span> <span class='ocrx_word' id='word_1_830' title='bbox 3447 5111 3540 5164; x_wconf 79' lang='grc' dir='ltr'>καὶ</span> <span class='ocrx_word' id='word_1_831' title='bbox 3594 5114 3734 5183; x_wconf 81' lang='grc' dir='ltr'>τάχα</span> 
     </span>
    </p>
   </div>
   <div class='ocr_carea' id='block_1_113' title="bbox 2148 5194 3733 5274">
    <p class='ocr_par' dir='ltr' id='par_1_113' title="bbox 2148 5194 3733 5274">
     <span class='ocr_line' id='line_1_113' title="bbox 2148 5194 3733 5274; baseline 0.006 -25"><span class='ocrx_word' id='word_1_832' title='bbox 2148 5198 2398 5262; x_wconf 87' lang='grc' dir='ltr'>πλείονας</span> <span class='ocrx_word' id='word_1_833' title='bbox 2422 5194 2575 5253; x_wconf 86' lang='grc' dir='ltr'>εἷπον</span> <span class='ocrx_word' id='word_1_834' title='bbox 2610 5200 2719 5252; x_wconf 82' lang='grc' dir='ltr'>τῶν</span> <span class='ocrx_word' id='word_1_835' title='bbox 2758 5200 2948 5253; x_wconf 79' lang='grc' dir='ltr'>ὄντων.</span> <span class='ocrx_word' id='word_1_836' title='bbox 2981 5198 3102 5251; x_wconf 82' lang='grc' dir='ltr'>Εἰσὶ</span> <span class='ocrx_word' id='word_1_837' title='bbox 3137 5200 3193 5251; x_wconf 87' lang='grc' dir='ltr'>δὲ</span> <span class='ocrx_word' id='word_1_838' title='bbox 3238 5204 3365 5273; x_wconf 77' lang='grc' dir='ltr'>περὶ</span> <span class='ocrx_word' id='word_1_839' title='bbox 3404 5204 3501 5274; x_wconf 86' lang='grc' dir='ltr'>τὴν</span> <span class='ocrx_word' id='word_1_840' title='bbox 3526 5205 3733 5258; x_wconf 74' lang='grc' dir='ltr'>Παλαι-</span> 
     </span>
    </p>
   </div>
   <div class='ocr_carea' id='block_1_114' title="bbox 2148 5292 3733 5369">
    <p class='ocr_par' dir='ltr' id='par_1_114' title="bbox 2148 5292 3733 5369">
     <span class='ocr_line' id='line_1_114' title="bbox 2148 5292 3733 5369; baseline 0.004 -26"><span class='ocrx_word' id='word_1_841' title='bbox 2148 5292 2333 5361; x_wconf 85' lang='grc' dir='ltr'>στίνην</span> <span class='ocrx_word' id='word_1_842' title='bbox 2371 5292 2575 5363; x_wconf 79' lang='grc' dir='ltr'>σφόδρα</span> <span class='ocrx_word' id='word_1_843' title='bbox 2616 5294 2919 5364; x_wconf 81' lang='grc' dir='ltr'>ἐλάχιστοι,</span> <span class='ocrx_word' id='word_1_844' title='bbox 2955 5297 3056 5366; x_wconf 78' lang='grc' dir='ltr'>τῆς</span> <span class='ocrx_word' id='word_1_845' title='bbox 3084 5298 3141 5350; x_wconf 80' lang='grc' dir='ltr'>δὲ</span> <span class='ocrx_word' id='word_1_846' title='bbox 3183 5297 3377 5367; x_wconf 80' lang='grc' dir='ltr'>λοιπῆς</span> <span class='ocrx_word' id='word_1_847' title='bbox 3409 5298 3733 5369; x_wconf 78' lang='grc' dir='ltr'>οἰκουμένης</span> 
     </span>
    </p>
   </div>
   <div class='ocr_carea' id='block_1_115' title="bbox 2144 5384 3735 5463">
    <p class='ocr_par' dir='ltr' id='par_1_115' title="bbox 2144 5384 3735 5463">
     <span class='ocr_line' id='line_1_115' title="bbox 2144 5384 3735 5463; baseline 0.005 -27"><span class='ocrx_word' id='word_1_848' title='bbox 2144 5384 2381 5454; x_wconf 77' lang='grc' dir='ltr'>οὐδαμοῦ</span> <span class='ocrx_word' id='word_1_849' title='bbox 2410 5385 2471 5438; x_wconf 84' lang='grc' dir='ltr'>τὸ</span> <span class='ocrx_word' id='word_1_850' title='bbox 2497 5385 2665 5456; x_wconf 71' lang='grc' dir='ltr'>ὄνομα</span> <span class='ocrx_word' id='word_1_851' title='bbox 2695 5386 2859 5441; x_wconf 83' lang='grc' dir='ltr'>αὐτοῦ</span> <span class='ocrx_word' id='word_1_852' title='bbox 2903 5389 3024 5441; x_wconf 84' lang='grc' dir='ltr'>καθ’</span> <span class='ocrx_word' id='word_1_853' title='bbox 3055 5390 3120 5459; x_wconf 77' lang='grc' dir='ltr'>ῆν</span> <span class='ocrx_word' id='word_1_854' title='bbox 3150 5390 3380 5460; x_wconf 71' lang='grc' dir='ltr'>ἠθέλησε</span> <span class='ocrx_word' id='word_1_855' title='bbox 3414 5390 3573 5456; x_wconf 76' lang='grc' dir='ltr'>δόξαν</span> <span class='ocrx_word' id='word_1_856' title='bbox 3605 5392 3735 5463; x_wconf 73' lang='grc' dir='ltr'>περὶ</span> 
     </span>
    </p>
   </div>
   <div class='ocr_carea' id='block_1_116' title="bbox 2145 5475 3733 5535">
    <p class='ocr_par' dir='ltr' id='par_1_116' title="bbox 2145 5475 3733 5535">
     <span class='ocr_line' id='line_1_116' title="bbox 2145 5475 3733 5535; baseline 0.005 -8"><span class='ocrx_word' id='word_1_857' title='bbox 2145 5475 2340 5528; x_wconf 77' lang='grc' dir='ltr'>ἑαυτοῦ</span> <span class='ocrx_word' id='word_1_858' title='bbox 2394 5477 2763 5531; x_wconf 78' lang='grc' dir='ltr'>διασκεδάσαι.</span> <span class='ocrx_word' id='word_1_859' title='bbox 2828 5497 2846 5529; x_wconf 88' lang='grc'><em>‹</em></span> <span class='ocrx_word' id='word_1_860' title='bbox 2888 5476 3046 5534; x_wconf 86' lang='lat' dir='ltr'>Nunc</span> <span class='ocrx_word' id='word_1_861' title='bbox 3094 5490 3277 5534; x_wconf 89' lang='lat' dir='ltr'>autem</span> <span class='ocrx_word' id='word_1_862' title='bbox 3331 5481 3383 5534; x_wconf 92' lang='lat' dir='ltr'>in</span> <span class='ocrx_word' id='word_1_863' title='bbox 3430 5492 3543 5535; x_wconf 90' lang='lat' dir='ltr'>toto</span> <span class='ocrx_word' id='word_1_864' title='bbox 3601 5484 3733 5535; x_wconf 89' lang='lat' dir='ltr'>orbe</span> 
     </span>
    </p>
   </div>
   <div class='ocr_carea' id='block_1_117' title="bbox 2144 5570 3735 5642">
    <p class='ocr_par' dir='ltr' id='par_1_117' title="bbox 2144 5570 3735 5642">
     <span class='ocr_line' id='line_1_117' title="bbox 2144 5570 3735 5642; baseline 0.004 -21"><span class='ocrx_word' id='word_1_865' title='bbox 2144 5570 2339 5637; x_wconf 90' lang='lat' dir='ltr'>opinor</span> <span class='ocrx_word' id='word_1_866' title='bbox 2369 5570 2459 5623; x_wconf 75' lang='lat' dir='ltr'>vix</span> <span class='ocrx_word' id='word_1_867' title='bbox 2494 5571 2713 5641; x_wconf 88' lang='lat' dir='ltr'>triginta</span> <span class='ocrx_word' id='word_1_868' title='bbox 2743 5570 3094 5628; x_wconf 83' lang='lat' dir='ltr'>Simonianos</span> <span class='ocrx_word' id='word_1_869' title='bbox 3123 5574 3385 5642; x_wconf 86' lang='lat' dir='ltr'>reperiri;</span> <span class='ocrx_word' id='word_1_870' title='bbox 3413 5590 3478 5628; x_wconf 91' lang='lat' dir='ltr'>ac</span> <span class='ocrx_word' id='word_1_871' title='bbox 3499 5572 3735 5629; x_wconf 80' lang='lat' dir='ltr'>fortasse</span> 
     </span>
    </p>
   </div>
   <div class='ocr_carea' id='block_1_118' title="bbox 2144 5660 3732 5736">
    <p class='ocr_par' dir='ltr' id='par_1_118' title="bbox 2144 5660 3732 5736">
     <span class='ocr_line' id='line_1_118' title="bbox 2144 5660 3732 5736; baseline 0.003 -24"><span class='ocrx_word' id='word_1_872' title='bbox 2144 5674 2213 5713; x_wconf 89' lang='lat' dir='ltr'>ne</span> <span class='ocrx_word' id='word_1_873' title='bbox 2242 5670 2321 5714; x_wconf 92' lang='lat' dir='ltr'>tot</span> <span class='ocrx_word' id='word_1_874' title='bbox 2370 5662 2610 5731; x_wconf 89' lang='lat' dir='ltr'>quidem.</span> <span class='ocrx_word' id='word_1_875' title='bbox 2648 5660 2787 5716; x_wconf 91' lang='lat' dir='ltr'>Sunt</span> <span class='ocrx_word' id='word_1_876' title='bbox 2833 5664 2977 5717; x_wconf 89' lang='lat' dir='ltr'>enim</span> <span class='ocrx_word' id='word_1_877' title='bbox 3012 5664 3065 5717; x_wconf 90' lang='lat' dir='ltr'>in</span> <span class='ocrx_word' id='word_1_878' title='bbox 3098 5662 3391 5720; x_wconf 71' lang='lat' dir='ltr'>Palaestina</span> <span class='ocrx_word' id='word_1_879' title='bbox 3421 5667 3582 5736; x_wconf 89' lang='lat' dir='ltr'>pauci</span> <span class='ocrx_word' id='word_1_880' title='bbox 3631 5666 3732 5718; x_wconf 77' lang='lat' dir='ltr'>at!-</span> 
     </span>
    </p>
   </div>
   <div class='ocr_carea' id='block_1_119' title="bbox 2145 5752 3732 5829">
    <p class='ocr_par' dir='ltr' id='par_1_119' title="bbox 2145 5752 3732 5829">
     <span class='ocr_line' id='line_1_119' title="bbox 2145 5752 3732 5829; baseline 0.004 -23"><span class='ocrx_word' id='word_1_881' title='bbox 2145 5752 2394 5819; x_wconf 90' lang='lat' dir='ltr'>modum,</span> <span class='ocrx_word' id='word_1_882' title='bbox 2419 5756 2471 5807; x_wconf 89' lang='lat' dir='ltr'>in</span> <span class='ocrx_word' id='word_1_883' title='bbox 2504 5755 2713 5825; x_wconf 87' lang='lat' dir='ltr'>reliquo</span> <span class='ocrx_word' id='word_1_884' title='bbox 2736 5771 2866 5811; x_wconf 86' lang='lat' dir='ltr'>vero</span> <span class='ocrx_word' id='word_1_885' title='bbox 2900 5756 3032 5812; x_wconf 90' lang='lat' dir='ltr'>orbe</span> <span class='ocrx_word' id='word_1_886' title='bbox 3070 5774 3343 5829; x_wconf 88' lang='lat' dir='ltr'>nusquam</span> <span class='ocrx_word' id='word_1_887' title='bbox 3378 5775 3575 5814; x_wconf 87' lang='lat' dir='ltr'>nomen</span> <span class='ocrx_word' id='word_1_888' title='bbox 3613 5761 3732 5829; x_wconf 76' lang='lat' dir='ltr'>ejus</span> 
     </span>
    </p>
   </div>
   <div class='ocr_carea' id='block_1_120' title="bbox 2144 5847 3729 5923">
    <p class='ocr_par' dir='ltr' id='par_1_120' title="bbox 2144 5847 3729 5923">
     <span class='ocr_line' id='line_1_120' title="bbox 2144 5847 3729 5923; baseline 0.002 -20"><span class='ocrx_word' id='word_1_889' title='bbox 2144 5856 2227 5904; x_wconf 89' lang='lat' dir='ltr'>est</span> <span class='ocrx_word' id='word_1_890' title='bbox 2262 5847 2334 5923; x_wconf 82' lang='lat' dir='ltr'>in</span> <span class='ocrx_word' id='word_1_891' title='bbox 2370 5862 2433 5905; x_wconf 91' lang='lat' dir='ltr'>ea</span> <span class='ocrx_word' id='word_1_892' title='bbox 2489 5848 2749 5918; x_wconf 82' lang='lat' dir='ltr'>Opinione</span> <span class='ocrx_word' id='word_1_893' title='bbox 2804 5849 2858 5906; x_wconf 90' lang='lat' dir='ltr'>in</span> <span class='ocrx_word' id='word_1_894' title='bbox 2910 5866 3017 5921; x_wconf 90' lang='lat' dir='ltr'>qua</span> <span class='ocrx_word' id='word_1_895' title='bbox 3074 5851 3189 5922; x_wconf 87' lang='lat' dir='ltr'>ipse</span> <span class='ocrx_word' id='word_1_896' title='bbox 3240 5852 3428 5909; x_wconf 83' lang='lat' dir='ltr'>haberi</span> <span class='ocrx_word' id='word_1_897' title='bbox 3482 5854 3677 5908; x_wconf 82' lang='lat' dir='ltr'>voluit.</span> <span class='ocrx_word' id='word_1_898' title='bbox 3708 5874 3729 5906; x_wconf 69' lang='grc' dir='ltr'><strong><em>δ</em></strong></span> 
     </span>
    </p>
   </div>
  </div>
