4138 6456
468 424 582 481 589

1158 424 1209 479 J.
1252 424 1619 480 PEARSONII
1654 422 1973 483 VINDICL‘E
2012 427 2434 484 iGNATiANzE.
2480 463 2546 471 —
2573 429 2759 488 PARS
2798 436 2864 489 ll.

3651 448 3757 504 390

470 547 698 602 Eusebii
737 555 898 603 tetate
940 548 1231 603 exstabant
1264 551 1358 618 qui
1384 549 1505 619 ejus
1534 550 1786 604 hreresim
1836 551 2063 620 prolite«
2096 558 2140 613 Λ
2171 552 2415 622 ipsorum
2454 564 2723 623 potestate
2748 572 2856 610 non
2886 556 3162 614 videbant.
3189 558 3331 614 Fieri
3355 561 3518 615 etiam
3551 574 3755 634 potest.

471 642 708 707 bantur;
753 642 1003 710 quicum
1047 641 1392 697 Christianos
1427 658 1487 697 se
1532 644 1921 711 simulassent,
1949 645 2062 700 dae-

470 749 701 788 menum
735 742 914 789 tamen
940 734 1116 789 cultui
1156 749 1213 789 se
1240 735 1494 804 privatim
1532 738 1925 807 mancipabant
1948 777 1963 805 ,
2004 749 2063 794 ut

470 835 593 905 ipse
620 842 852 889 testatur
886 834 983 887 lib.
1010 850 1070 899 tt,
1102 850 1223 903 cap.
1257 835 1346 887 15.
1389 833 1635 889 Fuerunt
1662 837 1828 906 igitur
1859 854 2059 908 quam-

466 927 694 995 plurimi
725 935 883 981 aetate
917 927 1110 996 lgnatii
1141 927 1469 993 Simoniani,
1509 931 1605 998 qui
1640 930 1875 985 nefanda
1904 948 2057 1001 qua:-

464 1023 595 1074 dum
637 1021 899 1090 mysteria
947 1021 1338 1082 celebrabant,
1367 1022 1760 1077 eucharistiam
1797 1024 2054 1089 minime,

462 1115 562 1184 qui
602 1114 883 1169 Simonem
937 1115 1155 1184 quidem
1211 1115 1500 1181 colebant,
1548 1115 1643 1169 sed
1695 1116 1800 1170 sub
1849 1115 2056 1171 Christi

463 1205 692 1259 nomine
721 1223 733 1258 :
764 1204 975 1258 Πλάνου
1005 1205 1103 1275 μὲν
1132 1204 1283 1267 ὄντος
1310 1205 1496 1269 αὐτοῦ,
1535 1206 1747 1277 μορφὴν
1774 1206 1829 1259 δὲ
1858 1206 2054 1277 ὀνόμα-

458 1314 557 1359 τος
597 1294 833 1367 Χριστοῦ
887 1295 1282 1365 ὲνδυσαμένου,
1331 1316 1349 1346 ι
1389 1296 1482 1365 qui
1533 1296 1748 1350 tametsi
1788 1297 2055 1367 imposmr

459 1398 633 1455 esset,
671 1389 909 1459 speciem
939 1397 1119 1443 tamen
1152 1388 1393 1443 nominis
1418 1387 1625 1443 Christi
1675 1391 1995 1459 assumpsit,
2026 1410 2044 1442 ι

461 1493 526 1537 ut
558 1492 789 1538 testatur
835 1480 1199 1552 Epiphanius.
1225 1479 1357 1547 Quae
1381 1494 1506 1535 cum
1545 1482 1616 1535 ita
1648 1482 1789 1547 sint,
1825 1492 2051 1552 apparet

462 1574 816 1629 Simonianos
865 1573 969 1627 sub
1021 1572 1248 1627 Claudio
1294 1572 1519 1625 minime
1562 1571 1863 1626 exstinctos
1893 1587 2045 1637 esse,

458 1666 688 1735 Trajani
737 1675 792 1720 et
827 1664 1119 1734 lgnatiana:
1148 1664 1425 1734 passionis
1465 1663 1806 1733 temporibus
1849 1680 2045 1733 quam-

458 1759 731 1827 plurimos
758 1757 1068 1821 exstitisse,
1119 1754 1365 1825 adeoque
1412 1754 1480 1808 de
1513 1754 1621 1809 illis
1670 1769 1831 1824 posse
1872 1755 2045 1824 accipi

454 1865 581 1919 quae
608 1866 637 1903 a
662 1849 928 1916 scriptore
955 1846 1309 1916 epistolarum
1334 1846 1400 1901 de
1425 1846 1754 1917 quibusdam
1787 1847 1874 1901 sui
1902 1854 2042 1901 tem-

454 1939 608 2010 poris
641 1937 916 1992 luereticis
948 1937 1091 1992 dicta
1125 1944 1275 1991 sunt.

531 2032 605 2086 De
655 2029 931 2085 Mareione
981 2045 1103 2099 quae
1152 2028 1394 2095 disserit,
1431 2028 1524 2098 qui
1582 2028 1790 2084 Christi
1838 2045 2040 2099 corpus

450 2126 865 2195 phantasticum
907 2123 1115 2189 docuit,
1148 2130 1202 2176 et
1246 2130 1431 2176 tamen
1462 2122 1859 2177 eucharistiam
1897 2122 2042 2177 cele-

452 2217 654 2283 bravit,
680 2216 748 2271 ad
778 2225 992 2271 aetatem
1026 2215 1220 2286 lgnatii
1252 2230 1363 2269 non
1391 2222 1674 2284 spectant;
1701 2229 1878 2284 neque
1907 2215 2040 2285 quid

456 2312 676 2366 Docetze
724 2326 790 2364 eo
839 2324 955 2363 :evo
1014 2307 1266 2374 fecerint,
1302 2308 1622 2362 ostendunt.
1659 2306 1737 2360 llli
1779 2306 1926 2361 enim
1972 2307 2040 2362 de

449 2412 630 2459 morte
662 2402 869 2457 Christi
906 2401 1079 2455 multa
1108 2401 1435 2466 docuerunt,
1459 2415 1582 2468 quae
1609 2398 1853 2453 Marcion
1886 2400 2037 2455 nullo

449 2497 619 2550 modo
676 2496 960 2550 sustinuit.
989 2493 1053 2548 Et
1107 2492 1480 2547 Tertullianus
1536 2500 1768 2547 testatur
1806 2508 1873 2547 eo
1918 2493 2037 2562 ipso

444 2590 593 2655 loco,
623 2589 718 2659 qui
752 2588 1094 2658 producitur,
1147 2584 1483 2639 Marcionem
1527 2595 1874 2640 sacramenta
1904 2602 2035 2655 pro-

442 2684 564 2753 pria
608 2682 893 2738 habuisse.
931 2680 1172 2751 lgnatius
1202 2688 1386 2733 autem
1427 2679 1495 2733 de
1542 2677 1799 2734 Ecclesia:
1845 2694 2035 2734 sacra-

442 2788 630 2831 mento
673 2777 792 2832 sine
836 2775 1002 2830 dubio
1033 2772 1419 2844 intelligendus
1461 2782 1565 2838 est,
1595 2788 1625 2826 a
1654 2788 1764 2843 quo
1796 2782 1848 2828 et
1884 2770 2032 2827 Mar-

442 2871 566 2926 cion
595 2869 882 2925 abstinuit.
916 2868 1160 2938 Denique
1187 2883 1310 2923 cum
1343 2877 1726 2937 argumentum
1764 2867 1834 2922 ab
1856 2867 2031 2922 inter-

442 2964 689 3031 polatore
721 2962 853 3032 petit
890 2961 941 3031 (a
973 2976 1083 3030 quo
1115 2974 1395 3029 nunquam
1440 2959 1655 3013 videtur
1685 2958 1791 3014 nisi
1820 2957 2032 3015 ᾶοοιιοι·

441 3056 739 3125 recedere),
783 3054 876 3124 qui
918 3054 1033 3107 haec
1082 3052 1248 3107 verba
1281 3051 1536 3107 omisisse
1587 3052 1854 3117 videatur,
1883 3052 2030 3120 quod

438 3150 625 3203 minus
653 3163 780 3202 vera
804 3155 1054 3216 putaret;
1084 3146 1285 3215 primo,
1325 3146 1712 3200 auctoritatem
1755 3144 1817 3199 B.
1851 3143 2030 3201 Tneo-

432 3241 612 3296 doreti
643 3240 1024 3311 interpolatori
1062 3240 1418 3308 opponimus,
1449 3240 1542 3309 qui
1575 3241 1689 3294 haec
1717 3239 1836 3307 ipsa
1859 3240 2025 3295 verba
2054 3280 2096 3337 ο

432 3343 698 3405 tanquam
737 3350 873 3404 pura
918 3340 1048 3402 puta
1093 3332 1371 3402 lgnatiana
1402 3341 1458 3386 et
1487 3333 1773 3388 verissima
1807 3334 2022 3389 exscri—

429 3428 563 3498 psit,
597 3427 871 3482 haereticis
915 3426 1001 3481 sui
1050 3426 1315 3494 temporis
1354 3425 1577 3495 obiecit,
1611 3440 1790 3495 neque
1816 3427 2023 3482 veritus

426 3533 517 3579 est
546 3539 613 3577 ne
645 3523 737 3576 illa
762 3520 927 3575 verba
958 3528 1235 3574 auctorem
1264 3518 1623 3587 epistolarum
1654 3518 1823 3598 alium
1855 3534 2020 3587 quam

428 3614 699 3686 lgnatium
781 3611 1100 3681 episcopum
1166 3609 1567 3662 Antiochenam
1625 3617 1680 3662 et
1723 3620 2020 3679 martyrem

425 3709 743 3778 proderent.
779 3704 1058 3770 Secundo,
1088 3702 1448 3771 interpolator
1485 3702 1623 3771 ipse,
1661 3703 1755 3771 qui
1789 3717 1890 3771 pro
1915 3718 2014 3757 sua

426 3799 674 3863 libidine,
724 3808 1068 3866 quazcunque
1122 3793 1298 3846 voluit
1347 3792 1607 3847 omittere
1649 3793 1847 3847 solitus
1910 3802 2015 3860 est,

423 3894 579 3947 nullo
614 3892 776 3946 modo
817 3905 880 3943 ea
907 3888 1073 3943 verba
1105 3886 1379 3951 omisisse,
1413 3884 1559 3954 quod
1588 3900 1715 3939 vera
1751 3900 1873 3941 esse
1904 3901 2015 3940 non

422 3993 663 4056 putaret,
694 3981 972 4053 putandus
1002 3989 1107 4043 est,
1137 3987 1198 4033 ut
1241 3994 1306 4031 ex
1369 3977 1453 4031 his
1500 3994 1623 4048 quae
1652 3994 1842 4032 eorum
1892 3979 2015 4034 loco

418 4080 599 4150 posita
633 4086 763 4132 sunt
788 4082 1050 4145 apparet:
1082 4073 1173 4126 τὸν
1209 4070 1441 4143 σταυρὸν
1475 4071 1916 4141 ἐπαισχύνονται,
1952 4073 2013 4125 τὸ

416 4172 593 4235 πάθος
639 4167 982 4241 χλευάζουσι,
1018 4165 1116 4237 τὴν
1165 4164 1462 4217 ἀνάστασιν
1495 4162 1838 4233 κωμῳδοῦσι.
1875 4163 2011 4230 Quis

413 4265 564 4318 enim
589 4278 684 4317 eos
715 4260 1064 4315 eucharistize
1090 4264 1439 4313 sacramento
1465 4271 1597 4311 usos
1630 4256 1799 4311 fuisse
1829 4267 2001 4326 putet,

412 4356 508 4427 qui
557 4375 576 4406 ‹
629 4352 835 4408 Christi
897 4364 1116 4406 crucem
1162 4347 1515 4415 erubescunt,
1563 4348 1656 4416 qui
1692 4348 2002 4416 passionem

409 4451 535 4519 ejus
562 4446 835 4509 derident,
859 4445 955 4515 qui
991 4443 1446 4501 resurrectionem
1482 4442 1638 4497 ludos
1663 4441 1890 4508 faciunt,
1909 4444 2003 4514 qui

411 4541 689 4596 infidelem
739 4537 1088 4593 inimicitiam
1136 4551 1262 4589 cum
1299 4534 1533 4589 invicem
1569 4535 1790 4590 habent.
1827 4555 1845 4587 ›
1876 4535 2001 4593 Haec

2170 654 2229 700 ut
2278 646 2411 700 illud
2471 649 2751 717 potuerint
2792 648 2991 717 facere,
3040 668 3140 707 nec
3198 662 3381 707 tamen
3439 654 3753 711 faciendum

2166 742 2496 808 putaverint,
2532 743 2842 798 rationibus
2885 745 2954 799 ab
2986 745 3106 814 ipso
3129 744 3340 815 lgnatio
3373 749 3599 806 redditis
3625 767 3753 817 per-

2167 833 2318 897 moti,
2362 835 2653 888 autetiam
2706 835 2888 889 ablata
2942 839 3253 905 occasione,
3285 848 3339 893 ct
3400 840 3749 896 inimicorum

2164 923 2351 980 furore
2400 928 2683 995 prteventi,
2743 944 2869 983 eum
2932 929 3176 999 lgnatius
3232 951 3252 982 ι
3305 933 3611 989 subductus
3666 944 3752 990 est

2160 1032 2285 1071 cum
2336 1016 2689 1074 festinatione
2737 1021 2792 1074 in
2845 1023 3332 1092 amphitheatrum,
3364 1046 3381 1077 ›
3418 1037 3477 1082 ut
3522 1029 3576 1082 in
3628 1030 3749 1100 ejus

2159 1108 2311 1163 Actis
2357 1110 2612 1181 legimus.
2664 1111 2805 1167 Fieri
2840 1115 3077 1186 denique
3125 1126 3327 1187 potest,
3364 1131 3423 1176 ut
3457 1123 3593 1179 illud
3628 1127 3750 1181 effi-

2160 1216 2287 1256 cere
2317 1218 2424 1257 non
2451 1205 2729 1273 potuerint
2753 1207 2870 1260 sine
2894 1204 3019 1262 vita:
3040 1211 3279 1278 plurium
3300 1212 3747 1272 Christianorum

2156 1294 2427 1363 periculo,
2462 1305 2557 1349 aut
2586 1298 2750 1351 etiam
2787 1300 2905 1353 sine
2930 1312 3171 1370 peccato.
3207 1305 3276 1357 At
3301 1321 3409 1359 non
3443 1319 3632 1376 peccat
3654 1313 3749 1380 qui

2159 1386 2213 1440 id
2261 1388 2389 1441 boni
2441 1404 2549 1443 non
2608 1391 2757 1456 facit,
2793 1408 2905 1461 quo
2957 1396 3139 1463 majus
3170 1397 3392 1467 aliquod
3437 1400 3637 1456 bonum
3676 1402 3750 1458 fa-

2153 1494 2276 1533 cere
2333 1480 2540 1549 possit,
2596 1491 2693 1536 aut
2740 1486 2882 1553 quod
2944 1484 3146 1553 facere,
3185 1491 3304 1544 sine
3353 1503 3579 1560 peccato
3637 1511 3748 1550 non

2153 1571 2347 1639 possit.
2389 1592 2407 1623 ι
2439 1571 2556 1627 Non
2586 1590 2795 1644 qumro,
2844 1576 3042 1646 inquit,
3074 1595 3198 1649 «μισ»
3244 1584 3534 1655 qualisque
3587 1585 3750 1642 fuerit

2150 1662 2241 1715 illa
2271 1679 2395 1733 quae
2427 1663 2694 1721 Romanis
2721 1683 2751 1721 a
2788 1676 2977 1723 nostro
3012 1670 3273 1727 tribuitur
3314 1684 3576 1744 potestas.
3613 1698 3632 1730 ι
3681 1680 3750 1735 At

2150 1755 2379 1808 omnino
2396 1757 2775 1824 qurerendum,
2797 1758 2908 1812 imo
2931 1763 3279 1819 statuendum
3299 1776 3416 1821 erat
3433 1769 3614 1838 qualis
3632 1770 3749 1825 hare

2149 1856 2391 1916 potestas
2432 1848 2613 1915 fuerit,
2647 1852 2969 1923 priusquam
3008 1860 3393 1925 pronuntiaret
3420 1863 3747 1931 gravissime

2075 1923 2115 1978 Β
2144 1957 2241 1995 eos
2283 1949 2626 2010 peccaturos,
2657 1945 2701 1999 si
2741 1946 2830 1999 illa
2871 1948 2948 2000 uti
2992 1948 3047 2002 in
3081 1951 3187 2005 hac
3222 1966 3387 2007 causa
3418 1956 3657 2023 nollent;
3692 1966 3747 2015 et

2145 2042 2326 2086 utrum
2354 2034 2475 2088 talis
2492 2046 2655 2099 esset,
2676 2053 2797 2106 quae
2813 2039 2922 2094 illis
2945 2041 3096 2095 nullo
3115 2044 3278 2099 modo
3297 2047 3507 2116 subripi
3536 2060 3738 2119 posset.

2215 2122 2319 2179 Sed
2380 2126 2470 2180 ille
2518 2128 2634 2183 haec
2684 2131 2846 2185 toties
2906 2132 3242 2204 affirmavit,
3294 2150 3350 2193 et
3401 2150 3584 2198 tamen
3636 2144 3741 2200 fal-

2143 2230 2267 2270 sum
2324 2228 2428 2273 est.
2490 2218 2649 2285 Quod
2708 2222 3011 2280 afﬁrmasse
3055 2226 3296 2297 dicitur,
3357 2231 3558 2289 falsum
3618 2252 3741 2294 esse

2142 2310 2388 2363 nondum
2447 2312 2739 2379 probatum
2795 2325 2910 2382 est,
2954 2334 3132 2388 neque
3187 2323 3409 2392 probari
3461 2328 3573 2382 ullo
3623 2346 3741 2388 mo-

2139 2402 2209 2455 do
2250 2413 2460 2472 potest;
2496 2420 2567 2459 an
2613 2408 2774 2463 toties
2826 2409 2881 2463 id
2934 2410 3136 2467 dixerit
3186 2416 3455 2486 scriptor,
3501 2420 3615 2490 jam
3656 2423 3738 2478 vi-

2140 2495 2401 2550 dendum.
2433 2495 2567 2550 Nam
2626 2500 2805 2568 primo
2850 2504 2944 2572 qui
2987 2505 3127 2560 dixit
3158 2523 3237 2575 se,
3280 2528 3299 2560 ‹
3337 2511 3384 2565 si
3418 2512 3495 2566 illi
3546 2517 3737 2572 volue-

2140 2588 2269 2655 rint,
2299 2597 2353 2642 et
2406 2590 2451 2644 si
2513 2591 2589 2645 illi
2622 2608 2732 2646 non
2768 2594 3119 2665 impedirent,
3152 2619 3170 2650 ι
3214 2604 3571 2671 moriturum,
3624 2625 3735 2664 non

2138 2681 2320 2734 statim
2353 2681 2511 2745 dixit,
2554 2701 2571 2733 ‹
2611 2693 2843 2740 mortem
2877 2688 3018 2757 ejus,
3052 2690 3098 2743 si
3134 2692 3355 2756 vellent,
3390 2696 3595 2751 nullam
3642 2698 3732 2754 fu-

2137 2780 2336 2826 turam.
2373 2792 2391 2823 ›
2420 2773 2644 2830 Diversa
2693 2777 2809 2833 haec
2837 2780 2999 2848 plane
3045 2792 3195 2838 sunt.
3224 2784 3385 2842 Novit
3416 2787 3491 2844 S.‘
3518 2802 3729 2865 martyr

2133 2867 2361 2936 gentiles
2410 2884 2604 2925 omnes
2653 2870 2935 2928 Romanos
2983 2878 3341 2946 cupidissime
3382 2882 3733 2953 imperatoris

2132 2960 2413 3015 decretum
2472 2974 2834 3021 exsecuturos
2877 2976 2932 3022 et
2985 2969 3158 3037 ipsius
3206 2984 3383 3030 morte
3432 2978 3732 3037 delectatos

2131 3050 2269 3107 fore.
2303 3052 2423 3109 Nisi
2482 3056 2652 3126 igitur
2703 3056 2942 3115 Romani
2997 3063 3183 3120 fideles
3232 3066 3649 3141 intercederent,
3677 3082 3732 3129 et

2130 3148 2456 3218 martyrium
2503 3149 2625 3219 ejus
2662 3150 2850 3222 aliquo
2882 3155 3048 3211 modo
3077 3157 3344 3228 impedire
3367 3175 3727 3233 conarentur,

2132 3240 2443 3294 certissima
2486 3242 2534 3295 ei
2581 3257 2734 3298 mors
2766 3253 2829 3298 ut
2855 3254 2911 3300 et
2945 3251 3360 3318 exoptatissima
3384 3269 3483 3324 pro
3506 3256 3731 3312 Christo

2130 3328 2253 3386 fuit.
2280 3330 2399 3387 Non
2447 3341 2625 3388 tamen
2666 3334 2793 3391 inde
2819 3340 3070 3408 sequitur
3091 3342 3299 3399 dixisse
3326 3361 3475 3409 eum,
3515 3349 3723 3405 nullam

2130 3422 2249 3477 fore
2297 3434 2553 3491 mortem,
2581 3427 2627 3480 si
2658 3424 2961 3484 Christiani
2996 3432 3291 3501 voluerint,
3321 3445 3417 3491 aut
3459 3438 3726 3508 impedire

2128 3528 2465 3571 conarentur
2494 3536 2507 3571 :
2539 3518 2644 3572 hoc
2671 3520 2817 3573 enim
2853 3536 2921 3575 an
2952 3522 3171 3579 efficere
3195 3541 3441 3595 possent,
3473 3531 3723 3589 dubitare

2126 3606 2291 3660 etiam
2326 3606 2416 3662 ille
2452 3608 2547 3677 qui
2582 3608 2698 3662 haec
2727 3608 2944 3667 dixerat
2971 3615 3170 3682 potuit.
3200 3614 3362 3671 Novit
3392 3619 3638 3677 infideles
3667 3633 3721 3679 et

2124 3699 2369 3769 potuisse
2408 3707 2463 3754 et
2518 3700 2761 3757 voluisse
2814 3719 2940 3757 eum
2996 3705 3332 3770 interﬁcere;
3369 3721 3522 3765 certo
3553 3714 3721 3783 igitur

2124 3791 2230 3846 hoc
2280 3789 2527 3846 futurum
2570 3802 2716 3859 erat,
2757 3795 2863 3850 nisi
2898 3797 3097 3867 aliquis
3126 3799 3433 3869 impediret.
3464 3802 3626 3861 Novit
3658 3823 3718 3864 se

2119 3898 2150 3938 a
2185 3882 2296 3939 Deo
2332 3885 2397 3939 ad
2443 3887 2765 3957 martyrium
2808 3900 3062 3944 vocatum
3115 3908 3273 3958 esse;
3324 3895 3588 3965 impedire
3621 3916 3717 3954 vo-

2118 3975 2288 4031 luisse
2339 3993 2503 4031 nemo
2548 3979 2833 4033 hominum
2869 3990 3067 4051 praeter
3122 3984 3472 4043 Christianos
3522 3988 3714 4046 Roma:

2118 4069 2456 4125 constitutos
2494 4070 2803 4126 credendus
2842 4071 2965 4128 fuit.
3006 4072 3062 4128 Si
3096 4075 3263 4145 igitur
3292 4078 3368 4131 illi
3394 4080 3535 4135 idem
3564 4085 3712 4152 quod

2115 4161 2191 4215 illi
2237 4161 2453 4229 vellent,
2483 4171 2579 4216 aut
2610 4178 2719 4217 non
2753 4164 3105 4234 impedirent,
3136 4169 3444 4225 certissima
3481 4177 3710 4246 martyri

2115 4270 2265 4309 mors
2312 4253 2434 4321 fuit,
2464 4257 2579 4309 sive
2611 4256 2689 4309 illi
2720 4272 2911 4311 revera
2936 4257 3200 4327 impedire
3230 4262 3561 4328 potuissent.
3594 4267 3710 4321 sive

2116 4363 2250 4402 non.
2305 4348 2463 4404 Multi
2512 4350 2658 4404 enim
2717 4349 3021 4407 Christiani
3065 4353 3419 4411 confessores
3452 4375 3482 4411 a
3532 4370 3709 4415 morte

2115 4442 2355 4497 liberare
2388 4443 2570 4498 conati
2604 4454 2755 4509 sunt,
2788 4445 2884 4513 qui
2911 4445 2964 4498 id
2993 4443 3211 4501 efficere
3238 4463 3344 4502 non
3388 4459 3702 4518 potuerunt.

2106 4533 2184 4589 De
2227 4532 2525 4603 Peregrina
2580 4532 2858 4588 Lucianus
2893 4551 2906 4588 :
2965 4535 3129 4588 Ἐπεὶ
3174 4535 3229 4588 δὲ
3268 4533 3364 4590 οὖν
3395 4538 3622 4605 ἐδέδετο,
3653 4544 3704 4595 οἱ

408 4650 549 4690 sane
577 4633 667 4687 ille
710 4634 914 4702 posuit,
944 4628 1093 4699 quod
1137 4628 1279 4683 idem
1308 4627 1393 4681 his
1424 4627 1604 4682 verbis
1635 4628 1817 4682 doceri
1843 4638 2000 4698 puta-
2032 4654 2039 4709 1

2127 4628 2428 4699 (ριστιανοὶ
2473 4626 2760 4697 συμφορὰν
2797 4627 3114 4697 ποιούμενοι
3147 4627 3208 4680 τὸ
3241 4630 3475 4699 πρᾶγμα
3523 4632 3703 4686 πάντα

407 4736 494 4782 ret
519 4725 667 4797 quod
698 4725 768 4779 ab
797 4723 1003 4795 lgnatio
1030 4722 1239 4776 dictum
1263 4721 1331 4775 de
1361 4721 1428 4776 iis
1449 4731 1554 4783 est,
1581 4722 1672 4791 qui
1698 4722 1766 4775 ab
1788 4722 1997 4793 agapis,

406 4822 481 4876 ab
512 4819 872 4885 eucharistia,
916 4816 987 4872 ab
1031 4815 1405 4871 oblationibus
1432 4815 1799 4881 abstinebant,
1833 4827 1885 4872 et
1931 4820 1999 4874 ab

405 4914 653 4969 Ecclesia
687 4913 741 4966 in
774 4911 974 4966 diaboli
1001 4918 1180 4965 castra
1217 4909 1647 4964 transvolabant.

481 5004 796 5060 secundum
848 5004 1013 5073 hujus
1042 5003 1237 5072 capitis
1282 5012 1665 5073 argumentum
1706 5005 1993 5073 epistolam

398 5100 470 5156 ad
518 5097 801 5152 Romanos
853 5104 1086 5166 spectat,
1143 5110 1254 5164 qua
1308 5094 1573 5164 scriptum
1624 5096 1899 5168 significat
1937 5099 1991 5152 in

396 5206 595 5247 eorum
666 5194 937 5259 potestate
991 5186 1161 5242 fuisse
1210 5187 1390 5256 ipsum
1433 5188 1701 5255 SUpplieio
1734 5188 1987 5244 liberare.

395 5282 679 5337 Fortasse.
710 5279 793 5333 An
849 5279 1016 5345 igitur
1068 5277 1195 5332 inde
1250 5277 1500 5345 sequitur
1556 5276 1823 5349 lgnatium
1867 5296 1989 5334 eam

394 5373 687 5445 epistolam
746 5387 856 5425 non
909 5370 1239 5438 scripsisse?
1297 5368 1558 5423 Profecto
1620 5386 1730 5424 non
1807 5372 1984 5441 capio.

398 5486 420 5519 ι
462 5465 624 5532 Quod
668 5464 716 5519 si
764 5464 836 5518 ita
892 5470 995 5529 est,
1026 5463 1221 5532 inquit,
1250 5461 1496 5531 sequitur
1554 5460 1834 5517 Romanos
1862 5481 1988 5535 gra-

390 5558 623 5613 vissime
664 5570 924 5626 peccasse
955 5573 969 5609 :
1003 5569 1127 5609 eum
1157 5555 1299 5609 enim
1334 5569 1443 5607 non
1489 5554 1844 5609 liberarunt.»
1875 5556 1986 5611 lmo

388 5665 528 5705 vero
573 5665 681 5702 non
742 5648 1014 5717 sequitur.
1045 5645 1192 5700 Fieri
1249 5646 1399 5700 enim
1438 5654 1617 5716 potest
1649 5655 1708 5700 ut
1745 5646 1980 5702 Romani

385 5741 694 5799 Christiani
754 5739 888 5795 illud
939 5736 1150 5794 efﬁcere
1172 5753 1281 5791 non
1318 5738 1620 5807 potuerint,
1650 5739 1797 5809 quod
1822 5738 1983 5810 Igna-

387 5840 500 5894 tius
536 5835 745 5906 putavit
785 5850 883 5890 eos
920 5833 1097 5890 facere
1129 5832 1405 5902 potuisse;
1439 5835 1763 5904 gravissime
1790 5846 1974 5889 autent

382 5948 499 5988 non
544 5928 863 6000 pt-ccabant,
892 5927 986 5997 qni
1037 5925 1169 5983 ιΙΙυιι
1229 5941 1337 5980 non
1405 5924 1672 5994 fecerunt,
1719 5926 1866 5997 quod
1914 5927 1970 5982 in

2103 4719 2318 4773 ἐκίνουν
2346 4717 2653 4790 ἐξαρπάσαι
2679 4719 3007 4790 πειρώμενοι
3033 4720 3198 4773 αὐτόν
3218 4738 3231 4749 ·
3266 4716 3367 4773 εἴτ’
3402 4723 3524 4775 ἐπεὶ
3541 4724 3699 4778 τοῦτο

2099 4808 2167 4884 ἦν
2193 4812 2524 4882 ἀδύνατον,ἦ
2558 4830 2620 4880 γε
2658 4813 2789 4883 ἄλλη
2819 4812 3083 4884 θεραπεία
3106 4815 3253 4866 πᾶσα
3281 4816 3342 4867 οὐ
3378 4815 3694 4889 παρέργως,

2099 4904 2235 4958 ἀλλὰ
2272 4906 2371 4959 σὺν
2403 4904 2607 4975 σπουδῇ
2639 4906 2868 4972 ἐγίνετο.
2912 4924 2930 4955 ‹
2979 4904 3275 4974 Postquam
3319 4908 3536 4963 vinctus
3587 4921 3692 4975 est,

2097 4993 2403 5050 Christiani
2436 5010 2592 5049 suam
2632 4994 3009 5049 infelicitatem
3037 5004 3319 5064 putantes,
3352 5000 3538 5053 omnia
3573 5016 3695 5053 mo-

2096 5086 2296 5141 vebant
2331 5086 2488 5141 illum
2528 5087 2741 5154 eripere
2770 5087 2974 5141 conati.
3010 5086 3133 5140 Mox
3166 5088 3259 5141 ubi
3294 5089 3395 5143 hoc
3433 5091 3692 5160 impossi—

2098 5182 2205 5237 bile
2254 5180 2385 5245 fuit,
2419 5182 2527 5235 alia
2577 5181 2757 5235 omnis
2806 5196 2939 5235 cura
2986 5196 3098 5236 non
3144 5182 3540 5253 perfunctorie,
3590 5188 3687 5242 sed

2093 5275 2283 5330 sedulo
2318 5274 2565 5327 adhibita
2605 5282 2709 5327 est.
2748 5291 2767 5323 ι

2161 5366 2279 5421 Duo
2308 5366 2478 5437 igitur
2501 5366 2620 5419 loca
2642 5379 2765 5434 quae
2794 5365 3054 5435 produxit
3077 5366 3161 5420 vir
3176 5365 3555 5433 doctissimus,
3573 5384 3681 5425 non

2095 5460 2146 5514 id
2180 5460 2433 5514 efﬁciunt
2479 5458 2626 5528 quod
2676 5458 2766 5512 ille
2802 5457 3000 5524 voluit;
3047 5459 3142 5512 sed
3182 5458 3378 5512 tertius
3408 5459 3485 5513 illi
3528 5460 3682 5516 vide—

2090 5553 2252 5607 batur
2280 5567 2552 5617 asserere,
2586 5550 2638 5604 id
2667 5551 2802 5620 ipsis
2832 5550 2993 5605 facile
3025 5550 3217 5606 fuisse.
3256 5570 3276 5602 ‹
3312 5550 3477 5607 Vobis
3505 5554 3678 5621 enim,

2087 5647 2286 5717 inquit,
2340 5646 2504 5699 facile
2548 5654 2632 5699 est
2683 5645 2738 5699 id
2786 5645 2934 5714 quod
2964 5644 3130 5700 vultis
3156 5643 3383 5700 facere:
3425 5664 3444 5697 ι
3482 5645 3679 5702 facilli-

2086 5756 2236 5793 mum
2291 5739 2459 5807 igitur
2509 5736 2844 5791 existimavit
2877 5736 3124 5806 epistolae
3152 5736 3384 5805 scriptor
3412 5735 3676 5794 Roiuania

2085 5832 2338 5887 ﬁdelibus
2364 5829 2555 5892 fuisse,
2591 5829 2858 5899 Ignatium
2884 5845 2915 5882 a
2944 5829 3215 5884 sententia
3248 5829 3594 5899 imperatoris
3619 5839 3676 5886 et

2082 5934 2260 5983 morte
2305 5923 2562 5979 liberare.
2618 5922 2687 5977 At
2718 5923 2774 5978 in
2807 5922 2916 5977 illis
2973 5921 3157 5978 verbis
3196 5921 3265 5977 de
3312 5932 3488 5979 morte
3534 5922 3674 5979 nibii
