4138 6428
459 389 545 442 591
1391 390 1446 445 δ.
1484 389 1834 445 ΙΟΧΑἹΊΠΒ.
1872 418 1941 428 ---
1983 386 2038 440 Pl

2143 384 2515 439 .EGOMENA.

3613 380 3713 414 ’τοῦ

3613 407 3675 435 οἱ)
3685 407 3714 433 Ξι

459 509 666 564 dictum
705 518 820 575 est,
861 524 1039 578 neque
1082 524 1146 564 ea
1193 517 1335 563 recte
1375 509 1601 579 intelligi
1634 510 1752 563 sine
1797 523 2034 576 sequen—
2065 515 2110 568 Λ
2142 505 2412 576 suspicari
2471 518 2580 556 non
2639 510 2848 572 posset,
2877 510 2930 555 et
2980 517 3043 556 ex
3089 497 3183 553 tali
3225 496 3598 567 suppositione
3629 508 3720 550 aut

459 603 607 655 tibus
652 609 918 669 possunt;
953 617 1106 666 ante,
1152 601 1197 655 si
1246 616 1379 655 sana
1435 601 1566 662 sint,
1599 609 1657 653 ut
1693 600 1836 669 apud
1869 599 2040 654 Meta-

461 690 717 758 phrasten
749 700 968 744 exstant
1017 691 1093 745 tiu
1136 691 1323 747 codice
1367 691 1512 744 enim
1555 689 1922 744 Laurentiano
1951 706 2037 757 ea,

459 782 607 852 quod
644 782 939 838 dolendum
989 792 1100 843 est.
1146 798 1253 836 non
1295 783 1587 840 habentur)
1627 784 1915 836 ostendere
1960 783 2041 836 vi-

459 878 658 931 dentur
703 887 981 932 auctorem
1015 878 1258 946 epistolae
1286 887 1505 946 putasse
1539 877 1817 930 liomanos
1852 875 2038 930 lideles

458 970 702 1035 potuisse
728 984 852 1022 cum
889 985 918 1022 a
952 969 1219 1037 supplicio
1249 969 1482 1021 liberare
1513 985 1526 1022 :
1557 977 1606 1020 et
1641 983 1810 1037 quare
1844 967 1894 1020 id
1922 967 2013 1022 exi

460 1060 684 1113 stimare
708 1076 816 1113 non
854 1062 1092 1129 potuerit
1117 1060 1380 1130 lgnatins,
1416 1061 1620 1113 nullam
1655 1061 1788 1113 satis
1817 1074 2037 1128 gravem

459 1168 683 1205 causam
733 1153 907 1206 video.
954 1153 1176 1222 Aliquot
1215 1154 1357 1207 enim
1384 1152 1571 1207 Roma:
1598 1169 1806 1222 magna:
1850 1162 2040 1207 aucto-

459 1245 637 1297 ritatis
677 1245 843 1309 viros,
873 1254 928 1298 et
979 1247 1028 1296 in
1079 1247 1195 1313 ipsa
1225 1247 1390 1298 etiam
1427 1247 1547 1298 aula
1587 1246 1882 1300 nonnullos
1909 1255 2040 1300 tunc

456 1336 992 1392 Christianissimum
1025 1338 1108 1388 vel
1153 1345 1338 1406 aperte
1371 1337 1672 1405 professos,
1705 1336 1786 1388 vel
1829 1344 2038 1390 secreto

457 1431 744 1498 amplexos
781 1429 952 1483 fuisse
1001 1429 1361 1482 dubitandum
1390 1446 1496 1481 non
1523 1438 1636 1494 est;
1667 1428 1783 1497 qui,
1817 1443 1942 1480 cum
1969 1427 2039 1480 ab

461 1518 602 1574 Urbe
639 1522 938 1591 imperator
971 1522 1204 1588 abesset,
1240 1522 1371 1574 illud
1405 1530 1552 1575 certe
1584 1536 1692 1574 non
1727 1535 1868 1588 aegre
1898 1519 2039 1572 obti-

454 1629 586 1666 nere
615 1616 861 1682 potuisse
896 1615 1121 1684 putandi
1152 1624 1300 1679 sunt,
1330 1623 1388 1667 ut
1420 1614 1466 1667 si
1499 1629 1607 1667 non
1641 1613 2031 1676 remitteretur,

455 1706 645 1759 saltem
703 1706 1011 1760 differretur
1085 1707 1366 1760 sententia:
1413 1707 1481 1760 ab
1530 1707 1858 1776 imperatore
1921 1706 2034 1774 jam

454 1799 676 1852 absente
728 1799 849 1853 latae
897 1800 1202 1855 exsecutio.
1246 1798 1348 1853 Sed
1390 1815 1516 1853 cum
1576 1801 1630 1853 in
1684 1801 1864 1853 verbis
1907 1802 2038 1868 ipsis

2144 598 2479 665 suspicione,
2514 609 2583 648 ne
2634 608 2696 647 ea
2741 601 3010 662 potestate
3056 591 3108 644 in
3158 590 3278 658 ipso
3327 587 3632 650 liberanda,
3670 597 3720 641 et

2143 689 2403 760 martyrio
2452 688 2598 757 quod
2651 699 2998 754 summOpere
3049 683 3344 743 ambiebat,
3376 688 3430 734 et
3468 680 3534 733 ed
3573 687 3723 748 qum!

2143 781 2236 835 Dei
2270 782 2522 834 voluntas
2549 779 2684 832 adeo
2716 785 2902 846 aperte
2941 776 3191 838 vocabat,
3217 773 3563 843 impediendo
3608 784 3724 824 nte--

2143 883 2352 939 rentur,
2379 872 2549 925 libere
2596 884 2843 924 monere.
2879 866 3057 933 Quare
3104 876 3161 919 ut
3197 865 3306 918 Deo
3337 864 3575 917 maxime
3607 863 3723 931 pla-

2144 982 2266 1020 cere
2313 965 2568 1019 studeant
2608 979 2704 1018 cos
2739 963 3012 1025 hortatur;
3049 967 3104 1013 ct
3134 974 3164 1012 a
3211 957 3320 1010 Deo
3350 972 3471 1010 esse
3521 965 3578 1010 ut
3609 957 3725 1022 ipse

2143 1075 2242 1128 pro
2269 1058 2488 1111 nomine
2518 1055 2851 1123 Cbristijam
2885 1053 3205 1123 martyrium
3242 1049 3470 1114 subiret,
3509 1048 3574 1102 iis
3602 1049 3724 1117 pla-

2143 1169 2272 1207 num
2317 1152 2467 1206 facit.
2499 1171 2516 1202 ι
2555 1150 2659 1216 Qui
2690 1149 2843 1214 vivit,
2889 1147 3087 1216 inquit,
3123 1153 3177 1199 et
3229 1145 3471 1212 loquitur
3526 1143 3579 1196 in
3609 1158 3718 1207 me,

2143 1246 2292 1299 intus
2321 1245 2453 1297 mihi
2479 1245 2641 1298 dicit:
2664 1241 2811 1296 Vade
2835 1240 2900 1294 ad
2931 1239 3172 1292 Patrem.
3206 1256 3224 1288 ι
3256 1235 3440 1305 Neque
3471 1235 3723 1288 dubitare

2142 1355 2203 1392 se
2251 1338 2491 1392 ostendit
2537 1337 2668 1405 quin
2712 1334 2968 1389 Christus
3009 1332 3076 1386 iis
3108 1331 3278 1384 etiam
3310 1329 3452 1383 hanc
3499 1327 3593 1381 Dei
3627 1341 3725 1380 vo-

2143 1433 2410 1486 lnnta'em
2475 1429 2780 1499 patefacere
2853 1426 3114 1491 voluerit;
3158 1439 3299 1492 quos
3342 1422 3560 1474 interim
3603 1435 3724 1474 cer-

2144 1527 2310 1579 tiores
2368 1524 2528 1588 facit,
2564 1524 2679 1577 hzce
2727 1537 2784 1575 se
2836 1537 2943 1574 non
2990 1518 3293 1573 secundum
3351 1530 3593 1579 carnem,
3626 1513 3723 1568 sed

2143 1626 2379 1670 mentem
2413 1616 2508 1669 Dei
2541 1615 2854 1684 scripsisse.
2879 1611 3027 1665 Nihil
3074 1611 3241 1680 igitur
3274 1609 3328 1662 in
3369 1607 3598 1677 epistola
3652 1605 3719 1659 ad

2144 1709 2422 1763 Romanos
2471 1711 2539 1762 de
2591 1722 2784 1761 eorum
2817 1712 3087 1774 potestate
3128 1702 3334 1756 dictum
3367 1710 3468 1765 cst,
3499 1698 3645 1770 quod
3690 1714 3721 1752 a

2145 1802 2202 1858 S.
2241 1802 2447 1872 lgnatio
2472 1800 2640 1856 scribi
2668 1815 2776 1853 non
2808 1797 3004 1867 potuit.

452 1889 756 1957 reperiatur
813 1891 996 1959 aliqua
1045 1891 1436 1960 discrepantia,
1467 1907 1578 1946 non
1622 1893 1728 1946 crit
1764 1902 1859 1945 aut
1902 1893 2032 1945 mihi
2069 1879 2110 1930 Β
2212 1899 2404 1966 Capite
2433 1897 2505 1949 ‘25
2542 1893 3080 1964 interpolationibus,
3117 1900 3208 1945 aut
3241 1891 3446 1962 spuriis
3496 1888 3722 1960 pel'slri-

452 1983 767 2043 molestum,
817 1995 912 2038 aut
953 1985 1232 2052 cuiquam,
1268 1985 1347 2038 nti
1405 2000 1598 2054 spero,
1651 1986 1948 2057 ingratum,
1989 1986 2035 2039 si

452 2074 778 2128 sententiam
843 2086 1081 2129 nostram
1128 2077 1194 2129 de
1246 2077 1478 2130 lectione
1508 2077 1832 2146 jampridem
1866 2078 2032 2132 dubia

452 2167 817 2236 interponam.
839 2166 1015 2221 Verba
1046 2169 1124 2223 sic
1151 2185 1207 2222 se
1243 2170 1467 2223 habent.
1508 2172 1666 2240 Ὑμῖν
1688 2172 1795 2242 γὰρ
1818 2173 2040 2244 εὐχερές

451 2260 600 2313 ἐςτιν
633 2261 661 2312 ὃ
695 2261 874 2313 θέλετε
922 2262 1144 2332 ποιῆσαι
1170 2279 1182 2290 ⁸
1221 2264 1342 2333 ἐμοὶ
1374 2263 1428 2314 δὲ
1471 2263 1727 2317 δύσκολόν
1771 2268 1887 2319 ἐστι
1945 2268 2037 2320 τοῦ

449 2352 584 2404 Θεοῦ
626 2355 924 2424 ἐπιτυχεῖν,
962 2352 1056 2406 ἐὰν
1091 2356 1247 2426 ὑμεῖς
1292 2355 1551 2426 φείσησθέ.
1588 2375 1711 2427 μου.
1749 2357 1820 2411 Ita
1872 2359 2039 2413 Meta-

450 2447 724 2514 phrastes.
769 2449 956 2501 Codex
999 2447 1379 2519 Augustanus,
1417 2451 1491 2519 μὴ
1519 2451 1779 2520 φείσησθέ
1825 2469 1947 2522 μου,
1986 2465 2037 2507 et

450 2549 606 2591 vetus
636 2538 908 2606 interpres
945 2557 962 2589 ι
1004 2555 1111 2592 non
1154 2541 1376 2608 parcitis
1407 2543 1563 2596 mihi.
1594 2561 1612 2594 ι
1643 2542 1742 2597 llic
1767 2546 2035 2613 particula

453 2630 701 2698 negativa
760 2630 813 2684 in
846 2629 1231 2700 Metaphrastc,
1258 2633 1446 2709 codice
1490 2631 1930 2704 Nydprueeiano,
1984 2647 2040 2693 et

452 2721 687 2793 Yulgato
718 2723 1012 2794 interprete
1050 2725 1204 2779 deest
1240 2744 1252 2779 :
1287 2726 1341 2779 in
1375 2727 1564 2781 codice
1608 2728 1954 2798 Augustano,
1984 2742 2036 2787 ct

450 2823 633 2868 vetere
669 2815 962 2884 interprete
990 2818 1330 2884 agnoscitur.
1369 2818 1427 2872 Si
1461 2820 1628 2889 igitur
1669 2821 1939 2889 judicium
1970 2824 2039 2880 de

450 2907 685 2960 lectione
717 2906 857 2960 ferre
885 2908 1065 2974 liceat,
1096 2918 1226 2978 puto
1261 2912 1581 2980 particulam
1607 2916 1910 2983 negativam
1942 2917 2038 2970 ad-

452 2998 594 3052 mitti
634 2999 852 3065 debere,
891 3001 986 3054 sed
1025 3017 1135 3055 non
1172 3018 1238 3056 eo
1274 3020 1386 3074 quo
1418 3005 1639 3073 ponitur
1671 3006 1809 3066 loco.
1847 3025 2035 3064 verum

452 3099 578 3144 nntc
608 3091 833 3144 verbum
865 3093 1166 3164 ἐπιτυχεῖν,
1199 3103 1253 3147 ut
1281 3095 1512 3164 legatur,
1546 3097 1669 3167 ἐμοὶ
1701 3097 1757 3150 δὲ
1781 3097 2037 3152 δύςκολόν

452 3181 569 3234 ἐστι
627 3181 719 3234 τοῦ
766 3182 900 3236 Θεοῦ
948 3183 1022 3255 μὴ
1075 3186 1372 3256 ἐπιτυχεῖν,
1405 3189 1508 3253 vel,
1549 3190 1696 3256 quod
1740 3190 1884 3244 idem
1928 3201 2034 3258 est,
2067 3227 2107 3282 α

451 3273 762 3343 ἀποτυχεῖν.
798 3272 954 3339 Quod
1008 3276 1054 3330 si
1103 3278 1193 3330 cui
1237 3277 1471 3346 placeat,
1503 3280 1798 3334 verborum
1841 3296 2039 3336 sensus

451 3365 544 3418 hic
575 3365 717 3420 erit:
757 3385 776 3417 ι
817 3367 945 3421 Mihi
979 3378 1162 3422 autem
1194 3370 1392 3425 durum
1419 3384 1473 3426 et
1507 3373 1795 3427 molestum
1820 3384 1901 3428 cst
1931 3373 2041 3428 Deo

450 3473 560 3510 non
618 3460 800 3528 potiri.
842 3479 860 3510 ι
902 3461 978 3514 lla
1022 3461 1281 3516 δύσκολον
1333 3464 1688 3534 interpretor,
1725 3482 1837 3520 non
1881 3477 1941 3521 ut
1970 3469 2042 3522 sit

450 3551 682 3604 arduum
716 3561 769 3606 ct
801 3552 1038 3620 diliicile,
1073 3556 1169 3610 scd
1212 3557 1507 3612 molestum
1540 3567 1595 3612 et
1621 3572 1820 3628 grave,
1852 3560 2036 3631 ἀηδές,

451 3643 566 3696 sive
606 3662 624 3692 ι
663 3644 891 3700 minimc
916 3646 1139 3716 placens
1176 3667 1188 3702 :
1231 3669 1249 3700 ι
1276 3652 1420 3704 unde
1445 3650 1830 3719 δυσκολαίνειν,
1866 3671 1884 3703 ι
1921 3668 2040 3706 mo-

452 3734 585 3788 leste
635 3735 799 3804 ferre,
831 3755 938 3793 non
982 3741 1121 3796 bene
1178 3757 1558 3814 concoquere;
1598 3765 1616 3797 ι
1653 3762 1777 3816 quae
1829 3748 2040 3816 signiti-

450 3829 595 3881 eatio
614 3831 712 3898 ipsi
729 3842 910 3902 etymo
932 3835 1169 3890 maxime
1182 3839 1460 3907 congruit.
1478 3837 1814 3910 Hesychius:
1837 3841 2040 3897 Δυσκο·

449 3921 641 3989 λαίνει,
673 3924 946 3997 δυσφορεῖ,
971 3931 1118 3997 quod
1143 3940 1227 3984 est
1259 3949 1276 3981 ι
1309 3948 1451 4001 aegre
1477 3933 1557 3987 vel
1581 3946 1807 4002 gravate
1836 3933 1938 3988 [ert
1967 3953 1978 3987 :
2014 3953 2032 3984 ι

451 4015 596 4068 unde
641 4017 817 4072 cidem
853 4019 1122 4090 llesycbio
1158 4022 1439 4093 δύσλοφον,
1473 4035 1558 4079 est
1594 4025 1850 4079 δύσκολον
1887 4045 1904 4078 ι
1939 4025 2040 4080 dif-

451 4108 660 4161 ﬁculter
691 4108 995 4166 ferendum.
1039 4133 1055 4163 ι
1091 4113 1246 4168 Unde
1279 4127 1436 4185 poeta
1471 4127 1660 4174 vetus:

569 4202 664 4266 Ὡς
696 4201 1004 4257 δύσκολον
1035 4205 1098 4258 τὸ
1127 4206 1315 4274 γῆρας
1347 4208 1680 4276 ἀνθρώποις
1714 4212 1851 4281 ἔφυ.

527 4292 792 4348 Senectus
848 4298 1021 4362 enim,
1050 4309 1109 4352 ut
1167 4301 1261 4364 ait,
1301 4319 1318 4350 ι
1354 4317 1496 4355 onus
1531 4301 1694 4356 Etna
1731 4304 1975 4373 gravius.
2014 4324 2032 4357 ι

451 4385 572 4441 Jatn
631 4387 677 4440 si
733 4389 835 4442 hoc
884 4405 1048 4442 sensu
1107 4392 1408 4461 accipiatur
1451 4393 1727 4461 δύσκολον,
1759 4397 2038 4451 contrario

455 4479 834 4548 accipiendum
906 4482 1011 4534 erit
1058 4483 1314 4553 εὐχερές,
1381 4494 1441 4538 ιιι
1507 4488 1650 4554 apud
1709 4487 2035 4558 ilesychium

2141 1992 2268 2051 etis,
2288 1989 2512 2043 unicum
2532 1996 2913 2057 argumentum
2939 1984 3204 2039 adversus
3227 1994 3508 2038 auctorem
3540 1983 3723 2052 ipsum

2141 2082 2395 2146 cuditur;
2429 2082 2573 2150 quod
2604 2081 2672 2133 ab
2699 2096 2764 2134 ea
2799 2095 2856 2134 re
2890 2079 3108 2149 petitur,
3142 2092 3304 2147 quam
3336 2091 3444 2129 non
3481 2091 3510 2128 a
3545 2075 3724 2145 gravi-

2139 2184 2252 2228 tate
2302 2174 2560 2242 martyris
2613 2173 2907 2226 abhorrere
2956 2169 3177 2234 fatetur,
3209 2170 3302 2224 sed
3353 2185 3384 2222 a
3422 2167 3630 2238 judicio
3669 2173 3726 2220 et

2143 2267 2434 2334 sapientia,
2469 2283 2647 2335 neque
2668 2266 2735 2319 ab
2759 2266 2866 2319 illis
2895 2265 3115 2333 quidem
3166 2264 3418 2326 multum,
3451 2261 3544 2315 sed
3586 2275 3726 2313 non-

2141 2360 2300 2412 nihil.
2343 2358 2469 2412 llace
2507 2369 2687 2412 autem
2718 2358 2909 2427 ju.lieii
2937 2366 2992 2411 et
3033 2355 3315 2424 sapientiae
3361 2352 3606 2406 defectus
3656 2364 3724 2403 ex

2142 2451 2436 2522 prudentia
2483 2449 2890 2519 interpolatoris
2943 2449 3212 2517 detegitur
3265 2445 3718 2515 perspiciturque.

2142 2541 2242 2612 ita,
2276 2545 2507 2606 scilicet,
2543 2542 2742 2597 Dallaeo
2770 2551 2962 2595 auctor
2990 2540 3236 2609 epistola:
3263 2539 3498 2606 ineptus,
3519 2537 3726 2604 impru-

2141 2641 2283 2694 dens
2345 2637 2572 2702 sciolus,
2609 2636 2662 2688 in
2705 2650 2817 2704 quo
2856 2635 2991 2688 nihil
3024 2634 3129 2687 tale
3161 2632 3399 2701 reperire
3429 2639 3728 2701 potuerunt

2143 2727 2521 2795 antiquissimi
2573 2727 2798 2789 Patres;
2857 2726 3211 2794 interpolator
3273 2734 3454 2778 autem
3507 2734 3722 2788 acutus,

2144 2821 2410 2887 nrudens,
2465 2829 2538 2886 ct,
2572 2820 2718 2889 quod
2781 2822 2982 2874 mirum
3029 2832 3134 2885 est,
3159 2819 3325 2873 etiam
3360 2817 3542 2882 fortis,
3571 2816 3726 2885 cujus

2144 2911 2376 2980 ineptias
2423 2925 2616 2964 omnes
2645 2910 2853 2965 vident.
2887 2909 2994 2963 Sed
3032 2909 3162 2978 quid
3197 2907 3413 2962 tandem
3447 2905 3578 2959 illud
3618 2918 3723 2973 est,

2144 3003 2291 3068 quod
2340 3002 2476 3056 adeo
2531 3017 2561 3054 a
2588 3001 2798 3071 judicio
2829 3013 2881 3055 et
2911 3001 3179 3071 sapientia
3226 3002 3284 3054 S.
3319 3000 3576 3072 martyris
3625 3001 3725 3054 ab-

2145 3095 2365 3149 horret?
2406 3093 2540 3147 lllud
2592 3109 2787 3163 nempe
2838 3095 2986 3162 quod
3050 3093 3371 3163 polliceatur
3411 3107 3470 3146 se
3524 3106 3724 3145 secun-

2145 3188 2274 3241 dum
2307 3188 2552 3242 libellum
2587 3187 2654 3240 ad
2689 3187 2953 3256 Ephesios
2982 3186 3304 3240 missurum.
3335 3183 3448 3238 Hoc
3483 3185 3726 3254 prudent-

2144 3281 2252 3346 tia',
2305 3281 2411 3335 hoc
2450 3280 2736 3350 sapientia:
2783 3279 2840 3333 S.
2876 3278 3072 3349 lgnatii
3126 3278 3311 3333 oilicit.
3336 3275 3471 3330 Nam
3503 3277 3556 3330 in
3589 3277 3727 3331 assi-

2141 3373 2247 3427 dua
2274 3373 2629 3428 meditatione
2654 3373 2867 3438 mortis,
2904 3383 2955 3426 et
2987 3373 3129 3425 inter
3151 3372 3532 3439 lcopardorum
3563 3383 3728 3424 vexa-

2142 3467 2318 3520 tiones
2345 3467 2450 3520 boc
2476 3465 2744 3536 polliceri,
2770 3466 2998 3520 stultum
3033 3477 3199 3520 esset.

2211 3557 2540 3629 Priusquam
2591 3561 2708 3614 haec
2771 3574 3004 3613 censura
3050 3559 3393 3622 admittatur,
3440 3557 3726 3612 videamus

2140 3653 2270 3722 quid
2303 3653 2592 3723 promittit,
2620 3662 2671 3706 et
2693 3652 2992 3721 quomodo.
3013 3651 3169 3716 Quod
3197 3651 3464 3720 promittit
3487 3660 3570 3705 cst
3610 3649 3725 3702 δεύ-

2147 3764 2304 3818 τερον
2335 3745 2613 3816 βιϐλίδιον,
2648 3764 2666 3797 ι
2705 3746 2981 3799 secundus
3008 3745 3245 3808 libellus,
3278 3764 3296 3795 ι
3326 3745 3439 3798 sive
3467 3744 3720 3813 epistola,

2144 3839 2421 3910 βιϐλίδιον,
2453 3841 2670 3909 quidem
2701 3839 2934 3909 quodvis
2964 3838 3290 3908 scriptulnm
3320 3837 3546 3903 Graecis,
3574 3846 3630 3890 ut
3658 3851 3726 3890 ex

2140 3931 2434 3986 Plutarcho
2473 3938 2708 3994 constat,
2743 3929 2884 3998 apud
2930 3945 3092 3998 quem
3120 3929 3174 3983 in
3218 3928 3341 3980 Vita
3371 3928 3607 3983 Cimonis
3633 3928 3726 3981 de-

2142 4025 2459 4078 scribuntur
2485 4023 2639 4077 Chii:
2673 4021 2993 4086 Τοξεύοντες
3028 4023 3167 4092 ὑπὲρ
3205 4021 3272 4074 τὰ
3303 4022 3458 4092 τείχη
3497 4019 3726 4090 βιϐλίδια

2142 4116 2514 4188 προσκείμενα
2563 4117 2673 4177 τοῖς
2729 4114 2950 4178 ὀϊστοῖς,
2995 4133 3012 4164 ‹
3060 4113 3332 4167 libellulos
3381 4111 3592 4182 sagittis
3628 4127 3727 4163 an-

2142 4222 2314 4260 ncxos
2360 4222 2523 4274 super
2557 4220 2746 4258 muros
2789 4208 3090 4259 mittentes.
3123 4223 3142 4256 ›
3172 4203 3342 4259 Vocat
3371 4215 3551 4257 autem
3580 4203 3721 4256 hanc

2141 4298 2427 4366 epistolam
2479 4312 2643 4366 quam
2691 4307 2821 4350 tunc
2873 4295 3109 4364 scripsit,
3164 4295 3406 4348 libellum
3460 4295 3720 4363 primum,

2141 4389 2290 4457 quod
2343 4398 2487 4442 esset
2560 4388 2771 4442 caeteris
2823 4403 2959 4457 quas
3009 4389 3227 4458 scripsit
3262 4390 3424 4457 paulo
3461 4389 3726 4458 prelixior

2142 4480 2224 4547 (ut
2254 4475 2619 4546 Hieronymus
2657 4477 2988 4546 Augustino,
3025 4479 3184 4546 epist.
3215 4477 3313 4533 89:
3341 4498 3359 4529 ι
3395 4477 3529 4534 Tres
3559 4481 3724 4534 simul

451 4571 720 4644 εὐχερής,
777 4570 1025 4638 εὔκολος,
1091 4587 1144 4629 et
1195 4576 1616 4648 εὐπερίστατον,
1671 4578 1919 4642 εὔκολον,
1983 4590 2038 4634 ut

2147 4569 2430 4637 epistolas,
2484 4570 2595 4622 imo
2636 4569 2867 4636 libellos,
2911 4587 3008 4638 per
3041 4572 3335 4625 diaconum
3388 4571 3723 4641 Cvprianum

453 4665 596 4719 idem
631 4668 702 4720 sit
737 4668 884 4737 quod
921 4670 1146 4740 ἀϐαρὲς,
1173 4690 1191 4721 ι
1233 4671 1348 4725 leve
1380 4680 1433 4726 ct
1472 4673 1772 4742 placidum,
1803 4695 1820 4725 ι
1860 4684 1917 4728 ιιι
1965 4677 2034 4730 sit

455 4758 653 4813 horum
672 4761 962 4816 verborum
989 4763 1420 4828 56115υ5,‹νο1)ί8
1443 4766 1663 4834 quidem
1694 4767 1744 4820 id
1773 4769 1914 4837 quod
1942 4786 2035 4822 eu-

456 4853 584 4920 pitis
625 4852 836 4908 eﬂiecre
868 4856 1140 4924 placidum
1171 4870 1226 4911 et
1257 4869 1608 4927 promptum;
1661 4863 1795 4914 mihi
1848 4873 2037 4919 autem

457 4945 568 5000 Deo
589 4961 697 4999 non
730 4949 890 5015 potiri
925 4949 1144 5014 durum,
1174 4966 1339 5019 grave
1388 4962 1442 5004 et
1472 4953 1762 5008 molestum
1797 4956 1956 5008 l‘oret.
2009 4973 2030 5008 ι

528 5034 646 5088 Non
702 5037 868 5106 igitur
932 5052 1154 5107 apparet
1203 5051 1484 5096 auctorem
1533 5045 1776 5112 epistolae
1831 5046 2037 5102 dixisse

457 5125 742 5181 Romanos
789 5128 976 5181 lideles
1025 5129 1182 5185 facile
1231 5132 1478 5200 potuisse
1511 5132 1778 5202 lgnatium
1808 5152 1836 5188 a
1865 5147 2038 5192 morte

456 5221 715 5283 liberare,
742 5230 835 5274 aut
863 5237 983 5274 eam
1017 5224 1243 5290 nullam,
1269 5225 1314 5278 si
1345 5225 1419 5278 illi
1449 5227 1668 5292 vellent,
1688 5226 1824 5281 fore.
1851 5227 2038 5298 Neque

458 5315 756 5369 verisimile
799 5325 886 5369 est
927 5317 1249 5386 scriptor-em
1285 5320 1336 5372 id
1367 5321 1630 5387 voluisse,
1665 5326 1808 5391 quod
1843 5339 1937 5377 eos
1970 5325 2038 5377 ad

458 5415 752 5474 martyrem
784 5405 1129 5460 liberandum
1160 5409 1392 5463 invitare
1427 5414 1735 5466 etcxeitare
1769 5414 2037 5478 videatur,

460 5513 585 5549 eum
620 5499 725 5550 hoc
756 5499 1015 5552 omnibus
1046 5515 1168 5569 qua:
1199 5501 1252 5553 in
1295 5517 1355 5554 ea
1402 5504 1630 5572 epistola
1665 5505 1800 5558 adeo
1844 5505 2043 5572 premit

459 5599 512 5643 et
565 5591 912 5660 persequitur
935 5631 949 5654 ,
993 5596 1333 5648 contrarium
1365 5597 1459 5649 sit.
1495 5598 1600 5650 Ant
1641 5598 1685 5650 si
1716 5613 1837 5650 eam
1887 5607 2042 5666 pote-

462 5691 656 5734 statem
693 5683 928 5750 scriptor
961 5684 1222 5749 irmuerit,
1268 5703 1549 5756 nunquam
1595 5689 1870 5743 constabit
1901 5689 2042 5745 hanc

461 5771 792 5826 Christianis
815 5772 1004 5828 Belua:
1027 5776 1342 5830 constitutis
1372 5778 1507 5831 adeo
1531 5793 1640 5832 non
1671 5779 2039 5847 eompetiisse,

463 5872 517 5916 ut
552 5863 610 5917 ὃ.
641 5863 879 5934 lgnatius
909 5880 1026 5920 eam
1078 5869 1260 5925 animo
1306 5870 1592 5939 concipere
1625 5880 1678 5924 et
1708 5886 1892 5925 veram
1923 5887 2047 5928 esse.

2138 4674 2243 4716 tuac
2289 4662 2622 4732 dignationis
2673 4665 2895 4732 accepi;
2934 4683 2951 4714 ι
2983 4672 3037 4717 et
3091 4664 3252 4734 epist-
3282 4668 3317 4718 2
3349 4683 3363 4718 :
3405 4683 3420 4716 ι
3456 4665 3724 4719 Libellum

2137 4757 2284 4811 hunc
2341 4757 2525 4811 libello
2575 4758 2692 4826 ejus
2747 4759 3030 4826 copulato,
3079 4776 3097 4808 ι
3136 4758 3204 4811 de
3262 4758 3475 4813 duabus
3528 4759 3724 4828 primas

2138 4849 2431 4917 epistolis),
2459 4850 2731 4916 promittit
2771 4864 2830 4901 se
2857 4849 3158 4903 secundum
3192 4850 3356 4902 etiam
3397 4850 3720 4902 missurum.

2140 4940 2429 5006 Quomodo
2481 4950 2664 4995 autem
2709 4943 3017 5010 promittit?
3052 4957 3156 4996 non
3204 4941 3475 5008 absolute,
3501 4943 3592 4996 sed
3623 4943 3726 4996 sub

2142 5037 2467 5106 conditione
2508 5052 2616 5089 non
2671 5052 2802 5091 una.
2838 5035 3046 5101 Primo,
3079 5039 3122 5091 si
3155 5036 3300 5091 Deus
3333 5038 3590 5104 voluerit,
3631 5039 3726 5091 ἐὰν

2143 5130 2354 5201 θέλημα
2407 5125 2466 5202 ᾗ,
2515 5130 2777 5195 secundo,
2829 5131 2874 5184 si
2929 5130 3195 5198 intelligat
3249 5129 3516 5199 Ephesios
3563 5133 3634 5187 ita
3669 5151 3728 5189 se

2144 5225 2369 5282 habere.
2407 5233 2466 5276 ut
2521 5223 2588 5276 ad
2650 5225 2802 5292 ipsos
2855 5240 2918 5278 ea
2971 5239 3094 5293 qua:
3125 5226 3419 5280 meditatus
3459 5237 3597 5292 erat,
3629 5243 3727 5295 par

2143 5329 2288 5371 esset
2332 5316 2594 5370 scribere.
2630 5315 2749 5370 Non
2792 5317 2907 5370 haec
2937 5319 3296 5372 temeritatem
3333 5328 3426 5372 aut
3463 5321 3728 5389 insipien-

2144 5409 2300 5472 tiam,
2354 5407 2446 5461 sed
2497 5408 2754 5476 pietatem
2809 5419 2864 5462 et
2917 5409 3260 5477 prudentiam
3308 5412 3546 5486 sapiunt,
3585 5412 3629 5466 si
3675 5422 3728 5464 et

2146 5501 2456 5564 materiam,
2477 5512 2530 5555 ct
2559 5503 2780 5555 modum
2817 5501 3230 5570 pollicitationis
3256 5505 3591 5558 consideres.
3619 5503 3726 5557 Sed

2147 5592 2410 5655 conditio,
2471 5595 2709 5663 inquies,
2760 5608 2814 5650 et
2871 5596 3086 5650 affectio
3123 5597 3379 5666 martyris
3426 5597 3726 5666 impediunt

2149 5701 2258 5754 quo
2289 5687 2475 5741 minus
2502 5689 2666 5742 etiam
2695 5690 2795 5742 sub
2821 5691 2928 5744 illis
2958 5690 3369 5744 conditionibus
3401 5690 3725 5760 promittat;

2157 5799 2172 5830 ι
2211 5781 2433 5834 assidua
2468 5783 2674 5836 scilicet
2698 5783 2980 5836 meditatio
3019 5785 3232 5850 mortis,
3261 5793 3314 5837 et
3339 5783 3728 5853 leopardor—um

2153 5873 2486 5929 vexationes.
2507 5895 2524 5927 ι
2555 5873 2670 5930 lmo
2700 5891 2825 5930 vero
2841 5877 2990 5931 nullo
3017 5877 3200 5932 modo.
3220 5876 3347 5931 Erat
3374 5878 3520 5932 enim
3549 5877 3601 5929 in
3635 5875 3728 5929 illo
