4138 6454
425 348 537 405 395

1097 350 1150 405 J.
1208 351 1577 409 PEARSONII
1614 352 1938 408 VINDICIIE
1981 350 2402 409 lGNATlAN/E.
2444 350 2717 407 ——PARS
2757 350 2821 406 ll.

3589 357 3697 413 591-

424 479 625 527 sancto
674 480 915 545 martyre
961 488 1087 529 cum
1130 475 1251 530 zelo
1285 473 1378 530 Dei
1409 486 1463 530 et
1495 492 1627 532 cura
1656 475 2012 531 ecclesiarum
2044 481 2092 537 Α
2120 472 2453 543 martyribus
2490 472 2737 537 incertis,
2766 486 2832 525 ne
2855 472 3311 528 consuetudinem
3338 482 3607 543 quaerant,
3628 489 3698 529 ne

424 566 727 637 conjuncta
761 567 958 623 mortis
1000 569 1318 637 meditatio;
1355 585 1531 639 neque
1561 570 1793 624 aliorum
1824 569 2011 625 minus

422 673 593 732 quam
628 675 785 714 suam
812 660 1041 714 salutem
1076 662 1373 731 spectabat.
1410 660 1611 716 Eadem
1639 664 1823 731 itaque
1844 677 2010 717 causa

420 767 552 820 qure
578 758 641 805 ut
681 753 915 820 primam
946 752 1233 822 epistolam
1265 754 1332 806 ad
1365 753 1632 824 Ephesios
1662 755 1920 819 mitteret,
1951 762 2012 808 ut

420 845 725 899 secundam
776 845 1023 914 insuper,
1056 846 1417 915 promitteret,
1445 846 1489 900 si
1515 861 1654 916 opus
1679 854 1845 912 esset,
1877 862 2009 901 san-

417 944 575 989 ctum
630 936 809 990 virum
851 938 1223 1005 permovebat.
1261 938 1370 991 Sed
1423 938 1564 992 inter
1621 937 2007 1008 leopardornm

413 1029 748 1083 vexationes
796 1030 899 1085 hoc
955 1032 1233 1101 sapienter
1284 1033 1605 1103 promittere
1651 1049 1759 1088 non
1806 1034 2004 1103 potuit.

420 1116 662 1184 Quidni?
689 1136 757 1175 an
798 1124 891 1192 qui
929 1140 1094 1177 unam
1127 1124 1242 1193 jam
1286 1124 1585 1193 scripserat
1613 1124 1902 1194 epistolam
1951 1128 2007 1180 in

419 1215 677 1269 manibus
726 1217 987 1283 militum,
1022 1233 1161 1287 quos
1207 1218 1496 1288 leopardos
1553 1227 1739 1284 vocat,
1771 1219 1997 1273 alteram

420 1306 670 1362 scribere
701 1323 811 1362 non
839 1310 1049 1378 potuit?

499 1399 570 1455 Ut
603 1402 717 1456 haec
749 1402 988 1472 objectio
1012 1403 1170 1472 plene
1196 1411 1249 1457 et
1272 1402 1562 1473 perspicue
1584 1402 1847 1468 solvatur,
1872 1404 2008 1460 satis

417 1494 528 1547 erit
554 1494 866 1558 observare,
896 1496 1213 1551 vexationes
1246 1497 1502 1561 militum,
1536 1513 1772 1565 quorum
1821 1506 2010 1551 custo-

418 1585 525 1639 di.e
570 1585 918 1642 confessores
962 1588 1338 1651 tradebantur,
1377 1605 1407 1641 a
1437 1588 1770 1643 Christianis
1812 1590 2008 1644 redimi

419 1679 614 1734 solitas
665 1694 811 1735 esse.
860 1679 925 1735 Et
967 1680 1185 1750 quidem
1218 1681 1271 1733 in
1300 1682 1446 1735 hunc
1473 1680 1655 1747 finem,
1689 1696 1799 1751 quo
1832 1681 2009 1738 laxius

417 1771 852 1837 custodirentur,
909 1779 963 1826 et
1013 1772 1267 1827 liberiore
1321 1773 1635 1827 fruerentur
1677 1788 1919 1839 carcere,
1975 1790 2005 1829 a

2113 565 2311 618 taedeat
2341 563 2484 630 vitae,
2539 578 2609 617 ne
2658 577 2802 617 nova
2835 563 3181 618 abstinentiae
3212 563 3503 634 disciplina
3535 581 3698 621 scan-

2112 657 2444 723 dalizentur,
2487 671 2650 725 quam
2702 672 2801 710 nec
2856 656 2949 711 ille
3000 654 3296 721 Pristinus,
3350 665 3553 724 vester,
3586 674 3697 713 non

2110 748 2470 803 Christianus
2522 756 2753 818 martyr,
2786 749 3042 818 attigerat
3081 766 3095 801 :
3143 765 3305 819 quem
3338 757 3393 803 et
3438 749 3698 805 facultate

2111 839 2378 895 custodiae
2399 839 2582 894 liberte
2599 840 2918 908 aliquandiu
2945 839 3170 906 fartum,
3186 841 3445 896 omnibus
3464 842 3694 908 balneis,

2110 931 2269 1000 quasi
2313 930 2636 999 baptismate
2680 930 3028 998 melioribus,
3072 941 3127 985 et
3171 932 3424 986 omnibus
3465 932 3697 987 luxuriae

2111 1022 2441 1086 secessibus,
2469 1022 2626 1092 quasi
2649 1020 2908 1078 Ecclesia:
2934 1023 3415 1090 secretioribus,et
3438 1026 3697 1080 omnibus

2108 1116 2232 1171 vitae
2278 1115 2443 1171 istius
2535 1116 2829 1182 illecebris,
2867 1117 3024 1186 quasi
3073 1126 3292 1171 aeternae
3333 1118 3696 1189 dignioribus,

2111 1204 2219 1259 hoc
2270 1214 2405 1273 puto
2455 1204 2756 1275 obligatum
2799 1223 2867 1261 ne
2897 1207 3038 1261 mori
3066 1208 3244 1261 vellet.
3277 1227 3293 1259 ι
3326 1209 3476 1262 Idem
3513 1218 3695 1263 tamen

2111 1294 2476 1354 Tertullianus
2530 1299 2611 1351 Ad
2645 1310 2903 1368 martyres
2934 1316 3055 1371 cap.
3091 1301 3143 1365 1,
3181 1301 3248 1356 de
3279 1302 3471 1356 eadem
3510 1301 3697 1358 Eccle-

2110 1390 2207 1445 siae
2236 1391 2634 1447 consuetudine
2656 1393 2900 1448 sedatius
2942 1394 3187 1464 loquitur
3223 1414 3235 1447 :
3280 1414 3299 1446 ι
3339 1394 3484 1451 inter
3509 1398 3697 1452 carnis

2110 1480 2389 1549 alimenta,
2440 1482 2710 1538 benedicti
2744 1493 3015 1555 martyres
3070 1486 3359 1556 designati,
3386 1504 3509 1557 qua:
3538 1489 3696 1546 vobis

2108 1581 2162 1627 et
2209 1573 2431 1627 domina
2486 1587 2662 1629 mater
2709 1574 2974 1641 Ecclesia,
3014 1584 3069 1631 et
3123 1579 3323 1649 singuli
3373 1578 3573 1635 fratres
3626 1581 3696 1637 de

2113 1663 2312 1732 opibus
2366 1664 2481 1719 suis
2526 1666 2766 1735 propriis
2816 1666 2870 1720 in
2913 1683 3191 1723 carcerem
3244 1670 3694 1739 subministrant,

2110 1755 2287 1824 capite
2341 1756 2545 1826 aliquid
2598 1767 2652 1811 et
2701 1773 2731 1812 a
2777 1759 2937 1813 nobis
2961 1761 3106 1829 quod
3138 1759 3305 1816 faciat
3337 1763 3402 1817 ad
3438 1764 3693 1833 spiritum

420 1860 673 1917 fidelibus
725 1879 861 1933 epes
926 1865 1316 1934 erogabantur,
1368 1875 1484 1920 tum
1539 1874 1602 1920 ut
1657 1837 2003 1923 confesso-res
2042 1837 2081 1891 Β
2109 1861 2331 1916 quoq“
2359 1848 2728 1903 ed"ca"d“m°
2762 1868 2783 1899 ’
2820 1849 2887 1903 Et
2920 1866 3041 1919 cap-
3075 1852 3111 1905 2
3143 1871 3156 1906 ⁵
3196 1870 3215 1904 ⁴
3252 1854 3429 1924 Ipsam
3471 1855 3694 1912 interim

416 1953 571 2022 ipsos
615 1957 847 2019 alerent,
883 1965 996 2011 tum
1032 1968 1092 2012 ut
1135 1959 1427 2013 custodum
1461 1958 1804 2027 iniquitatem
1841 1959 2004 2029 largi-

413 2043 661 2099 tionibus
690 2046 1019 2117 mitigarent.
1050 2047 1486 2117 Antiquissimus
1512 2049 2005 2117 locupletissimus-

415 2154 529 2208 que
558 2138 754 2192 harum
784 2154 969 2193 rerum
1001 2141 1157 2193 testis
1186 2148 1271 2193 est
1294 2138 1437 2193 inter
1457 2139 1709 2194 ethnicos
1725 2138 2004 2197 Lucianus

413 2230 472 2284 in
506 2228 740 2299 epistola
771 2229 839 2285 de
869 2238 1045 2284 morte
1074 2228 1377 2301 Peregrini.
1406 2229 1703 2301 Postquam
1735 2232 1882 2287 enim
1916 2232 2005 2286 ille

413 2321 471 2376 in
497 2338 773 2377 carcerem
796 2323 1076 2391 coniectus
1106 2332 1211 2387 est,
1261 2324 1443 2378 statim
1476 2325 1653 2379 viduae
1688 2333 1742 2378 et
1771 2324 2003 2394 orphani

412 2412 484 2465 ad
534 2410 679 2466 fores
722 2413 960 2467 carceris
990 2413 1374 2479 convolabant,
1408 2415 1457 2467 οἱ
1490 2414 1534 2467 δ’
1569 2416 1626 2467 ὲν
1647 2414 1788 2468 τέλει
1823 2414 2003 2468 αὐτῶν

412 2502 512 2555 καὶ
545 2502 931 2556 συνεκάθευδον
950 2502 1098 2557 ἔνδον
1120 2503 1235 2574 μετ’
1264 2504 1430 2557 αὐτοῦ
1451 2504 1859 2576 διαφθείροντες
1875 2504 2001 2568 τοὺς

412 2590 860 2661 δεσμοφύλακας·
906 2590 1024 2647 εἶτα
1073 2594 1261 2647 δεῖπνα
1309 2594 1529 2648 ποικίλα
1586 2596 1998 2666 εἰσεκομίζετο,

413 2686 510 2738 καὶ
540 2685 685 2755 λόγοι
713 2687 845 2758 ἱεροὶ
869 2686 1047 2741 αὐτῶν
1080 2687 1349 2755 ἐλέγοντο.
1375 2706 1395 2739 ‹
1434 2686 1784 2759 Magistratus
1816 2695 1998 2742 autem

413 2791 607 2831 eorum
642 2778 796 2848 (puta
824 2779 999 2834 sacris
1029 2780 1318 2833 ordinibus
1348 2779 1573 2846 initiati,
1606 2782 1697 2850 qui
1741 2782 2000 2853 ἄρχοντες

412 2876 532 2922 tum
560 2868 906 2937 dicebantur)
927 2870 1089 2924 etiam
1118 2871 1264 2925 intus
1288 2887 1410 2925 cum
1440 2886 1505 2926 eo
1524 2872 1995 2937 condormiebant,

410 2960 739 3015 custodibus
784 2962 1058 3031 corruptis
1089 2980 1101 3015 :
1134 2962 1261 3016 dein
1292 2978 1462 3018 etenae
1486 2964 1651 3018 varias
1681 2964 1997 3019 introduce-

411 3049 636 3114 bantur,
664 3062 717 3106 et
741 3052 885 3107 sacri
911 3068 1100 3107 eorum
1131 3069 1414 3109 sermones
1436 3056 1779 3110 dicebantur.
1812 3074 1831 3108 ›
1860 3055 1997 3111 Ecce

408 3143 819 3198 vetutissimum
879 3143 1138 3200 Ecclesia;
1195 3161 1405 3201 morem
1464 3147 1554 3201 hic
1605 3147 1873 3203 habemus
1927 3148 1996 3202 ab

414 3237 636 3291 ethnico
665 3237 1035 3307 descriptum;
1060 3238 1154 3292 ubi
1194 3240 1245 3292 in
1274 3253 1493 3294 carcere
1532 3254 1718 3310 agapaa
1751 3240 1995 3294 celebra-

408 3325 635 3389 bantur,
663 3326 840 3382 vidua:
866 3336 921 3381 et
946 3328 1177 3397 orphani
1209 3328 1519 3395 alebantur,
1540 3331 1679 3383 ritus
1695 3328 1994 3389 Christiani

406 3432 441 3471 ε
500 3418 822 3474 cusmdibus
875 3418 1144 3489 redempti
1182 3428 1331 3475 sunt.
1367 3422 1479 3474 Kal
1516 3421 1623 3491 μὴν
1656 3421 1752 3474 καὶ
1784 3420 1891 3474 τῶν
1936 3424 1996 3474 ὲν

420 3510 577 3583 Ἀσίᾳ
631 3512 840 3565 πόλεων
874 3512 1019 3566 ἔστιν
1051 3506 1124 3567 ὧν
1159 3508 1291 3585 ἧκόν
1327 3531 1492 3578 τινες,
1523 3514 1630 3567 τῶν
1656 3514 1993 3585 Χριστιανῶν

405 3601 738 3657 στελλόντων
771 3603 881 3655 ἀπὸ
912 3602 1005 3655 τοῦ
1040 3602 1243 3667 κοινοῦ,
1266 3602 1625 3674 βοηθήσοντες
1649 3604 1742 3657 καὶ
1776 3604 1995 3672 ξυναγο-

408 3692 694 3765 ρεύσοντες
728 3695 823 3748 καὶ
861 3694 1383 3767 παραμυθησόμενοι
1419 3697 1509 3750 τὸν
1536 3697 1723 3768 ἄνδρα.
1755 3715 1775 3749 ι
1806 3697 1991 3767 Aliqui

403 3788 571 3840 etiam
621 3803 689 3842 ex
744 3788 1071 3857 quibusdam
1122 3787 1266 3843 Asiae
1306 3789 1621 3845 civitatibus
1645 3797 1994 3855 venerunt,e

403 3884 690 3938 communi
743 3884 1089 3938 mittentibus
1139 3884 1490 3950 Christianis,
1524 3886 1618 3951 qui
1663 3886 1783 3940 viro
1830 3901 1990 3956 opem

404 3974 612 4030 ferrent
672 3976 962 4045 ipsumque
1001 3976 1356 4031 defenderent
1408 3988 1463 4033 et
1492 3979 1930 4034 consolarentur.
1965 4000 1984 4032 ι

401 4065 471 4120 Et
506 4069 609 4123 hoc
652 4069 816 4122 etiam
869 4068 1030 4124 docet
1065 4068 1269 4123 factum
1300 4084 1425 4125 esse
1453 4086 1519 4124 ex
1551 4086 1701 4125 more
1733 4071 1991 4129 Ecclesiae

398 4158 751 4214 Christianae.
789 4161 1094 4231 ’Λμήχανον
1128 4161 1185 4214 δέ
1217 4178 1270 4214 τι
1302 4160 1362 4216 τὸ
1394 4162 1558 4233 τάχος
1591 4164 1989 4218 ἐπιδείκνυνται

396 4252 619 4304 ἐπειδάν
652 4269 705 4306 τι
738 4251 979 4305 τοιοῦτον
1007 4253 1234 4324 γένηται
1272 4253 1551 4323 δημόσιον,
1580 4257 1638 4309 ἐν
1664 4255 1855 4327 βραχεί
1879 4257 1988 4329 γὰρ

394 4345 680 4414 ἀφειδοῦσι
724 4345 966 4401 πάντων.
1022 4366 1040 4397 ε
1070 4346 1443 4401 Incredibilem
1479 4358 1659 4403 autem
1691 4351 1983 4419 quamdam

395 4436 733 4490 celeritatem
766 4438 1083 4501 ostendunt,
1119 4438 1164 4493 si
1197 4438 1329 4507 quid
1367 4439 1472 4493 tale
1515 4440 1793 4509 publicum
1847 4456 1983 4496 con-

2107 1940 2588 1994 conversationem
2641 1941 2825 1995 saeculi
2863 1950 2918 1996 et
2947 1947 3185 1999 carceris
3213 1961 3618 2017 comparemus,
3647 1952 3695 2007 si

2106 2046 2215 2083 non
2278 2030 2399 2099 plus
2456 2031 2511 2086 in
2547 2040 2766 2089 carcere
2824 2036 3052 2104 spiritus
3080 2039 3338 2109 acquirit,
3364 2057 3528 2111 quam
3561 2058 3695 2099 caro

2107 2122 2306 2177 amittit
2340 2142 2352 2177 :
2384 2123 2496 2178 imo
2546 2134 2600 2179 et
2639 2141 2761 2195 qua!
2803 2125 2951 2195 justa
2982 2139 3128 2196 sunt,
3161 2147 3292 2187 caro
3328 2149 3437 2187 nan
3467 2137 3691 2205 amittit,

2105 2230 2203 2285 per
2249 2230 2439 2270 curam
2475 2215 2754 2285 Ecclesia,
2789 2235 2997 2291 agapen
3031 2220 3283 2279 fratrum.
3325 2244 3344 2277 ι
3375 2225 3469 2281 Hae
3500 2226 3693 2283 Eccle-

2106 2307 2203 2361 sia!
2230 2316 2284 2361 et
2319 2308 2560 2362 fidelium
2586 2296 2737 2379 °opes
2787 2311 3035 2368 diaconis
3066 2316 3563 2385 concredehantur,
3593 2321 3689 2390 qui

2104 2398 2444 2457 confessorcs
2472 2410 2527 2456 et
2555 2403 2786 2457 consilio
2818 2404 3090 2474 juvarent,
3122 2416 3175 2461 et
3203 2409 3352 2463 victu
3402 2420 3687 2468 sustenta-

2106 2503 2248 2553 rent.
2284 2502 2338 2548 et
2380 2510 2410 2549 a
2453 2497 2741 2550 custodum
2793 2496 3081 2567 iniquitate
3121 2500 3250 2555 dato
3309 2504 3487 2570 pretio
3538 2506 3688 2560 redi-

2101 2592 2331 2639 merent.
2374 2582 2693 2639 Tertulliani
2741 2602 2857 2642 aevo
2904 2587 2961 2643 S.
3009 2588 3279 2661 Perpetua
3325 2594 3380 2647 in
3422 2596 3683 2663 passione

2103 2690 2201 2729 sua
2235 2693 2249 2728 :
2285 2694 2303 2726 ι
2340 2675 2415 2729 lbi
2460 2684 2591 2731 tunc
2638 2675 2855 2734 Tertius
2912 2689 2968 2736 et
3022 2679 3360 2753 Pomponius
3412 2686 3688 2744 benedicti

2103 2767 2356 2828 diaconi,
2416 2768 2512 2838 qui
2574 2769 2733 2824 nobis
2798 2771 3216 2841 ministrabant,
3279 2780 3689 2833 constituerunt

2100 2860 2329 2931 praemio
2359 2868 2417 2913 ut
2448 2860 2638 2929 paucis
2671 2861 2821 2919 horis
2863 2867 3051 2923 emissi
3092 2868 3147 2922 in
3176 2869 3461 2925 meliorem
3501 2871 3686 2926 locum

2101 2950 2343 3007 carceris
2401 2950 2874 3021 refrigeraremus.
2927 2975 2945 3009 ι
3007 2956 3083 3013 De
3142 2960 3517 3016 vetustissima
3580 2962 3688 3017 hac

2105 3046 2505 3101 consuetudine
2532 3045 2588 3100 S.
2616 3046 2929 3119 Cyprianus
2953 3051 3182 3122 epistola
3214 3052 3275 3106 11
3310 3070 3323 3107 :
3359 3070 3377 3103 ‹
3408 3051 3475 3107 Ει
3504 3055 3685 3109 credi-

2099 3142 2289 3196 deram
2338 3142 2559 3211 quidem
2616 3142 2967 3213 presbyteros
3011 3154 3066 3199 et
3117 3145 3380 3201 diaconos
3433 3148 3528 3216 qui
3572 3147 3685 3203 illic

2100 3243 2396 3304 praesentes
2421 3242 2572 3298 sunt,
2603 3250 2827 3289 monere
2853 3250 2952 3290 vos
2979 3245 3034 3291 et
3067 3235 3336 3293 instruere
3364 3239 3684 3310 plenissime

2106 3326 2253 3381 circa
2281 3324 2562 3395 Evangelii
2595 3325 2795 3395 legem,
2826 3326 2970 3381 sicut
3014 3328 3069 3381 in
3097 3331 3430 3399 praeteritum
3468 3347 3685 3403 semper

2098 3420 2202 3472 sub
2249 3417 2694 3473 antecessoribus
2749 3419 2959 3474 nostris
2992 3418 3198 3475 factum
3233 3430 3338 3489 est,
3370 3431 3430 3477 ut
3462 3423 3683 3480 diaconi

2097 3512 2162 3563 ad
2192 3524 2463 3565 carcerem
2490 3521 2861 3568 commeantes
2888 3522 3191 3583 martyrum
3236 3514 3507 3568 desideria
3549 3531 3683 3571 con-

2097 3601 2237 3656 siliis
2267 3602 2383 3657 suis
2405 3611 2460 3657 et
2486 3599 2892 3673 Scripturarum
2921 3605 3205 3675 praeceptis
3233 3607 3623 3675 gubernarent.
3654 3628 3675 3660 ι

2097 3689 2270 3757 Idem,
2305 3693 2537 3761 epistola
2572 3694 2606 3748 5
2639 3713 2652 3749 ε
2693 3714 2712 3746 ι
2750 3695 3027 3762 Quantum
3077 3698 3145 3751 ad
3195 3707 3449 3768 sumptus
3479 3715 3680 3771 sugge-

2094 3785 2295 3839 rendos
2323 3787 2437 3842 sive
2460 3786 2571 3842 illis
2595 3788 2687 3859 qui
2720 3789 2957 3859 gloriosa
2992 3804 3122 3844 voce
3146 3788 3317 3844 Deum
3350 3790 3586 3849 confessi
3621 3795 3678 3849 in

2093 3890 2315 3931 carcere
2368 3887 2497 3932 sunt
2544 3879 2853 3946 constituti,
2904 3881 3018 3935 sive
3049 3882 3116 3937 iis
3157 3882 3252 3953 qui
3305 3898 3576 3953 pauperes
3624 3895 3680 3939 et

2094 3970 2399 4041 indigentes
2432 3972 2689 4029 laborant
2735 3984 2791 4029 et
2842 3983 3025 4030 tamen
3067 3976 3121 4031 in
3160 3975 3395 4032 Domino
3419 3992 3679 4048 perseve-

2091 4068 2215 4115 rant
2244 4079 2257 4115 :
2286 4070 2412 4133 peto
2472 4063 2611 4118 nihil
2667 4065 2831 4131 desit,
2878 4081 3004 4120 cum
3058 4082 3273 4121 summa
3330 4068 3513 4123 omnis
3553 4085 3680 4139 quae

2092 4154 2313 4209 redacta
2361 4164 2480 4222 est,
2522 4155 2636 4212 illic
2672 4158 2743 4212 sit
2785 4158 2926 4227 apud
2958 4158 3191 4213 clericos
3224 4159 3517 4215 distributa
3548 4176 3678 4231 pro-

2090 4253 2211 4313 pter
2266 4245 2537 4316 ejusmodi
2593 4263 2777 4304 casus.
2846 4268 2864 4299 ›
2925 4249 2983 4304 S.
3038 4249 3334 4322 Dionysius
3382 4253 3677 4323 episc0pus

2090 4338 2517 4406 Alexandrinus,
2548 4341 2690 4409 apud
2718 4339 3037 4405 Eusebium,
3076 4342 3170 4397 lib.
3201 4358 3296 4408 vn,
3324 4358 3446 4413 cap.
3480 4344 3571 4408 11,
3607 4344 3676 4400 de

2090 4429 2328 4487 Eusebio
2375 4432 2610 4487 diacono
2663 4450 2677 4486 :
2728 4432 3011 4499 Εὐσέϐιος,
3050 4434 3107 4485 ὃν
3164 4433 3225 4499 ἐξ
3280 4435 3505 4506 ἀρχῆςὸ
3541 4436 3675 4501 Θεὸς

392 4526 592 4595 tingat.
646 4524 797 4581 lllico
827 4527 971 4580 enim
1005 4528 1138 4580 nulli
1173 4530 1249 4584 rei
1283 4538 1532 4598 parcunt.
1591 4548 1609 4581 ι
1646 4532 1754 4584 Kal
1786 4530 1849 4602 δὴ
1882 4534 1976 4587 καὶ

2097 4522 2476 4594 ἑνεδυνὰμωσε,
2506 4524 2599 4576 καὶ
2636 4525 3016 4594 παρεσκεύασε
3058 4524 3156 4589 τὰς
3205 4527 3508 4598 ὑπηρεσίας
3562 4528 3671 4582 τῶν

388 4614 475 4685 τῷ
508 4616 821 4688 Περεγρίνῳ
847 4616 1019 4670 πολλὰ
1051 4618 1172 4672 τότε
1204 4615 1307 4691 ἧκε
1339 4622 1597 4691 χρήματα
1633 4624 1763 4696 παρ’
1796 4623 1977 4677 αὐτῶν

387 4708 486 4761 ἐπὶ
518 4708 787 4778 προφάσει
821 4708 927 4763 τῶν
974 4709 1209 4780 δεσμῶν,
1237 4713 1328 4764 καὶ
1370 4713 1630 4783 πρόσοδον
1670 4715 1733 4767 οὐ
1777 4714 1978 4785 μικρὰν

386 4799 596 4871 ταύτην
620 4802 932 4871 ἐποιήσατο.
965 4820 983 4853 ι
1028 4801 1266 4856 Proinde
1302 4802 1598 4874 Peregrino
1637 4815 1767 4860 tunc
1794 4808 1980 4862 multa:

385 4893 642 4963 pecuniae.
680 4894 1060 4957 mittebantur,
1089 4904 1143 4949 et
1188 4912 1296 4949 non
1343 4897 1601 4967 exiguum
1647 4909 1975 4967 proventum

389 4985 546 5038 hunc
598 4982 888 5038 lucrifecit.
943 5004 961 5036 ι
1022 4986 1261 5057 Insignis
1319 4988 1615 5043 admodum
1668 4990 1759 5044 hic
1823 4990 1979 5046 locus

382 5071 623 5127 Luciani
671 5084 775 5139 est,
805 5076 1152 5142 charitatem,
1184 5094 1373 5132 curam
1427 5080 1782 5150 studiumque
1816 5081 1979 5136 Chria

383 5166 689 5222 stianorum
747 5176 988 5222 veterum
1024 5185 1153 5239 erga
1201 5169 1546 5225 confessores
1586 5174 1846 5241 graphice
1881 5173 1977 5227 de-

377 5257 641 5326 pingcns,
677 5258 730 5310 in
787 5274 845 5312 re
893 5259 1202 5323 notissima,
1238 5275 1359 5328 quae
1412 5261 1516 5314 sub
1558 5261 1722 5316 finem
1760 5263 1975 5333 imperii

374 5350 628 5414 Adriani,
653 5351 708 5403 in
753 5351 928 5419 prima
973 5351 1138 5421 hujus
1181 5353 1494 5422 philosophi
1527 5354 1971 5423 peregrinatione

374 5443 627 5513 contigit.
669 5443 777 5498 Sed
834 5442 1181 5499 Christianos
1211 5446 1357 5515 ipsos
1386 5444 1453 5499 de
1484 5461 1539 5498 re
1570 5446 1759 5500 eadem
1791 5448 1967 5502 disse-

370 5545 563 5587 rentes
590 5535 903 5590 audiamus.
939 5534 1309 5592 Tertullianus
1330 5537 1443 5608 jam
1482 5538 1720 5592 adultior
1746 5537 1965 5594 Monta-

365 5625 519 5681 nista
546 5626 723 5682 factus
743 5628 839 5683 lib.
876 5628 949 5682 De
973 5629 1199 5698 jejuniis
1230 5630 1614 5684 catholicorum
1639 5632 1965 5688 charitatem

369 5719 496 5788 ipso
553 5717 801 5775 Luciano
870 5723 1127 5777 acerbius
1182 5732 1239 5778 et
1291 5722 1619 5780 invidiosius
1678 5726 1901 5796 sugillat
1946 5745 1959 5781 :

375 5828 396 5862 ι
434 5810 603 5866 i’iano
630 5824 875 5869 vestrum
903 5823 989 5869 est
1011 5815 1066 5869 in
1091 5816 1409 5875 carceribus
1439 5816 1671 5889 pepinas
1697 5819 1963 5877 exhibere

616 5908 899 5973 Ρηιιοι..
940 5910 1061 5976 Gn.
1107 5918 1182 5981 V.

2084 4616 2142 4668 ὲν
2180 4617 2297 4679 ταῖς
2320 4614 2587 4682 φυλακαῖς
2623 4614 2932 4685 γενομένων
2962 4615 3269 4684 ἐναγωνίως
3293 4617 3667 4689 ἀποπληροῦν.

2092 4725 2110 4757 ‹
2149 4706 2444 4773 Eusebius,
2476 4722 2639 4776 quem
2678 4706 2825 4761 Deus
2849 4708 2962 4777 jam
2993 4709 3119 4762 inde
3148 4709 3218 4763 ab
3252 4711 3411 4764 initio
3436 4711 3669 4766 robora-

2084 4805 2182 4869 vit,
2215 4804 2542 4873 impulitque
2567 4811 2628 4857 ut
2660 4803 3072 4859 confessoribus
3106 4802 3159 4856 in
3193 4804 3442 4859 custodia
3474 4806 3671 4874 positis

2087 4896 2400 4950 ministeria
2439 4908 2664 4950 strenue
2694 4895 2996 4951 exhiberet.
3035 4914 3054 4946 ι
3081 4896 3288 4950 Auctor
3317 4895 3671 4952 Constitutio-

2078 5003 2206 5040 num
2229 4986 2665 5055 apostolicarum,
2684 4986 2779 5041 lib.
2800 5003 2852 5049 v,
2870 5001 2991 5055 cap.
3019 4987 3070 5051 l,
3107 4986 3174 5040 de
3198 4986 3512 5043 confessore
3539 5005 3551 5041 :
3577 4990 3670 5063 Μὴ

2080 5080 2345 5153 παρίδητε
2378 5080 2559 5143 αὑτὸν,
2592 5078 2706 5131 ἀλλ’
2735 5082 2799 5132 ὲκ
2841 5078 2934 5133 τοῦ
2978 5080 3148 5133 κόπου
3186 5081 3279 5132 καὶ
3317 5078 3410 5132 τοῦ
3446 5081 3669 5153 ἱδρῶτος

2081 5172 2234 5243 ὑμῶν
2283 5172 2539 5243 πέμψατε
2597 5170 2748 5241 αὑτῷ
2800 5173 2880 5234 είς
2924 5170 3218 5243 διατροφὴν
3249 5172 3413 5225 αὐτοῦ
3459 5173 3553 5226 καὶ
3587 5176 3667 5237 εἰς

2082 5266 2430 5338 μισθοδοσίαν
2483 5265 2590 5318 τῶν
2636 5264 3025 5337 στρατιωτῶν,
3078 5266 3163 5319 ἵνα
3209 5266 3518 5338 ὲλαφρυνοῇ
3572 5269 3667 5320 καὶ

2077 5357 2397 5429 ἐπιμελείας
2439 5356 2601 5430 τύχῃ,
2627 5358 2697 5410 ἵν’
2718 5357 2840 5409 ὅσον
2874 5358 2935 5410 τὸ
2956 5358 3043 5427 ἐφ’
3075 5358 3203 5429 ὑμῖν
3234 5358 3308 5429 μὴ
3342 5357 3590 5430 θλίϐηται
3636 5363 3665 5412 ὁ

2080 5450 2353 5520 μακάριος
2392 5448 2622 5517 ἀδελφὸς
2652 5448 2829 5519 ὑμῶν.
2863 5468 2880 5499 ι
2912 5447 2987 5502 Ne
3018 5464 3144 5503 eum
3181 5449 3496 5519 negligatis:
3528 5452 3663 5519 quin

2074 5542 2256 5611 potius
2297 5540 2495 5596 mittite
2525 5540 2576 5594 ei
2624 5555 2692 5594 ex
2743 5540 2931 5595 labore
2960 5549 3015 5595 et
3043 5541 3247 5596 sudore
3270 5549 3452 5595 vestro
3477 5541 3544 5595 ad
3576 5542 3663 5595 vi-

2073 5643 2247 5696 ctum,
2282 5642 2337 5687 et
2362 5633 2427 5686 ad
2459 5632 2768 5687 mercedem
2799 5633 3072 5687 militibus
3107 5633 3447 5697 solvendam,
3489 5649 3549 5687 ut
3578 5635 3658 5687 al-

2072 5726 2305 5782 levietur
2331 5735 2383 5803 et
2411 5735 2669 5792 curetur;
2698 5736 2757 5780 ut
2781 5736 3045 5795 quantum
3071 5726 3125 5780 in
3148 5726 3305 5782 vobis
3335 5734 3439 5793 est,
3464 5726 3659 5781 beatus

2072 5818 2242 5875 frater
2290 5828 2471 5876 vester
2523 5835 2631 5877 non
2677 5828 2981 5890 prematur.
3015 5837 3034 5871 ι
3082 5816 3273 5874 Victor
3303 5816 3546 5875 Vitensis
3589 5819 3659 5874 de

3341 5915 3415 5976 13
