4138 6390
486 318 593 374 395

1544 311 1601 367 S.
1631 310 1976 373 lGNATlUS.
2010 349 2079 359 —
2118 310 2657 375 PROLEGOMENA.

3642 269 3845 370 ποθ’

483 432 1014 504 Carthaginensibus
1068 433 1121 487 in
1169 433 1545 503 persecutione
1578 431 1911 488 Africanam
1957 434 2062 490 Sed
2095 442 2137 497 Α
2168 448 2347 491 menta
2398 436 2629 501 dividit;
2683 444 2917 503 quorum
2980 434 3088 489 duo
3149 431 3605 504 interpolatianes
3659 441 3756 486 aut

484 526 716 595 populus
746 536 1058 580 memoratze
1106 526 1255 581 urbis
1286 526 1341 579 in
1370 525 1601 580 Domino
1631 541 1844 597 semper
1868 526 2062 593 ﬁdelis,

483 621 609 675 dato
634 636 873 675 munere
912 618 1257 684 carcerariis,
1286 617 1375 672 die
1404 632 1467 671 ac
1494 627 1651 672 nocte
1676 616 1883 672 Christi
1921 634 2067 673 mar-

483 722 630 784 tyres
664 712 1067 781 frequentabat.
1110 731 1127 762 ι

553 803 676 858 Haec
722 820 845 858 cum
892 802 1063 857 fuerit
1112 803 1481 857 vetustissima
1529 802 1783 859 Ecclesiae
1828 818 2065 857 consue-

482 897 632 958 tudo.
670 897 811 950 idem
855 896 1020 949 etiam
1074 895 1127 948 in
1171 894 1362 965 lgnatii
1412 896 1649 950 vinculis
1700 894 1903 949 factum
1935 909 2066 948 con-

481 998 606 1045 stat.
636 988 771 1043 Nam
800 988 856 1044 S.
891 988 1320 1060 Chrysostomus
1352 989 1405 1041 in
1438 986 1699 1058 Panegyri
1729 987 1843 1042 hazc
1876 988 2065 1041 obser-

477 1095 613 1139 vat:
658 1086 723 1138 Ai
769 1084 878 1155 γὰρ
926 1083 1067 1139 κατά
1112 1083 1211 1152 τὴν
1266 1082 1385 1135 ὁδὸν
1446 1081 1628 1145 πόλεις
1676 1082 2066 1151 συντρέχουσαι

479 1176 740 1230 πάντοθεν
798 1176 1019 1247 ἤλειφον
1056 1175 1145 1227 τὸν
1190 1173 1461 1246 ἀθλητὴν,
1522 1176 1615 1228 καὶ
1665 1175 1805 1228 κατὰ
1859 1174 2067 1226 πολλῶν

478 1269 781 1339 ἐξέπεμπον
813 1268 920 1321 τῶν
952 1266 1199 1336 ἐφοδίων,
1234 1267 1418 1336 εὐχαῖς
1454 1260 1549 1320 καὶ
1575 1264 1893 1337 πρεσϐείαις
1921 1266 2068 1336 αὐτῷ

480 1358 997 1429 συναγωνιζόμεναι.
1040 1375 1057 1408 ι
1100 1357 1360 1411 Civitates
1406 1356 1553 1411 enim
1602 1357 1657 1410 in
1702 1358 1892 1411 itinere
1932 1371 2066 1410 con-

478 1459 760 1505 currentes
785 1450 1045 1505 athletam
1077 1448 1413 1512 animabant,
1443 1456 1498 1503 et
1522 1462 1657 1503 cum
1702 1448 1926 1518 copioso
1952 1447 2067 1501 via-

478 1544 587 1597 tico
619 1542 985 1607 dimittebant,
1018 1540 1361 1595 orationibus
1404 1548 1458 1594 et
1500 1541 1765 1595 comitatu
1811 1540 1888 1594 illi
1930 1555 2065 1597 con-

477 1645 766 1690 certantcs.
808 1652 825 1685 i
868 1634 1094 1705 Semper
1120 1634 1265 1688 enim
1299 1634 1547 1703 agnoscit
1593 1648 1713 1688 eam
1757 1647 1921 1702 quam
1969 1634 2068 1687 ha-

477 1731 595 1785 buit
633 1731 699 1783 ab
730 1730 980 1785 ecclesiis
1023 1729 1355 1792 ἀνάπαυσιν,
1392 1727 1554 1797 idque
1602 1726 1713 1781 fere
1753 1742 1849 1795 per
1882 1712 2067 1781 diaCo-

2169 530 2354 598 spuria
2384 538 2648 599 spectant,
2680 528 2788 583 duo
2816 530 2868 582 in
2898 536 3146 581 nostrum
3193 525 3461 595 lgnatium
3504 525 3755 594 dirigun-

2169 626 2276 672 tur.
2321 617 2501 673 Prima
2556 619 2837 675 modestize
2890 619 3113 671 violatio
3158 628 3270 684 est,
3316 618 3463 688 quod
3508 637 3525 669 ι
3562 631 3753 687 super—

2168 712 2471 767 coelestium
2525 714 2810 769 scientiam
2865 712 2967 767 sibi
3016 712 3277 767 vindicat.
3335 731 3352 764 ι
3401 710 3572 779 Quasi
3624 727 3755 766 vero

2167 800 2482 857 Christiano
2510 804 2646 868 viro,
2676 811 2731 857 et
2764 802 2984 871 quidem
3008 803 3289 873 episcopo,
3314 814 3367 858 et
3392 805 3460 859 ab
3490 803 3757 874 apostolis

2168 894 2363 947 edocto
2407 894 2552 947 nulla
2600 894 3073 964 superccelestium
3124 894 3350 949 scientia
3403 903 3753 966 competeret.

2168 985 2249 1038 An
2278 984 2343 1037 τά
2383 984 2680 1055 ἐπουράνια
2731 985 2889 1039 toties
2938 986 3007 1041 ab
3063 985 3325 1054 Apostolo
3363 996 3756 1051 memorantur,

2169 1088 2229 1131 ut
2260 1077 2327 1131 de
2369 1077 2477 1130 illis
2507 1077 2641 1130 nihil
2686 1078 2827 1131 scire
2850 1120 2864 1143 ,
2900 1078 3036 1131 nihil
3075 1077 3316 1132 scribere
3345 1086 3569 1147 possent
3598 1077 3761 1131 Chri-

2169 1169 2366 1224 stiani?
2395 1168 2528 1222 Mira
2562 1170 2677 1223 haec
2721 1170 2855 1223 mihi
2894 1170 3165 1235 videntur,
3197 1177 3251 1223 et
3295 1178 3476 1223 tamen
3519 1168 3587 1223 ob
3618 1170 3761 1222 hanc

2171 1276 2333 1315 unam
2364 1261 2689 1315 sententiam
2726 1280 2745 1312 ι
2788 1277 2818 1315 a
2857 1263 3121 1316 modestia
3160 1263 3249 1317 hic
3295 1262 3533 1331 scriptor
3557 1259 3759 1330 duplici

2171 1352 2391 1405 nomine
2418 1351 2668 1406 discedit.
2690 1369 2728 1403 αι
2764 1350 3015 1419 Primo,-¢
3056 1353 3158 1407 sibi
3190 1368 3251 1406 ea
3276 1353 3472 1407 tribuit
3518 1368 3639 1422 quae
3667 1366 3759 1406 ne-

2171 1441 2303 1495 mini
2330 1441 2533 1495 homini
2554 1442 2766 1496 mortali
2788 1458 3050 1498 concessa
3080 1454 3223 1497 sunt.
3257 1462 3275 1494 »
3305 1442 3475 1513 Nego,
3500 1458 3757 1512 pernego.

2171 1533 2311 1588 Dicit
2353 1550 2411 1589 se
2452 1533 2623 1587 πολλὰ
2657 1538 2874 1605 φρονεῖν
2912 1537 2974 1587 ὲν
3014 1534 3155 1605 Θεῷ,
3197 1553 3215 1586 ι
3254 1535 3423 1589 multa
3468 1549 3659 1607 sapere
3704 1534 3762 1587 in

2171 1627 2302 1680 Deo.
2337 1646 2354 1677 ι
2392 1628 2472 1679 An
2510 1627 2617 1681 hoc
2665 1627 2798 1680 nulli
2845 1628 3160 1681 mortalium
3196 1642 3519 1682 concessum
3546 1626 3662 1681 est?
3689 1642 3761 1680 an

2171 1720 2351 1789 potius
2379 1720 2447 1773 ab
2478 1719 2734 1773 omnibus
2765 1719 3098 1774 Christianis
3138 1718 3463 1789 requisitum
3507 1733 3615 1771 non
3644 1718 3763 1771 est?

478 1838 578 1876 nos
604 1838 617 1874 :
651 1834 706 1876 ut
733 1821 800 1875 ad
831 1820 1143 1892 Smyrnmos
1172 1838 1185 1873 :
1212 1818 1371 1872 Κατά
1399 1818 1578 1887 πάντα
1603 1836 1669 1889 με
1699 1817 2059 1881 ἀνεπαύσατε,

2166 1811 2245 1865 Ad
2277 1811 2601 1880 sapientiam
2635 1812 2689 1865 in
2720 1810 2832 1865 Deo
2861 1823 2913 1865 et
2941 1812 3159 1881 quidem
3188 1812 3413 1866 multam
3446 1826 3636 1865 omnes
3663 1826 3762 1863 vo-

474 1926 529 1971 ct
552 1916 618 1971 de
646 1916 857 1971 Burrho
884 1934 897 1969 :
931 1914 1088 1968 Κατέι
1125 1915 1303 1968 πάντα
1339 1929 1403 1985 με
1431 1912 1705 1966 ἀνέπαυσε
1726 1929 1739 1941 ·
1786 1914 1851 1965 ad
1884 1910 2063 1981 Ephe-

473 2009 589 2063 sios
614 2010 678 2063 de
715 2008 889 2063 Croco
920 2023 932 2058 :
968 2008 1125 2060 Κατὰ
1158 2006 1337 2059 πάντα
1374 2022 1446 2075 με
1489 2006 1811 2066 ἀνέπαυσεν,
1859 2003 1933 2065 ὡς
1973 2003 2065 2056 καὶ

473 2100 633 2154 αὑτὸν
654 2102 682 2153 ὁ
710 2099 900 2170 Πατὴρ
936 2096 1113 2170 Ἰησοῦ
1144 2096 1384 2169 Χριστοῦ
1420 2096 1699 2166 ἀναψύξει.
1728 2094 1852 2149 llzec
1884 2104 2063 2149 autem

473 2191 795 2255 ἀνάπαυσις,
832 2193 947 2246 sive
985 2188 1268 2260 ἀνάφυξις,
1319 2188 1425 2244 fuit
1475 2189 1567 2243 illa
1614 2187 1956 2259 refrigeratio
2000 2188 2067 2241 de

473 2297 579 2352 qua
615 2292 825 2337 veteres
856 2282 1179 2352 loquuntur.
1235 2278 1504 2337 Omnibus
1546 2281 1712 2350 igitur
1744 2280 1921 2334 modis
1951 2280 2068 2333 dia-

473 2374 595 2429 ooni
642 2374 851 2443 aliique
899 2373 968 2427 ab
1004 2372 1252 2428 ccclesiis
1305 2373 1460 2427 missi
1514 2370 1727 2443 lgnatio
1768 2371 1821 2425 in
1871 2371 2067 2425 itinere

473 2464 905 2528 ministrabant;
941 2462 1185 2531 adeoque
1228 2477 1355 2516 eum
1407 2478 1438 2516 a
1487 2462 1870 2517 vexationibus
1919 2460 2069 2514 mili-

474 2566 611 2622 tum,
642 2564 909 2625 quantum
952 2555 1006 2608 in
1059 2556 1195 2626 ipsis
1244 2564 1383 2622 erat,
1418 2555 1657 2626 przemiis
1703 2554 2065 2609 redimebant.

473 2647 611 2703 Hinc
657 2657 838 2703 autem
896 2656 1042 2702 recte
1093 2648 1413 2719 intelligitur
1462 2646 1610 2717 quod
1658 2646 1726 2701 de
1777 2646 2066 2719 militibus,

472 2757 612 2813 quos
648 2740 932 2809 leopardos
978 2750 1154 2803 vocat,
1202 2741 1412 2805 scribit,
1450 2740 1497 2792 οἳ
1544 2740 1637 2792 καὶ
1671 2738 2070 2811 εὐεργετούμε-

471 2851 551 2888 νοι
580 2832 801 2905 χείρους
833 2831 1099 2900 γίνονται,
1138 2852 1156 2883 ι
1204 2832 1299 2903 qui
1346 2840 1399 2885 et
1443 2831 1719 2886 beneficiis
1770 2831 1946 2885 affecti
1978 2846 2071 2900 pe-

470 2926 619 2995 jores
654 2927 823 2989 ﬁunt;
865 2944 882 2976 ι
917 2924 1144 2991 scilicet,
1173 2914 1299 2993 quo'
1328 2924 1448 2992 plus
1485 2922 1730 2993 pecunia:
1759 2938 1789 2976 a
1820 2922 2069 2977 ﬁdelibus

475 3018 787 3085 acciperent
818 3030 919 3085 pro
952 3015 1284 3070 relaxatione
1328 3014 1650 3078 vexationis,
1691 3028 1756 3068 eo
1790 3014 1973 3069 acrius
2004 3031 2069 3069 ex

2170 1914 2404 1974 cantur,
2438 1906 2527 1962 ille
2557 1908 2882 1977 praesertim,
2916 1924 3077 1977 quem
3116 1905 3173 1961 S.
3210 1906 3637 1978 Chrysostomus
3666 1905 3761 1956 ἀνα

2166 2000 2425 2071 τξρροπον
2458 2001 2664 2071 Πέτρου
2700 2001 3015 2055 διδάσκαλον
3050 2000 3322 2070 appellare
3366 2012 3475 2052 non
3513 2006 3758 2052 veretur.

2169 2088 2307 2144 Βιείι
2336 2106 2394 2145 se
2424 2107 2484 2144 ea
2518 2092 2758 2146 scribere
2788 2107 2969 2161 posse,
3002 2108 3125 2160 quae
3162 2089 3472 2144 Trallenses
3517 2104 3624 2145 non
3667 2105 3761 2143 ca-

2168 2190 2373 2251 perent.
2428 2183 2510 2235 An
2562 2184 2665 2238 hoc
2722 2183 2857 2236 nulli
2914 2182 3227 2237 mortalium
3280 2197 3603 2237 concessum
3648 2188 3764 2243 est?

2167 2273 2419 2329 Nondum
2466 2283 2617 2329 tanta
2667 2276 2825 2329 nobis
2875 2284 3007 2330 tunc
3074 2276 3341 2345 temporis
3393 2273 3762 2329 'l‘rallensium

2171 2368 2395 2423 scientia
2436 2368 2608 2423 fuisse
2637 2379 2881 2439 apparet.
2914 2368 3051 2423 Cum
3087 2369 3153 2423 ad
3206 2368 3522 2439 Smyrnaros
3571 2383 3764 2438 super-

2169 2461 2497 2525 cmlestium,
2524 2470 2578 2515 et
2605 2461 2905 2515 visibilium
2938 2462 3405 2531 invisibiliumque
3431 2462 3763 2515 mentionem

2171 2554 2418 2618 fecisset,
2474 2557 2655 2609 statim
2703 2554 2851 2609 addit
2895 2574 2908 2609 :
2948 2574 2966 2606 ι
2998 2553 3102 2621 Qui
3150 2555 3317 2625 capit,
3370 2555 3568 2624 capiat.
3604 2573 3623 2606 ›
3656 2553 3763 2608 Ρο-

2170 2659 2408 2711 strcmo,
2466 2647 2581 2702 haec
2636 2647 2934 2721 ἐπουράνια
2986 2647 3191 2703 clarius
3243 2646 3461 2712 deﬁnit,
3516 2648 3646 2700 dum
3704 2661 3764 2700 se

2169 2740 2266 2803 τὰς
2316 2740 2634 2803 τοποθεσίας
2678 2739 2777 2804 τὰς
2827 2741 3143 2810 ἀγγελικὰς,
3193 2742 3289 2793 καὶ
3330 2740 3429 2803 τὰς
3478 2739 3764 2803 συστάσεις

2169 2833 2269 2896 τὰς
2301 2833 2628 2904 ἀρχοντικάς
2664 2832 2963 2903 intelligere
3013 2849 3175 2903 posse
3220 2833 3371 2888 dicit.
3421 2831 3533 2888 Nec
3578 2842 3759 2887 tamen

2177 2943 2195 2974 ‹
2239 2932 2384 2993 patet
2429 2925 2544 2979 haec
2588 2925 2907 2993 hujusmodi
2965 2940 3108 2992 esse,
3150 2941 3273 2995 qua:
3317 2926 3452 2980 nulli
3505 2926 3762 2979 mortales

2172 3018 2366 3073 sciant.
2407 3036 2425 3067 ι
2453 3015 2563 3072 Nos
2595 3016 2737 3071 forte
2768 3033 2875 3071 non
2910 3028 3053 3073 recte
3090 3018 3445 3088 intelligimus
3480 3017 3608 3087 quid
3643 3017 3762 3085 epi-

472 3108 760 3163 intervallo
794 3106 851 3161 S.
887 3114 1055 3177 mart)
1069 3122 1181 3159 rem
1208 3106 1501 3172 vexabant,
1533 3121 1643 3175 quo
1670 3106 1931 3177 majorem
1966 3121 2059 3175 pe-
2085 3148 2127 3206 ο
2172 3109 2325 3165 stolas
2365 3110 2601 3179 scriptor
2632 3125 2728 3179 per
2760 3110 2863 3164 ista
2916 3112 3082 3165 verba
3129 3111 3388 3177 voluerit,
3422 3120 3475 3166 at
3512 3125 3635 3165 eum
3668 3109 3762 3163 illa

471 3200 648 3257 conia:
693 3200 801 3253 vim
847 3207 1258 3267 extorquerent,
1296 3206 1350 3253 et
1388 3197 1737 3255 Christianos
1780 3200 2057 3269 copiosius

470 3298 844 3360 emungerent.
883 3287 1065 3355 Quare
1108 3304 1233 3344 eum
1274 3290 1432 3344 toties
1469 3289 1676 3360 lgnatio
1718 3291 2060 3361 contingeret

469 3380 832 3453 refrigeratio,
866 3390 922 3436 et
947 3383 1016 3437 ab
1045 3382 1331 3452 iniquitate
1363 3382 1598 3436 militum
1632 3382 1952 3452 redemptio,
1982 3390 2053 3444 et,

470 3482 533 3528 ut
584 3474 825 3543 loquitur
872 3473 1263 3539 Tertullianns,
1305 3492 1323 3524 ‹
1363 3474 1595 3528 facultas
1643 3474 1825 3528 liberte
1875 3484 2059 3529 cnstn—

469 3564 593 3631 dite,
631 3582 650 3616 ι
688 3565 845 3619 facile
902 3565 1078 3634 potuit
1123 3565 1243 3619 illas
1291 3580 1430 3634 quas
1482 3566 1748 3620 habemus
1798 3565 2058 3635 epistolas

468 3672 717 3722 exarare,
743 3674 975 3729 quarum
1003 3658 1198 3728 aliquae
1228 3674 1334 3713 non
1360 3659 1593 3713 multum
1624 3660 1870 3731 longiore
1892 3676 2055 3729 quam

469 3750 636 3804 unius
681 3750 831 3804 hora:
870 3750 1045 3819 spatio
1081 3750 1248 3805 scribi
1296 3760 1620 3819 potuerunt;
1662 3768 1838 3821 neque
1880 3767 1946 3805 ex
1990 3752 2059 3806 iis

469 3842 580 3896 ulla
614 3851 723 3895 tam
766 3843 975 3911 prolixa
1025 3852 1127 3910 est,
1184 3855 1245 3897 ut
1294 3844 1480 3913 plures
1524 3860 1688 3913 quam
1742 3853 1853 3899 tres
1896 3844 2059 3899 horas

467 3934 729 4004 postulet.
757 3933 915 3988 Certe
952 3953 970 3983 ε
1004 3936 1254 4004 quamvis
1294 3935 1469 4005 longa:
1510 3935 1755 4005 epistola:
1803 3952 1909 3990 una
1949 3951 2057 3989 nox

470 4025 689 4091 suﬁicit,
730 4044 748 4076 ι
793 4026 971 4096 inquit
1008 4024 1371 4097 Hieronymus
1407 4027 1474 4081 ad
1505 4026 1901 4082 Chromatium.
1947 4027 2059 4082 Cur

472 4119 657 4189 igitur,
709 4117 799 4186 qui
855 4118 923 4171 ad
980 4117 1246 4188 Ephesios
1299 4119 1440 4174 hanc
1487 4121 1772 4188 epistolam
1816 4120 2059 4190 scripsit,

469 4225 581 4264 non
612 4216 665 4262 et
688 4206 871 4273 aiiam,
892 4208 937 4262 si
954 4223 1108 4277 opus
1124 4218 1289 4274 esset,
1305 4211 1575 4265 scribendi
1595 4210 1940 4265 occasionem
1963 4226 2060 4281 op-

468 4300 967 4371 portunitatemque
994 4300 1239 4369 polliceri
1276 4301 1380 4356 sibi
1426 4312 1629 4371 posset,
1677 4318 1900 4357 causam
1940 4302 2060 4356 nul-

465 4395 576 4448 lam
607 4391 784 4446 video.
808 4390 977 4446 ‘Unde
1011 4401 1119 4446 tota
1154 4392 1243 4446 illa
1276 4394 1642 4464 imprudentia
1670 4404 1722 4449 et
1751 4395 2057 4465 insipientia

2163 3217 2271 3256 non
2306 3201 2639 3257 intellexisse
2686 3218 2808 3272 quae
2851 3202 2937 3257 his
2987 3203 3169 3257 verbis
3222 3203 3533 3273 signiﬁcare
3562 3201 3759 3263 voluit,

2162 3307 2325 3347 nemo
2369 3304 2517 3348 certe
2558 3294 2872 3349 mortalium
2913 3295 3084 3347 novit.
3134 3292 3236 3349 Per
3272 3294 3593 3357 τοποθεσίας
3632 3292 3760 3346 Dal~

2162 3386 2293 3440 latus
2326 3384 2621 3456 signiﬁcari
2658 3394 2832 3454 putat,
2874 3403 2891 3435 ι
2936 3385 3052 3439 loca
3106 3384 3159 3439 in
3195 3386 3398 3455 quibus
3431 3387 3514 3441 vel
3558 3384 3762 3454 singuli

2162 3477 2360 3546 angeli,
2387 3478 2468 3531 vel
2493 3478 2810 3548 angelorum
2836 3478 3056 3532 ordines
3086 3493 3114 3531 a
3140 3476 3249 3533 Deo
3279 3479 3332 3532 in
3367 3479 3469 3533 hoc
3500 3478 3761 3532 universo

2163 3569 2326 3638 positi
2370 3578 2517 3623 sunt.
2568 3589 2585 3619 ι
2619 3569 2724 3623 Sed
2774 3570 2839 3623 de
2883 3569 2984 3621 hac
3033 3568 3480 3639 interpretatione
3521 3567 3759 3623 dubitari

2162 3677 2271 3715 non
2317 3662 2595 3716 immerito
2644 3670 2840 3731 potest.
2898 3660 3160 3725 Quamvis
3200 3660 3345 3714 enim
3398 3675 3517 3714 eam
3568 3674 3757 3714 vocem

2161 3754 2308 3809 velut
2333 3754 2633 3822 elegantem
2675 3752 2871 3807 Cicero
2917 3752 3305 3821 usurpaverit;
3354 3751 3497 3821 apud
3537 3750 3761 3805 Graecos

2163 3859 2368 3911 tamen,
2400 3854 2461 3899 ut
2498 3847 2710 3916 opinor,
2745 3858 2871 3898 raro
2908 3854 3117 3908 exstat;
3164 3853 3218 3899 et
3262 3845 3404 3914 apud
3434 3844 3757 3898 Ciceronem

2160 3956 2225 3996 ea
2253 3939 2650 4010 signiﬁcatione
2682 3939 2938 4003 sumitur,
2970 3953 3092 4007 qua:
3135 3938 3345 4008 angelis
3392 3952 3500 3991 non
3532 3951 3761 4005 compe-

2161 4033 2247 4088 tit.
2280 4030 2456 4095 Τόπος
2490 4031 2543 4085 in
2588 4032 2695 4086 hoc
2731 4031 2849 4101 ipso
2877 4030 3142 4100 scriptore
3166 4046 3263 4099 pro
3287 4029 3464 4085 oﬂicio
3490 4038 3544 4083 et
3572 4029 3757 4099 digni-

2163 4132 2272 4179 tate
2308 4124 2565 4186 sumitur,
2611 4130 2671 4176 ut
2709 4122 2777 4176 ad
2826 4120 3156 4193 Smyrnzeos,
3188 4122 3351 4185 τόπος
3403 4122 3605 4192 μηδένα
3651 4139 3759 4191 φυσ-

2162 4215 2379 4269 σιούτω.
2408 4213 2576 4269 Vetns
2620 4214 2890 4283 interpres
2929 4232 2942 4267 :
2988 4232 3006 4264 ι
3045 4212 3317 4280 Qualitate
3365 4214 3548 4269 nullus
3600 4212 3758 4268 infle-

2163 4316 2284 4374 tur,
2321 4326 2338 4357 ι
2371 4316 2433 4360 ut
2466 4316 2609 4360 recte
2659 4304 2949 4375 legendum
2983 4307 3195 4360 monuit
3246 4305 3465 4361 lsaacus
3494 4305 3753 4373 Vossius;

2161 4416 2288 4454 nam
2321 4398 2577 4455 Usscrius
2613 4414 2724 4453 non
2764 4407 2911 4454 recte
2942 4416 2963 4450 ι
3001 4400 3236 4469 qualiter
3273 4417 3290 4450 ι
3325 4414 3390 4455 ex
3441 4415 3547 4454 ms.
3595 4409 3754 4453 tran-

459 4479 525 4538 'in
556 4484 663 4538 alio
688 4484 873 4539 libello
906 4485 1273 4554 promittendo
1322 4502 1548 4556 prorsus
1599 4489 1895 4543 evanescit.
1929 4486 2055 4543 Hac

2161 4491 2401 4561 scripsit.
2437 4489 2793 4560 lnterpolator
2825 4506 2840 4543 :
2872 4490 3047 4553 Τόπος
3084 4492 3176 4543 καὶ
3211 4490 3427 4562 ἀξίωμα
3457 4491 3550 4544 καὶ
3583 4490 3753 4543 πλοῦ-

467 4594 534 4634 eo
571 4578 846 4633 lubentius
876 4578 981 4632 hoc
1010 4577 1129 4633 loco
1158 4582 1605 4646 commemoravi,
1636 4582 1893 4637 et'fusius
1925 4596 2051 4652 pro-

468 4681 689 4726 secutus
717 4685 860 4735 sum,
894 4670 1134 4724 utsimul
1157 4670 1420 4726 Blondelli
1462 4674 1749 4741 quaestioni
1822 4688 2051 4742 respon-

466 4766 675 4820 derem.
708 4782 727 4814 ι
764 4762 884 4829 Quo
918 4764 1077 4832 palpo
1105 4764 1397 4818 belluinam
1426 4765 1803 4833 leopardorum
1841 4766 2045 4821 rabiem

468 4856 659 4910 sedare
684 4854 869 4908 datum
901 4862 1002 4918 est,
1034 4864 1088 4907 ut
1126 4854 1366 4907 vinctum
1411 4871 1571 4909 suum
1618 4871 1724 4908 non
1760 4858 1928 4911 modo
1972 4856 2046 4926 pii

467 4947 632 5000 unius
680 4954 773 4999 aut
817 4945 1038 4999 alterius
1085 4944 1295 5000 solatiis
1344 4945 1470 5010 frui,
1511 4947 1604 5001 sed
1650 4948 1790 5002 idem
1836 4949 2047 5003 vicinas

467 5037 706 5106 undique
736 5036 1017 5102 ecclesias,
1046 5036 1194 5091 nullo
1243 5037 1476 5091 incendii
1507 5036 1851 5093 Christianos
1915 5041 2048 5094 orbe

466 5140 580 5184 toto
635 5129 977 5199 depascentis
1031 5141 1175 5183 metu
1225 5131 1503 5201 aggregari
1564 5131 1837 5186 sinerent?
1872 5152 1889 5183 ι
1924 5133 2047 5188 Haec

464 5222 610 5277 enim
650 5221 837 5275 eadem
870 5236 1032 5290 opera
1074 5221 1367 5276 diﬁlantur.
1405 5223 1508 5288 Qui
1538 5225 1683 5278 enim
1735 5235 1921 5279 nostra
1972 5226 2047 5279 le-

464 5312 620 5383 gerit,
650 5321 703 5365 et
747 5310 967 5381 palpnm
1011 5313 1192 5366 statim
1225 5313 1447 5380 videbit,
1488 5325 1542 5369 et
1589 5324 1667 5369 tot
1702 5314 2043 5372 Christiano-

462 5422 585 5460 rum
619 5419 947 5459 concursum
982 5403 1184 5459 factum
1214 5421 1333 5461 esse
1363 5424 1469 5460 non
1502 5408 1805 5463 mirabitur.

530 5496 719 5567 Capite
745 5497 816 5549 24
844 5512 906 5550 ea
931 5499 1193 5566 congerit,
1226 5514 1347 5567 qua:
1391 5499 1442 5551 in
1475 5499 1719 5568 epistolis
1748 5509 2046 5555 occurrunt

460 5605 571 5643 non
622 5589 757 5643 satis
804 5603 929 5642 cum
980 5589 1236 5660 martyris
1289 5591 1554 5645 modestia
1609 5602 1974 5648 consentanea
2025 5613 2039 5647 :

441 5695 582 5750 quae
613 5688 793 5734 tamen
827 5678 1025 5733 fatetur
1059 5695 1180 5735 esse
1220 5681 1401 5735 minus
1430 5683 1568 5736 elata
1601 5700 1764 5753 quam
1806 5700 1869 5739 ea
1920 5703 2042 5755 qua:

442 5770 712 5841 ~superius
760 5770 1090 5828 audivimus.
1126 5771 1249 5827 Haec
1279 5784 1459 5829 autem
1511 5775 1566 5829 in
1608 5786 1847 5847 quatuor
1876 5793 2036 5849 argu-

2153 4598 2243 4644 τος
2273 4580 2475 4652 μηδένα
2499 4580 2791 4649 φυσιούτω.
2828 4581 2907 4633 Ad
2936 4579 3299 4652 Polycarpum
3338 4601 3351 4636 :
3390 4582 3620 4635 Ἐκδίκει
3653 4598 3750 4635 σου

2148 4672 2241 4727 τὸν
2264 4674 2447 4737 τόπον,
2481 4691 2499 4723 ι
2532 4673 2746 4727 vindica
2778 4673 2957 4727 locum
2991 4683 3167 4739 tuum,
3208 4694 3226 4726 ι
3255 4676 3360 4730 hoc
3404 4684 3487 4730 cst
3508 4675 3749 4729 ofﬁciunt

2148 4773 2203 4820 et
2238 4764 2559 4834 dignitatem
2604 4780 2768 4833 quam
2824 4775 2883 4818 ut
2937 4766 3227 4837 episcopus
3274 4767 3510 4822 obtines.
3572 4766 3748 4833 Quem

2150 4854 2331 4921 locum
2365 4857 2483 4911 sine
2512 4855 2680 4911 dubio
2730 4854 2994 4925 Origenes
3040 4858 3094 4911 in
3141 4858 3325 4912 animo
3377 4859 3587 4923 habuit,
3619 4876 3747 4913 cum

2148 4964 2202 5002 tn
2255 4948 2664 5002 Commentariis
2710 4949 2778 5001 ad
2822 4947 3139 5003 Matt/arvum
3186 4951 3455 5020 scripsit:
3507 4950 3655 5003 Ἐπεὶ
3689 4950 3750 5003 δὲ

2145 5046 2239 5099 τὸν
2292 5047 2455 5100 τόπον
2500 5045 2601 5114 τῆς
2643 5047 2951 5117 ἐπισκοπῆς
3005 5048 3347 5112 ἐκδικοῦντες
3396 5047 3635 5120 χρῶνται
3669 5048 3751 5118 τῷ

2149 5138 2316 5211 ῥητῷ.
2353 5139 2417 5193 Et
2446 5139 2737 5193 τοποθεσια
2766 5155 2832 5195 eo
2872 5156 3039 5196 sensu
3070 5150 3287 5212 sumpta
3327 5142 3393 5195 ad
3424 5143 3746 5210 angelorum

2146 5232 2368 5287 ordines
2400 5234 2602 5288 rectius
2633 5232 2867 5290 fortasse
2908 5235 3168 5304 applicari
3202 5244 3415 5304 potest;
3463 5235 3615 5288 varia
3646 5251 3750 5288 au-

2147 5333 2253 5380 tem
2281 5342 2469 5381 eorum
2511 5326 2684 5381 oﬁicia
2733 5326 3133 5398 dignitatesque
3175 5328 3537 5383 vetustissimi
3581 5327 3750 5382 Chri-

2145 5417 2308 5471 stiani
2364 5420 2755 5487 agnoscebant.
2820 5419 3114 5483 Συστάσεις
3167 5422 3494 5492 ἀρχοντικάς
3566 5422 3747 5478 reddit

2144 5524 2365 5563 rursum
2400 5508 2636 5564 Dallteus
2666 5528 2685 5561 ι
2720 5510 3127 5580 principatuum
3170 5511 3441 5581 quasdam
3476 5513 3744 5570 stationes

2143 5610 2307 5669 atque
2334 5602 2502 5664 acies,
2541 5619 2559 5652 ›
2593 5617 2717 5656 cum
2750 5602 3009 5665 σύστασις
3040 5620 3214 5673 neque
3237 5606 3528 5659 stationem
3559 5619 3741 5675 neque

2141 5694 2315 5747 aciem
2356 5692 2643 5763 signiticet.
2694 5691 2769 5747 De
2815 5693 2902 5748 his
2938 5693 3117 5749 fusius
3165 5695 3461 5766 aliquando
3504 5695 3743 5751 fortasse

2140 5798 2386 5853 agemus.
2435 5783 2657 5840 Interim
2700 5784 2893 5856 fateor,
2925 5786 2992 5844 de
3039 5789 3357 5859 angelorum
3397 5798 3616 5856 natura,
3650 5789 3739 5844 of-
