4138 6388
351 392 453 449 597

1169 384 1220 441 J.
1263 380 1630 439 PEARSONII
1672 376 1992 437 VlNDlCUE
2045 372 2467 432 ιεΝΑΤιΑΝΑε.
2505 402 2566 414 --
2611 369 2794 425 PARS
2832 368 2897 421 ΙΙ.

3511 358 3615 415 398

350 512 524 579 ﬁciis,
568 510 925 581 dignitatibus
974 507 1371 571 ordinibusque
1417 504 1650 561 diversis
1701 502 1843 556 scire
1879 514 1938 553 se
1967 504 2009 557 A
2040 497 2203 568 igitur
2231 494 2436 564 aliquid
2462 491 2757 547 meditatus
2780 497 2916 553 erat,
2939 496 2999 541 ut
3032 484 3290 556 quoniam
3325 482 3440 551 jam
3477 495 3614 535 con-

350 607 536 675 aliqua
567 605 892 676 scriptorem
923 601 1166 673 epistola:
1206 599 1477 654 afﬁrmare
1521 610 1644 665 qua:
1688 592 1935 647 Trallen-

349 709 442 751 ses
468 710 664 766 capere
704 710 813 749 non
858 692 1104 764 potuisse
1143 689 1389 761 putavit;
1420 695 1475 741 et
1511 686 1617 740 hoc
1652 682 1833 754 potius
1865 682 1935 736 ad

349 788 532 843 locum
588 786 646 842 S.
698 785 856 841 Pauli
912 784 981 838 ab
1042 781 1267 837 Usserio
1324 779 1624 834 indicatum
1684 784 1893 846 spectat

345 895 514 950 quam
542 880 609 934 ad
650 879 803 933 illum
851 894 882 933 a
921 877 1142 942 Dallazo,
1168 874 1260 930 ubi
1296 888 1407 927 non
1439 872 1508 925 de
1555 869 1804 933 scientia,
1838 883 1898 921 se

345 973 419 1030 de
444 973 701 1043 religioso
725 973 872 1027 cultu
898 972 1214 1042 angelorum
1238 968 1438 1038 agitur.
1464 964 1646 1032 Quare
1677 962 1782 1016 hoc
1807 976 1922 1015 sen-

346 1063 428 1121 tio
462 1064 520 1119 S.
546 1063 755 1135 Ignatio
782 1063 951 1133 probe
984 1059 1294 1123 convenire,
1324 1067 1378 1113 et
1404 1057 1473 1112 ab
1497 1071 1563 1111 eo
1588 1068 1697 1109 non
1732 1053 1928 1106 immo-

344 1157 524 1223 deste,
554 1157 648 1212 sed
682 1171 810 1212 vere
840 1156 1043 1211 dictum
1070 1170 1216 1220 esse,
1255 1162 1311 1209 ει
1348 1153 1420 1207 ad
1451 1166 1515 1206 ea
1543 1164 1665 1220 quae
1694 1162 1933 1217 sequun~

346 1256 442 1301 tur
472 1256 615 1303 recte
652 1247 1055 1303 accommodari
1100 1261 1282 1316 posse.
1330 1244 1567 1299 lrenaeus
1596 1241 1933 1297 charismata

344 1341 404 1395 in
429 1340 705 1410 primtttva
729 1339 973 1395 Ecclesia
996 1352 1437 1394 commemorans
1461 1335 1708 1390 meminit
1734 1331 1843 1386 τῶν
1865 1330 1934 1385 τὰ

357 1432 636 1504 μυστήρια
669 1430 763 1484 τοῦ
788 1426 923 1481 Θεοῦ
950 1422 1408 1494 ὲκδιηγουμὲνων,
1439 1438 1456 1469 ι
1478 1433 1669 1473 eorum
1708 1416 1801 1486 qui
1843 1430 1928 1469 ar—

354 1542 493 1581 cana
517 1525 605 1578 Dei
629 1521 886 1577 mvsteria
903 1516 1268 1586 exponebant.
1284 1532 1302 1564 ›
1328 1510 1400 1567 Ut
1422 1510 1664 1581 lgnatius
1688 1509 1752 1563 ad
1770 1505 1930 1568 Pulv-

349 1620 578 1675 carpum
625 1624 637 1660 :
687 1607 768 1659 Τα
812 1606 869 1660 δὲ
912 1606 1121 1679 ἀόρατα
1176 1601 1317 1657 αἴτει
1362 1599 1448 1654 ἵνα
1497 1617 1579 1653 σοι
1626 1598 1933 1673 φανερωθῇ,

347 1697 500 1763 ὅπως
562 1699 786 1769 μηδενὸς
828 1698 1011 1770 λείπῃ,
1064 1696 1158 1751 καὶ
1202 1694 1403 1756 παντὸς
1452 1692 1785 1764 χαρίσματος
1835 1710 1931 1745 πε-

2032 591 2324 644 demnatus
2350 596 2517 652 esset,
2541 582 2836 655 apostolica
2864 579 3099 650 quadam
3142 576 3469 630 auctoritate
3497 580 3618 627 ute—

2033 690 2203 735 retur.
2244 678 2350 733 Sed
2382 693 2449 733 ex
2480 692 2667 732 amore
2702 689 2829 744 erga
2861 673 3030 742 ipsos,
3076 680 3130 726 et
3174 686 3241 726 ex
3271 686 3385 724 sua:
3424 667 3617 723 condi-

2033 772 2199 827 tionis
2243 785 2406 825 sensu
2451 769 2531 825 eis
2581 767 2774 839 parcit.
2834 763 3012 818 Πολλὰ
3062 762 3266 834 φρονῶ,
3320 760 3516 829 inquit,
3557 761 3587 814 ἑ

2032 862 2174 935 Θεῷ,
2210 882 2229 914 ι
2264 863 2435 917 multa
2473 863 2627 931 sapio
2654 861 2708 914 in
2735 859 2866 924 Deo,
2900 877 2919 910 ι
2947 854 3349 927 quamplurima
3381 853 3450 907 ab
3486 867 3607 922 apo

2032 958 2187 1012 stolis
2209 955 2343 1026 ipsis
2358 954 2564 1022 accepi,
2586 968 2709 1024 quae
2737 967 2833 1007 vos
2855 952 3025 1005 latent
3049 966 3063 1015 ;
3092 962 3307 1018 possem
3331 961 3398 1001 ex
3423 958 3618 1000 eorum

2032 1050 2358 1105 auctoritate
2408 1047 2563 1102 vobis
2606 1046 2918 1116 praecipere,
2961 1041 3074 1096 ἀλλ’
3117 1039 3351 1112 ἐμαυτὸν
3407 1037 3618 1109 μετρῶ.

2040 1160 2059 1194 ι
2095 1142 2191 1197 sed
2224 1141 2493 1211 meipsum
2522 1153 2803 1194 mensuro.
2849 1156 2867 1188 ι
2901 1134 3026 1191 Haec
3076 1135 3185 1189 duo
3228 1132 3392 1202 paulo
3437 1130 3618 1186 fusius

2032 1234 2420 1305 persequitur;
2451 1233 2575 1289 dein
2625 1248 2721 1287 eos
2763 1232 3032 1296 hortatur,
3080 1243 3189 1283 non
3226 1242 3327 1282 suo
3371 1225 3616 1293 nomine,

2036 1328 2128 1384 sed
2160 1342 2257 1397 per
2285 1343 2527 1383 amorem
2568 1326 2792 1394 Christi,
2824 1334 2884 1380 ut
2926 1324 2994 1379 ab
3048 1321 3319 1378 haereticis
3364 1325 3613 1375 caveant.

2033 1421 2277 1489 Quorum
2311 1421 2357 1476 si
2386 1420 2570 1490 priora
2593 1419 2736 1473 haud
2760 1417 3038 1488 vulgarem
3067 1415 3124 1469 in
3150 1412 3427 1485 mysteriis
3451 1408 3618 1465 Chri-

2033 1517 2226 1572 stianae
2279 1516 2560 1586 religionis
2624 1513 2910 1570 scientiam
2966 1508 3251 1570 indicant,
3311 1502 3617 1576 posteriora

2023 1608 2179 1673 certe
2221 1607 2515 1677 singularis
2561 1604 2859 1660 modestia.
2885 1603 3158 1673 specimen
3198 1600 3475 1659 exhibeat
3509 1604 3620 1660 0b-

2034 1690 2199 1763 jectio
2238 1699 2421 1746 autem
2458 1694 2571 1759 illa,
2603 1710 2725 1764 qua:
2762 1695 2876 1751 haec
2910 1715 2928 1747 ι
2952 1696 3090 1751 satis
3124 1694 3393 1750 invidiose
3424 1719 3445 1751 ο
3470 1693 3617 1748 dicta

349 1790 629 1865 ρισσεύῃς.
668 1810 687 1842 ‹
727 1790 1023 1844 lnvisibilia
1051 1798 1234 1843 autem
1277 1795 1431 1857 petas
1475 1794 1535 1838 ut
1572 1783 1669 1837 tibi
1704 1781 1936 1838 manife~
1970 1825 2012 1884 Β
2037 1783 2390 1855 pronuntiat,
2442 1784 2579 1839 adeo
2619 1786 2939 1855 scriptorem
2964 1802 3076 1842 non
3104 1786 3251 1847 ferit.
3287 1795 3347 1840 ut
3378 1785 3614 1855 seipsam

348 1893 585 1945 stentur,
615 1891 673 1937 ut
707 1882 859 1937 nullo
884 1881 1125 1947 deﬁcias,
1151 1889 1205 1935 et
1225 1878 1375 1935 omni
1408 1876 1738 1933 charismate
1763 1876 1937 1929 abun-

345 1978 469 2034 des.
510 1995 528 2028 ι
568 1974 625 2031 8.
657 1974 1092 2046 Chrysostontus
1119 1973 1317 2029 asserit
1342 1970 1399 2027 S.
1434 1970 1700 2041 lgnatium
1741 1983 1940 2023 arcana

344 2067 600 2139 quadam
645 2068 715 2122 ab
774 2067 1036 2136 apostolis
1093 2065 1369 2135 accepisse
1408 2080 1422 2119 :
1464 2062 1786 2130 Συνεγένετο
1828 2061 1939 2123 τοῖς

347 2159 671 2222 ἀποστόλοις
732 2158 1007 2228 γνησίως,
1080 2156 1174 2211 καὶ
1236 2153 1622 2226 πνευματικῶν
1684 2152 1940 2223 ναμάτων

348 2250 691 2305 ἀπέλαυσεν·
726 2252 907 2304 ὁποῖον
940 2245 1030 2303 οὖν
1060 2245 1195 2302 εἶναι
1220 2249 1364 2311 εἰκὸς
1410 2247 1501 2300 τὸν
1546 2243 1937 2317 συντραφέντα,

348 2344 449 2397 καὶ
482 2342 758 2413 πανταχοῦ
794 2342 1207 2413 συγγενόμενον,
1235 2340 1329 2394 καὶ
1356 2337 1537 2411 ῥητῶν
1574 2337 1666 2391 καὶ
1699 2337 1941 2408 smper]—

347 2452 464 2488 των
508 2435 692 2497 αὐτοῖς
741 2430 1371 2504 κοινωνήσαντα;‹(]ιιιη
1394 2430 1659 2499 apostolis
1709 2428 1941 2499 genuine

346 2536 709 2580 conversatus
743 2524 900 2594 aquis
924 2522 1301 2593 spiritualihus
1336 2521 1546 2592 rigatus
1578 2528 1681 2581 εει.
1711 2519 1936 2586 Qualem

344 2618 559 2675 idcirco
596 2634 721 2673 eum
756 2617 926 2672 fuisse
968 2632 1068 2686 par
1092 2624 1195 2681 est,
1226 2615 1317 2685 qui
1366 2629 1490 2669 cum
1525 2613 1632 2667 illis
1676 2613 1937 2677 nutritus,

343 2720 405 2765 et
432 2710 635 2780 ubique
665 2716 1041 2775 conversatus,
1074 2714 1127 2761 et
1167 2707 1235 2761 de
1274 2706 1517 2761 dicendis
1546 2714 1599 2759 et
1628 2705 1694 2760 de
1723 2704 1940 2758 arcanis

343 2803 737 2874 participavit?
759 2823 776 2854 ι
803 2798 904 2856 Ubi
933 2801 1001 2855 de
1045 2798 1263 2854 arcanis
1304 2808 1489 2853 autem
1536 2796 1799 2867 loquitur,
1829 2811 1938 2850 non

345 2895 540 2950 dubito
565 2896 697 2964 quin
728 2897 875 2948 hunc
910 2893 1113 2958 locum,
1142 2904 1197 2946 et
1240 2891 1368 2946 huic
1404 2891 1612 2945 similes
1646 2891 1698 2943 in
1729 2890 1938 2959 episto-

344 2987 420 3042 lis
453 2986 773 3056 respexerit.
819 2984 1088 3040 Praeterca
1135 2984 1190 3038 in
1233 2983 1519 3053 Excerptis
1551 2982 1847 3037 Clementis
1874 2983 1939 3036 ὲκ

340 3077 451 3147 τῆς
465 3078 787 3149 ἀνατολικῆς
815 3076 1219 3147 διδασκαλίαςηι
1243 3091 1307 3129 ex
1335 3074 1586 3129 orientali
1610 3073 1878 3139 doctrina,
1908 3091 1931 3125 ι

2037 1874 2268 1945 iugulet.
2322 1891 2341 1924 ι
2380 1873 2517 1928 Cum
2571 1873 2897 1945 proﬁtetur,
2940 1876 3155 1947 inquit,
3206 1877 3341 1939 ista,
3381 1891 3617 1947 quorum

2040 1964 2144 2019 sibi
2178 1962 2463 2018 scientiam
2495 1975 2735 2033 arrogat,
2769 1964 2905 2016 adeo
2936 1977 3058 2017 esse
3089 1963 3327 2029 excelsa,
3362 1963 3498 2017 adeo
3528 1978 3626 2018 su-

2039 2073 2138 2128 pra
2171 2057 2484 2111 mortalium
2515 2056 2679 2112 etiam
2712 2056 2951 2111 fidelium
2999 2065 3217 2125 captum
3252 2054 3528 2121 sublimia,
3565 2064 3626 2112 ut

2039 2166 2104 2207 ea
2138 2165 2169 2204 a
2202 2148 2494 2205 Trallianis
2527 2149 2642 2205 suis
2676 2148 2794 2219 capi
2828 2163 2989 2217 posse
3020 2148 3290 2217 desperet.
3326 2146 3497 2217 Cujus
3530 2163 3625 2203 ra-~

2040 2244 2244 2299 tionem
2280 2243 2437 2299 affert
2468 2258 2577 2298 nou
2611 2242 2907 2298 admodum
2940 2241 3260 2308 ofﬁciosam,
3298 2240 3441 2296 hanc
3477 2241 3625 2296 scili—

2041 2346 2147 2402 cet,
2181 2337 2328 2407 quod
2360 2337 2451 2391 isti
2485 2338 2595 2392 sint
2645 2337 2847 2407 νήπιοι,
2890 2355 2908 2388 ›
2948 2334 3197 2405 parvuli,
3230 2334 3407 2404 pueri,
3443 2335 3626 2391 infan-

2047 2439 2146 2485 tes.
2196 2428 2315 2484 Non
2368 2429 2524 2485 video
2557 2429 2833 2500 quomodo
2880 2444 3132 2499 magnam
3181 2429 3287 2485 sibi
3339 2430 3626 2488 scientiam

2042 2530 2281 2592 arrogat,
2318 2522 2412 2592 qui
2446 2537 2506 2577 se
2543 2536 2710 2591 supra
2740 2536 2941 2592 pueros
2975 2536 3166 2591 sapere
3198 2521 3348 2591 dicit.
3384 2520 3504 2578 Non
3540 2525 3626 2578 in—

2043 2615 2224 2685 telligo
2256 2615 2533 2684 qu'omodo
2567 2616 2691 2684 quis
2725 2616 2816 2669 illa
2851 2615 2986 2669 adeo
3018 2615 3233 2670 excelsa
3266 2630 3408 2680 esse,
3444 2627 3499 2671 et
3531 2633 3627 2672 su-

2041 2722 2136 2776 pra
2170 2708 2414 2761 omnium
2455 2708 2772 2761 mortalium
2819 2716 3039 2777 captum
3088 2707 3343 2762 sublimia
3390 2717 3624 2775 asserat,

2042 2813 2163 2868 quae
2212 2806 2420 2853 tantum
2467 2800 2537 2853 ab
2579 2799 2883 2856 infantibus
2937 2799 3057 2869 capi
3097 2816 3206 2853 non
3241 2815 3403 2869 posse
3434 2802 3629 2857 existi-

2044 2904 2173 2946 mat.
2209 2890 2330 2946 Non
2373 2892 2531 2961 capio
2587 2908 2762 2962 quare
2794 2892 2947 2963 pueri
2990 2912 3007 2944 ι
3030 2892 3140 2948 Deo
3161 2893 3309 2963 digni
3336 2916 3355 2947 ο
3384 2894 3490 2950 dici
3513 2911 3626 2951 non

2041 2984 2276 3051 possint,
2311 2991 2406 3037 aut
2436 3000 2455 3033 ι
2488 2991 2723 3038 mentem
2759 2983 3091 3053 inculpatam
3125 2992 3178 3039 et
3206 2984 3625 3055 inseparabilem

2043 3075 2098 3128 in
2135 3075 2394 3144 patientia
2438 3093 2455 3126 ι
2495 3090 2606 3128 non
2642 3074 2898 3130 habeant.

340 3185 474 3240 quae
503 3184 635 3224 sane
663 3168 719 3223 S.
754 3168 962 3234 lgnatio
985 3168 1262 3238 incognita
1291 3181 1413 3221 esse
1434 3181 1541 3219 non
1574 3165 1769 3235 potuit,
1795 3180 1932 3218 non-
1962 3177 2007 3239 (ζ
2112 3165 2217 3220 Sed
2254 3182 2354 3221 nec
2387 3167 2522 3221 satis
2555 3167 2837 3224 modestus
2871 3169 3197 3225 censoribus
3231 3173 3457 3241 nuperis
3488 3176 3628 3230 scri-

346 3261 502 3315 nulla
549 3260 617 3315 de
658 3261 979 3330 angelorum
1026 3258 1196 3312 variis
1245 3257 1433 3312 oliiciis
1476 3264 1529 3310 et
1572 3254 1928 3322 dignitatibus

344 3351 685 3407 referuntur.
737 3350 925 3420 Neque
960 3364 1091 3404 vero
1129 3348 1274 3418 quod
1303 3364 1365 3402 ea
1398 3346 1598 3401 dixerit
1628 3345 1933 3400 Trallianos

343 3445 781 3513 strangulatum,
809 3443 948 3498 adeo
979 3443 1095 3497 haec
1129 3440 1384 3496 sublimia
1409 3455 1533 3495 esse
1563 3439 1787 3493 indicat.
1818 3437 1935 3494 Hoc

342 3534 495 3588 enim
520 3536 587 3589 ad
610 3550 703 3591 eos
722 3544 980 3605 tanquam
1005 3533 1241 3589 infantes
1264 3534 1469 3588 dictum
1499 3540 1604 3597 est,
1629 3533 1725 3602 qui
1755 3532 1934 3587 solido

341 3625 474 3680 cibo
498 3625 656 3681 facile
692 3626 1142 3696 strangulantur;
1172 3625 1323 3696 quod
1361 3624 1683 3678 tralatitium
1729 3632 1834 3678 est.
1866 3621 1936 3677 Ut

343 3717 721 3774 Tertullianus
768 3718 927 3788 epist.
980 3717 1085 3780 64,
1130 3716 1199 3772 de
1249 3714 1596 3786 Origeuianis
1647 3715 1929 3784 loquitur:

349 3830 374 3863 ς
412 3809 491 3864 Ex
516 3827 626 3880 quo
654 3811 845 3865 volunt
889 3809 1136 3879 intelligi,
1171 3824 1274 3863 nos
1306 3807 1405 3877 qui
1459 3806 1688 3861 necdum
1735 3807 1932 3862 initiati

344 3919 565 3967 sumus,
596 3903 796 3957 debere
826 3902 1014 3957 audire
1038 3900 1403 3966 mendacium,
1434 3914 1501 3953 ne
1531 3898 1741 3969 parvuli
1771 3907 1936 3969 atque

344 4001 619 4055 lactentes
670 3995 950 4052 solidioris
992 3993 1099 4048 cibi
1152 3992 1334 4048 edulio
1387 3992 1735 4053 sutl‘ocemur,
1777 4009 1796 4042 ›
1832 3990 1935 4046 hoc

341 4098 435 4145 est
465 4086 1036 4160 στραγγαλωοὼμεθα.
1076 4085 1143 4140 Ει
1175 4086 1411 4140 Dallaeus
1458 4085 1574 4154 ipse
1618 4083 1794 4152 capite
1840 4081 1931 4148 29,

342 4181 479 4235 dum
518 4183 633 4235 haec
673 4180 865 4250 lgnatii
903 4180 1069 4234 verba
1099 4179 1310 4243 recitat,
1341 4177 1596 4231 observat
1629 4192 1648 4226 ι
1700 4173 1757 4229 in
1797 4173 1933 4243 ipsis

342 4282 536 4342 aperte
560 4288 820 4344 expressa
859 4270 1076 4326 Paulini
1107 4286 1303 4326 sensus
1329 4268 1579 4339 vestigia.
1615 4285 1635 4319 ι

423 4365 531 4421 Sed
559 4376 614 4421 et
636 4368 743 4420 hoc
776 4365 959 4434 plane,
992 4363 1189 4432 inquit.
1223 4382 1243 4414 ‹
1272 4362 1717 4431 intempestivum
1744 4380 1764 4413 ι
1790 4368 1928 4415 erat.

340 4461 463 4516 lmo
492 4473 625 4514 vero
653 4467 708 4513 et
737 4458 866 4513 huic
895 4457 1016 4511 loco
1036 4470 1092 4510 et
1117 4455 1347 4525 tempori
1385 4454 1624 4509 maxime
1650 4453 1926 4524 congruit.

2032 3267 2159 3329 ptor
2214 3258 2457 3325 videtur,
2514 3258 2646 3314 dum
2697 3258 3022 3331 Polyearpo,
3064 3280 3083 3313 ι
3125 3273 3386 3333 tanquam
3442 3266 3625 3336 tyroui

2033 3349 2289 3420 magister
2330 3368 2348 3400 ι
2388 3350 2612 3415 scribit,
2648 3350 2800 3403 αἰτοῦ
2834 3351 3048 3406 σύνεσιν
3088 3352 3309 3407 πλείονα
3349 3351 3417 3426 ἦς
3454 3354 3627 3430 ἔχεις,

2040 3461 2059 3493 ι
2101 3450 2226 3513 pete
2272 3440 2622 3512 prudentiam
2676 3444 2996 3512 ampliorem
3041 3460 3106 3499 ea
3153 3461 3317 3515 quam
3362 3447 3551 3502 babes.
3595 3467 3617 3500 ι

2034 3530 2079 3588 Ο
2125 3534 2447 3604 praeclarum
2494 3533 2852 3589 immodestiae
2893 3536 3205 3605 specimen!
3260 3536 3445 3592 Monet
3494 3554 3621 3593 eum

2034 3637 2096 3683 ut
2123 3629 2397 3698 juniorem
2434 3630 2639 3695 senior,
2676 3636 2737 3683 ut
2784 3630 3011 3684 charum
3045 3632 3279 3695 amicus,
3318 3640 3377 3685 ut
3408 3632 3623 3702 episco-

2034 3737 2163 3791 pum
2204 3721 2511 3788 confessor,
2547 3732 2602 3776 et
2647 3721 2899 3776 hortatur
2946 3722 3014 3775 ad
3064 3723 3400 3779 incrementa
3454 3725 3621 3794 spiri-

2033 3813 2264 3867 tualium
2300 3814 2572 3868 donorum
2596 3813 2946 3883 acquirenda,
2981 3824 3035 3869 et
3062 3830 3092 3869 a
3127 3814 3239 3870 Deo
3272 3817 3455 3872 omnis
3487 3817 3620 3873 boni

2034 3904 2185 3960 fonte
2235 3906 2489 3975 petenda.
2537 3903 2805 3960 Monitum
2845 3906 3005 3976 plane
3052 3907 3157 3962 hoc
3202 3923 3311 3963 non
3352 3908 3620 3965 immode-

2034 4007 2205 4065 stum,
2235 3997 2328 4053 sed
2364 3996 2515 4067 pium
2551 3996 2804 4067 inprimis
2848 4006 2903 4052 et
2937 3997 3130 4066 ﬁdele;
3181 4000 3439 4070 quodque
3469 4010 3621 4057 vete-

2032 4104 2121 4145 res
2169 4091 2265 4159 qui
2311 4090 2428 4145 loca
2467 4089 2778 4146 communia
2825 4098 3150 4157 tractarunt,
3196 4091 3297 4146 sibi
3332 4092 3620 4162 diligenter

2033 4181 2452 4237 exscribendum
2489 4181 2771 4251 putabant.
2799 4178 2985 4251 Neque
3019 4197 3148 4238 vero
3181 4182 3317 4237 levis
3349 4184 3616 4254 suspicio,

2034 4275 2151 4330 haec
2203 4273 2375 4329 fuisse
2425 4273 2705 4344 signanter
2736 4275 2901 4341 dicta,
2946 4283 3000 4329 et
3044 4274 3249 4344 aliquid
3300 4273 3392 4331 hic
3438 4276 3618 4343 innui,

2033 4367 2179 4437 quod
2212 4367 2371 4421 valde
2405 4374 2593 4421 notatu
2637 4366 2860 4437 dignum
2912 4376 3019 4422 est.
3056 4364 3193 4420 Nam
3226 4376 3282 4422 et
3328 4367 3383 4421 in
3418 4366 3615 4423 Inscri-

2033 4460 2216 4530 ptione
2266 4456 2553 4528 Polycarpi
2614 4457 2803 4512 scribit
2846 4473 2859 4509 :
2936 4457 3249 4528 Ἐπισκόπῳ
3294 4456 3619 4529 Ἐκκλησίας

341 4552 503 4621 Quod
534 4560 597 4606 ut
621 4566 731 4605 non
761 4549 969 4604 videret
997 4547 1250 4614 Dallams,
1282 4546 1447 4613 foeda,
1476 4556 1536 4601 ut
1558 4546 1772 4616 Opinor,
1804 4560 1930 4599 sen-

2035 4548 2375 4623 Σμυρναίων,
2415 4547 2615 4619 μᾶλλον
2640 4549 3068 4621 ὲπεσκοπημένῳ
3100 4550 3205 4603 ὑπὸ
3236 4549 3371 4603 Θεοῦ
3404 4551 3619 4626 Πατρός

342 4644 532 4700 tentia:
577 4642 936 4713 praecedentis
984 4640 1315 4711 corruptela,
1364 4638 1453 4694 cui
1496 4646 1607 4693 tam
1646 4624 1932 4693 infeliciter

339 4737 616 4792 medelam
653 4734 914 4790 adhibere
941 4744 1171 4787 conatus
1200 4741 1285 4786 est
1314 4730 1642 4794 Salmasius,
1673 4730 1727 4783 in
1767 4744 1934 4783 causa

340 4828 470 4884 fuit.
504 4827 611 4882 Ista
642 4827 751 4881 duo
778 4825 1041 4880 vocabula
1076 4824 1265 4877 ἑαυτὸν
1289 4823 1537 4895 πότερον,
1566 4820 1748 4876 abillo
1772 4820 1935 4875 toties

338 4929 541 4976 vexata
573 4929 629 4975 et
656 4920 841 4988 pejora
872 4917 1035 4982 facta,
1072 4915 1330 4971 facillime
1369 4915 1427 4969 in
1462 4930 1633 4969 unum
1665 4928 1732 4968 ex
1766 4912 1936 4966 inter-

337 5015 595 5084 polatore
632 5010 1083 5079 compinguntur,
1119 5016 1179 5062 ut
1212 5007 1440 5061 miniata
1472 5004 1775 5059 mutatione
1814 5021 1937 5056 συν-

336 5101 644 5174 τονώτερον
687 5101 920 5171 legatur.
953 5098 1074 5165 Qua
1099 5114 1233 5153 voce
1260 5098 1537 5162 restituta,
1569 5096 1781 5166 reliqua
1826 5094 1933 5148 mi-

337 5194 498 5248 nimo
545 5191 762 5262 negotio
807 5200 1091 5245 sanantur.
1141 5189 1231 5244 Sic
1258 5188 1422 5259 igitur
1467 5188 1635 5257 lego:
1682 5186 1934 5255 Ἀγαπῶν

338 5287 489 5356 ὑμᾶς
546 5283 830 5355 φείδομαι·
898 5280 1292 5354 συντονώτερον
1349 5279 1648 5350 δυνάμενος
1703 5280 1936 5350 γράφειν

336 5377 473 5448 mp1
505 5375 698 5429 τούτου
749 5377 830 5437 εἰς
861 5373 1022 5427 τοῦτο
1042 5374 1228 5444 ᾠήθην
1264 5372 1351 5425 ἵνα
1383 5370 1458 5424 ὣν
1492 5370 1819 5442 κατάκριτος
1860 5370 1937 5434 ὡς

334 5468 642 5531 ἀπόστολος
677 5468 805 5538 ὑμῖν
837 5466 1235 5537 διατάσσωμαι.
1266 5463 1550 5535 Signiﬁcat
1580 5477 1639 5517 se
1667 5463 1720 5516 in
1751 5462 1936 5516 animo

336 5559 607 5615 habuisse
645 5557 854 5628 aliquid
889 5557 955 5611 ad
990 5572 1085 5612 eos
1110 5571 1210 5627 pro
1259 5557 1516 5626 episcopo
1569 5568 1669 5607 suo
1712 5550 1937 5622 Polybio

332 5654 607 5717 scribere,
643 5667 805 5720 quem
839 5651 1099 5720 majorem
1128 5649 1296 5704 etiam
1332 5647 1476 5717 apud
1502 5645 1751 5700 ethnicos
1782 5659 1937 5698 reve-

330 5744 579 5800 rentiam
606 5744 877 5807 obtinere,
916 5758 1081 5813 quam
1113 5740 1256 5813 apud
1281 5741 1452 5811 ipsos,
1483 5738 1721 5807 indicat;
1751 5736 1935 5793 acrius

401 5836 458 5869 ⁸⁸
477 5836 617 5907 Cap.
652 5851 713 5904 tt,
745 5850 798 5891 v.
829 5834 919 5891 19.

2036 4641 2130 4695 καὶ
2162 4639 2371 4711 Κυρίου
2420 4638 2596 4710 Ἰησοῦ
2629 4639 2885 4710 Χριστοῦ.
2927 4657 2946 4689 ι
2987 4638 3257 4710 Episcopo
3304 4638 3618 4711 Smyrnam—

2035 4749 2181 4799 rum,
2210 4732 2385 4803 magis
2418 4739 2598 4786 autem
2631 4731 2850 4786 visitato
2895 4746 2925 4786 a
2967 4729 3075 4785 Deo
3109 4729 3265 4787 Patre
3296 4740 3352 4786 et
3383 4731 3620 4789 Domino

2036 4824 2163 4881 Jesu
2194 4825 2434 4879 Christo.
2480 4843 2497 4875 ι
2530 4824 2762 4877 Innuere
2793 4830 2977 4877 autem
3013 4822 3229 4877 videtur
3262 4822 3445 4877 locum
3478 4823 3612 4893 Apo.

2035 4918 2319 4989 calypseos
2336 4916 2401 4984 ”,
2419 4930 2529 4986 quo
2546 4913 2803 4969 scribitur
2818 4916 2886 4968 ad
2920 4915 3172 4983 angelum
3205 4913 3614 4987 Smyrnaeorum

2037 5010 2328 5065 Ecclesiaaz
2356 5029 2373 5060 ι
2397 5008 2533 5064 Novi
2553 5024 2716 5080 opera
2733 5017 2846 5063 tua.
2872 5027 2891 5059 ι
2914 5007 3046 5074 Quae
3065 5008 3112 5062 si
3128 5007 3435 5064 observatio
3468 5020 3617 5066 recta

2038 5105 2129 5170 sit,
2165 5118 2274 5158 non
2322 5102 2683 5157 dubitandum
2717 5101 2841 5167 erit,
2904 5102 3035 5171 quin
3055 5101 3133 5155 illi
3179 5109 3385 5169 septem
3438 5103 3619 5171 angeli

2036 5195 2390 5252 ecclesiarum
2441 5194 2663 5249 totidem
2702 5190 2905 5247 fuerint
2938 5192 3156 5262 proprie
3187 5192 3319 5247 dicti
3350 5193 3616 5264 episcopi.

2626 5283 2856 5341 CAPUT
2894 5284 3011 5339 ΧΙΙ.

2037 5386 2362 5449 Argumenta
2395 5398 2429 5435 α
2459 5382 2690 5434 dictione
2719 5382 2882 5449 petita
2919 5379 3254 5449 refelluntur.
3298 5378 3434 5449 Vera
3476 5380 3615 5433 vocis

2144 5455 2367 5525 εοφόρου
2410 5454 2552 5525 notio
2588 5448 2727 5520 apud
2771 5448 3037 5525 antiques.
3066 5449 3147 5525 Eg
3178 5465 3276 5503 vox
3308 5448 3367 5504 S.
3401 5448 3616 5525 lgnatii;

2109 5519 2235 5577 dum
2275 5519 2329 5577 in
2357 5524 2486 5576 vivis
2518 5519 2682 5585 esset,
2723 5523 2923 5573 tributa
2958 5530 3054 5573 est.
3097 5520 3373 5574 Sermones
3415 5519 3617 5588 lgnatii

2110 5610 2230 5647 cum
2258 5594 2492 5663 Trojano
2521 5593 2689 5645 habiti
2718 5591 3076 5663 explicantur.
3108 5589 3369 5663 Martyres
3404 5606 3435 5641 a
3459 5606 3618 5663 paga-

2106 5665 2212 5728 nis,
2244 5660 2651 5728 κακοδαίμονες,
2697 5660 2904 5725 miSeri,
2945 5678 3033 5715 seu
3067 5660 3311 5715 infelices
3332 5660 3613 5716 nominati.

2113 5733 2326 5789 Fabula
2361 5737 2424 5789 de
2455 5730 2513 5789 S.
2550 5733 2763 5804 lgnatio
2794 5748 2954 5802 puero
2994 5732 3047 5786 in
3080 5731 3220 5786 ulnis
3248 5730 3447 5789 Christi
3476 5744 3616 5791 aut}
