4138 6400
522 388 627 443 399

1566 389 1641 444 'S.
1684 388 2026 446 lGNATlUS.
2070 422 2137 431 —
2170 390 2686 447 PROLEGOMENA

3662 391 3768 446 400

590 518 681 583 pte
713 523 807 583 nec
844 507 1001 561 titulo
1038 505 1938 583 longeuposterior.’Alia_trfaditio
1963 551 1979 573 ,
2006 511 2085 563 illi

2193 511 2402 580 ἀνδρῶν
2431 511 2756 582 εἰρημένοις.
2796 510 3050 569 Oratione
3084 506 3152 565 $7
3180 512 3309 576 τὬς
3337 520 3421 578 τις
3452 508 3561 566 τῶν
3589 512 3769 583 μικρῷ

594 578 788 647 fabulae
816 595 1010 641 cowva,
1038 579 1294 650 veteribus
1327 581 1617 650 incognita.
1671 580 1890 633 Fabula-
1924 582 2090 649 ipsius

586 650 905 717 Anastasius
960 659 1007 700 et
1058 648 1461 717 Metaphrastesi
1502 651 1660 717 primi
1723 652 2088 705 meminerunt.

595 716 797 789 [gnatii
834 720 1155 787 patriarcha:
1204 716 1777 789 constantinopolitani
1827 731 1982 773 (atate
2008 722 2093 789 fa-

593 788 730 860 bula;-
764 799 907 841 nata:
932 789 1192 860 videntur.
1237 788 1433 843 Noster
1476 789 1723 860 Ignatius
1763 788 2091 859 presbyteros

600 859 787 921 ἱερέας
814 875 914 911 non
943 859 1195 927 appellat.

586 972 767 1040 Atque
795 971 911 1027 haec
936 971 1155 1042 quidem
1185 972 1447 1026 hactenus
1477 971 1544 1025 de
1578 971 1742 1026 rebus
1780 972 1937 1041 ipsis,
1971 987 2093 1041 quae

518 1062 797 1132 epistolas,
830 1077 967 1132 quas
1009 1062 1381 1127 defendimus,
1428 1062 1486 1117 S.
1524 1062 1730 1132 lgnatio
1760 1064 2016 1133 episcopo
2041 1073 2094 1118 et

517 1155 744 1225 martyri
785 1154 961 1209 aliena
1002 1170 1168 1208 manu
1215 1156 1440 1209 minime
1483 1156 1731 1211 subditas
1760 1154 1931 1210 fuisse
1966 1172 2091 1225 pcr-

518 1247 769 1301 suadent.
802 1245 935 1312 Quaz
954 1255 1259 1316 sequuntur
1304 1266 1321 1297 ι
1354 1248 1655 1302 orationem
1679 1290 1693 1313 ,
1734 1256 1789 1301 et
1818 1248 1981 1302 verba
2024 1264 2091 1302 ex

518 1338 723 1407 quibus
755 1339 930 1393 oratio
954 1347 1202 1393 contexta
1231 1348 1335 1401 est,
1383 1359 1399 1391 ι
1431 1348 1697 1409 spectant.
1730 1338 1807 1394 De
1845 1340 2091 1393 oratione

523 1430 574 1482 in
608 1445 803 1497 genere
832 1429 1102 1499 disputat,
1134 1431 1226 1485 sed
1267 1431 1402 1485 nihil
1437 1432 1584 1485 aliud
1614 1432 1842 1496 asserit,
1887 1446 2051 1500 quam
2072 1474 2087 1498 ,

515 1521 775 1589 epistolas
804 1521 1088 1576 duodecim
1113 1541 1131 1573 ι
1170 1538 1278 1577 non
1307 1539 1427 1578 esse
1457 1525 1620 1579 unius
1640 1524 1883 1593 ejusdem
1903 1533 2091 1578 aucto-

514 1628 614 1678 TIS,
651 1631 668 1663 ι
706 1615 850 1682 quod
872 1615 919 1667 ei
950 1615 1307 1670 libentissime
1335 1616 1706 1671 concedimus.
1734 1616 1869 1677 Cum
1904 1626 2088 1673 autem

513 1705 759 1757 omnium
792 1706 1149 1774 epistolarnm
1184 1707 1460 1776 ingenium
1495 1717 1548 1762 et
1576 1708 1748 1762 ideam
1782 1709 1972 1763 critice
2002 1725 2089 1764 re—

514 1804 831 1864 prmsentat,
865 1797 1277 1865 antiquissimas
1304 1798 1447 1863 illas,
1469 1796 1704 1853 Eusebio
1731 1801 1894 1865 visas,
1914 1803 2089 1855 maxi-

514 1901 601 1940 me
621 1888 893 1955 exagitat;
927 1903 1115 1941 earum
1142 1890 1339 1959 stylum
1378 1890 1534 1945 miris
1558 1891 1737 1947 modis
1766 1892 1996 1947 infamat
2020 1910 2084 1949 ac

511 1980 787 2049 deturpat,
820 1981 967 2035 illius
992 1984 1272 2036 sententia!
1300 1983 1358 2037 S.
1391 1981 1703 2055 Hieronymi
1735 1985 1959 2041 minime
1974 2002 2089 2041 me-

512 2091 662 2129 mor:
702 2095 721 2127 (
772 2076 898 2131 Scio
932 2078 1073 2131 inter
1103 2077 1449 2135 Christianos
1481 2080 1773 2135 verborum
1807 2082 1937 2135 vitia
1977 2096 2087 2135 non

510 2169 685 2222 solere
716 2170 1057 2238 reprehendi.
1089 2188 1106 2220 ι

583 2258 767 2314 Prima
803 2261 1063 2316 dictionis
1109 2262 1261 2317 labes
1286 2278 1451 2333 quam
1479 2263 1736 2318 observat
1775 2274 1859 2319 est
1884 2278 2089 2336 c0gno-

510 2362 754 2409 mentum
797 2354 1057 2427 θεοφόρου
1080 2354 1271 2425 lgnatii
1306 2355 1516 2410 nomini
1550 2372 1761 2427 semper
1790 2358 2085 2427 adjectum.

508 2447 578 2499 At
606 2455 751 2500 certe
778 2446 825 2501 si
854 2461 960 2500 vox
999 2446 1257 2518 θεοφόρος
1290 2458 1713 2517 cognomentum
1747 2449 1847 2513 sit,
1887 2450 2087 2521 stylum

506 2537 594 2591 vel
635 2536 931 2593 dictionem
968 2538 1194 2593 minime
1241 2539 1419 2605 lzedit;
1476 2556 1654 2609 neque
1700 2542 1990 2612 quisquam
2022 2559 2087 2598 eo

506 2629 701 2684 radius
735 2639 829 2684 aut
872 2630 1135 2685 incultius
1180 2631 1423 2686 scribere
1454 2632 1561 2686 dici
1598 2641 1815 2702 potest,
1853 2636 1998 2704 quod
2028 2652 2087 2690 se

504 2722 592 2775 vel
617 2736 728 2776 uno
754 2722 839 2776 vel
876 2722 1128 2791 pluribus
1161 2723 1475 2779 nominibus
1517 2726 1732 2794 probat.
1779 2725 1881 2781 Sed
1920 2747 1937 2779 ι
1984 2729 2088 2783 hoc

509 2811 700 2881 lgnatii
736 2827 935 2867 nomen
992 2812 1329 2882 Theophorus
1379 2826 1433 2867 et
1480 2814 1628 2883 apud
1685 2816 2088 2871 vetustissimos

508 2917 703 2957 omnes
733 2912 817 2957 est
840 2904 1171 2970 inauditum,
1198 2914 1253 2959 et
1280 2905 1439 2975 plane
1464 2905 1799 2969 fabulosum,
1831 2917 1885 2962 et
1914 2925 1978 2961 ex
2005 2908 2087 2962 fa-

506 2996 636 3049 bula
663 3003 865 3049 ortum.
888 2994 1033 3067 Ergo
1048 2996 1318 3066 epistolas
1343 2997 1568 3053 alterius
1597 3000 1831 3069 alicujus
1847 3001 1937 3054 diu
1967 3010 2087 3069 post

506 3084 774 3156 lgnatium
802 3086 973 3141 fuisse
1002 3103 1226 3144 necesse
1252 3096 1356 3143 est.
1400 3107 1419 3141 ι
1450 3087 1564 3143 Hoc
1600 3090 1765 3159 igitur
1795 3107 2085 3159 argumen-

2196 602 2430 672 πρόσθεν
2462 602 2735 673 θεοφόρων
2768 602 3178 673 ἐφιλοσόφησεν.
3215 603 3492 658 Palladius
3523 604 3577 656 in
3619 603 3740 658 Prae

2194 688 2397 745 latione
2419 690 2701 747 Lausiacze
2729 694 2970 748 historiae
2996 712 3008 747 :
3040 693 3199 766 Παρά
3222 694 3498 765 θεοφόρων
3522 694 3771 764 ἀθλητῶν

2192 781 2287 835 τοῦ
2320 783 2560 853 Χριστοῦ
2592 785 2691 855 τὴν
2739 785 2989 857 οὐράνιον
3026 785 3230 839 τούτων
3261 785 3405 857 ζωὴν
3444 786 3762 857 ἐκμεμάθη-

2193 892 2282 927 κα.
2320 875 2556 939 Quintus
2589 876 2646 932 S.
2679 878 2864 949 Cyrilli
2891 880 3384 935 anathematismus
3432 881 3502 934 ab
3534 884 3767 936 Anasta-

2194 968 2277 1020 sio
2310 983 2540 1023 versus:
2573 988 2592 1020 ι
2628 969 2685 1024 Si
2726 972 2850 1039 quis
2883 972 3045 1026 audet
3076 972 3256 1026 dicere
3277 970 3557 1026 Christum
3590 972 3769 1027 homi-

2193 1078 2315 1116 nem
2366 1064 2651 1136 ἄνθρωπον
2708 1064 2999 1137 θεοφόρον,
3072 1067 3123 1119 id
3178 1074 3262 1121 est
3320 1067 3598 1121 hominem
3657 1065 3769 1120 Deo

2192 1162 2435 1207 utentem
2483 1170 2541 1209 se
2588 1166 2956 1225 asportantcm
2988 1150 3124 1227 [lege
3158 1158 3272 1212 sive
3294 1157 3663 1229 portantem],
3715 1169 3768 1213 et

2192 1260 2299 1298 non
2340 1244 2511 1301 Deum
2539 1262 2661 1302 esse
2703 1250 2969 1303 veraciter
3012 1249 3249 1315 dixerit,
3293 1251 3580 1303 anathema
3616 1250 3709 1304 sit.
3742 1268 3764 1303 ι

2192 1336 2257 1389 Et
2285 1346 2463 1393 tamen
2511 1338 2572 1392 Β.
2620 1338 2997 1395 'l'heodoretus
3019 1382 3033 1407 ,
3063 1341 3153 1394 τὸν
3182 1340 3436 1413 θεοφόρον
3475 1342 3532 1394 δὲ
3562 1340 3767 1413 ἄνθρω-

2191 1442 2291 1479 πον
2322 1427 2397 1491 ὡς
2440 1428 2653 1493 πολλοῖς
2696 1431 2806 1485 τῶν
2849 1431 3020 1499 ἁγίων
3065 1432 3324 1504 Πατέρων
3371 1432 3659 1503 εἰρημένον
3705 1433 3766 1484 οὑ

2191 1520 2624 1590 παραιτούμεθα·
2660 1541 2679 1573 ι
2720 1519 2994 1576 Deiferum
3024 1523 3321 1587 hominem,
3351 1520 3493 1575 sicut
3522 1536 3551 1574 a
3579 1522 3767 1575 multis

2191 1612 2395 1665 sanctis
2420 1610 2675 1667 Patribus
2701 1612 2880 1667 dictus
2907 1622 2990 1667 est
3009 1654 3023 1677 ,
3063 1628 3170 1667 non
3202 1613 3503 1681 rejicimus.
3543 1633 3561 1664 ι
3589 1613 3767 1683 Cyril-

2192 1700 2276 1756 lus
2298 1711 2477 1755 autem
2510 1721 2522 1755 :
2554 1704 2740 1773 Φαμὲν
2769 1704 2878 1775 γὰρ
2912 1705 3069 1774 ἡμεῖς
3102 1704 3164 1756 τὸ
3195 1702 3268 1774 μὴ
3302 1704 3500 1774 χρῆναι
3530 1704 3770 1777 πρόςτι-

2192 1811 2278 1857 νος
2312 1794 2567 1867 θεοφόρον
2588 1795 2871 1867 ἄνθρωπον
2902 1795 3259 1866 ὀνομάζεσθαι
3290 1795 3380 1849 τὸν
3414 1797 3768 1867 Χριστὸν,ῖνα

2196 1889 2268 1958 μὴ
2288 1888 2407 1940 καθ’
2431 1888 2524 1940 ἕνα
2536 1888 2643 1941 τῶν
2656 1888 2825 1956 ἁγίων
2839 1891 3027 1942 νοοῖτο.
3052 1907 3068 1939 ι
3095 1888 3334 1944 Dicimus
3357 1888 3501 1942 enim
3526 1905 3627 1943 nos
3657 1904 3767 1943 non

2191 1980 2387 2035 debere
2410 1982 2479 2035 ab
2497 1981 2680 2050 aliquo
2702 1980 2976 2035 Deifcrum
3011 1982 3288 2035 hominem
3318 1982 3590 2035 nominari
3616 1983 3770 2036 Chri-

2192 2082 2359 2137 stum,
2399 2083 2554 2127 utne
2600 2074 2741 2127 sicut
2792 2090 2936 2129 unus
2979 2085 3295 2129 sanctorum
3347 2076 3700 2145 intelligatur.
3741 2096 3762 2129 ι

2191 2164 2452 2237 Eulogius
2487 2167 2630 2236 apud
2663 2165 2918 2221 Photium
2944 2167 3011 2221 de
3042 2166 3099 2221 S.
3145 2167 3350 2238 Cyrillo
3385 2184 3397 2219 :
3438 2170 3495 2220 Ὀ
3526 2169 3572 2222 δ’
3606 2169 3767 2233 αὑτὸς

2190 2256 2445 2329 θεοφόρος
2476 2258 2613 2329 ἀνὴρ
2639 2260 2738 2312 κὰν
2763 2257 2840 2327 τῷ
2863 2258 3102 2330 δευτέρῳ
3129 2260 3558 2332 ἀναθεματισμῴ
3589 2261 3656 2315 τὰ
3680 2262 3769 2314 αὑ-

2189 2348 2257 2402 τὰ
2292 2350 2407 2419 βοᾷ.
2442 2348 2692 2415 Photius,
2726 2352 2957 2419 epistola
2988 2354 3163 2422 prima
3200 2354 3267 2407 de
3286 2354 3473 2422 quinta
3511 2354 3763 2426 synodo:

2190 2442 2358 2494 Πέντε
2404 2442 2459 2494 δὲ
2506 2443 2599 2495 καὶ
2640 2443 2908 2514 ἑξήκοντα
2938 2446 3034 2497 καὶ
3070 2446 3265 2500 ἑκατὸν
3293 2444 3565 2517 θεοφόρων
3600 2447 3769 2500 πατέ-

2190 2548 2300 2601 ρων
2330 2533 2605 2604 παρουσίᾳ
2638 2533 2731 2585 καὶ
2772 2533 3041 2605 συνδρομῇ
3077 2534 3424 2606 ἐκρατύνετο.
3462 2534 3537 2589 De
3573 2544 3765 2589 sexta:

2202 2623 2600 2695 Ἐὀδομήκοντα
2638 2626 2694 2677 δὲ
2739 2626 2830 2679 καὶ
2872 2626 3065 2680 ἑκατὸν
3101 2627 3382 2699 θεοφόροις
3420 2626 3647 2699 ἀνδράσι
3678 2628 3768 2681 τὸν

2188 2716 2375 2783 ἀγῶνα
2429 2718 2789 2790 ὑποδυομένη.
2843 2717 2918 2773 De
2970 2720 3247 2789 septima:
3306 2720 3428 2773 Τῶν
3484 2721 3769 2792 μακαρίων

2188 2810 2411 2863 ἐκείνων
2445 2810 2537 2863 καὶ
2562 2810 2723 2880 ἱερῶν
2753 2810 2960 2884 ἀνδρῶν
2990 2813 3022 2882 ἠ
3058 2811 3315 2886 θεοφόρος
3350 2814 3443 2865 καὶ
3475 2813 3608 2881 ἁγία
3635 2831 3759 2867 πανο

2188 2904 2399 2973 ήγυρις.
2446 2902 2945 2972 Frequentissimus
3003 2904 3170 2974 igitur
3219 2905 3386 2975 hujus
3432 2907 3682 2962 vocabuli
3709 2907 3765 2961 in

2187 3008 2433 3053 veterum
2466 2998 2684 3066 scriptis
2734 3014 2868 3053 usus
2911 2999 3211 3067 reperitur,
3265 3000 3426 3069 cujus
3476 3001 3767 3069 explicatio

2190 3090 2243 3142 in
2271 3090 2507 3145 Scholiis
2536 3090 2757 3144 Maximi
2783 3091 2848 3144 ad
2882 3092 3061 3145 locum
3080 3090 3320 3163 Dionysii
3345 3094 3567 3147 citatum
3587 3092 3767 3149 fusius

507 3188 623 3232 tum
666 3194 766 3233 suo
808 3179 930 3235 loco
958 3179 1228 3234 dimotum
1270 3191 1375 3245 est,
1402 3188 1456 3236 et
1493 3182 1558 3235 ad
1590 3197 1652 3236 ea
1676 3182 1931 3251 pertinet,
1962 3200 2085 3254 quae

2190 3180 2461 3234 traditur:
2494 3181 2807 3251 Σημείωσαι
2842 3182 2925 3234 ὃτι
2966 3181 3057 3234 καὶ
3102 3182 3163 3235 τὸ
3202 3182 3310 3235 τῶν
3343 3184 3513 3251 ἁγίων
3561 3184 3769 3255 θρόνων

505 3279 816 3340 temporum
848 3271 1009 3325 (idem
1039 3271 1261 3340 pulsare
1292 3272 1604 3328 videantur.
1653 3273 1756 3327 Sed
1806 3275 1954 3329 salva
1994 3290 2084 3330 res

504 3370 633 3429 est;
674 3370 730 3417 et
767 3363 942 3433 magis
984 3371 1133 3417 certa
1176 3363 1343 3433 hujus
1386 3364 1737 3434 cognominis
1782 3366 2085 3435 antiquitas

504 3469 673 3524 quam
700 3464 757 3509 ut
782 3455 1019 3509 recentis
1049 3454 1250 3509 fabula:
1274 3464 1533 3523 praetextu
1560 3454 1869 3524 rejiciatur,
1910 3455 2084 3525 magis

505 3546 785 3615 explorata
815 3546 1066 3601 vocabuli
1099 3547 1250 3601 notio
1274 3548 1329 3599 in
1364 3555 1611 3601 veterum
1643 3546 1885 3616 scriptis,
1917 3562 2083 3617 quam

506 3650 568 3695 ut
594 3640 963 3709 posteriorum
992 3640 1213 3708 ineptiis
1235 3639 1510 3693 cludatur.

574 3732 843 3803 Θεοφόρος
877 3748 981 3787 vox
1017 3741 1099 3787 est
1132 3732 1376 3802 antiquis
1418 3730 1673 3787 Ecclesize
1722 3731 2084 3801 scriptoribus

505 3824 743 3879 maxime
780 3824 1105 3890 familiaris;
1145 3833 1206 3877 ut
1246 3825 1375 3879 huic
1421 3823 1523 3892 ipsi
1560 3823 1815 3892 scriptori
1862 3822 2083 3891 Ephesii

504 3917 837 3991 θεοφόροι,οι
860 3918 1115 3989 ναοφόροι
1149 3918 1425 3971 dicuntur.
1462 3915 1535 3969 Ita
1565 3917 1818 3971 Clemens
1849 3917 2085 3969 Alexan-

504 4010 697 4064 drinus
729 4010 782 4063 in
808 4008 1090 4078 Excerptis
1114 4010 1329 4069 asserit.
1346 4008 1601 4079 θεοφόρον
1618 4008 1858 4075 γίνεσθαι
1889 4006 1979 4061 τὸν
1998 4007 2083 4061 ἀνα

505 4102 723 4173 θρωπον
752 4102 1033 4172 προσεχῶς
1055 4099 1447 4172 ἐνεργούμενον
1482 4099 1587 4151 ὑπὸ
1611 4099 1711 4151 τοῦ
1741 4100 1966 4169 Κυρίου,
1992 4099 2086 4152 καὶ

505 4192 756 4264 καθάπερ
791 4191 950 4263 σῶμα
991 4191 1156 4246 αὑτοῦ
1202 4192 1503 4261 γινόμενον.
1542 4189 1607 4244 Ει
1642 4190 1939 4255 Stromat.,
1985 4190 2081 4244 lib.

502 4302 578 4339 VII
602 4304 614 4338 :
644 4286 714 4338 Ἦ
737 4286 837 4337 οὐκ
865 4283 1244 4355 οἴδατε,φησὶν
1263 4285 1293 4335 6
1332 4282 1672 4345 Ἀπόστολος,
1700 4282 1781 4333 ὅτι
1813 4283 1938 4344 ναός
1959 4282 2083 4334 tm

504 4378 599 4434 τοῦ
632 4378 796 4443 Θεοῦ;
830 4378 982 4442 Θεῖος
1014 4377 1121 4449 ἄρα
1152 4380 1181 4433 6
1207 4376 1509 4447 γνωστικὸς
1544 4375 1637 4428 καὶ
1666 4375 1766 4445 ἤδη
1796 4375 1949 4442 ἅγιος
1977 4374 2090 4427 θεο-

507 4470 691 4543 φορῶν
736 4473 829 4526 καὶ
862 4470 1304 4543 θεοφορούμενος.
1342 4469 1486 4525 Idem
1520 4469 1665 4522 enim
1697 4477 1781 4522 est
1821 4468 2085 4536 templum

2185 3274 2368 3343 τάγμα
2400 3272 2656 3344 θεοφόρον
2691 3268 2861 3335 εἶπεν,
2897 3273 2973 3335 ὡς
3007 3273 3171 3344 φέρον
3204 3274 3614 3344 ἀναπαυόμενον
3645 3290 3769 3344 νοη-

2183 3366 2291 3426 τῶς
2324 3364 2413 3417 τὸν
2454 3363 2608 3417 Θεόν.
2638 3364 2779 3435 Ὅρα
2811 3360 2902 3417 οὖν
2935 3364 3121 3436 ἐπειδὴ
3154 3366 3248 3418 καὶ
3280 3367 3308 3417 6
3358 3368 3624 3436 μακάριος
3658 3366 3766 3418 Βα-

2185 3455 2379 3519 σίλειος
2425 3456 2453 3507 6
2500 3457 2875 3526 Καππαδόκης
2932 3456 3029 3527 τὴν
3089 3459 3345 3529 θεοφόρον
3396 3455 3516 3511 εἷπε
3569 3460 3765 3529 σάρκα,

2185 3544 2484 3616 σκοπητέον
2518 3545 2635 3608 πῶς
2674 3544 2910 3616 εἴρηται.
2947 3546 3083 3598 Ἀλλ’
3116 3550 3147 3618 ἡ
3185 3550 3285 3616 μὲν
3318 3547 3453 3619 σάρξ
3489 3548 3765 3603 αὐτοῦτοῦ

2182 3638 2390 3707 Κυρίου
2425 3638 2544 3691 κατ’
2575 3636 2761 3690 οὐσίαν
2794 3640 2885 3691 καὶ
2919 3639 3038 3692 καθ’
3074 3641 3371 3694 ὑπόστασιν
3394 3643 3600 3712 ἥνωται
3620 3641 3768 3711 αὑτῷ

2182 3728 2260 3800 τῷ
2291 3729 2409 3800 Θεῷ
2453 3730 2644 3800 Λόγωο
2695 3730 2777 3782 διὸ
2817 3732 2909 3783 καὶ
2944 3735 3304 3803 σαρκοφορεῖν
3336 3733 3502 3797 αὐτὸς
3548 3734 3766 3801 λέγεται

2184 3820 2335 3892 παρά
2366 3819 2474 3874 τῶν
2508 3821 2789 3893 Πατέρων,
2820 3822 2913 3873 καὶ
2950 3822 3128 3893 σάρκα
3161 3823 3507 3878 ἐνδύσασθαι.
3546 3826 3612 3877 Τί
3644 3824 3769 3877 ἀτοα

2184 3931 2283 3967 πον
2314 3910 2407 3967 οὖν
2441 3916 2489 3967 εί
2537 3914 2629 3967 καὶ
2675 3915 2709 3985 ἡ
2750 3915 2885 3985 σὰρξ
2916 3915 3079 3969 αὑτοῦ
3113 3914 3331 3983 λέγεται
3364 3916 3647 3989 θεοφόρος,
3690 3918 3768 3981 ὡς

2185 4002 2423 4075 φέρουσα
2455 4004 2545 4057 τὸν
2577 4004 2709 4059 Θεὸν
2741 4006 2909 4073 Λόγον
2940 4006 3058 4059 καθ’
3079 4006 3270 4059 ἕνωσιν
3299 4007 3639 4071 ἀδιάστατον,
3667 4010 3767 4061 αὑ-

2184 4095 2276 4149 τοῦ
2330 4096 2465 4166 σάρξ
2511 4098 2604 4150 καὶ
2649 4097 2913 4168 λεγομένη
2946 4099 3040 4151 καὶ
3083 4100 3401 4170 ὑπάρχουσα
3435 4100 3639 4171 κυρίως
3671 4100 3768 4153 καὶ

2184 4186 2326 4239 κατά
2358 4186 2633 4257 ἀλήθειαν.
2665 4183 2824 4241 Οὗτοι
2855 4188 2911 4240 δὲ
2947 4188 3087 4241 κατά
3114 4189 3273 4258 χάριν
3308 4188 3525 4259 ἔχοντες
3553 4189 3610 4239 ἐν
3633 4190 3766 4241 sau-

2185 4282 2296 4341 τοῖς
2328 4278 2418 4332 τὸν
2445 4279 2577 4331 Θεὸν
2608 4281 2833 4351 ἀρρήτῳ
2858 4297 2917 4333 τε
2946 4280 3088 4349 λόγῳ
3116 4282 3210 4333 καὶ
3240 4281 3541 4351 ἀνεννοήτῳ
3558 4278 3768 4349 διανοίᾳ

2187 4370 2431 4443 θεοφόροι
2484 4373 2577 4425 καὶ
2626 4373 2776 4425 αὐτοὶ
2827 4372 2917 4425 διά
2967 4372 3128 4425 τοῦτο
3158 4371 3422 4439 λέγονται.
3464 4392 3481 4424 ι
3523 4370 3764 4427 Observa

2186 4477 2312 4516 eum
2349 4471 2663 4519 sanctorum
2707 4465 3029 4519 thronorum
3071 4464 3319 4519 ordinem
3365 4465 3622 4536 θεοφόρον
3663 4480 3766 4517 no-

507 4563 601 4618 Dei
635 4579 790 4629 esse,
823 4572 876 4617 et
907 4563 1164 4635 θεοφόρον
1197 4578 1354 4626 esse,
1389 4562 1473 4616 vel
1504 4562 1802 4631 θεοφορεῐν.
1850 4559 2084 4614 Sanctus
2119 4566 2161 4619 D
2190 4555 2422 4622 minare,
2450 4556 2616 4610 veluti
2662 4558 2910 4626 ferentem
2957 4557 3399 4611 intellectualitcr
3435 4557 3763 4612 residentem

507 4656 824 4726 Dionysius,
856 4655 1096 4709 Ctelestis
1118 4655 1428 4709 liierarchia:
1468 4668 1589 4723 cap.
1625 4652 1675 4715 7,
1702 4653 1859 4706 docet
1884 4668 2085 4706 nomen

506 4749 687 4803 throni
736 4749 880 4803 inter
922 4748 1143 4804 ordines
1186 4749 1469 4819 angelicas
1509 4750 1771 4804 denotare
1800 4750 1859 4803 τὸ
1891 4751 2083 4820 θεοφό-

508 4858 619 4912 ρον.
657 4840 715 4895 S.
743 4840 977 4897 Basilius
1010 4842 1084 4895 De
1109 4840 1317 4912 Spiritu
1350 4841 1431 4907 S.,
1456 4858 1576 4911 cap.
1609 4844 1641 4898 5
1669 4859 1683 4895 :
1736 4844 1829 4896 Ἐκ
1868 4844 1961 4897 τοῦ
1991 4844 2086 4896 ἀν-

506 4932 776 5003 θρωπείου
810 4933 1130 5007 φυράματος
1159 4935 1192 5004 ἡ
1227 4932 1485 5004 θεοφόρος
1519 4933 1656 5005 σὰρξ
1684 4936 1958 5006 συνεπάγη
1984 4975 1997 4999 ,
2033 4946 2087 4989 et

506 5024 731 5078 homilia
776 5026 832 5078 in
876 5024 1231 5079 Nativitatem
1259 5040 1278 5079 :
1311 5024 1456 5077 Ἔδει
1499 5025 1559 5079 τὸ
1591 5026 1814 5097 Πνεῦμα
1847 5027 1941 5079 καὶ
1987 5027 2084 5097 τὴν

504 5114 731 5186 δύναμιν
755 5117 850 5171 τοῦ
878 5118 1132 5187 Ὑψίστου
1149 5117 1243 5189 τὴν
1272 5116 1529 5189 θεοφόρον
1563 5118 1778 5188 ἐκείνην
1811 5120 2085 5189 συστήσα-

507 5205 629 5258 σθαι
661 5206 860 5277 σάρκα.
897 5205 975 5259 Ac
1018 5220 1211 5260 rursus
1254 5206 1478 5260 homilia
1526 5206 1579 5260 in
1626 5208 1898 5276 psalmum
1935 5224 2025 5261 ιιι
2061 5225 2073 5259 :

517 5296 800 5367 ’Υπόδημα
830 5295 887 5348 δὲ
930 5295 1033 5365 τῆς
1066 5294 1316 5365 θεότητος
1350 5297 1382 5365 ἡ
1416 5295 1671 5368 θεοφόρος
1716 5296 1883 5368 σὰρξ,
1918 5296 1986 5349 δι’
2017 5291 2084 5366 ἧς

506 5386 677 5459 ἐπέϐη
710 5391 821 5451 τοῖς
844 5387 1169 5458 ἀνθρώποις.
1219 5388 1515 5456 Gregorius
1555 5388 1933 5443 Nazianzenus
1969 5390 2086 5456 epi-

507 5478 643 5533 stola
683 5480 751 5533 ad
781 5477 1093 5533 Cledonium
1136 5479 1171 5531 ‘2
1196 5520 1210 5545 ,
1244 5479 1311 5533 de
1352 5482 1757 5549 Apollinarislis
1798 5496 1810 5529 :
1852 5479 1925 5531 Τὸ
1973 5479 2085 5532 δεῖν

507 5572 831 5642 προσκυνεῖν
868 5571 943 5642 μὴ
970 5570 1252 5643 ἄνθρωπον
1286 5570 1541 5642 θεοφόρον
1566 5612 1579 5635 ,
1615 5571 1749 5624 ἀλλὰ
1790 5571 1923 5624 Θεὸν
1953 5589 2086 5640 σαρ-

505 5664 758 5730 κοφόρον’
793 5673 847 5714 et
873 5678 886 5714 :
912 5662 1001 5727 Μὴ
1029 5661 1208 5732 σάρκα
1234 5661 1512 5732 θεοφόρον,
1544 5661 1679 5714 ἁλλά
1704 5662 1837 5713 Θεὸν
1874 5661 2082 5731 ἀνθρω-

506 5756 764 5827 ποφόρον.
805 5752 1067 5809 Oratione
1111 5755 1270 5807 tertia
1305 5772 1318 5808 :
1348 5754 1606 5806 Βούλεται
1638 5753 1747 5824 γὰρ
1777 5756 1907 5823 ἡμῖν
1938 5754 1967 5803 6
1997 5752 2085 5805 λό-

504 5862 600 5915 γος
648 5846 723 5918 μὴ
773 5846 974 5915 ἐξεῖναι
1019 5848 1316 5901 διαπιστεῖν
1361 5846 1473 5911 τοῖς
1520 5845 1623 5899 ὑπὸ
1657 5844 1763 5901 τῶν
1810 5844 2082 5915 θεοφόρων

2190 4648 2382 4703 Deum.
2416 4646 2598 4714 Quare
2626 4665 2750 4703 cum
2790 4650 2952 4701 etiam
2984 4647 3043 4701 B.
3073 4646 3304 4702 Basilius
3329 4647 3623 4717 Cappadox
3654 4646 3767 4699 θεο-

2185 4738 2349 4810 φόρον
2379 4754 2604 4794 carnem
2652 4740 2810 4805 dixit,
2835 4738 3293 4793 considerandum
3326 4740 3602 4808 quomodo
3628 4739 3763 4793 illud

2183 4832 2388 4885 dictum
2440 4831 2530 4886 sit.
2584 4832 2728 4887 Caro
2756 4841 2937 4887 autem
2971 4832 3146 4901 ipsius
3194 4831 3411 4885 Domini
3461 4832 3762 4886 secundum

2184 4925 2550 4978 substantiam
2592 4934 2646 4979 et
2690 4925 2991 4979 secundum
3038 4924 3458 4979 subsistentiam
3487 4924 3639 4978 unita
3681 4934 3763 4978 est

2185 5016 2287 5084 ipsi
2324 5015 2435 5071 Deo
2458 5016 2669 5073 Verbo:
2701 5027 3037 5088 quapropter
3063 5026 3117 5071 et
3150 5020 3531 5088 σαρκοφορεϊν,
3552 5034 3764 5071 carnem

2186 5111 2322 5177 ferre
2364 5111 2479 5180 ipse
2524 5112 2725 5165 dicitur
2767 5127 2797 5165 a
2841 5111 3115 5176 Patribus,
3166 5119 3218 5165 et
3258 5127 3472 5164 carnem
3522 5111 3761 5164 induere.

2184 5201 2315 5266 Qua:
2354 5201 2519 5271 igitur
2546 5202 2893 5265 absurditas,
2931 5202 2977 5257 si
3008 5205 3173 5256 etiam
3211 5217 3343 5256 caro
3388 5202 3509 5269 ejus
3544 5203 3766 5255 dicatur

2184 5293 2459 5365 θεοφόρος,
2492 5299 2753 5362 tanquam
2782 5294 2950 5362 ferens
2984 5292 3151 5346 Deum
3186 5292 3422 5346 Verbum
3457 5293 3763 5347 secundum

2185 5387 2440 5440 unionem
2470 5385 2918 5454 inseparabilem;
2944 5400 3069 5439 cum
3097 5385 3269 5454 ipsius
3297 5400 3428 5439 caro
3464 5394 3512 5438 et
3543 5384 3763 5438 dicatur

2183 5488 2236 5532 et
2274 5477 2345 5532 sit
2388 5478 2606 5547 proprie
2643 5488 2697 5531 et
2749 5477 3051 5532 secundum
3100 5477 3384 5531 veritatem
3417 5477 3440 5529 ?
3479 5475 3543 5528 lli
3578 5485 3759 5529 autem

2185 5586 2279 5639 per
2301 5570 2530 5639 gratiam
2561 5571 2825 5625 habentes
2853 5570 2907 5623 in
2945 5570 3144 5639 seipsis
3169 5569 3362 5634 Deum,
3394 5568 3648 5623 ineﬂ'abili
3672 5581 3763 5622 ra-

2186 5661 2332 5715 tione
2379 5670 2433 5717 et
2474 5661 2809 5730 incogitabili
2847 5662 3120 5717 intellectu
3145 5704 3160 5729 ,
3190 5662 3353 5717 etiam
3386 5661 3488 5731 ipsi
3511 5660 3763 5729 θεοφόοοι

2186 5761 2477 5821 propterea
2508 5752 2786 5807 dicuntur.
2804 5772 2821 5804 ι

2258 5842 2409 5900 llanc
2436 5858 2621 5901 veram
2661 5843 2911 5901 vocabuli
2945 5844 3223 5901 notionem
3250 5859 3374 5901 cum
3410 5852 3623 5899 veteres
3647 5849 3763 5896 tano
