4138 6392
374 388 475 442 ‘Ol

1183 388 1233 445 l.
1269 384 1641 444 PEARSONII
1684 384 2007 443 VINDICIA'I
2048 388 2469 446 lGNATlANAE.
2511 423 2581 434 ——
2619 392 2797 447 PARS
2836 392 2901 448 ll.

3538 394 3641 449 ωε

369 512 429 558 ιο
469 518 744 559 consensu
775 513 1108 574 agnoscant,
1142 520 1321 576 neque
1365 523 1435 561 an
1472 507 1613 562 idem
1647 506 1703 562 S.
1748 507 1955 578 lgnatio
1984 516 2028 571 Α
2059 510 2196 565 dixit
2228 531 2240 565 :
2278 511 2355 566 Tu
2406 512 2573 583 igitur
2614 514 2668 567 in
2716 513 2892 584 teipso
2943 511 3234 568 Christum
3281 512 3642 569 circumfers’

367 596 727 665 peculiariter
750 596 1073 651 attributum
1101 598 1174 653 sit
1199 599 1495 668 quisquam
1526 598 1772 666 dubitet;
1806 617 1954 670 quae-

366 688 513 741 ritur
542 696 754 742 tantum
785 702 907 759 quae
950 690 1022 745 sit
1055 691 1355 761 antiquitas
1389 691 1552 760 hujus
1588 693 1951 762 cognominis,

364 794 440 833 an
473 777 659 833 fabula
688 780 963 835 vetustius
986 791 1263 851 appareat,
1297 790 1351 836 et
1372 781 1584 853 lgnatio
1617 784 1741 838 vivo
1770 784 1952 853 impo-

365 873 537 926 situm
568 872 765 939 fuerit;
795 888 864 927 an
914 873 1099 943 potius
1133 873 1315 929 fabula
1346 876 1621 945 posterius
1650 883 1705 930 et
1754 890 1816 930 ex
1862 875 1953 929 illa

363 975 580 1018 natum.
611 963 797 1019 Primo
840 966 1004 1035 igitur
1042 967 1147 1022 hoc
1185 967 1321 1021 mihi
1352 968 1575 1022 concedi
1609 968 1827 1037 postulo
1848 1011 1862 1033 ,
1896 976 1955 1021 ut

362 1065 496 1110 ante
529 1057 792 1126 scriptam
826 1056 1050 1113 Eusebii
1075 1060 1361 1116 historiam
1391 1074 1593 1114 nomen
1628 1060 1720 1113 τοῦ
1760 1059 1953 1127 θεοφό-

362 1164 463 1219 ρου
492 1147 703 1218 lgnatio
732 1148 1056 1204 attributum
1089 1151 1194 1217 sit;
1228 1150 1273 1205 si
1297 1151 1445 1205 enim
1473 1152 1948 1221 posteainsertum

360 1248 551 1307 esset,
598 1242 959 1310 epistolarum
998 1258 1136 1312 quas
1175 1242 1522 1299 defendimus
1568 1245 1948 1299 auctoritatem

360 1332 616 1388 minuere
648 1348 757 1387 non
808 1342 1024 1403 posset,
1067 1349 1192 1389 cum
1231 1335 1597 1391 illaseasdem
1649 1352 1772 1391 esse
1812 1351 1951 1406 quas

358 1424 507 1478 vidit
525 1423 817 1487 Eusebius.
850 1426 1016 1480 etiam
1044 1426 1343 1483 adversarii
1367 1438 1687 1499 agnoscant.
1723 1427 1839 1483 lino
1859 1444 1952 1482 no-

359 1530 491 1569 men
530 1516 635 1570 hoc
668 1516 918 1585 epistolis
953 1533 1198 1572 coaavum
1242 1518 1413 1574 fuisse
1452 1520 1585 1574 mihi
1633 1522 1852 1576 videtur
1883 1536 1949 1575 ex

358 1607 499 1675 ipsis
530 1608 777 1678 epistolis
808 1611 989 1680 colligi
1028 1628 1137 1665 non
1168 1613 1348 1681 inepte
1378 1629 1559 1682 posse.
1588 1614 1681 1670 Sic
1709 1617 1854 1670 enim
1879 1617 1947 1671 ad

358 1701 676 1773 Smyrnreos
706 1706 943 1774 scriptor
972 1706 1248 1774 loquitur:
1276 1707 1339 1760 Τί
1371 1708 1480 1779 γάρ
1515 1725 1584 1779 με
1613 1708 1813 1778 ὠφελεῖ
1840 1729 1944 1777 τις,

353 1797 407 1848 εἰ
443 1796 542 1865 ἐμὲ
575 1799 809 1861 ἐπαινεῖ,
845 1799 934 1851 τὸν
961 1798 1017 1852 δὲ
1036 1799 1241 1871 Κύριὸν
1262 1817 1361 1870 μου
1387 1798 1699 1871 βλασφημεῖ
1733 1801 1806 1872 μὴ
1826 1805 1948 1873 ὀμο-

2056 600 2299 671 lgnatius
2327 603 2466 657 dixit
2503 620 2516 655 :
2560 603 2836 674 Scriptum
2877 615 2962 659 est
2986 605 3183 660 enim:
3219 601 3542 659 Iinhabitabo
3582 606 3640 658 in

2055 693 2187 761 ipsis
2222 703 2271 747 et
2308 694 2649 748 inambulabo
2672 696 2737 749 “.
2772 715 2791 747 i
2835 694 2941 761 Qui
2983 694 3139 750 locus
3174 695 3456 765 prepbetae
3498 708 3529 748 Α
3572 693 3635 749 S.

2055 785 2259 856 Cyrillo
2302 789 2371 841 ad
2410 788 2503 841 τοῦ
2549 788 2808 860 θεοφόρου
2851 790 3272 859 explicationem
3317 786 3634 843 adhibetur.

2056 875 2153 933 His
2178 878 2359 933 verbis
2384 888 2437 933 et
2466 895 2595 934 vera
2632 880 2934 950 antiquitas
2962 880 3235 945 nominis,
3277 890 3332 935 et
3360 896 3491 936 vera
3528 895 3635 936 no-

2056 972 2133 1026 tio
2171 973 2458 1028 asseritur.
2487 973 2593 1028 Sed
2622 973 2858 1030 Dallzeus
2881 974 3143 1030 Actorum
3169 983 3448 1029 auctorem
3481 993 3500 1025 ι
3540 974 3633 1029 diu

2055 1075 2179 1134 post
2214 1064 2408 1135 lgnatii
2441 1076 2685 1137 tempora
2720 1087 2738 1120 ι
2776 1067 2983 1123 vixisse
3005 1076 3182 1138 putat,
3214 1086 3234 1120 ι
3277 1068 3424 1138 quod
3449 1077 3502 1123 et
3524 1068 3634 1123 alia

2053 1154 2409 1223 confirmant,
2449 1158 2650 1227 inquit,
2680 1168 2732 1213 et
2756 1159 2898 1214 inter
2930 1168 3125 1214 caetera
3158 1174 3464 1226 sermones,
3492 1174 3633 1229 quos

2052 1263 2179 1301 cum
2217 1246 2456 1317 Trajano
2497 1266 2529 1303 a
2573 1260 2815 1321 martyre
2856 1251 3073 1307 habitos
3119 1252 3254 1306 Acta
3302 1252 3408 1306 ista
3438 1260 3633 1321 prieter

2051 1356 2270 1395 omnem
2296 1343 2409 1396 veri
2439 1358 2503 1398 ac
2528 1344 2713 1399 decori
2738 1345 2975 1413 speciem
3000 1344 3265 1414 lingunt.»
3282 1344 3452 1398 Miror
3476 1345 3634 1414 equi-

2052 1433 2173 1487 dem
2198 1449 2321 1487 cum
2353 1434 2469 1490 haec
2497 1434 2686 1506 lgnatii
2734 1436 2867 1491 Acta
2924 1452 3209 1505 nunquam
3250 1436 3318 1490 de
3361 1436 3633 1491 industria

2050 1524 2354 1593 refutasse;
2386 1528 2692 1597 praesertim
2724 1543 2850 1583 cum
2891 1543 2956 1582 ea
2990 1536 3103 1582 tam
3145 1528 3360 1583 illustre
3392 1526 3636 1595 epistolae

2051 1618 2118 1671 ad
2146 1618 2425 1676 Romanos
2461 1620 2841 1675 testimonium
2872 1621 3173 1689 praebeant,
3202 1635 3372 1690 quam
3408 1619 3499 1674 ille
3523 1628 3634 1673 tam

2051 1711 2334 1767 fastidiose
2361 1714 2559 1783 rejicit.
2589 1713 2852 1780 Quaenam
2878 1714 2969 1767 illa
3003 1714 3110 1768 alia
3135 1714 3247 1768 sint
3272 1713 3492 1778 nescio,
3519 1726 3636 1767 ser-

2052 1819 2243 1858 mones
2278 1815 2424 1859 certe
2460 1821 2638 1875 neque
2668 1806 2779 1860 veri
2810 1821 2987 1875 neque
3020 1806 3205 1860 decori
3234 1805 3487 1860 rationes
3520 1812 3637 1858 tur-

352 1858 532 1956 λογων
573 1889 737 1943 αὑτὸν
772 1858 1141 1963 σαρκοφόρονξ
1197 1858 1342 1944 Ὀιδὲ
1374 1858 1638 1962 δὲοῦτοι
1669 1858 1843 1961 λέγων
1859 1858 1946 1947 ἶπτε-

2053 1897 2203 1949 bant.
2231 1895 2349 1951 Una
2382 1906 2592 1951 tantum
2624 1914 2730 1952 vox
2758 1914 2808 1952 ac
2834 1896 3074 1967 Trajano
3104 1905 3368 1966 usurpata
3405 1894 3634 1965 reliquis

352 1979 518 2043 λείως
556 1981 718 2034 αὐτὸν
751 1982 1067 2053 ἁπήρνηται
1112 1983 1187 2046 ὡς
1229 1984 1585 2055 νεκροφόροςθ
1625 1984 1692 2037 τὰ
1724 1985 1781 2037 δὲ
1831 1986 1946 2038 ὀνό-

354 2088 507 2143 ματα
528 2073 707 2127 αὐτῶν
724 2074 857 2127 ὄντα
874 2074 1080 2127 ἄπιστα
1100 2076 1201 2128 οὐκ
1223 2074 1369 2139 ἔδοξέ
1389 2093 1476 2146 μοι
1501 2076 1727 2149 γράψαι.
1754 2096 1770 2126 ι
1805 2076 1945 2143 Quid

352 2163 506 2218 enim
537 2164 693 2233 juvat
718 2181 803 2220 me
839 2167 965 2234 quis
1005 2168 1051 2222 si
1078 2182 1167 2221 me
1194 2167 1409 2231 laudat.
1435 2167 1725 2223 Dominum
1762 2180 1943 2224 autem

356 2269 541 2308 meum
573 2255 938 2325 blaspltemat,
976 2273 1087 2311 non
1119 2260 1386 2313 confitens
1418 2274 1544 2314 eum
1580 2260 1945 2314 carniferum?

353 2347 464 2413 Qui
508 2358 688 2403 autem
732 2352 837 2405 hoc
887 2366 995 2405 non
1036 2351 1170 2406 dicit
1203 2352 1381 2419 ipsum
1421 2353 1661 2422 perfecte
1708 2354 1945 2425 abnega-

351 2441 463 2503 vit.
503 2443 781 2498 exsistens
838 2444 1106 2499 mortifer.
1161 2442 1398 2501 Nomina
1458 2455 1640 2502 autem
1694 2449 1943 2517 ipsorum

351 2537 678 2592 exsistentia
699 2538 935 2593 inﬁdelia
958 2553 1067 2592 non
1100 2538 1278 2594 visum
1303 2548 1386 2595 est
1410 2541 1544 2594 mihi
1573 2541 1891 2596 inscribere.
1918 2559 1940 2592 ι

353 2630 493 2695 Quis
534 2632 682 2685 enim
732 2647 842 2685 non
896 2631 1043 2685 videt
1095 2631 1365 2701 lgnatium
1399 2632 1467 2685 ad
1514 2647 1710 2686 nomen
1756 2632 1945 2701 θεοφό-

354 2739 453 2795 ρου
482 2724 731 2792 epistolae
755 2724 1034 2794 praefixum
1065 2726 1340 2791 alludere,
1379 2727 1523 2795 quod
1564 2730 1788 2797 agnovit
1836 2730 1940 2785 sibi

353 2828 425 2867 ne
446 2815 664 2883 quidem
694 2830 727 2869 a
749 2814 966 2870 Doeetis
991 2826 1245 2882 negatum
1276 2815 1727 2873 fuisse?~lllorum
1757 2830 1940 2874 autem

356 2906 548 2963 laudes
587 2922 697 2961 non
743 2908 1263 2976 acceptabat,,dum
1302 2924 1429 2963 eum
1476 2909 1738 2982 θεοφόρον
1773 2927 1941 2967 voca-

354 3007 510 3062 rent,
540 3009 803 3069 negarent
832 3009 1016 3054 autem
1059 3000 1340 3056 Christum
1382 3003 1755 3074 σαρκοφόρον,
1792 3014 1847 3059 et
1884 3021 1943 3059 se

352 3089 657 3159 probarent
680 3090 1076 3163 νεκροφόρουςο
1111 3106 1289 3160 neque
1323 3108 1515 3147 eorum
1555 3094 1780 3149 nomina
1812 3097 1943 3149 reci-

355 3190 476 3235 tare
513 3182 751 3236 volebat.
802 3181 865 3235 Et
904 3183 957 3236 in
986 3183 1215 3251 epistola
1245 3184 1312 3238 ad
1357 3185 1667 3256 Magnesios
1700 3206 1715 3238 :
1755 3190 1942 3242 Κατα-

355 3270 571 3337 sweet;
612 3271 721 3344 γὰρ
760 3272 1025 3342 ὀνόματος
1059 3274 1529 3345 θεοπρεπεστάτου
1566 3278 1625 3330 ὲν
1658 3271 1738 3341 οἷς
1786 3296 1941 3351 περι-

355 3363 510 3435 φέρω
552 3365 771 3435 δεσμοῖς
812 3366 924 3436 ᾄδω
967 3366 1066 3430 τὰς
1116 3366 1462 3439 Ἐκκλησίας.
1511 3387 1530 3421 ι
1580 3369 1942 3442 Dignificatus

354 3456 504 3510 enim
546 3456 769 3511 nomine
808 3456 1313 3515 Deodeceutissimo
1354 3459 1409 3513 in
1448 3462 1652 3531 quibus
1698 3464 1940 3519 circum-

357 3544 476 3600 fero
503 3547 737 3601 vinculis
767 3557 931 3603 canto
958 3548 1253 3605 Ecclesias.
1296 3572 1314 3604 ι
1356 3551 1459 3607 Ubi
1494 3555 1597 3609 viri
1636 3556 1780 3611 docti
1812 3558 1944 3625 jun-

356 3646 495 3706 gunt
540 3638 671 3692 illud
711 3653 908 3693 nomen
953 3656 1079 3695 cum
1127 3643 1185 3694 ἐν
1217 3637 1328 3707 οἷς,
1379 3652 1434 3697 et
1486 3654 1682 3714 putant
1708 3663 1829 3702 esse
1861 3650 1942 3702 vel

356 3728 770 3794 Christianum,
808 3732 968 3801 quasi
999 3730 1351 3790 Christianus
1401 3750 1508 3789 non
1544 3735 1742 3801 fuerit,
1784 3750 1943 3794 ante-

356 3838 525 3890 quam
557 3823 612 3877 in
642 3825 859 3879 vincula
890 3825 1172 3894 conjectus
1199 3834 1312 3889 est;
1334 3827 1417 3881 vel
1447 3827 1821 3885 confessorem
1849 3839 1944 3885 aut

358 3922 683 3985 martyrem,
715 3932 840 3970 cum
866 3917 1202 3972 confessoris
1242 3933 1443 3973 nomen
1478 3919 1616 3973 adeo
1652 3921 1943 3989 antiquum

357 4018 481 4058 esse
513 4005 745 4060 minime
775 4006 1060 4074 videatur;
1093 4016 1386 4078 martyrem
1435 4017 1618 4062 autem
1658 4026 1941 4080 nunquam

358 4109 420 4149 se
463 4095 702 4164 appellat
749 4094 1010 4167 lgnatius.
1059 4096 1126 4152 Et
1172 4098 1401 4153 omnino
1451 4098 1540 4152 illa
1570 4100 1731 4153 verba
1774 4103 1831 4154 ὲν
1863 4097 1943 4165 οἷς

358 4186 643 4257 περιφέρω
655 4187 873 4258 δεσμοῖς
891 4189 1073 4258 potius
1093 4190 1452 4259 sequentibus
1467 4190 1576 4262 ᾄδω
1596 4191 1695 4255 τὰς
1725 4192 1947 4264 Ἐκκλη-

361 4277 482 4340 σίας
507 4278 854 4349 adjungenda
881 4280 1156 4335 videntur.
1192 4278 1350 4346 Quod
1378 4290 1431 4334 et
1459 4297 1525 4335 ex
1568 4283 1842 4337 sententia
1876 4284 1945 4336 ab

359 4370 693 4441 imperatore
726 4374 833 4427 lata
862 4375 1059 4430 melius
1090 4376 1270 4431 adhuc
1292 4375 1643 4445 intelligitur;
1670 4375 1773 4430 sub
1795 4377 1942 4430 enim

358 4464 466 4519 hoc
494 4466 719 4521 nomine
749 4466 1042 4537 Θεοφόρου,
1076 4476 1130 4522 et
1166 4468 1234 4521 ad
1274 4466 1395 4536 ejus
1421 4467 1821 4536 expositionem
1852 4482 1943 4521 re-

358 4557 562 4612 latione
598 4558 804 4624 habita,
829 4560 882 4612 in
905 4559 1130 4614 vincula
1154 4560 1439 4629 conjectus
1469 4568 1574 4624 est,
1604 4558 1683 4614 uti
1714 4558 1768 4612 in
1792 4559 1944 4613 Actis

357 4649 633 4720 legimus:
678 4670 695 4701 ι
734 4650 1007 4721 Trajanus
1043 4652 1425 4707 sententiavit:
1456 4649 1724 4723 lgnatium
1749 4651 1944 4721 praeci-

358 4744 545 4811 pimus
576 4743 632 4798 in
666 4744 851 4813 seipso
882 4744 1155 4799 dicentem
1192 4744 1550 4800 circumferre
1585 4745 1911 4800 crucifixum
1932 4786 1947 4811 ,

354 4836 603 4890 vinctum
628 4851 660 4889 a
684 4837 953 4892 militibus
972 4837 1096 4893 duci
1114 4838 1169 4892 in
1188 4854 1441 4909 magnam
1474 4836 1729 4891 Romam.
1754 4856 1773 4888 ι
1794 4836 1947 4892 Adeo

358 4943 469 4983 non
500 4929 623 4983 sine
650 4944 935 4984 sarcasmo
976 4930 1274 4999 imperator
1317 4928 1585 5000 lgnatium
1614 4929 1951 4985 condemna-

359 5025 458 5077 vit.
500 5022 605 5078 Sed
634 5024 904 5079 habemus
936 5032 1103 5079 testes
1141 5023 1364 5080 Eusebii
1407 5025 1745 5094 temporibus
1785 5025 1949 5095 longe

358 5116 724 5185 antiquiores.
760 5116 1148 5172 Vetustissima
1177 5108 1323 5172 enim
1353 5118 1486 5172 Acta
1519 5118 1635 5172 haec
1654 5117 1856 5172 diserte
1880 5116 1949 5170 de

362 5206 421 5262 S.
470 5206 679 5279 lgnatio
724 5224 911 5263 coram
963 5206 1204 5278 Trajano
1266 5194 1597 5277 imperatore
1646 5206 1949 5262 constituto

359 5305 612 5353 narrant.
652 5319 669 5350 ι
704 5298 977 5370 Trajanus
999 5298 1172 5353 dixit:
1200 5297 1340 5365 Quis
1362 5314 1422 5354 es
1452 5306 1533 5365 tu,
1573 5298 1946 5365 cacodzemon,

359 5392 457 5463 qui
494 5401 681 5447 nostra
732 5402 1003 5463 praecepta
1052 5392 1281 5447 festinas
1329 5390 1666 5461 transgredi;
1720 5398 1776 5445 et
1825 5390 1951 5443 aliis

360 5485 663 5554 persuades
712 5495 771 5540 ut
809 5486 951 5539 male
986 5485 1245 5554 pereant?
1284 5482 1525 5553 lgnatius
1563 5482 1701 5536 dixit
1731 5500 1745 5536 :
1778 5479 1950 5535 Nemo

366 5577 756 5647 Theophorum
784 5578 1223 5633 cacodatmonem
1258 5584 1434 5630 vocat.
1457 5594 1475 5626 ι
1497 5574 1741 5629 Rursus:
1765 5594 1783 5624 ι
1816 5572 1951 5627 Tra-

358 5672 528 5740 ianus
570 5670 708 5725 dixit
748 5689 761 5723 :
819 5671 883 5724 Et
927 5670 1053 5740 quis
1101 5678 1186 5724 est
1246 5667 1654 5739 Theophorus?
1708 5665 1951 5735 lgnatius

359 5763 545 5821 dixit:
587 5763 692 5829 Qui
736 5764 1018 5819 Christum
1065 5764 1231 5821 habet
1275 5763 1331 5817 in
1383 5770 1621 5833 pectore.
1679 5759 1949 5830 Traianus

436 5880 486 5913 ""
520 5878 564 5935 ll
594 5880 721 5937 Cor.
758 5895 835 5947 vt,
866 5878 955 5936 l6.
1034 5938 1037 5941 _

2048 1987 2308 2042 omnibus
2335 1990 2683 2043 occasionem
2715 1989 2975 2058 praebuit;
3012 2004 3179 2059 quam
3230 2003 3396 2043 nemo
3433 1988 3636 2043 dixerit

2048 2078 2369 2147 imperatori
2397 2080 2622 2134 minime
2648 2080 2978 2145 convenire,
3007 2080 3102 2150 qui
3142 2095 3263 2135 eam
3292 2089 3440 2135 recte
3473 2079 3634 2133 intel-

2048 2170 2260 2224 lexerit.
2301 2169 2497 2225 Mirum
2531 2170 2766 2226 fortasse
2790 2171 2955 2227 alicui
2999 2172 3293 2237 videbitur,
3330 2170 3631 2240 Trajanum

2049 2261 2128 2315 sic
2171 2260 2440 2331 lgnatium
2479 2262 2839 2333 compellasse
2870 2280 2883 2315 :
2935 2281 2953 2313 ι
3006 2262 3141 2329 Quis
3174 2272 3233 2317 tu
3263 2278 3355 2327 es,
3393 2261 3636 2317 cacodte-

2047 2350 2240 2404 mon?»
2262 2351 2367 2406 Sed
2385 2351 2643 2419 quinovit
2666 2351 2796 2420 quid
2836 2353 2907 2406 sit
2932 2350 3299 2422 κακοδαίμων,
3322 2360 3377 2406 et
3399 2364 3636 2422 quomo-

2046 2444 2116 2498 do
2147 2443 2787 2513 Christianosinjudicio
2804 2445 3139 2514 compellare
3170 2445 3425 2500 solebant
3450 2444 3629 2499 ethni-

2046 2534 2129 2600 ci,
2162 2533 2322 2589 facile
2362 2536 2561 2590 sentiet
2596 2545 2654 2590 et
2699 2552 2888 2591 verum
2932 2538 3039 2593 hoe
3073 2547 3128 2593 et
3169 2538 3432 2593 decorum
3479 2551 3625 2593 esse.

2049 2623 2139 2679 Sic
2151 2625 2379 2679 Latinus
2406 2626 2675 2695 interpres
2700 2626 2754 2681 in
2777 2627 3042 2684 Passione
3061 2628 3387 2683 Andronici:
3420 2646 3440 2680 ι
3455 2626 3657 2683 Maxi-

2046 2733 2168 2772 mus
2193 2718 2334 2773 dixit
2363 2737 2376 2772 :
2410 2718 2549 2784 Quid
2574 2719 2686 2788 jam
2725 2719 2893 2775 habes
2929 2719 3138 2787 facere,
3164 2720 3308 2775 male
3330 2721 3572 2787 daemon,
3606 2738 3626 2773 ι

2045 2826 2170 2865 cum
2204 2825 2405 2880 praises
2441 2812 2533 2866 ille
2562 2812 2699 2866 nihil
2733 2812 2884 2866 aliud
2916 2812 3125 2868 dixisse
3153 2814 3435 2879 videatur,
3463 2829 3630 2882 quam

2046 2902 2392 2972 κακόδαιμον.
2422 2900 2521 2958 Est
2548 2913 2729 2957 autem
2759 2902 3107 2975 κακοδαίμων
3130 2904 3266 2959 nihil
3289 2904 3437 2959 aliud
3464 2921 3647 2975 quam-

2046 2992 2232 3047 infelix
2276 2995 2461 3047 homo.
2511 2992 2692 3049 Gloss.
2741 2992 2856 3049 Vet.
2898 2993 3250 3067 κακοδαίμων
3285 3013 3307 3048 ι
3344 2996 3631 3051 calamito-

2045 3100 2161 3138 sus.
2198 3102 2217 3135 ι
2263 3081 2331 3137 Ut
2363 3082 2464 3138 Dio
2493 3082 2927 3155 Clu-ysostomus
2954 3086 3051 3156 qui
3082 3086 3218 3141 vixit
3254 3086 3359 3141 sub
3399 3087 3633 3157 imperio

1970 3215 2015 3277 ε
2048 3176 2274 3247 Trajani
2313 3178 2716 3277 Alexandrinqs
2760 3178 3062 3248 alloquitur
3105 3178 3361 3235 oratione
3394 3178 3465 3233 52
3508 3200 3524 3237 :
3564 3177 3632 3234 Tt

2046 3266 2137 3324 οὖν
2171 3270 2328 3325 τοῦτο
2358 3270 2629 3343 λαμπρὸν,
2663 3264 3171 3341 ὧκακοδαίμονεςς
3231 3268 3429 3336 «Quid
3466 3270 3633 3342 igitur

2047 3363 2151 3417 hoc
2176 3362 2425 3433 prmclari
2452 3372 2557 3429 est,
2592 3377 2627 3417 ο
2655 3361 2939 3418 infelices?
2980 3381 2999 3415 ι
3039 3361 3147 3418 Eos
3177 3371 3362 3416 autem
3389 3362 3463 3416 ita
3489 3376 3634 3416 com-

2045 3456 2241 3525 pellat,
2276 3463 2496 3524 propter
2536 3455 2662 3510 illos
2698 3455 2794 3524 qui
2828 3456 2995 3509 vitam
3032 3469 3188 3509 suam
3235 3462 3431 3524 praeter
3458 3453 3631 3507 ratio-

2046 3563 2172 3601 nem
2213 3546 2584 3615 projecerunt.
2617 3547 2753 3599 Φασὶ
2796 3543 2928 3616 γοῦν
2965 3547 3064 3618 ἤδη
3097 3546 3249 3609 τινας
3288 3545 3634 3600 τῶννὰπολω-

2044 3639 2212 3691 λότων
2243 3637 2331 3690 διὰ
2364 3637 2462 3708 τὴν
2495 3636 2748 3709 τοιαύτην
2783 3640 3053 3710 πρόφασιν
3085 3638 3516 3701 νεανιεύσασθαι,
3554 3638 3629 3708 μὴ

2046 3731 2515 3803 παραιτουμένους
2534 3731 2625 3784 τὸν
2660 3730 2911 3797 Θάνατον,
2932 3730 3068 3784 ἀλλὰ
3098 3730 3627 3805 προσλιπαροῦντας,

2045 3822 2192 3884 ὅπως
2223 3819 2530 3874 ἀκούσωσιν
2564 3820 2841 3875 ὲπιπλέον.
2884 3839 2904 3871 ι
2945 3821 3115 3876 Aiunt
3142 3822 3307 3893 igitur
3331 3821 3445 3891 jam
3471 3836 3632 3892 quos-

2046 3913 2171 3967 dam
2198 3927 2393 3967 eorum
2421 3912 2517 3983 qui
2537 3915 2820 3983 perierunt
2849 3928 2916 3969 ex
2965 3914 3058 3968 tali
3086 3928 3261 3969 causa.
3285 3914 3537 3969 animose
3571 3926 3632 3967 se

2046 4006 2315 4076 gessisse,
2356 4022 2466 4060 non
2497 4006 2855 4076 deprecantes
2893 4014 3126 4061 mortem
3150 4045 3165 4071 ,
3198 4006 3292 4060 sed
3318 4005 3631 4075 supplican-

2048 4110 2150 4163 tes,
2183 4106 2241 4152 ut
2272 4098 2483 4154 diutius
2513 4098 2705 4154 audire
2737 4100 2947 4153 liceret.
2986 4117 3005 4150 ι
3041 4096 3154 4154 Hos
3192 4098 3510 4167 δυστυχεῖς,
3537 4114 3631 4151 τα-

2046 4192 2392 4264 λαιπώρους,
2424 4191 2821 4264 κακοδαίμονας
2860 4192 3135 4262 appellat;
3181 4200 3237 4248 et
3284 4190 3630 4246 Christianos

2046 4285 2116 4339 ad
2157 4282 2421 4355 martyria
2444 4280 2772 4337 festinantes
2800 4282 2936 4338 tales
2971 4283 3199 4337 omnino
3236 4281 3535 4352 putabant,
3576 4288 3633 4334 et

2048 4373 2266 4427 miseros
2296 4388 2361 4427 ac
2391 4372 2627 4441 infelices
2650 4371 2902 4427 homines
2941 4381 3076 4427 tunc
3103 4372 3368 4443 temporis
3391 4371 3634 4441 plerum-

2048 4481 2156 4535 que
2203 4465 2494 4519 vocabant.
2530 4462 2601 4518 Ut
2638 4464 2834 4519 Arrius
2876 4464 3188 4521 Antoninus
3238 4463 3384 4534 apud
3418 4460 3634 4518 Tertul—

2048 4561 2258 4615 lianum
2292 4560 2347 4613 in
2371 4559 2503 4613 Asia
2528 4568 2794 4630 martyres
2822 4559 3093 4614 allocutus
3118 4565 3236 4613 est:
3262 4553 3333 4610 Ὦ
3364 4555 3549 4621 δειλοί,
3577 4556 3634 4612 id

2049 4661 2163 4719 est,
2208 4670 2227 4703 ι
2279 4668 2313 4707 o
2356 4652 2544 4706 miseri
2600 4661 2655 4706 et
2706 4649 2954 4706 infelices
3012 4649 3296 4705 homines!
3337 4666 3355 4699 ι
3406 4647 3631 4703 Homeri

2053 4741 2415 4809 Scholiastes,
2448 4738 2495 4797 ὧ
2526 4744 2720 4798 ἄθλιοι.
2755 4743 3060 4815 Hesychius
3093 4759 3105 4793 :
3139 4736 3213 4793 τΑ
3230 4739 3414 4804 δειλοὶ,
3447 4733 3493 4793 ὦ
3526 4739 3632 4793 δει-

2049 4836 2152 4898 λοὶ,
2184 4835 2278 4889 καὶ
2311 4835 2723 4905 κακοδαίμονες.
2760 4834 2915 4891 Unde
2948 4835 3090 4890 idem
3119 4832 3495 4888 emendandus
3517 4842 3628 4888 sta-

2050 4930 2147 4983 tim
2180 4929 2249 4983 ab
2281 4928 2458 4994 initio,
2486 4930 2581 4983 καὶ
2610 4930 2671 4981 τὸ
2694 4946 2731 4982 α
2760 4928 2983 5001 ἄρθρον,
3025 4929 3101 4991 ὼς
3135 4930 3267 4998 παρ’
3310 4927 3553 4999 Ὁμήρῳ,
3588 4932 3624 4985 ἃ

2047 5022 2218 5094 δηλοῖ.
2253 5021 2565 5093 Legendum
2591 5022 2735 5075 enim
2767 5030 2870 5089 est,
2914 5030 3008 5075 και
3049 5020 3111 5075 τὸ
3141 5038 3187 5073 ω
3210 5020 3412 5093 ἄρθρον
3457 5021 3635 5091 (nem:

2050 5130 2118 5184 pe
2155 5115 2345 5187 δηλοῖ),
2365 5115 2441 5179 ὡς
2476 5116 2608 5183 παρ’
2647 5116 2887 5186 Ὁμήρῳ,
2919 5111 2991 5167 *Α
3013 5113 3195 5168 δειλοί.
3221 5113 3424 5184 Nuperi
3451 5114 3632 5171 edito-

2052 5223 2142 5262 res
2188 5218 2415 5263 monent
2461 5209 2553 5264 hic
2585 5198 2626 5261 ἆ
2675 5223 2781 5261 non
2813 5222 2936 5262 esse
2973 5205 3194 5279 ἄρθρον,
3252 5206 3348 5260 sed
3407 5206 3635 5264 omnino

2051 5300 2228 5354 voluit
2274 5298 2578 5371 Hesychius
2619 5295 2655 5353 ἆ
2709 5298 2853 5368 apud
2903 5296 3200 5352 Homerum
3240 5311 3341 5365 pro
3403 5289 3449 5349 ὣ
3501 5298 3635 5352 arti-

2053 5392 2180 5447 culo
2215 5392 2453 5462 positum
2482 5407 2635 5458 esse;
2688 5392 2804 5462 ipse
2855 5390 3002 5446 enim
3050 5405 3152 5445 suo
3214 5390 3335 5444 loco
3367 5406 3381 5442 :
3419 5381 3489 5441 '0
3532 5389 3634 5460 ἄρ-

2053 5483 2214 5556 Θρον,
2270 5485 2536 5554 κλητικῆς
2598 5483 2877 5547 πτώσεως,
2914 5477 3025 5537 οἷον
3055 5477 3131 5537 Ὦ
3164 5480 3453 5551 ἄνθρωπε.
3490 5480 3635 5551 Lege

2057 5576 2224 5645 igitur
2279 5575 2372 5628 καὶ
2420 5575 2481 5627 τὸ
2535 5567 2601 5640 ὧ,
2657 5574 3125 5643 quemadmodum
3187 5574 3333 5642 apud
3404 5570 3633 5626 Suidam

2054 5668 2307 5738 legimus,
2344 5665 2524 5720 καὶτὸ
2554 5661 2621 5729 ὦ,
2667 5669 2933 5737 ’⁷ομηρος,
2982 5662 3018 5719 ἆ
3052 5665 3256 5738 δειλήτι
3298 5664 3505 5727 κακῶν,
3541 5664 3632 5717 ubi

2053 5761 2215 5816 etiam
2242 5760 2550 5829 legendum,
2572 5756 2644 5812 Ἀ
2667 5760 2865 5824 δειλοὶ,
2882 5759 2934 5815 τί
2951 5757 3134 5813 κακῶν
3153 5776 3168 5826 ;
3188 5759 3379 5826 Odyss.
3398 5756 3463 5819 Κ,
3490 5754 3588 5811 451
3616 5771 3629 5806 :
