4138 6396
536 378 645 433 403

1588 386 1644 441 S.
1684 387 2029 445 IGNATIUS.
2069 419 2138 430 —
2176 386 2717 446 PROLEGOMENA.

3681 387 3787 442 404

536 493 612 554 Ἀ
646 497 853 567 δειλοὶ,
888 501 1027 558 πόσ⁹
1063 503 1217 573 (lter,
1252 520 1303 558 τι
1340 506 1540 561 κακῶν
1572 509 1822 577 ἱμείρετε
1851 510 2076 564 τούτων

2217 509 2311 578 qui
2339 507 2569 565 Joannis
2592 508 2835 580 theolhgi
2851 523 3144 581 germanus
3175 506 3478 577 discipulus
3507 503 3629 571 fuit,
3660 518 3788 559 san-

608 587 690 642 Ad
720 605 842 658 qua
890 588 1109 646 Homeri
1145 595 1331 660 verba,
1365 614 1384 647 ι
1428 612 1599 665 quare
1640 600 1753 653 hac
1798 600 1940 653 mala
1974 600 2109 654 adeo

537 678 895 735 desideratis?
930 700 949 733 ι
982 683 1236 739 allusisse
1277 686 1500 741 videtur
1536 688 1729 744 Arrius
1775 690 2108 747 Antoninus.

538 770 632 827 Sic
654 772 926 829 Maximus
955 792 1159 845 prases
1208 777 1449 835 Probum
1494 782 1866 839 confessorem
1914 787 2111 843 allatus

531 874 651 920 est:
691 882 710 916 ι
748 865 1050 936 Requiesce
1081 884 1110 922 a
1152 872 1393 927 vanitate
1433 882 1527 929 tua
1559 892 1573 927 :
1614 890 1682 929 an
1726 892 2016 945 permanes
2054 880 2108 932 in

532 957 737 1011 duritia
777 959 983 1014 miser?
1021 980 1039 1013 ι
1070 972 1123 1016 et
1156 981 1168 1016 :
1217 982 1235 1015 ι
1286 966 1516 1022 Attende
1545 983 1745 1034 corpus
1776 976 1928 1023 tuum
1955 1010 1971 1036 ,
2007 971 2111 1024 mi-

530 1062 664 1112 ser;
703 1066 722 1099 ι
756 1057 811 1101 et
837 1050 1247 1108 Andronicum:
1287 1074 1311 1107 ο
1345 1054 1464 1111 Non
1491 1060 1661 1113 sentis
1687 1068 1980 1124 tormenta,
2006 1063 2110 1116 mi-

529 1141 655 1195 ser?
685 1159 703 1190 ι
740 1152 794 1195 et
822 1141 1127 1199 Tarachum
1162 1165 1177 1199 :
1211 1165 1230 1198 ι
1272 1147 1529 1205 Miserere
1546 1150 1659 1220 jam
1694 1152 1805 1217 tui,
1837 1153 2044 1217 miser;
2084 1173 2102 1207 ι

529 1241 696 1301 atque
733 1232 807 1287 ita
839 1236 1060 1304 sapius.
1094 1235 1218 1291 Non
1262 1240 1421 1294 aliter
1466 1240 1790 1298 Ammianus
1833 1244 2105 1300 Marcelli-

528 1340 635 1379 nus
667 1343 681 1379 :
719 1345 737 1377 ι
770 1326 1140 1399 Poterantque
1169 1332 1469 1388 miserandi
1505 1335 1755 1392 homines
1786 1337 1853 1391 ad
1890 1340 2108 1396 crudele

528 1422 859 1491 supplicium
892 1424 1040 1480 ducti
1079 1426 1523 1484 Christianorum
1560 1430 1877 1501 adjumento
1912 1432 2106 1488 defen-

526 1515 605 1577 di,
632 1516 686 1569 ni
721 1517 941 1589 Georgii
966 1520 1097 1573 odio
1124 1535 1317 1576 omnes
1366 1522 1659 1579 indiscrete
1700 1524 2043 1595 ﬂagrassent.
2082 1547 2101 1580 ι

526 1608 666 1662 Cum
705 1610 871 1679 igitur
908 1611 1179 1683 Trajanus
1229 1614 1297 1669 ad
1345 1615 1613 1686 lgnatium
1665 1617 1767 1673 bac
1812 1621 2108 1690 compella-

524 1702 677 1758 tione
698 1719 833 1760 usus
869 1714 1035 1772 esset,
1068 1702 1113 1760 ὧ
1147 1708 1500 1780 κακόδαιμον,
1529 1710 1619 1765 ille
1643 1722 1857 1783 arrepta
1896 1716 1997 1771 hac
2019 1732 2107 1772 oc-

525 1796 769 1862 casione,
802 1798 1044 1867 gentium
1075 1799 1359 1871 δαίμονας,
1385 1812 1445 1857 ut
1470 1804 1720 1859 solebant
1741 1807 2103 1863 vetustissimi

523 1886 843 1956 Christiani,
875 1891 1135 1961 exagitat.
1156 1891 1431 1949 Putabant
1452 1896 1598 1950 enim
1622 1897 1835 1952 ethnici-
1854 1898 2103 1957 homines

523 1979 927 2051 κακοδαίμονας
960 1983 1119 2038 malis
1152 1984 1326 2053 geniis
1357 2002 1455 2040 seu
1500 1986 1842 2045 damonibus
1868 1990 2102 2046 inservi-

521 2084 603 2126 re.
638 2069 773 2125 Dion
814 2071 1267 2143 Chrysostomus,
1304 2078 1556 2133 oratione
1575 2080 1647 2134 εδ
1680 2100 1694 2135 :
1736 2081 1973 2155 Ἀνάγκη
2006 2101 2105 2136 κα-

520 2162 813 2235 κοδαίμονα
853 2168 1083 2236 φάσκειν
1115 2169 1277 2223 αὐτὸν
1312 2172 1466 2243 κακῷ
1496 2174 1711 2245 δαίμονι
1746 2177 2105 2248 συνεζευγμέ-

520 2266 611 2302 νον
651 2252 746 2305 καὶ
784 2253 1134 2327 λατρεύοντα.
1168 2277 1193 2309 c
1223 2257 1457 2319 Necesse
1485 2273 1571 2319 est
1621 2281 1745 2320 eum
1787 2268 1968 2322 dicere
2015 2268 2103 2322 in-

518 2339 733 2397 felicem
758 2385 772 2408 ,
838 2347 984 2403 malo
1026 2351 1186 2419 genio
1216 2354 1570 2423 conjunctum
1612 2367 1667 2412 et
1697 2360 2042 2415 servientem.
2078 2380 2095 2412 ι

516 2430 681 2501 Nam,
746 2445 809 2491 ut
864 2439 1124 2496 observat
1179 2444 1515 2514 Chalcidius,
1581 2466 1602 2500 ‹
1653 2450 1811 2519 juxta
1866 2468 2102 2522 usurpa-

518 2535 633 2581 tam
692 2543 859 2597 penes
900 2530 1118 2588 Gracos
1163 2534 1421 2605 loquendi
1488 2542 1942 2596 consuetudinem
1988 2554 2099 2598 tam

518 2619 696 2673 sancti
740 2629 869 2675 sunt
913 2620 1226 2692 damones,
1277 2643 1441 2697 quam
1490 2632 1684 2700 polluti
1722 2641 1779 2687 et
1825 2633 2029 2689 infecti.
2077 2655 2097 2689 ι

516 2709 769 2766 Ostendit
794 2712 959 2783 igitur
980 2716 1223 2786 seipsum
1249 2735 1358 2774 non
1390 2723 2099 2795 malogenioconjunctum,

517 2799 614 2854 sed
643 2799 756 2855 Deo
784 2802 986 2871 potius,
1019 2805 1105 2858 vel
1136 2807 1204 2861 ab
1238 2808 1355 2877 ipsa
1412 2813 1773 2881 appellatione
1816 2815 2097 2888 θεοφόρου,

517 2906 642 2960 qua
682 2891 784 2961 ipsi
818 2909 847 2947 a
881 2894 1213 2954 Christianis
1242 2902 1503 2957 attributa
1540 2914 1644 2958 est.
1674 2904 1771 2960 His
1797 2906 2101 2965 observatis

518 2983 718 3053 reliqui
753 3000 1040 3042 sermones
1071 2997 1123 3043 et
1150 2992 1399 3059 personis
1448 3004 1501 3049 et
1548 2996 1625 3050 rei
1658 2997 1761 3066 ipsi
1795 3000 1930 3054 satis
1959 3014 2099 3055 con-

518 3076 767 3130 sentanei
799 3086 947 3131 sunt.
986 3078 1264 3136 Fruantur
1304 3084 1471 3153 igitur
1506 3101 1568 3141 ea
1604 3089 1941 3159 antiquitatis
1981 3092 2099 3161 epi-

516 3165 688 3221 nione
718 3183 883 3237 quam
919 3169 988 3225 iis
1025 3170 1281 3229 Usserius
1314 3176 1701 3247 antiquitatum
1736 3181 1983 3251 optimus
2007 3183 2097 3252 ju-

513 3257 617 3312 dex
644 3260 977 3315 conciliavit.
1012 3260 1200 3333 Neque
1234 3265 1348 3320 hac
1373 3282 1479 3321 vox
1520 3268 1690 3323 ullum
1739 3269 1807 3325 iis
1838 3271 2096 3326 novitatis

498 3352 737 3425 signum
766 3352 1047 3423 imprimit.
1078 3354 1334 3426 Epistola
1362 3359 1492 3429 ipsa
1526 3370 1649 3416 ante
1678 3360 1898 3417 Eusebii
1916 3363 2096 3419 Histo-

512 3445 653 3499 riam
680 3459 744 3499 ex
792 3445 1233 3504 adversariorum
1261 3451 1627 3518 confessione,
1659 3469 1726 3508 ex
1758 3463 1948 3511 nostra
1979 3455 2097 3511 dis-

512 3539 799 3607 putatione
830 3554 861 3593 a
892 3538 1194 3613 Polycarpo
1234 3545 1393 3599 edita
1434 3545 1562 3602 huic
1604 3548 1918 3618 antiquitati
1959 3550 2093 3606 satis

512 3630 901 3703 sum-agantur.
933 3632 1120 3705 Neque
1150 3635 1339 3692 dubito
1376 3638 1507 3708 quin
1544 3640 1609 3693 ad
1644 3641 1861 3695 titulum
1904 3657 2093 3712 respe-

510 3721 653 3776 xerit
684 3735 906 3779 sanctus
942 3724 1235 3798 Dionysius
1284 3744 1412 3784 cum
1470 3744 1596 3785 eum
1662 3734 1880 3787 vocavit
1936 3734 2092 3788 Θείον

524 3814 806 3885 Ἰγνάτιονι
851 3815 1157 3874 Suecinunt
1182 3819 1433 3889 epistolis
1471 3831 1583 3877 tres
1632 3823 1842 3879 nobiles
1872 3823 2094 3879 Gracia

511 3906 828 3976 scriptores,
853 3905 1217 3978 Ephramius,
1243 3908 1436 3967 Jobius
1475 3922 1529 3967 et
1564 3912 1832 3969 Gobarus.
1878 3913 2094 3984 Ephra-

510 3997 659 4053 mius
688 4000 1006 4068 patriarcha
1039 4002 1365 4070 Antiochia,
1400 4012 1454 4058 et
1475 4002 1669 4074 lgnatii
1702 4021 1769 4059 ex
1804 4006 2093 4061 intervallo

511 4101 799 4142 successor
850 4089 993 4143 inter
1034 4088 1225 4146 Patres
1256 4093 1505 4147 meminit
1547 4094 1807 4162 Ἱγνατίου
1845 4095 1939 4148 τοῦ
1977 4095 2094 4149 θεο-

511 4179 712 4250 φόρου,
754 4179 1128 4237 ιοειοσΡΙιοῑίο
1159 4184 1347 4239 codice
1392 4185 1519 4240 92.7.
1558 4184 1751 4243 Jobius
1785 4190 2092 4244 monachus

510 4269 656 4337 apud
700 4272 952 4326 ennnlem
974 4311 989 4336 ,
1025 4274 1213 4329 codice
1245 4275 1408 4331 222-:
1453 4277 1590 4347 Φησὶ
1632 4279 1741 4351 γὰρ
1771 4282 1799 4333 ὁ
1835 4280 2092 4353 θεοφόρος

524 4359 780 4427 Ἰγνάτιος
804 4361 929 4432 τρία
952 4362 1135 4417 λαθεῖν
1152 4365 1243 4417 τὸν
1274 4365 1511 4439 ἄρχοντα
1537 4369 1631 4422 τοῦ
1662 4370 1855 4435 αἰῶνος
1875 4372 2086 4426 τούτου.

511 4447 837 4518 Stephanus
868 4450 1123 4508 Gobarus
1166 4455 1291 4511 cod.
1332 4456 1441 4509 252
1481 4476 1495 4512 :
1545 4460 1804 4529 Ἰγνάτιος
1845 4464 2027 4534 μέντοι
2060 4467 2089 4519 ὁ

506 4538 798 4608 Θεοφόρος.
837 4544 948 4659 ³κοιλ.
1001 4544 1235 4659 Κλςήμηῐς
1283 4548 1313 4599 ὁ
1357 4548 1736 4621 Στρωματεύς.
1793 4553 1873 4608 Ad
1926 4556 2086 4610 tinem
2125 4605 2168 4659 Β

508 4640 649 4687 sext.
684 4634 870 4690 saouli
903 4634 1165 4693 Leontius
1193 4638 1509 4711 Byzantius,
1543 4644 1645 4698 sub
1682 4644 1840 4699 initio
1873 4650 2088 4718 septimi

507 4724 815 4783 Antiochus
839 4769 855 4795 ,
901 4741 963 4783 ut
990 4730 1045 4783 in
1074 4730 1427 4789 Testimoniis
1456 4735 1653 4791 videre
1671 4747 1756 4793 est
1779 4779 1794 4804 ,
1834 4740 1976 4795 idem
2011 4750 2089 4796 te-

508 4826 744 4873 stantur.
770 4819 973 4875 Eodem
1006 4825 1206 4878 saculo
1252 4836 1444 4883 auctor
1483 4828 1731 4885 Chronici
1774 4832 2086 4889 Alexandri-

512 4916 589 4979 m‘,
615 4910 777 4980 cujus
807 4914 1182 4969 testimonium
1218 4918 1542 4983 omisimus,
1577 4922 1837 4990 quoniam
1886 4926 2091 4994 episto-

506 4998 616 5052 lam
651 4999 1034 5069 interpolatam
1084 5014 1291 5073 spectat
1324 5022 1337 5057 '.
1376 5007 1497 5059 Ὅτι
1542 5008 1599 5061 δὲ
1630 5012 1779 5080 τρεῖς
1807 5012 2088 5076 ἐνιαυτοὺς

507 5090 751 5162 κηρύξας
781 5093 841 5146 τὸ
862 5095 1190 5164 Εὐαγγέλιον
1212 5099 1240 5151 ὁ
1270 5097 1474 5169 Κύριος
1504 5102 1596 5153 ἐπὶ
1615 5102 1706 5155 τὸν
1732 5104 1978 5158 ἑκούσιον
1997 5107 2088 5158 καὶ

506 5180 769 5245 ζωοποιὸν
798 5179 929 5255 ἦλθε
955 5188 1207 5261 σταυρὸν,
1239 5189 1477 5244 διδάσκει
1494 5192 1585 5245 καὶ
1627 5194 1881 5262 Ἰγνάτιος
1906 5196 1933 5247 ὁ
1961 5197 2089 5251 Θεο-

506 5272 672 5345 φόρος
702 5276 796 5328 καὶ
822 5277 1033 5348 μάρτυς
1051 5320 1067 5344 ,
1103 5283 1132 5333 ὁ
1164 5282 1412 5336 Ἰωάννου
1453 5284 1545 5336 τοῦ
1588 5283 1838 5355 θεολόγου
1866 5291 2088 5361 γνήσιος

510 5364 761 5437 μαθητὴς
792 5369 1033 5437 γεγονὼς
1051 5410 1077 5435 ,.
1106 5372 1208 5443 τῆς
1253 5373 1312 5429 δὲ
1337 5377 1396 5429 ὲν
1433 5375 1735 5449 Ἀντιοχείᾳ
1775 5380 2087 5452 ἁγιωτάτης

522 5456 848 5526 Ἐκκλησίας
878 5459 1174 5526 ἐπίσκοπος
1204 5463 1309 5518 ὑπὸ
1340 5466 1448 5519 τῶν
1469 5467 1783 5522 ἀποστόλων
1809 5487 2085 5525 καταστα-

506 5547 640 5611 θείς.
676 5568 694 5599 ι
734 5548 890 5616 Quod
925 5561 1107 5607 autem
1144 5554 1438 5624 Dominus,
1470 5574 1594 5613 cum
1626 5576 1723 5629 per
1767 5570 1875 5617 tres
1911 5578 2086 5618 annos

509 5637 861 5709 Evangelium
894 5644 1265 5714 pradicasset,
1298 5650 1366 5704 ad
1394 5650 1757 5706 voluntariam
1784 5664 1839 5708 et
1866 5655 2083 5709 vitalem

508 5744 726 5784 crucem
763 5735 1002 5800 venerit,
1042 5736 1207 5792 docet
1235 5737 1479 5809 lgnatius
1522 5741 1702 5797 Deifer
1748 5752 1801 5798 et
1853 5754 2078 5815 martyr,

578 5845 625 5875 ⁵⁵
666 5844 856 5902 Matth.
885 5864 1040 5913 xvnt,
1078 5849 1111 5902 3

2214 600 2584 671 ctissimaque
2645 599 2901 656 Ecclesia
2956 600 3319 655 Antiochena-
3364 598 3657 667 episcopus
3716 596 3788 650 ab

2215 692 2480 760 apostolis
2529 691 2884 747 constitutus.
2923 709 2942 742 ι
2992 689 3145 745 Unde
3183 689 3349 759 paulo
3388 696 3514 757 post
3542 686 3787 742 ostendit

2210 798 2307 839 eos
2342 784 2436 853 qui
2474 783 2762 837 tradebant
2796 781 3074 836 Christum
3112 796 3207 850 per
3256 789 3491 850 qnatuor
3522 794 3696 833 annos
3730 786 3786 831 et

2211 875 2420 945 aliquot
2448 874 2565 929 dies
2594 874 2949 943 pradicasse,
2980 872 3420 942 ἐναντιουμένους
3458 870 3536 941 τῷ
3567 869 3784 941 ῥηθέντι

2210 963 2464 1034 Θεοφόρῳ
2502 964 2597 1017 καὶ
2624 963 2878 1035 μάρτυρι.
2914 962 3194 1017 Successit
3240 963 3325 1017 bis
3362 961 3631 1016 Maximus
3658 976 3785 1031 pro-

2211 1057 2362 1110 ximo
2383 1057 2605 1121 saeculo,
2641 1058 2732 1126 qui
2758 1058 2887 1111 huic
2916 1056 2993 1111 rei
3020 1057 3231 1110 illustre
3260 1055 3633 1110 testimonium
3652 1069 3785 1123 pra-

2210 1148 2301 1202 bet
2332 1167 2343 1201 ε
2390 1149 2477 1212 Ὠς
2510 1147 2603 1203 καὶ
2636 1149 2697 1202 τὸ
2726 1148 2994 1220 Θεοφόρος
3027 1148 3287 1211 πολλάκις
3318 1147 3465 1217 αὐτῷ
3492 1146 3783 1217 λεγόμενόν

2208 1257 2268 1294 τε
2307 1240 2401 1294 καὶ
2442 1240 2808 1313 γραφόμενον·
2863 1260 2883 1293 ι
2932 1250 2994 1296 ut
3037 1241 3167 1295 illud
3215 1240 3539 1296 vocabulum
3584 1239 3784 1307 Θεοφό-

2211 1350 2303 1403 ρος
2332 1346 2472 1402 sape
2494 1333 2565 1386 ab
2591 1348 2657 1387 eo
2684 1342 2739 1388 et
2768 1333 2973 1388 dictum
3000 1343 3053 1388 et
3083 1333 3375 1403 scriptum.
3407 1352 3428 1385 ι
3462 1331 3613 1387 Istud
3633 1333 3777 1387 enim

2209 1425 2472 1495 scriptum
2504 1425 2787 1495 epistolas,
2813 1425 3019 1480 dictum
3053 1434 3231 1480 autem
3276 1425 3410 1479 Acta
3449 1433 3687 1495 spectat;
3724 1433 3780 1479 et

2207 1516 2338 1572 illud
2391 1518 2609 1587 quidem
2655 1519 3009 1588 epistolarum
3063 1519 3289 1584 titulos,
3348 1519 3453 1574 hoc
3500 1534 3780 1574 sermones

2207 1624 2333 1664 cum
2382 1608 2619 1677 Trajano
2668 1610 2888 1666 habitos
2935 1611 3245 1665 confirmat.
3299 1608 3502 1665 Eodem
3549 1609 3780 1678 septimo

2208 1701 2411 1756 saculo
2444 1702 2561 1757 hac
2594 1702 2729 1757 Acta
2762 1710 3011 1758 secutum
3047 1718 3168 1758 esse
3206 1702 3407 1756 Bedam
3442 1709 3689 1768 constat,
3718 1709 3781 1756 ut

2206 1801 2262 1847 et
2308 1802 2503 1848 octavo
2543 1793 2809 1849 Adonem.
2841 1792 2954 1849 Nec
2998 1804 3179 1849 tamen
3212 1794 3525 1849 ulla-adhuc
3556 1800 3781 1863 apparet

2135 1865 2177 1924 Β
2208 1883 2366 1940 istius
2396 1884 2626 1953 fabula,
2660 1895 2758 1941 aut
2790 1886 3016 1942 alterius
3072 1885 3382 1956 Theophori
3425 1886 3780 1957 significatio-

2206 1977 2314 2042 nis,
2338 1977 2423 2032 vel
2453 1978 2574 2032 vola
2606 1979 2691 2033 vel
2716 1979 3027 2047 vestigium.

2274 2066 2530 2123 Omnium
2564 2070 2954 2140 antiquissimi,
2980 2086 3120 2140 quos
3138 2085 3239 2142 pro
3264 2085 3365 2126 sua
3394 2068 3580 2125 fabula
3606 2070 3779 2126 addu-

2204 2160 2281 2215 cit
2316 2159 2572 2227 Dallaus,
2624 2170 2753 2216 sunt
2800 2162 3125 2219 Anastasius
3178 2162 3669 2231 Bibliothecarius,
3721 2172 3777 2218 et

2205 2253 2427 2309 Simeon
2457 2252 2886 2324 Metaphrastes;
2910 2270 3141 2325 quorum
3169 2256 3439 2324 posterior
3475 2254 3627 2311 Vitas
3650 2272 3777 2311 san-

2202 2355 2416 2401 ctorum
2442 2361 2549 2401 non
2581 2347 2685 2402 nisi
2702 2358 2824 2417 post
2842 2348 3057 2402 initium
3084 2347 3281 2402 decimi
3311 2349 3496 2404 saculi
3516 2350 3773 2419 scripsit»;

2202 2439 2355 2509 prior
2388 2447 2569 2494 autem
2592 2448 2846 2509 vergente
2868 2438 2934 2493 ad
2966 2440 3124 2493 tinem
3157 2455 3305 2495 nono
3347 2450 3595 2496 octavam
3643 2457 3775 2512 syn~

2202 2530 2368 2584 odum
2409 2529 2598 2584 Latine
2624 2530 2814 2585 edidit.
2849 2528 2989 2586 Huic
3022 2542 3201 2587 autem
3243 2532 3387 2587 inter
3424 2536 3640 2588 notulas
3661 2535 3779 2588 hac

2203 2622 2477 2691 aspersit:
2509 2641 2527 2673 ι
2564 2621 2815 2677 Tradunt
2859 2622 3055 2688 Graci,
3106 2624 3252 2693 quod
3296 2625 3560 2694 parvulus
3610 2641 3773 2695 quem

2202 2714 2475 2770 Dominus
2505 2715 2829 2770 advocatum
2863 2716 3058 2771 statuit
3089 2717 3143 2770 in
3172 2718 3351 2771 medio
3382 2718 3571 2774 dicens
3600 2738 3613 2773 :
3648 2718 3775 2773 Nisi

2202 2807 2435 2861 conversi
2472 2806 2681 2874 fueritis
2714 2816 2764 2861 et
2793 2808 3091 2877 eﬂiciamini
3125 2809 3263 2862 sicut
3298 2809 3384 2862 hic
3419 2810 3672 2879 parvulus
3705 2811 3775 2877 “,

2199 2908 2329 2964 etc.,
2349 2898 2450 2953 iste
2475 2899 2717 2967 lgnatius
2740 2898 2842 2953 fuit
2866 2909 2918 2955 et
2941 2901 3150 2955 idcirco
3174 2901 3320 2956 hunc
3348 2901 3622 2957 Deiferum
3639 2918 3775 2959 nunc

2200 3000 2423 3059 cupent.
2474 2989 2630 3045 Unde
2672 3006 2773 3046 nec
2816 2994 3043 3062 apostoli
3085 2993 3203 3047 ausi
3238 2995 3440 3049 fuerint
3468 2996 3517 3049 ei
3548 3009 3670 3049 cum
3704 2995 3771 3049 ad

2201 3079 2459 3136 Ecclesia
2485 3084 2838 3153 prasulatum
2870 3096 3282 3155 promoveretur
3314 3088 3550 3157 amplius
3577 3103 3775 3142 manus

2203 3176 2514 3246 imponere;
2564 3178 2849 3243 nimirum,
2896 3193 3059 3248 quem
3109 3194 3205 3233 ore
3237 3178 3332 3234 Dei
3387 3180 3668 3235 laudatum
3721 3188 3776 3235 et

2199 3266 2373 3337 ipsius
2401 3276 2546 3323 tactu
2565 3270 2961 3324 sanctiﬁcatum
2980 3270 3347 3340 cognoverint.
3363 3289 3380 3321 ι
3402 3268 3507 3325 Sed
3524 3272 3773 3339 quinam,

2197 3358 2416 3422 amabo,
2448 3359 2500 3411 hi
2526 3358 2699 3413 Graci
2722 3358 2894 3427 fuere,
2917 3360 3010 3426 qui
3034 3361 3170 3414 tales
3195 3360 3410 3415 fabulas
3430 3360 3497 3416 de
3527 3360 3584 3415 S.
3616 3360 3775 3430 lgna.

2196 3451 2273 3505 tio
2292 3452 2664 3506 tradiderunt?
2689 3467 2797 3505 non
2816 3463 3023 3507 veteres
3048 3463 3217 3518 certe,
3233 3468 3340 3507 non
3363 3469 3553 3507 eorum
3573 3454 3774 3523 aliquis

2196 3544 2290 3615 qui
2334 3552 2459 3598 ante
2493 3545 2843 3599 Anastasium
2878 3546 2931 3599 in
2971 3544 3159 3601 Graca
3200 3545 3445 3601 Ecclesia
3477 3547 3770 3615 scripsere.

2198 3635 2256 3690 S.
2298 3635 2729 3707 Chrysostomus
2776 3636 3039 3693 Ecclesia
3088 3638 3443 3693 Antiochena
3490 3638 3775 3709 presbyter

2195 3729 2436 3783 fabulam
2497 3737 2789 3798 utramque
2842 3738 3029 3799 aperte
3069 3728 3287 3793 refellit,
3320 3731 3448 3783 dum
3500 3727 3768 3798 lgnatium

2193 3820 2471 3875 Christum
2508 3837 2787 3892 nunquam
2814 3820 3016 3877 vidisse
3038 3823 3224 3886 tradit,
3261 3832 3315 3875 et
3336 3823 3616 3892 apostolos
3645 3837 3771 3875 eum

2194 3926 2290 3981 per
2318 3912 2722 3982 impositionem
2760 3928 3021 3967 manuum
3069 3913 3136 3967 ad
3158 3913 3407 3967 ordinem
3424 3914 3773 3982 episcopatus

2192 4004 2453 4059 extulisse
2466 4011 2669 4057 narrat.
2690 4004 2802 4057 Θαυ
2811 4002 2966 4075 μάξω
2976 4002 3065 4056 τὸν
3081 4004 3249 4075 ἄνδρα
3263 4003 3372 4072 ἐγὼ
3387 4004 3468 4056 ὅτι
3492 4004 3643 4074 παρὰ
3664 4002 3775 4056 τῶν

2195 4096 2363 4163 ἁγίων
2377 4097 2599 4149 ἐκείνων
2614 4095 2707 4167 τὴν
2720 4098 2891 4168 ἀρχὴν
2902 4096 3103 4168 ταύτην
3120 4096 3452 4168 ἐνεχειρίσθη
3462 4136 3475 4157 ,
3489 4097 3582 4149 καὶ
3593 4098 3649 4147 αι
3663 4094 3775 4148 τῶν

2198 4191 2482 4262 μακαρίων
2499 4190 2812 4244 ἀποστόλων
2828 4193 3010 4263 χεῖρες
3035 4192 3133 4260 τῆς
3160 4193 3312 4261 ἱερᾶς
3329 4190 3543 4260 ἐκείνης
3562 4190 3775 4257 ἥψαντο

2194 4280 2451 4350 κεφαλῆς.
2492 4298 2510 4330 ι
2542 4280 2731 4334 Virum
2764 4296 2865 4351 ego
2893 4280 3158 4344 admiror,
3190 4280 3339 4345 quod
3372 4296 3400 4333 a
3430 4279 3634 4334 sanctis
3662 4278 3772 4332 illis

2192 4372 2562 4442 principatum
2596 4371 2743 4425 hunc
2772 4371 3093 4435 obtinuerit,
3128 4380 3182 4425 et
3208 4372 3491 4425 beatorum
3542 4378 3771 4438 aposto-

2192 4463 2387 4516 lorum
2412 4479 2611 4518 manus
2642 4479 2857 4519 sacrum
2894 4463 3028 4518 illud
3053 4473 3218 4533 caput
3259 4463 3553 4533 tetigerint.
3592 4480 3610 4513 ι
3640 4460 3773 4516 Post

2197 4552 2254 4606 S.
2286 4553 2740 4623 Chrysostomum
2781 4553 2841 4607 Β.
2870 4552 3268 4620 Theodorctus,
3293 4554 3347 4607 in
3379 4554 3537 4624 Syria
3559 4553 3773 4622 episco-

2197 4661 2316 4713 pus,
2348 4646 2440 4714 qui
2474 4654 2553 4699 tot
2575 4646 2873 4701 conciones
2899 4645 3202 4699 Antiochia
3235 4645 3447 4709 habuit,
3465 4644 3684 4714 dialogo
3716 4644 3768 4697 l:

2208 4735 2472 4806 Ἀκήκοας
2492 4734 2549 4788 δὲ
2574 4735 2792 4799 πάντως
2829 4735 3346 4804 Ἰγνάτιον-ὲκεῖνον,
3360 4735 3418 4798 ὃς
3436 4735 3524 4788 διὰ
3555 4735 3655 4805 τῆς
3675 4734 3774 4787 τοῦ

2196 4828 2431 4899 μεγάλου
2469 4828 2679 4898 Πέτρου
2705 4827 2889 4895 δεξιᾶς
2908 4830 3006 4900 τῆς
3042 4828 3452 4901 ἀρχιερωσύνης
3483 4829 3585 4900 τὴν
3612 4828 3775 4899 χάριν

2191 4919 2431 4984 ἐδέξατο.
2455 4920 2766 4975 «ιΑυάἰνίειί
2796 4935 3020 4989 prorsus
3054 4919 3322 4988 lgnatium
3352 4922 3528 4986 illum,
3556 4921 3651 4989 qui
3675 4935 3775 4989 per

2194 5012 2338 5066 Petri
2368 5014 2615 5067 dextram
2663 5014 3017 5082 pontiﬁcatus
3060 5016 3293 5085 gratiam
3338 5015 3568 5083 accepit,
3602 5033 3621 5065 ι
3659 5022 3769 5068 etc.

2192 5103 2322 5159 Post
2375 5104 2778 5160 Theodoretum
2825 5106 2977 5162 Felix
3023 5108 3318 5177 episcopus
3368 5105 3654 5160 Romanus
3702 5107 3771 5160 ad

2194 5198 2470 5252 Zenonem
2504 5199 2571 5253 de
2601 5198 2763 5255 Petro
2815 5200 3013 5271 Mongo
3062 5218 3076 5252 :
3113 5200 3268 5267 «Qui
3321 5212 3525 5255 sancta
3571 5200 3770 5253 Antio-

2190 5292 2379 5345 chena
2410 5290 2668 5346 Ecclesia
2699 5293 3077 5363 indignissime
3110 5309 3169 5348 se
3213 5293 3462 5362 ingessit,
3490 5302 3772 5347 sanctam-

2190 5399 2299 5453 que
2329 5384 2512 5439 sedcm
2535 5384 2886 5453 pontificatus
2908 5384 3101 5455 lgnatii
3134 5387 3395 5455 martyris
3426 5386 3643 5454 polluit,
3672 5385 3771 5454 qui

2188 5474 2335 5530 Petri
2367 5476 2556 5530 dextra
2580 5477 2870 5545 episcopus
2894 5477 3187 5531 ordinatus
3202 5487 3339 5532 est.»
3355 5475 3543 5547 Neque
3564 5475 3787 5533 Graecis,

2189 5583 2365 5638 neque
2392 5568 2602 5624 Latinis
2622 5570 2895 5624 ordinatio
2916 5570 3110 5641 lgnatii
3137 5572 3256 5626 sine
3286 5588 3551 5625 manuum
3587 5572 3769 5639 impo—

2187 5660 2384 5714 sitione
2411 5669 2507 5714 aut
2533 5670 2751 5730 quarto,
2791 5670 2887 5716 aut
2913 5663 3108 5732 quinto
3145 5665 3346 5719 saculo
3369 5664 3626 5719 innotuit.
3648 5661 3770 5717 Non

2187 5751 2377 5807 dubito
2410 5750 2574 5821 igitur
2604 5751 2737 5821 quin
2763 5752 2936 5810 Graci
2970 5754 3046 5809 illi
3071 5756 3310 5824 quinae
3334 5757 3699 5823 tradiderunt,
3732 5755 3783 5811 ii.
