4138 6394
418 394 527 454 405

1212 401 1264 452 ,1.
1291 396 1660 455 PEARSONII
1701 398 2023 455 VINDICIIE
2056 398 2480 457 IGNATIANIL.
2512 430 2581 443 η·
2606 399 2785 455 PARS
2822 398 2884 455 ll.

3575 403 3680 459 406

414 510 639 580 fuerint,
664 515 990 584 quibuscum
1022 516 1348 573 Anastasius
1373 518 1849 590 Constantinopoli
1880 538 2002 577 ver-
2030 530 2075 586 Α
2106 523 2231 577 bula
2262 522 2575 577 communia
2602 521 2657 575 in
2689 520 2919 591 propria
2941 521 3165 575 nomina
3191 534 3452 578 conversa
3484 538 3681 580 accen-

413 615 569 660 satus
595 615 698 672 est,
730 623 855 661 cum
897 616 1109 663 octavae
1158 612 1369 681 synodo
1417 612 1531 681 ipse
1560 612 1866 668 interesset.
1903 613 1994 669 Lis

409 699 558 752 enim
588 709 718 755 tunc
743 701 1007 771 temporis
1030 712 1148 757 erat
1168 705 1234 759 de
1258 704 1468 774 lgnatio
1489 705 1993 777 Constantinopoli-

411 800 540 843 tano
565 793 894 859 patriarcha,
928 802 981 849 et
1003 793 1201 850 Photio
1232 796 1495 854 Romanis
1526 801 1764 854 maxime
1794 801 1990 856 inviso.

409 879 662 952 Magnum
695 893 812 939 erat
845 886 1011 957 hujus
1042 888 1233 958 Ignatii
1288 906 1510 957 nomen,
1541 900 1597 947 et
1639 901 1861 961 propter
1886 892 1991 948 loci

408 972 732 1041 dignitatem
789 993 955 1047 quam
1008 981 1294 1046 amiserat,
1330 991 1385 1036 et
1433 993 1660 1053 propter
1710 984 1906 1039 exsilia
1940 994 1993 1039 et

405 1071 684 1122 azrutnnas
723 1084 862 1138 quas
890 1085 1099 1140 passus.
1130 1083 1272 1142 erat,
1324 1075 1470 1130 unde
1516 1092 1693 1132 novus
1722 1077 1992 1149 Θεοφόρος

403 1156 707 1223 appellatus
764 1168 867 1215 est.
934 1160 1164 1217 Michael
1213 1162 1496 1236 Syncellus
1546 1167 1603 1221 in
1680 1163 1984 1223 Encomio:

416 1244 474 1297 '0
492 1246 607 1311 νέος
634 1244 789 1313 οὗτος
812 1251 905 1305 καὶ
940 1253 1111 1321 μέγας
1140 1254 1407 1327 Θεοφόρος
1441 1257 1722 1324 Ἰγνάτιος·
1746 1276 1764 1309 ι
1803 1257 1989 1314 Novus

402 1340 493 1394 hic
533 1351 588 1396 et
614 1344 1060 1414 magnus-Deiter
1092 1346 1351 1419 lgnatius.
1387 1369 1405 1401 ι
1448 1349 1804 1420 Chronologia
1831 1350 1988 1408 Nice-

402 1432 578 1501 phoro
636 1436 874 1505 ascripta
935 1438 991 1493 in
1044 1456 1149 1495 ms.
1207 1439 1590 1497 Londinensi:
1656 1443 1917 1512 Ἰγνάτιος
1959 1446 1987 1498 ὁ

397 1522 517 1586 νέος
558 1523 829 1597 Θεοφόρος
878 1528 940 1582 τὸ
993 1530 1209 1601 πρῶτον
1262 1531 1357 1602 ἐτη
1411 1539 1506 1598 ια’,
1563 1534 1739 1605 μῆνας
1778 1542 1844 1601 ε’,
1892 1538 1987 1590 καὶ

395 1612 688 1687 ἐξωρίσθη·
722 1636 743 1668 ι
764 1619 1010 1688 lgnatius
1041 1636 1216 1678 novus
1234 1622 1594 1693 Theophorus
1621 1628 1799 1696 primo
1814 1642 1987 1683 annos

396 1707 675 1772 undecim,
708 1725 929 1768 menses
958 1714 1219 1785 quinque,
1246 1726 1300 1771 et
1321 1716 1529 1787 ejectus
1556 1728 1693 1775 est.»
1726 1721 1808 1775 Ad
1838 1722 1987 1777 hunc

394 1800 795 1856 restituendum
840 1805 1079 1861 maxime
1125 1808 1368 1865 intentus
1394 1809 1499 1865 fuit
1538 1812 1835 1882 episcopus
1871 1812 1985 1868 Ro-

2098 623 2212 669 tum
2267 614 2483 669 soleant
2539 622 2775 668 mut-are.
2823 614 2880 666 '0
2929 613 3197 687 Θεοφόρος
3250 614 3352 671 fuit
3398 618 3678 687 epitheton

2096 706 2247 777 quod
2278 705 2630 776 peculiariter
2658 704 2887 759 adhaesit
2915 706 3123 759 nomini
3147 704 3363 777 lgnatii,
3397 723 3506 763 non
3529 710 3679 778 quod

2095 796 2268 865 ipsius
2295 796 2577 864 proprium
2602 809 2799 849 nomen
2818 803 2964 849 esset
2994 806 3089 850 aut
3109 797 3282 857 ﬁeret.
3304 799 3399 853 sed
3427 800 3574 869 quod
3600 802 3678 855 illi

2094 886 2201 941 hoc
2223 887 2501 955 epitheton
2550 887 2789 956 populus
2836 896 3155 941 constanter
3195 890 3477 945 tribueret.
3512 889 3583 945 Ut
3608 892 3679 949 de

2091 975 2330 1030 Antonio
2376 974 2541 1029 tradit
2589 973 2646 1029 S.
2702 975 3039 1030 Athanasius
3076 995 3089 1030 :
3121 976 3329 1041 Πάντες
3363 978 3467 1051 μὴν
3503 976 3598 1033 οὖν
3624 980 3678 1033 οἱ

2090 1066 2198 1120 ἀπὸ
2231 1066 2327 1136 τῆς
2360 1064 2552 1137 κώμης
2588 1065 2887 1134 φιλόκαλοι,
2927 1066 3063 1137 πρὸς
3098 1066 3193 1131 οὓς
3231 1066 3342 1139 εἶχε
3380 1069 3480 1141 τὴν
3512 1073 3674 1143 συνή-

2091 1156 2245 1211 θειαν
2269 1156 2442 1221 οὕτως
2466 1158 2626 1210 αὐτὸν
2655 1156 2891 1228 ὁρῶντες
2921 1156 3149 1211 ἐκάλουν
3174 1158 3416 1230 Θεοφιλῆ.
3443 1158 3676 1219 «Omnes

2089 1248 2275 1318 itaque
2298 1247 2445 1304 illius
2475 1248 2688 1303 viciniae
2724 1263 2961 1318 quorum
3001 1248 3470 1306 isconsuetudine
3487 1252 3677 1307 uteba-

2090 1351 2203 1408 tur,
2222 1342 2435 1411 pulchri
2455 1348 2618 1410 atque
2636 1341 2849 1395 honesti
2867 1351 3115 1397 amantes
3137 1343 3369 1398 eumrhis
3384 1343 3675 1414 praeditum

2089 1432 2337 1487 moribus
2360 1432 2703 1501 appellabant
2743 1432 2997 1505 Θεοφιλῇ
3029 1452 3047 1485 ι
3071 1432 3176 1499 Qui
3222 1442 3411 1502 postea
3442 1433 3676 1489 Graeculi

2090 1533 2349 1593 tanquam
2380 1524 2657 1593 proprium
2678 1538 2877 1578 nomen
2896 1524 3527 1596 acceperuntﬁeécpopov
3541 1527 3678 1581 scri-

2088 1624 2346 1685 pserunt;
2391 1617 2538 1685 quod
2569 1617 2793 1686 propria
2828 1616 3056 1672 nomina
3088 1616 3373 1672 retrahere
3407 1628 3675 1673 accentus

2088 1708 2320 1762 soleant.
2349 1707 2528 1761 Πολλὰ
2560 1707 2668 1779 γὰρ
2697 1707 3043 1779 εὑρίσκονται
3070 1708 3300 1775 όξύτονα
3337 1710 3499 1765 ἆτινα
3530 1711 3677 1779 γινό-

2092 1818 2229 1872 μενα
2253 1801 2415 1867 κύρια
2446 1800 2757 1873 βαρύνεται,
2788 1795 2919 1868 οἷον,
2943 1800 3157 1868 ξανθὸς,
3188 1800 3410 1867 Ξάνθος·
3441 1804 3672 1875 πυρρὸς,

395 1906 600 1947 manus
629 1894 996 1951 :Anastasius
1024 1899 1078 1952 in
1106 1914 1169 1955 ea
1197 1900 1827 1974 re,Constantin0polim
1850 1906 1985 1961 mis-

2085 1894 2317 1966 Πύρρος·
2342 1894 2598 1966 γλαυκὸς,
2633 1894 2893 1958 Γλαῦκος·
2924 1894 3137 1959 λευκὸς,
3171 1893 3402 1959 Λεῦκος.
3436 1893 3515 1949 Ita
3545 1894 3675 1967 Ety-

396 1994 520 2043 sus,
554 1982 854 2051 plurimum
881 1988 1192 2057 desudavit,
1219 2001 1274 2047 et
1307 2007 1432 2048 cum
1466 1993 1765 2066 lgnatianis
1800 2013 1983 2054 versa-

394 2084 508 2139 tus,
542 2078 637 2145 qui
672 2076 935 2135 Pliotium
976 2083 1211 2153 dejicere
1236 2087 1422 2142 conati
1469 2100 1618 2156 sunt,
1658 2091 1757 2147 has
1783 2093 1851 2147 ab
1875 2094 1983 2149 illis

390 2163 608 2222 fabulas
641 2170 847 2227 audivit
875 2175 1151 2232 veteribus
1177 2175 1383 2233 Gmcis
1412 2181 1632 2249 penitus
1652 2182 1979 2253 incognitas,

390 2267 448 2312 et
470 2258 744 2332 Θεοςρόρου
781 2265 992 2320 ιιοιίοηί
1045 2267 1114 2321 ab
1155 2270 1398 2340 antiquis
1438 2273 1725 2328 celebrata:
1756 2291 1982 2345 prorsus

388 2362 784 2419 repugnantes.
818 2353 902 2409 Ab
932 2356 1019 2412 bis
1069 2359 1316 2414 eamdem
1357 2360 1600 2417 fabulam
1651 2366 1861 2436 accepit
1898 2365 1985 2421 Si-

391 2455 555 2495 meon
578 2442 997 2515 Metaphrastes,
1029 2458 1084 2504 et
1116 2451 1259 2506 inter
1303 2456 1504 2510 multas
1533 2458 1767 2527 posteris
1800 2468 1982 2514 trans-

390 2534 565 2588 misit.
598 2535 723 2593 Haec
760 2539 807 2593 si
838 2556 965 2594 vera
993 2541 1064 2596 sit
1096 2541 1294 2599 fabula;
1321 2546 1571 2615 historia,
1607 2558 1667 2602 ut
1701 2551 1833 2604 mihi
1888 2552 1979 2604 vi-

389 2623 591 2680 detur:
628 2636 709 2682 tot
745 2631 963 2687 saeculis
1006 2635 1230 2690 nomine
1262 2637 1543 2710 Θεοφόρου
1574 2642 1848 2710 posterior
1895 2643 1983 2697 illa

389 2714 516 2783 fuit,
552 2728 612 2773 ut
634 2735 743 2774 non
767 2738 834 2776 ex
862 2723 950 2778 illa
974 2722 1157 2780 fabula
1185 2742 1381 2783 nomen
1408 2745 1613 2798 ortum,
1658 2734 1753 2788 sed
1781 2750 1847 2788 ex
1879 2750 1982 2789 no-

388 2809 544 2864 mine
577 2813 718 2867 male
750 2814 1072 2872 intellectoa
1094 2818 1381 2883 Graeculis,
1411 2838 1642 2878 summm
1673 2824 1900 2880 factioni
1929 2837 1987 2883 et

386 2903 713 2957 exornando
769 2920 873 2959 suo
923 2908 1251 2977 patriarcha:
1297 2911 1495 2967 deditis
1556 2913 1729 2969 edicta
1799 2914 1983 2971 fabula

385 2992 586 3047 merito
608 3004 911 3064 reputetur.
937 2997 1266 3069 Temporum
1283 3001 1448 3073 igitur
1470 3005 1611 3059 ratio
1636 3006 1744 3063 hoc
1764 3008 1984 3064 nomine

383 3082 614 3139 minime
637 3085 892 3142 violatur.

2086 1986 2359 2055 mologus.
2388 1984 2479 2039 Sic
2507 1985 2794 2056 ἀγαπητὸς
2830 1986 2888 2039 lit
2929 1983 3259 2054 Ἀγάπητος,
3291 1986 3539 2056 νικητὴς,
3576 1986 3675 2040 Νι-

2086 2077 2277 2147 κήτης,
2303 2075 2555 2148 ἀνθηρὸς,
2582 2075 2866 2148 Ἀνθηρος,
2898 2075 3188 2147 Ἀθηναῖοι,
3230 2075 3526 2148 Ἀθήναιος,
3550 2093 3673 2147 qua:

2084 2184 2190 2222 vox
2222 2168 2368 2238 quod
2393 2176 2676 2223 accentum
2705 2184 2815 2222 non
2848 2168 3073 2223 haberet
3103 2168 3156 2221 in
3182 2167 3457 2223 Marmore
3488 2170 3669 2223 Arun-

2084 2260 2343 2325 delliane,
2359 2271 2473 2313 tam
2492 2260 2632 2314 male
2656 2275 2687 2313 a
2706 2259 2941 2315 Seldeno
2957 2269 3180 2329 accepta
3196 2268 3302 2314 est.
3316 2257 3451 2313 Nam
3470 2259 3674 2317 ΦΡΟΝ-

2087 2353 2335 2406 ΤΙΣΤΗΣ
2364 2351 2711 2407 ΑΘΗΝΑΙΟΣ
2739 2366 2847 2404 non
2876 2359 2961 2405 est
2987 2350 3337 2407 Phrontistes
3361 2351 3669 2407 Athenien-

2086 2447 2187 2513 sis,
2222 2446 2316 2501 sed
2343 2443 2661 2508 Athenzeus,
2687 2443 2833 2513 quod
2866 2459 3063 2499 nomen
3096 2452 3182 2499 est
3229 2445 3356 2509 viri,
3386 2454 3448 2499 ut
3474 2460 3541 2499 ex
3571 2445 3668 2500 ad-

2081 2538 2287 2610 junctis
2311 2544 2544 2591 constat.
2576 2533 2652 2590 ita
2677 2544 2831 2589 vetus
2861 2534 3147 2602 Collectio,
3185 2534 3671 2606 'Aquaio;,Athe-
3744 2532 3751 2539 “

2087 2630 2315 2694 mensis,
2349 2628 2652 2699 Ἀθήναιος,
2685 2626 3218 2693 Athenzeus,nomen
3236 2630 3540 2699 proprium.
3575 2628 3670 2685 Sic

2084 2722 2400 2794 όνησιφόρος
2420 2720 2478 2775 ﬁt
2501 2720 2868 2792 Ὀνησίφορος,
2893 2721 3261 2793 Χριστοφόρος
3276 2722 3669 2793 Χριστόφορος,

2086 2825 2141 2870 et
2192 2816 2439 2870 eamdem
2495 2813 2949 2884 signiﬁcationem
3004 2814 3121 2869 1]th
3170 2814 3390 2885 prepria
3440 2815 3668 2869 nomina

2085 2908 2255 2963 etiam
2279 2906 2383 2961 sub
2404 2914 2631 2961 accentu
2658 2906 2838 2960 alieno
2867 2906 3103 2961 retinere
3132 2915 3417 2976 putantur.
3446 2904 3524 2960 Ita
3550 2904 3669 2961 for-

2089 3000 2252 3055 tassis
2282 3014 2312 3053 a
2342 2999 2631 3070 φαρμακὸς
2660 2998 2977 3069 Φαρμᾶκος,
3008 3008 3068 3053 ιιι
3096 2998 3241 3068 apud
3276 2997 3666 3068 Harpocratio—

2087 3108 2210 3147 nem
2230 3092 2491 3163 Didymus
2511 3092 2751 3147 sensisse
2767 3093 2981 3149 videtur
2998 3111 3011 3147 :
3026 3092 3254 3163 Δίδυμος
3280 3092 3337 3144 δὲ
3368 3108 3668 3163 προπερισ-

462 3173 597 3231 Mire
623 3176 791 3247 hujus
818 3181 1143 3250 quastionis
1168 3192 1370 3240 statum
1418 3188 1675 3259 praponit
1702 3199 1758 3244 et
1782 3190 1835 3244 in
1859 3190 1980 3260 ejus

2089 3185 2197 3254 πᾷν
2236 3182 2379 3248 ἀξιοῖΔ
2408 3181 2664 3253 τοῦνομα.
2692 3182 2807 3236 ἀλλ’
2832 3186 2992 3255 ἡμεῖς
3020 3184 3119 3254 οὐχ
3152 3182 3384 3255 εὕρομεν
3404 3181 3548 3237 οὕτω
3565 3182 3667 3254 τὴν

384 3265 671 3322 solutione
724 3270 1030 3340 triumphat
1067 3272 1299 3330 Dallaeus
1335 3292 1348 3326 :
1392 3294 1410 3327 ι
1444 3276 1741 3343 Quaeritur,
1775 3279 1975 3348 inquit,

378 3372 455 3411 an
484 3367 539 3412 et
565 3374 674 3428 qua
719 3361 785 3415 de
820 3377 988 3417 causa
1021 3362 1262 3435 lgnatius
1300 3376 1529 3423 vocatus
1569 3369 1642 3424 sit
1688 3368 1976 3441 Tlieopho—

377 3463 500 3501 rus.
540 3467 558 3500 ι
588 3448 747 3506 Certe
777 3468 938 3507 nemo
965 3470 1207 3525 unquam
1229 3459 1410 3515 adhuc
1440 3462 1696 3530 quaesivit
1722 3478 1789 3517 an
1815 3462 1975 3534 lgna-

379 3540 496 3596 tius
526 3552 715 3597 noster
736 3545 916 3601 dictus
948 3547 1021 3602 sit
1051 3547 1456 3620 Theophorus;
1496 3570 1717 3610 causam
1744 3555 1859 3610 sive
1887 3572 1975 3610 ra-

376 3628 591 3683 tionem
623 3634 867 3688 nominis
892 3636 1058 3690 aliam
1091 3640 1325 3710 antiqui,
1356 3643 1520 3697 aliam
1555 3646 1819 3700 neoterici
1850 3647 1974 3701 red-

375 3719 674 3789 diderunt;
724 3735 780 3780 et
826 3727 1038 3783 idcirco
1068 3733 1241 3800 quaeri
1289 3744 1489 3803 potest,
1539 3752 1570 3791 a
1619 3738 1821 3807 quibus
1847 3754 1971 3794 vera

375 3816 621 3870 nominis
650 3820 793 3875 ratio
827 3822 1097 3892 explicata
1121 3824 1319 3880 fuerit:
1343 3846 1361 3879 ι
1382 3828 1487 3895 Qui
1514 3830 1619 3885 boc
1641 3846 1768 3884 eum
1794 3832 1969 3885 nomi-

374 3922 469 3973 ne,
497 3909 694 3979 inquit,
722 3912 931 3967 donant
960 3913 1157 3984 Grtnci,
1184 3917 1442 3993 θεόφορον
1472 3937 1599 3977 cum
1642 3931 1782 3977 tono.
1799 3924 1853 3977 in
1885 3938 1973 3979 se-

372 4000 559 4054 cunda
587 4002 794 4072 syllaba
825 4004 1081 4073 efferunt,
1125 4018 1291 4079 atque
1323 4013 1398 4066 ita
1426 4029 1455 4067 a
1499 4029 1559 4069 se
1594 4015 1821 4085 suisque
1847 4016 1971 4072 ideo

374 4092 587 4145 dictum
619 4104 911 4163 testantur,
938 4101 1083 4166 quod
1113 4099 1370 4159 Christus
1396 4120 1522 4159 eum
1558 4105 1740 4161 adhuc
1764 4122 1969 4177 parvu-

373 4181 493 4236 lum
520 4198 685 4239 manu
710 4186 765 4241 in
791 4188 953 4245 ulnas
984 4201 1304 4262 susceptum
1350 4196 1585 4252 tulisset.
1621 4216 1639 4249 ι
1670 4195 1776 4253 Sed
1804 4214 1873 4253 an
1912 4201 1966 4254 hi

374 4273 555 4330 (ἔτωυί
578 4292 793 4346 omnes,
825 4282 921 4352 qui
947 4298 1073 4338 eum
1106 4285 1212 4341 hoc
1242 4288 1464 4343 nomine
1489 4290 1736 4346 donant?
1775 4290 1967 4348 Nonne

375 4378 576 4423 auctor
603 4371 958 4441 epistolarum
985 4392 1109 4431 eum
1136 4379 1406 4451 Θεοφόρον
1436 4397 1654 4452 semper
1682 4393 1843 4439 vocat
1875 4400 1967 4440 ac-

373 4475 542 4517 centu
592 4464 647 4518 in
678 4468 981 4535 penultima
1013 4471 1243 4540 posito?
1271 4472 1464 4529 Nonne
1495 4479 1689 4530 eodem
1735 4486 1963 4535 accentu

2082 3278 2295 3349 χρῆσιν.
2346 3274 2522 3331 Graeci
2547 3275 2791 3345 quidem,
2822 3285 3115 3346 postquam
3145 3284 3405 3331 accentus
3449 3276 3665 3330 inventi

2080 3377 2233 3434 sunt,
2253 3368 2359 3423 hoc
2388 3368 2686 3423 discrimen
2720 3367 2773 3421 in
2800 3368 3029 3423 vocibus
3057 3368 3661 3437 compositisobserva-

2077 3461 2240 3527 bant;
2269 3459 2369 3513 diu
2386 3468 2511 3517 ante
2543 3460 2815 3517 Homerus
2858 3461 3099 3530 seipsum
3131 3460 3409 3530 explicare
3433 3469 3660 3517 coactus

2076 3566 2199 3607 esse
2234 3552 2469 3618 videtur,
2502 3553 2591 3606 Ίλ.
2620 3571 2674 3625 ρ,
2702 3555 2773 3611 5:

2183 3690 2579 3756 Πρωτοτόκος,
2610 3686 2817 3757 κούρη,
2853 3689 2924 3741 οὐ
2944 3687 3087 3752 πρὶν
3110 3685 3301 3741 εἰδυῖα
3328 3685 3547 3739 τόκοιο.

2146 3822 2250 3879 Ubi
2284 3833 2441 3880 vetus
2471 3824 2807 3881 Scholiastes
2831 3845 2844 3880 :
2872 3824 3273 3896 Πρωτοτόκοςμ
3296 3824 3530 3895 πρώτως
3572 3840 3661 3877 τε-

2072 3917 2283 3969 τοκυῖα·
2317 3914 2395 3987 τῷ
2425 3912 2518 3969 οὖν
2534 3916 2671 3986 τόνῳ
2710 3915 3109 3987 παροξυτόνως,
3130 3916 3210 3977 ἶν’
3285 3915 3661 3987 ἐνεργητικόν·

2075 4007 2566 4080 προπαροξυτόνως
2586 4008 2644 4061 δὲ
2668 4008 2818 4079 δηλοῖ
2843 4009 3033 4079 ἡλέξις
3062 4009 3162 4080 τὴν
3185 4007 3418 4080 πρώτως
3451 4008 3661 4079 τεχθεῖ-

2073 4117 2193 4153 σαν.
2228 4100 2554 4155 Ammonius
2594 4101 2663 4155 de
2696 4100 2970 4156 similibus
2999 4110 3057 4156 et
3081 4100 3460 4156 dill‘erentibus
3496 4116 3662 4157 voca-

2068 4192 2215 4249 bulis
2234 4209 2359 4247 cum
2392 4209 2524 4248 cura
2545 4193 2939 4248 Bonaventurae
2958 4191 3212 4248 Vulcanii
3235 4193 3435 4259 editus,
3451 4193 3543 4248 sed
3556 4207 3661 4263 ope

2071 4286 2571 4356 manuscriptorum
2604 4286 2841 4341 maxime
2875 4284 3147 4355 indigens.
3190 4286 3535 4358 Ἀγρονόμος,
3562 4284 3661 4340 ἐὰν

2071 4376 2170 4446 μὲν
2198 4374 2607 4447 παροξύνωμεν,
2645 4374 2791 4429 ἐστιν
2824 4377 2853 4428 ὁ
2894 4377 2952 4428 ὲν
2984 4376 3176 4447 ἀγροῖς
3210 4376 3526 4447 νεμόμενος.
3575 4376 3660 4431 Τὰ

2068 4465 2178 4536 γὰρ
2191 4463 2715 4536 προπαροξυνόμενα
2730 4465 3011 4539 χαίρουσιν
3028 4465 3153 4519 ἀνα)
3166 4465 3354 4523 ύεσθαι
3381 4467 3461 4529 εἰς
3487 4465 3656 4538 πάθη.

374 4554 650 4613 Maximus
676 4561 840 4615 tradit
865 4561 999 4617 illud
1026 4565 1359 4620 vocabulum
1394 4582 1537 4637 szepe
1568 4569 1638 4623 ab
1668 4567 1878 4640 lgnatio
1913 4579 1968 4626 et

2078 4556 2220 4611 Vidit
2250 4558 2430 4614 locum
2466 4558 2722 4612 mutilum
2752 4572 2876 4613 esse
2898 4555 3234 4625 Vulcanius;
3268 4574 3431 4629 quem
3454 4576 3520 4613 ex
3544 4574 3654 4615 ms.

370 4648 582 4703 dictum
616 4659 669 4705 et
694 4653 998 4723 scriptum?
1045 4655 1236 4712 Nonne
1281 4657 1657 4728 Ephrtemius,
1712 4661 1965 4718 Gobarus

372 4751 429 4795 et
467 4741 664 4799 Jobius
714 4745 790 4800 ita
838 4747 1123 4818 loquentes
1152 4766 1185 4805 a
1213 4750 1410 4807 Photio
1460 4757 1966 4822 repraesentantur?

370 4830 571 4887 Nonne
600 4836 977 4892 vetustissima
1007 4839 1141 4894 Acta
1162 4839 1430 4911 lgnatium
1458 4842 1639 4913 ipsum
1673 4845 1759 4899 sui
1792 4846 1965 4906 nomi-

369 4924 462 4978 nis
492 4939 718 4979 sensum
747 4927 824 4981 ita
842 4928 1206 4997 expiicantem
1235 4932 1625 4989 introducunt!
1653 4933 1845 4992 Nonne
1864 4952 1965 4997 an.-

369 5016 672 5085 tiqmssixni
703 5018 1002 5088 scriptores
1029 5020 1200 5077 Graeci
1225 5024 1481 5096 θεοφόρον
1512 5040 1579 5081 eo
1622 5042 1787 5082 sensu
1828 5028 1962 5083 viris

369 5108 584 5162 sanctis
633 5108 804 5164 tribui
856 5126 1001 5181 sarpe
1054 5113 1659 5173 observarunt?~Nemo
1691 5135 1958 5190 unquam,

366 5198 584 5268 opinor,
643 5198 903 5274 θεόφορον
958 5214 1090 5259 tono
1137 5207 1195 5259 in
1253 5208 1499 5261 secunda
1541 5210 1746 5279 syllaba
1781 5212 1960 5280 posito

367 5290 597 5359 scripsit
620 5303 748 5348 ante
779 5295 1358 5365 deennumsaeeulum,
1392 5298 1497 5354 hoc
1528 5309 1613 5355 est
1648 5317 1810 5357 nemo
1833 5314 1960 5359 ante

365 5380 612 5437 fabulam
633 5395 838 5441 natam.
872 5387 994 5457 ipse
1022 5392 1350 5446 Anastasius
1392 5391 1650 5460 Ἰγνάτιον
1678 5394 1956 5468 Θεοφόρον,

372 5491 393 5525 ι
424 5472 694 5541 lgnatium
744 5476 1021 5532 Deiterum
1056 5498 1095 5531 ι.
1130 5481 1527 5549 interpretatur
1564 5498 1577 5533 :
1611 5491 1667 5537 et
1712 5484 1957 5552 lgnatius

366 5565 1021 5638 Constantinopolitanus
1050 5570 1168 5635 νέος
1220 5571 1493 5644 Θεοφόρος
1533 5575 1962 5644 cognominaba--

368 5666 481 5711 tur.
538 5656 758 5715 Primus
805 5660 1206 5732 Metaphrastes
1234 5673 1521 5718 accentum
1579 5665 1859 5720 transtulit
1896 5676 1957 5721 ut

368 5747 614 5804 tabulam
646 5751 703 5805 in
752 5768 973 5807 scenam
1026 5754 1334 5823 speciosius
1368 5755 1671 5823 induceret,
1718 5770 1956 5826 eumque

366 5844 563 5907 reliqui
588 5846 762 5901 secuti
798 5856 929 5903 sunt
980 5846 1155 5919 quue,
1178 5848 1265 5903 illi.
1280 5847 1440 5909 facile
1470 5848 1592 5917 fuit,
1631 5864 1758 5906 cum
1786 5865 1952 5909 νοεοτ

2066 4647 2255 4704 codice
2299 4647 2355 4705 in
2388 4646 2718 4702 bibliotheca
2747 4645 2914 4717 Regis
2942 4647 3118 4707 nostri
3161 4647 3242 4702 sic
3288 4648 3653 4717 supplendum

2066 4755 2190 4795 esse
2218 4754 2508 4799 monemus
2543 4758 2556 4794 :
2608 4738 3086 4811 Ἀγρονόμος,,ὲὰν
3110 4739 3206 4809 μὲν
3238 4738 3654 4811 παροξύνωμεν,

2066 4832 2285 4889 ἔσταιό
2323 4834 2381 4886 ὲν
2421 4834 2612 4903 ἀγροῖς
2655 4832 2853 4902 νέμων·
2890 4831 2985 4884 ἐὰν
3030 4830 3087 4883 δὲ
3127 4830 3652 4903 προπαροξύνωμεν,

2066 4922 2217 4980 ἔσται
2258 4926 2376 4985 ὁνὲν
2408 4924 2597 4995 ἀγροῖς
2652 4922 2970 4995 νεμομένος.
3013 4921 3084 4977 Ut
3123 4932 3283 4978 vetus
3336 4922 3600 4979 Collectio
3634 4943 3651 4981 :

2078 5016 2428 5087 Ἀγρονόμος,
2471 5035 2489 5065 ι
2521 5016 2575 5068 in
2620 5029 2753 5084 agro
2785 5029 3039 5083 pascens,
3081 5032 3099 5065 ›
3143 5012 3491 5084 Ἀγρόνομος,
3528 5030 3547 5064 ι
3594 5014 3651 5068 in

2064 5123 2198 5179 agro
2236 5116 2448 5177 pastus.
2476 5125 2495 5158 ι
2530 5105 3003 5173 Quemadmodum
3032 5114 3089 5159 et
3112 5105 3215 5160 ista
3244 5106 3410 5175 paulo
3435 5105 3652 5173 plenius

2064 5204 2119 5258 in
2154 5218 2219 5257 eo
2249 5218 2355 5256 ms.
2383 5202 2659 5271 leguntur,
2678 5215 2839 5271 quam
2874 5199 2929 5252 in
2955 5198 3653 5270 editionibusz'l‘aupéxro-

2062 5313 2173 5361 νος,
2213 5298 2242 5349 ὁ
2280 5295 2385 5350 ὑπὸ
2425 5293 2518 5347 τοῦ
2554 5292 2777 5364 ταύρου,
2803 5290 3135 5364 ἀναιρεθείς·
3188 5290 3546 5363 ταυροκτόνος
3592 5290 3651 5344 δὲ

2064 5386 2514 5460 παροξυτόνως,ό
2544 5384 2744 5456 ταῦρον
2767 5383 3113 5446 ἀποκτείνας.
3172 5381 3298 5437 Haec
3321 5384 3459 5437 adeo
3485 5397 3649 5436 accu-

2061 5489 2179 5534 rate
2228 5478 2597 5535 observabant
2622 5476 2820 5543 Graeci,
2864 5485 2925 5531 ut
2970 5490 3099 5530 cum
3152 5474 3644 5547 grammaticorum

2060 5588 2237 5629 canon
2270 5579 2437 5637 esset,
2464 5585 2630 5626 voces
2669 5568 3173 5640 byperdissyllabas
3195 5567 3249 5621 in
3281 5584 3341 5630 ος
3369 5567 3424 5620 in
3449 5567 3646 5636 penul-

2010 5684 2031 5691 λ
2062 5666 2506 5725 timaaccentum
2526 5662 2789 5716 habentes
2816 5668 3008 5714 tonum
3029 5659 3275 5729 rcjicere,
3302 5674 3517 5727 semper
3542 5658 3647 5714 hac

2058 5756 2379 5826 exceptinne
2406 5762 2708 5819 uterentur,
2737 5752 2905 5824 χωρὶς
2934 5753 2983 5805 εἰ
3020 5752 3095 5823 μὴ
3128 5751 3381 5806 σύνθετον
3410 5752 3645 5825 ὑπάρχει

2058 5849 2229 5903 ἕνεκα,
2248 5847 2525 5919 ἐνεργείας
2555 5844 2937 5917 παροξύνεται,
2954 5853 3016 5899 ιιι
3037 5843 3411 5916 Etymologus,
3430 5844 3493 5901 V.
3529 5848 3645 5901 'Av-
