  <div class='ocr_page' id='page_1' title='image "/cluster/home/n/w/nwhite01/storage/ocr_20150623/5/coo.31924054872845/211.png"; bbox 0 0 4138 6392; ppageno 0'>
   <div class='ocr_carea' id='block_1_1' title="bbox 498 408 606 463">
    <p class='ocr_par' dir='ltr' id='par_1_1' title="bbox 498 408 606 463">
     <span class='ocr_line' id='line_1_1' title="bbox 498 408 606 463; baseline -0.009 0"><span class='ocrx_word' id='word_1_1' title='bbox 498 408 606 463; x_wconf 73' lang='grc'><strong>1,(17</strong></span> 
     </span>
    </p>
   </div>
   <div class='ocr_carea' id='block_1_2' title="bbox 1566 401 2703 459">
    <p class='ocr_par' dir='ltr' id='par_1_2' title="bbox 1566 401 2703 459">
     <span class='ocr_line' id='line_1_2' title="bbox 1566 401 2703 459; baseline -0.002 0"><span class='ocrx_word' id='word_1_2' title='bbox 1566 406 1618 459; x_wconf 82' lang='lat' dir='ltr'><strong>S.</strong></span> <span class='ocrx_word' id='word_1_3' title='bbox 1665 401 2016 459; x_wconf 79' lang='lat' dir='ltr'><strong>lGNATlUS.</strong></span> <span class='ocrx_word' id='word_1_4' title='bbox 2056 434 2125 441; x_wconf 91' lang='lat'>—</span> <span class='ocrx_word' id='word_1_5' title='bbox 2167 401 2703 458; x_wconf 78' lang='lat' dir='ltr'><strong>PROLEGOMENA.</strong></span> 
     </span>
    </p>
   </div>
   <div class='ocr_carea' id='block_1_3' title="bbox 3662 396 3765 453">
    <p class='ocr_par' dir='ltr' id='par_1_3' title="bbox 3662 396 3765 453">
     <span class='ocr_line' id='line_1_3' title="bbox 3662 396 3765 453; baseline 0.01 -1"><span class='ocrx_word' id='word_1_6' title='bbox 3662 396 3765 453; x_wconf 69' lang='grc'><strong>408</strong></span> 
     </span>
    </p>
   </div>
   <div class='ocr_carea' id='block_1_4' title="bbox 496 520 2073 599">
    <p class='ocr_par' dir='ltr' id='par_1_4' title="bbox 496 526 2073 599">
     <span class='ocr_line' id='line_1_4' title="bbox 496 526 2073 599; baseline -0.002 -15"><span class='ocrx_word' id='word_1_7' title='bbox 496 533 629 597; x_wconf 59' lang='lat' dir='ltr'><strong>stoc,</strong></span> <span class='ocrx_word' id='word_1_8' title='bbox 652 538 708 584; x_wconf 88' lang='lat' dir='ltr'><strong>et</strong></span> <span class='ocrx_word' id='word_1_9' title='bbox 729 526 1117 599; x_wconf 78' lang='grc' dir='ltr'>Κορυθαίολος.</span> <span class='ocrx_word' id='word_1_10' title='bbox 1146 526 1271 582; x_wconf 66' lang='lat' dir='ltr'><strong>llaec</strong></span> <span class='ocrx_word' id='word_1_11' title='bbox 1303 527 1369 583; x_wconf 90' lang='lat' dir='ltr'><strong>de</strong></span> <span class='ocrx_word' id='word_1_12' title='bbox 1416 528 1736 581; x_wconf 85' lang='lat' dir='ltr'><strong>nominibus</strong></span> <span class='ocrx_word' id='word_1_13' title='bbox 1766 526 2073 596; x_wconf 86' lang='lat' dir='ltr'><strong>hujusmodi</strong></span> 
     </span>
    </p>
   </div>
   <div class='ocr_carea' id='block_1_5' title="bbox 2177 520 3765 599">
    <p class='ocr_par' dir='ltr' id='par_1_5' title="bbox 2188 520 3765 597">
     <span class='ocr_line' id='line_1_5' title="bbox 2188 520 3765 597; baseline -0.001 -18"><span class='ocrx_word' id='word_1_14' title='bbox 2188 535 2375 597; x_wconf 80' lang='lat' dir='ltr'><strong>postea</strong></span> <span class='ocrx_word' id='word_1_15' title='bbox 2397 526 2618 581; x_wconf 88' lang='lat' dir='ltr'><strong>habitus</strong></span> <span class='ocrx_word' id='word_1_16' title='bbox 2648 526 2867 592; x_wconf 76' lang='lat' dir='ltr'><strong>fuisset,</strong></span> <span class='ocrx_word' id='word_1_17' title='bbox 2912 525 3010 595; x_wconf 89' lang='lat' dir='ltr'><strong>qui</strong></span> <span class='ocrx_word' id='word_1_18' title='bbox 3040 539 3105 579; x_wconf 93' lang='lat' dir='ltr'><strong>eo</strong></span> <span class='ocrx_word' id='word_1_19' title='bbox 3128 522 3351 578; x_wconf 88' lang='lat' dir='ltr'><strong>nomine</strong></span> <span class='ocrx_word' id='word_1_20' title='bbox 3377 520 3578 593; x_wconf 80' lang='lat' dir='ltr'><strong>dignus</strong></span> <span class='ocrx_word' id='word_1_21' title='bbox 3606 535 3638 575; x_wconf 87' lang='lat' dir='ltr'><strong>a</strong></span> <span class='ocrx_word' id='word_1_22' title='bbox 3664 537 3765 577; x_wconf 87' lang='lat' dir='ltr'><strong>ne-</strong></span> 
     </span>
    </p>
   </div>
   <div class='ocr_carea' id='block_1_6' title="bbox 498 619 2081 690">
    <p class='ocr_par' dir='ltr' id='par_1_6' title="bbox 498 619 2081 690">
     <span class='ocr_line' id='line_1_6' title="bbox 498 619 2081 690; baseline -0.001 -15"><span class='ocrx_word' id='word_1_23' title='bbox 498 622 787 690; x_wconf 84' lang='lat' dir='ltr'><strong>adjectivis</strong></span> <span class='ocrx_word' id='word_1_24' title='bbox 816 629 1077 689; x_wconf 88' lang='lat' dir='ltr'><strong>perpetua</strong></span> <span class='ocrx_word' id='word_1_25' title='bbox 1116 619 1430 675; x_wconf 72' lang='lat' dir='ltr'><strong>Grmcorum</strong></span> <span class='ocrx_word' id='word_1_26' title='bbox 1478 620 1817 685; x_wconf 81' lang='lat' dir='ltr'><strong>observatio,</strong></span> <span class='ocrx_word' id='word_1_27' title='bbox 1860 619 1951 673; x_wconf 86' lang='lat' dir='ltr'><strong>ubi</strong></span> <span class='ocrx_word' id='word_1_28' title='bbox 1983 634 2081 687; x_wconf 51' lang='lat' dir='ltr'><strong>pa‘</strong></span> 
     </span>
    </p>
   </div>
   <div class='ocr_carea' id='block_1_7' title="bbox 499 710 2075 783">
    <p class='ocr_par' dir='ltr' id='par_1_7' title="bbox 499 710 2075 783">
     <span class='ocr_line' id='line_1_7' title="bbox 499 710 2075 783; baseline 0 -18"><span class='ocrx_word' id='word_1_29' title='bbox 499 720 765 779; x_wconf 77' lang='lat' dir='ltr'><strong>roxvtona</strong></span> <span class='ocrx_word' id='word_1_30' title='bbox 796 721 944 775; x_wconf 88' lang='lat' dir='ltr'><strong>sunt,</strong></span> <span class='ocrx_word' id='word_1_31' title='bbox 979 711 1279 782; x_wconf 90' lang='lat' dir='ltr'><strong>signiﬁcari</strong></span> <span class='ocrx_word' id='word_1_32' title='bbox 1301 713 1361 765; x_wconf 81' lang='grc' dir='ltr'><strong>τὸ</strong></span> <span class='ocrx_word' id='word_1_33' title='bbox 1391 710 1765 783; x_wconf 79' lang='grc' dir='ltr'>ἐνεργητικόν,</span> <span class='ocrx_word' id='word_1_34' title='bbox 1798 721 1857 765; x_wconf 92' lang='lat' dir='ltr'><strong>ut</strong></span> <span class='ocrx_word' id='word_1_35' title='bbox 1889 711 2075 780; x_wconf 90' lang='lat' dir='ltr'><strong>loqui-</strong></span> 
     </span>
    </p>
   </div>
   <div class='ocr_carea' id='block_1_8' title="bbox 499 801 2076 873">
    <p class='ocr_par' dir='ltr' id='par_1_8' title="bbox 499 801 2076 873">
     <span class='ocr_line' id='line_1_8' title="bbox 499 801 2076 873; baseline -0.001 -16"><span class='ocrx_word' id='word_1_36' title='bbox 499 813 590 857; x_wconf 91' lang='lat' dir='ltr'><strong>tur</strong></span> <span class='ocrx_word' id='word_1_37' title='bbox 619 801 839 857; x_wconf 83' lang='lat' dir='ltr'><strong>Homeri</strong></span> <span class='ocrx_word' id='word_1_38' title='bbox 867 802 1219 867; x_wconf 86' lang='lat' dir='ltr'><strong>Scholiastes,</strong></span> <span class='ocrx_word' id='word_1_39' title='bbox 1238 804 1329 857; x_wconf 89' lang='lat' dir='ltr'><strong>ubi</strong></span> <span class='ocrx_word' id='word_1_40' title='bbox 1352 813 1813 873; x_wconf 77' lang='lat' dir='ltr'><strong>proparoxytona,</strong></span> <span class='ocrx_word' id='word_1_41' title='bbox 1831 802 2076 855; x_wconf 88' lang='lat' dir='ltr'><strong>denotari</strong></span> 
     </span>
    </p>
   </div>
   <div class='ocr_carea' id='block_1_9' title="bbox 502 896 2078 967">
    <p class='ocr_par' dir='ltr' id='par_1_9' title="bbox 502 896 2078 967">
     <span class='ocr_line' id='line_1_9' title="bbox 502 896 2078 967; baseline 0.001 -18"><span class='ocrx_word' id='word_1_42' title='bbox 502 896 698 960; x_wconf 83' lang='grc' dir='ltr'>πάθος,</span> <span class='ocrx_word' id='word_1_43' title='bbox 736 909 795 950; x_wconf 91' lang='lat' dir='ltr'><strong>ut</strong></span> <span class='ocrx_word' id='word_1_44' title='bbox 827 898 1174 951; x_wconf 83' lang='lat' dir='ltr'><strong>Ammonius.</strong></span> <span class='ocrx_word' id='word_1_45' title='bbox 1224 896 1283 951; x_wconf 82' lang='lat' dir='ltr'><strong>In</strong></span> <span class='ocrx_word' id='word_1_46' title='bbox 1324 898 1559 967; x_wconf 86' lang='lat' dir='ltr'><strong>prOpriis</strong></span> <span class='ocrx_word' id='word_1_47' title='bbox 1590 897 1904 951; x_wconf 87' lang='lat' dir='ltr'><strong>nominibus</strong></span> <span class='ocrx_word' id='word_1_48' title='bbox 1936 897 2078 951; x_wconf 83' lang='lat' dir='ltr'><strong>idem</strong></span> 
     </span>
    </p>
   </div>
   <div class='ocr_carea' id='block_1_10' title="bbox 499 988 2081 1059">
    <p class='ocr_par' dir='ltr' id='par_1_10' title="bbox 499 988 2081 1059">
     <span class='ocr_line' id='line_1_10' title="bbox 499 988 2081 1059; baseline 0.001 -18"><span class='ocrx_word' id='word_1_49' title='bbox 499 988 647 1043; x_wconf 89' lang='lat' dir='ltr'><strong>haud</strong></span> <span class='ocrx_word' id='word_1_50' title='bbox 676 989 1022 1056; x_wconf 73' lang='lat' dir='ltr'><strong>observatur,</strong></span> <span class='ocrx_word' id='word_1_51' title='bbox 1046 1005 1167 1059; x_wconf 70' lang='lat' dir='ltr'><strong>quae</strong></span> <span class='ocrx_word' id='word_1_52' title='bbox 1194 1000 1481 1045; x_wconf 86' lang='lat' dir='ltr'><strong>accentum</strong></span> <span class='ocrx_word' id='word_1_53' title='bbox 1513 999 1746 1054; x_wconf 85' lang='lat' dir='ltr'><strong>mutant,</strong></span> <span class='ocrx_word' id='word_1_54' title='bbox 1802 989 2081 1057; x_wconf 70' lang='lat' dir='ltr'><strong>signiﬁca-</strong></span> 
     </span>
    </p>
   </div>
   <div class='ocr_carea' id='block_1_11' title="bbox 498 1074 2081 1147">
    <p class='ocr_par' dir='ltr' id='par_1_11' title="bbox 498 1074 2081 1147">
     <span class='ocr_line' id='line_1_11' title="bbox 498 1074 2081 1147; baseline 0.005 -23"><span class='ocrx_word' id='word_1_55' title='bbox 498 1074 647 1127; x_wconf 82' lang='lat' dir='ltr'><strong>tione</strong></span> <span class='ocrx_word' id='word_1_56' title='bbox 680 1090 788 1128; x_wconf 91' lang='lat' dir='ltr'><strong>non</strong></span> <span class='ocrx_word' id='word_1_57' title='bbox 821 1084 1052 1129; x_wconf 88' lang='lat' dir='ltr'><strong>mutata.</strong></span> <span class='ocrx_word' id='word_1_58' title='bbox 1090 1075 1383 1146; x_wconf 83' lang='lat' dir='ltr'><strong>Perperam</strong></span> <span class='ocrx_word' id='word_1_59' title='bbox 1442 1078 1609 1147; x_wconf 81' lang='lat' dir='ltr'><strong>igitur</strong></span> <span class='ocrx_word' id='word_1_60' title='bbox 1657 1078 1885 1131; x_wconf 87' lang='lat' dir='ltr'><strong>omnino</strong></span> <span class='ocrx_word' id='word_1_61' title='bbox 1937 1079 2081 1133; x_wconf 85' lang='lat' dir='ltr'><strong>hanc</strong></span> 
     </span>
    </p>
   </div>
   <div class='ocr_carea' id='block_1_12' title="bbox 496 1162 2079 1237">
    <p class='ocr_par' dir='ltr' id='par_1_12' title="bbox 496 1162 2079 1237">
     <span class='ocr_line' id='line_1_12' title="bbox 496 1162 2079 1237; baseline 0.004 -20"><span class='ocrx_word' id='word_1_62' title='bbox 496 1162 812 1235; x_wconf 81' lang='lat' dir='ltr'><strong>Theophori</strong></span> <span class='ocrx_word' id='word_1_63' title='bbox 852 1169 1302 1237; x_wconf 82' lang='lat' dir='ltr'><strong>signiﬁcationem</strong></span> <span class='ocrx_word' id='word_1_64' title='bbox 1346 1180 1399 1223; x_wconf 92' lang='lat' dir='ltr'><strong>et</strong></span> <span class='ocrx_word' id='word_1_65' title='bbox 1442 1188 1507 1224; x_wconf 74' lang='lat' dir='ltr'><strong>ex</strong></span> <span class='ocrx_word' id='word_1_66' title='bbox 1538 1186 1599 1223; x_wconf 87' lang='lat' dir='ltr'><strong>ea</strong></span> <span class='ocrx_word' id='word_1_67' title='bbox 1637 1170 1880 1224; x_wconf 85' lang='lat' dir='ltr'><strong>fabulam</strong></span> <span class='ocrx_word' id='word_1_68' title='bbox 1929 1186 2079 1225; x_wconf 88' lang='lat' dir='ltr'><strong>com-</strong></span> 
     </span>
    </p>
   </div>
   <div class='ocr_carea' id='block_1_13' title="bbox 498 1258 2081 1334">
    <p class='ocr_par' dir='ltr' id='par_1_13' title="bbox 498 1258 2081 1334">
     <span class='ocr_line' id='line_1_13' title="bbox 498 1258 2081 1334; baseline 0.005 -25"><span class='ocrx_word' id='word_1_69' title='bbox 498 1260 668 1310; x_wconf 85' lang='lat' dir='ltr'><strong>menti</strong></span> <span class='ocrx_word' id='word_1_70' title='bbox 700 1270 827 1312; x_wconf 84' lang='lat' dir='ltr'><strong>sunt</strong></span> <span class='ocrx_word' id='word_1_71' title='bbox 861 1258 1093 1314; x_wconf 65' lang='lat' dir='ltr'><strong>Graeculi</strong></span> <span class='ocrx_word' id='word_1_72' title='bbox 1140 1264 1489 1329; x_wconf 82' lang='lat' dir='ltr'><strong>posteriores.</strong></span> <span class='ocrx_word' id='word_1_73' title='bbox 1552 1262 1641 1317; x_wconf 90' lang='lat' dir='ltr'><strong>Sic</strong></span> <span class='ocrx_word' id='word_1_74' title='bbox 1670 1265 1815 1317; x_wconf 88' lang='lat' dir='ltr'><strong>enim</strong></span> <span class='ocrx_word' id='word_1_75' title='bbox 1852 1265 2081 1334; x_wconf 85' lang='grc' dir='ltr'>Χριστο-</span> 
     </span>
    </p>
   </div>
   <div class='ocr_carea' id='block_1_14' title="bbox 498 1345 2080 1425">
    <p class='ocr_par' dir='ltr' id='par_1_14' title="bbox 498 1345 2080 1425">
     <span class='ocr_line' id='line_1_14' title="bbox 498 1345 2080 1425; baseline 0.005 -27"><span class='ocrx_word' id='word_1_76' title='bbox 498 1345 666 1417; x_wconf 82' lang='grc' dir='ltr'>φόρος</span> <span class='ocrx_word' id='word_1_77' title='bbox 702 1363 807 1401; x_wconf 78' lang='lat' dir='ltr'><strong>vox</strong></span> <span class='ocrx_word' id='word_1_78' title='bbox 836 1350 1110 1406; x_wconf 86' lang='lat' dir='ltr'><strong>veteribus</strong></span> <span class='ocrx_word' id='word_1_79' title='bbox 1148 1352 1372 1419; x_wconf 90' lang='lat' dir='ltr'><strong>usitata,</strong></span> <span class='ocrx_word' id='word_1_80' title='bbox 1402 1362 1459 1407; x_wconf 84' lang='lat' dir='ltr'><strong>ut</strong></span> <span class='ocrx_word' id='word_1_81' title='bbox 1496 1353 1785 1425; x_wconf 76' lang='grc' dir='ltr'>Θεοφόρος.</span> <span class='ocrx_word' id='word_1_82' title='bbox 1814 1354 1897 1407; x_wconf 85' lang='lat' dir='ltr'><strong>Ab</strong></span> <span class='ocrx_word' id='word_1_83' title='bbox 1921 1354 2080 1423; x_wconf 87' lang='lat' dir='ltr'><strong>lgna-</strong></span> 
     </span>
    </p>
   </div>
   <div class='ocr_carea' id='block_1_15' title="bbox 498 1437 2080 1516">
    <p class='ocr_par' dir='ltr' id='par_1_15' title="bbox 498 1437 2080 1516">
     <span class='ocr_line' id='line_1_15' title="bbox 498 1437 2080 1516; baseline 0.008 -26"><span class='ocrx_word' id='word_1_84' title='bbox 498 1437 578 1490; x_wconf 90' lang='lat' dir='ltr'><strong>tio</strong></span> <span class='ocrx_word' id='word_1_85' title='bbox 608 1447 799 1494; x_wconf 90' lang='lat' dir='ltr'><strong>nostro</strong></span> <span class='ocrx_word' id='word_1_86' title='bbox 828 1439 1047 1509; x_wconf 81' lang='lat' dir='ltr'><strong>Ephesii</strong></span> <span class='ocrx_word' id='word_1_87' title='bbox 1082 1444 1429 1512; x_wconf 82' lang='lat' dir='ltr'><strong>appellantur</strong></span> <span class='ocrx_word' id='word_1_88' title='bbox 1451 1446 1836 1516; x_wconf 82' lang='grc' dir='ltr'>Χριστοφὸροι.</span> <span class='ocrx_word' id='word_1_89' title='bbox 1864 1444 2080 1503; x_wconf 86' lang='lat' dir='ltr'><strong>Phileas</strong></span> 
     </span>
    </p>
   </div>
   <div class='ocr_carea' id='block_1_16' title="bbox 500 1530 2083 1608">
    <p class='ocr_par' dir='ltr' id='par_1_16' title="bbox 500 1530 2083 1608">
     <span class='ocr_line' id='line_1_16' title="bbox 500 1530 2083 1608; baseline 0.006 -26"><span class='ocrx_word' id='word_1_90' title='bbox 500 1530 733 1599; x_wconf 79' lang='lat' dir='ltr'><strong>scriptor</strong></span> <span class='ocrx_word' id='word_1_91' title='bbox 771 1534 1029 1603; x_wconf 89' lang='lat' dir='ltr'><strong>antiquus</strong></span> <span class='ocrx_word' id='word_1_92' title='bbox 1061 1537 1203 1605; x_wconf 89' lang='lat' dir='ltr'><strong>apud</strong></span> <span class='ocrx_word' id='word_1_93' title='bbox 1230 1536 1525 1592; x_wconf 86' lang='lat' dir='ltr'><strong>Eusebium</strong></span> <span class='ocrx_word' id='word_1_94' title='bbox 1559 1539 1653 1593; x_wconf 92' lang='lat' dir='ltr'><strong>lib.</strong></span> <span class='ocrx_word' id='word_1_95' title='bbox 1698 1555 1753 1601; x_wconf 71' lang='grc' dir='ltr'><strong>χ,</strong></span> <span class='ocrx_word' id='word_1_96' title='bbox 1795 1554 1845 1592; x_wconf 92' lang='lat' dir='ltr'><strong>c.</strong></span> <span class='ocrx_word' id='word_1_97' title='bbox 1869 1538 1923 1602; x_wconf 91' lang='lat'><strong>8,</strong></span> <span class='ocrx_word' id='word_1_98' title='bbox 1957 1538 2083 1608; x_wconf 89' lang='lat' dir='ltr'><strong>Epi-</strong></span> 
     </span>
    </p>
   </div>
   <div class='ocr_carea' id='block_1_17' title="bbox 500 1622 2083 1704">
    <p class='ocr_par' dir='ltr' id='par_1_17' title="bbox 500 1622 2083 1704">
     <span class='ocr_line' id='line_1_17' title="bbox 500 1622 2083 1704; baseline 0.007 -28"><span class='ocrx_word' id='word_1_99' title='bbox 500 1622 643 1676; x_wconf 85' lang='lat' dir='ltr'><strong>stola</strong></span> <span class='ocrx_word' id='word_1_100' title='bbox 698 1625 763 1677; x_wconf 85' lang='lat' dir='ltr'><strong>ad</strong></span> <span class='ocrx_word' id='word_1_101' title='bbox 820 1624 1157 1683; x_wconf 68' lang='lat' dir='ltr'><strong>Tltmuilas:</strong></span> <span class='ocrx_word' id='word_1_102' title='bbox 1206 1632 1296 1684; x_wconf 84' lang='grc' dir='ltr'>Διὸ</span> <span class='ocrx_word' id='word_1_103' title='bbox 1348 1630 1690 1702; x_wconf 75' lang='grc' dir='ltr'><strong>ζηλώσαντες</strong></span> <span class='ocrx_word' id='word_1_104' title='bbox 1739 1634 1806 1687; x_wconf 77' lang='grc' dir='ltr'>τὰ</span> <span class='ocrx_word' id='word_1_105' title='bbox 1863 1634 2083 1704; x_wconf 77' lang='grc' dir='ltr'>μείζονα</span> 
     </span>
    </p>
   </div>
   <div class='ocr_carea' id='block_1_18' title="bbox 496 1715 2083 1798">
    <p class='ocr_par' dir='ltr' id='par_1_18' title="bbox 496 1715 2083 1798">
     <span class='ocr_line' id='line_1_18' title="bbox 496 1715 2083 1798; baseline 0.01 -32"><span class='ocrx_word' id='word_1_106' title='bbox 496 1715 813 1786; x_wconf 77' lang='grc' dir='ltr'>χαρίσματα</span> <span class='ocrx_word' id='word_1_107' title='bbox 845 1720 893 1770; x_wconf 84' lang='grc' dir='ltr'><strong>οἱ</strong></span> <span class='ocrx_word' id='word_1_108' title='bbox 941 1721 1302 1795; x_wconf 84' lang='grc' dir='ltr'>Χριστοφόροι</span> <span class='ocrx_word' id='word_1_109' title='bbox 1342 1725 1637 1798; x_wconf 84' lang='grc' dir='ltr'>μάρτυρες.</span> <span class='ocrx_word' id='word_1_110' title='bbox 1670 1746 1687 1778; x_wconf 82' lang='grc' dir='ltr'><strong>ι</strong></span> <span class='ocrx_word' id='word_1_111' title='bbox 1714 1725 1949 1781; x_wconf 86' lang='lat' dir='ltr'><strong>Proinde</strong></span> <span class='ocrx_word' id='word_1_112' title='bbox 1970 1742 2083 1781; x_wconf 83' lang='lat' dir='ltr'><strong>me-</strong></span> 
     </span>
    </p>
   </div>
   <div class='ocr_carea' id='block_1_19' title="bbox 2182 616 3761 688">
    <p class='ocr_par' dir='ltr' id='par_1_19' title="bbox 2182 616 3761 688">
     <span class='ocr_line' id='line_1_19' title="bbox 2182 616 3761 688; baseline -0.002 -15"><span class='ocrx_word' id='word_1_113' title='bbox 2182 620 2329 674; x_wconf 88' lang='lat' dir='ltr'><strong>mine</strong></span> <span class='ocrx_word' id='word_1_114' title='bbox 2379 620 2766 688; x_wconf 86' lang='lat' dir='ltr'><strong>repntabatur;</strong></span> <span class='ocrx_word' id='word_1_115' title='bbox 2825 634 2936 672; x_wconf 90' lang='lat' dir='ltr'><strong>non</strong></span> <span class='ocrx_word' id='word_1_116' title='bbox 2992 617 3337 682; x_wconf 90' lang='lat' dir='ltr'><strong>Thaumasii,</strong></span> <span class='ocrx_word' id='word_1_117' title='bbox 3399 616 3616 685; x_wconf 89' lang='lat' dir='ltr'><strong>opinor,</strong></span> <span class='ocrx_word' id='word_1_118' title='bbox 3667 616 3761 670; x_wconf 87' lang='lat' dir='ltr'><strong>sed</strong></span> 
     </span>
    </p>
   </div>
   <div class='ocr_carea' id='block_1_20' title="bbox 2180 710 3765 779">
    <p class='ocr_par' dir='ltr' id='par_1_20' title="bbox 2180 710 3765 779">
     <span class='ocr_line' id='line_1_20' title="bbox 2180 710 3765 779; baseline -0.001 -15"><span class='ocrx_word' id='word_1_119' title='bbox 2180 710 2456 765; x_wconf 82' lang='lat' dir='ltr'><strong>Ammonii</strong></span> <span class='ocrx_word' id='word_1_120' title='bbox 2498 727 2695 765; x_wconf 89' lang='lat' dir='ltr'><strong>nomen</strong></span> <span class='ocrx_word' id='word_1_121' title='bbox 2730 711 2919 765; x_wconf 89' lang='lat' dir='ltr'><strong>liberis</strong></span> <span class='ocrx_word' id='word_1_122' title='bbox 2943 711 3058 765; x_wconf 89' lang='lat' dir='ltr'><strong>suis</strong></span> <span class='ocrx_word' id='word_1_123' title='bbox 3088 710 3481 779; x_wconf 90' lang='lat' dir='ltr'><strong>imposuissent</strong></span> <span class='ocrx_word' id='word_1_124' title='bbox 3510 718 3765 777; x_wconf 78' lang='lat' dir='ltr'><strong>parentes</strong></span> 
     </span>
    </p>
   </div>
   <div class='ocr_carea' id='block_1_21' title="bbox 2180 804 3765 874">
    <p class='ocr_par' dir='ltr' id='par_1_21' title="bbox 2180 804 3765 874">
     <span class='ocr_line' id='line_1_21' title="bbox 2180 804 3765 874; baseline -0.004 -14"><span class='ocrx_word' id='word_1_125' title='bbox 2180 806 2504 860; x_wconf 87' lang='lat' dir='ltr'><strong>Christiani.</strong></span> <span class='ocrx_word' id='word_1_126' title='bbox 2541 804 2680 859; x_wconf 82' lang='lat' dir='ltr'><strong>Hinc</strong></span> <span class='ocrx_word' id='word_1_127' title='bbox 2716 806 2880 872; x_wconf 83' lang='lat' dir='ltr'><strong>igitur</strong></span> <span class='ocrx_word' id='word_1_128' title='bbox 2902 814 2998 859; x_wconf 90' lang='lat' dir='ltr'><strong>aut</strong></span> <span class='ocrx_word' id='word_1_129' title='bbox 3024 804 3382 874; x_wconf 89' lang='lat' dir='ltr'><strong>epistolarum</strong></span> <span class='ocrx_word' id='word_1_130' title='bbox 3416 804 3765 871; x_wconf 88' lang='lat' dir='ltr'><strong>scriptorem.</strong></span> 
     </span>
    </p>
   </div>
   <div class='ocr_carea' id='block_1_22' title="bbox 2181 891 3766 969">
    <p class='ocr_par' dir='ltr' id='par_1_22' title="bbox 2181 891 3766 969">
     <span class='ocr_line' id='line_1_22' title="bbox 2181 891 3766 969; baseline 0 -18"><span class='ocrx_word' id='word_1_131' title='bbox 2181 909 2273 952; x_wconf 82' lang='lat' dir='ltr'><strong>aut</strong></span> <span class='ocrx_word' id='word_1_132' title='bbox 2302 897 2709 969; x_wconf 84' lang='lat' dir='ltr'><strong>lgnatianorum</strong></span> <span class='ocrx_word' id='word_1_133' title='bbox 2731 898 2991 951; x_wconf 82' lang='lat' dir='ltr'><strong>Actorum</strong></span> <span class='ocrx_word' id='word_1_134' title='bbox 3012 905 3290 951; x_wconf 91' lang='lat' dir='ltr'><strong>auctorem</strong></span> <span class='ocrx_word' id='word_1_135' title='bbox 3310 896 3401 949; x_wconf 92' lang='lat' dir='ltr'><strong>diu</strong></span> <span class='ocrx_word' id='word_1_136' title='bbox 3425 904 3546 966; x_wconf 90' lang='lat' dir='ltr'><strong>post</strong></span> <span class='ocrx_word' id='word_1_137' title='bbox 3572 891 3766 965; x_wconf 80' lang='lat' dir='ltr'><strong>lgnatii</strong></span> 
     </span>
    </p>
   </div>
   <div class='ocr_carea' id='block_1_23' title="bbox 2182 986 3383 1056">
    <p class='ocr_par' dir='ltr' id='par_1_23' title="bbox 2182 986 3383 1056">
     <span class='ocr_line' id='line_1_23' title="bbox 2182 986 3383 1056; baseline -0.002 -15"><span class='ocrx_word' id='word_1_138' title='bbox 2182 997 2427 1056; x_wconf 89' lang='lat' dir='ltr'><strong>tempora</strong></span> <span class='ocrx_word' id='word_1_139' title='bbox 2464 988 2667 1041; x_wconf 75' lang='lat' dir='ltr'><strong>vixisse</strong></span> <span class='ocrx_word' id='word_1_140' title='bbox 2699 988 2849 1040; x_wconf 92' lang='lat' dir='ltr'><strong>nullo</strong></span> <span class='ocrx_word' id='word_1_141' title='bbox 2878 986 3040 1040; x_wconf 88' lang='lat' dir='ltr'><strong>modo</strong></span> <span class='ocrx_word' id='word_1_142' title='bbox 3070 986 3383 1039; x_wconf 91' lang='lat' dir='ltr'><strong>conﬁcitur.</strong></span> 
     </span>
    </p>
   </div>
   <div class='ocr_carea' id='block_1_24' title="bbox 2250 1077 3767 1146">
    <p class='ocr_par' dir='ltr' id='par_1_24' title="bbox 2250 1077 3767 1146">
     <span class='ocr_line' id='line_1_24' title="bbox 2250 1077 3767 1146; baseline -0.003 -13"><span class='ocrx_word' id='word_1_143' title='bbox 2250 1078 2370 1133; x_wconf 80' lang='lat' dir='ltr'><strong>Jam</strong></span> <span class='ocrx_word' id='word_1_144' title='bbox 2423 1090 2483 1134; x_wconf 91' lang='lat' dir='ltr'><strong>ut</strong></span> <span class='ocrx_word' id='word_1_145' title='bbox 2530 1080 2836 1133; x_wconf 83' lang='lat' dir='ltr'><strong>institutam</strong></span> <span class='ocrx_word' id='word_1_146' title='bbox 2871 1078 2939 1133; x_wconf 92' lang='lat' dir='ltr'><strong>de</strong></span> <span class='ocrx_word' id='word_1_147' title='bbox 2990 1078 3132 1143; x_wconf 81' lang='grc' dir='ltr'><strong>λέξει</strong></span> <span class='ocrx_word' id='word_1_148' title='bbox 3171 1077 3594 1146; x_wconf 90' lang='lat' dir='ltr'><strong>disputationem</strong></span> <span class='ocrx_word' id='word_1_149' title='bbox 3642 1091 3767 1146; x_wconf 87' lang='lat' dir='ltr'><strong>per—</strong></span> 
     </span>
    </p>
   </div>
   <div class='ocr_carea' id='block_1_25' title="bbox 2180 1170 3767 1241">
    <p class='ocr_par' dir='ltr' id='par_1_25' title="bbox 2180 1170 3767 1241">
     <span class='ocr_line' id='line_1_25' title="bbox 2180 1170 3767 1241; baseline 0.001 -17"><span class='ocrx_word' id='word_1_150' title='bbox 2180 1181 2349 1235; x_wconf 78' lang='lat' dir='ltr'><strong>texat,</strong></span> <span class='ocrx_word' id='word_1_151' title='bbox 2376 1171 2648 1235; x_wconf 87' lang='lat' dir='ltr'><strong>observat,</strong></span> <span class='ocrx_word' id='word_1_152' title='bbox 2685 1186 2782 1225; x_wconf 89' lang='lat' dir='ltr'><strong>eos</strong></span> <span class='ocrx_word' id='word_1_153' title='bbox 2812 1186 2950 1241; x_wconf 92' lang='lat' dir='ltr'><strong>quos</strong></span> <span class='ocrx_word' id='word_1_154' title='bbox 2975 1170 3329 1226; x_wconf 69' lang='lat' dir='ltr'><strong>vetustissimi</strong></span> <span class='ocrx_word' id='word_1_155' title='bbox 3371 1172 3453 1224; x_wconf 92' lang='lat' dir='ltr'><strong>vel</strong></span> <span class='ocrx_word' id='word_1_156' title='bbox 3477 1172 3767 1240; x_wconf 82' lang='lat' dir='ltr'><strong>episcopos</strong></span> 
     </span>
    </p>
   </div>
   <div class='ocr_carea' id='block_1_26' title="bbox 2182 1260 3759 1331">
    <p class='ocr_par' dir='ltr' id='par_1_26' title="bbox 2182 1260 3759 1331">
     <span class='ocr_line' id='line_1_26' title="bbox 2182 1260 3759 1331; baseline -0.001 -19"><span class='ocrx_word' id='word_1_157' title='bbox 2182 1262 2263 1315; x_wconf 90' lang='lat' dir='ltr'><strong>vel</strong></span> <span class='ocrx_word' id='word_1_158' title='bbox 2294 1262 2641 1331; x_wconf 86' lang='lat' dir='ltr'><strong>presbyteros</strong></span> <span class='ocrx_word' id='word_1_159' title='bbox 2666 1262 3044 1327; x_wconf 88' lang='lat' dir='ltr'><strong>vocant,hunc</strong></span> <span class='ocrx_word' id='word_1_160' title='bbox 3062 1260 3243 1331; x_wconf 79' lang='grc' dir='ltr'><strong>ἱερέας</strong></span> <span class='ocrx_word' id='word_1_161' title='bbox 3267 1276 3362 1315; x_wconf 91' lang='lat' dir='ltr'><strong>seu</strong></span> <span class='ocrx_word' id='word_1_162' title='bbox 3388 1264 3759 1315; x_wconf 63' lang='lat' dir='ltr'><strong>«sacerdotes»</strong></span> 
     </span>
    </p>
   </div>
   <div class='ocr_carea' id='block_1_27' title="bbox 2182 1353 3767 1425">
    <p class='ocr_par' dir='ltr' id='par_1_27' title="bbox 2182 1353 3767 1425">
     <span class='ocr_line' id='line_1_27' title="bbox 2182 1353 3767 1425; baseline 0.002 -18"><span class='ocrx_word' id='word_1_163' title='bbox 2182 1354 2478 1423; x_wconf 90' lang='lat' dir='ltr'><strong>appellare.</strong></span> <span class='ocrx_word' id='word_1_164' title='bbox 2514 1353 2593 1407; x_wconf 84' lang='lat' dir='ltr'><strong>Ex</strong></span> <span class='ocrx_word' id='word_1_165' title='bbox 2625 1356 2829 1423; x_wconf 88' lang='lat' dir='ltr'><strong>spuriis</strong></span> <span class='ocrx_word' id='word_1_166' title='bbox 2868 1356 3101 1425; x_wconf 78' lang='lat' dir='ltr'><strong>aliquot,</strong></span> <span class='ocrx_word' id='word_1_167' title='bbox 3133 1372 3201 1409; x_wconf 80' lang='lat' dir='ltr'><strong>ex</strong></span> <span class='ocrx_word' id='word_1_168' title='bbox 3245 1358 3450 1410; x_wconf 89' lang='lat' dir='ltr'><strong>nostris</strong></span> <span class='ocrx_word' id='word_1_169' title='bbox 3481 1372 3649 1409; x_wconf 91' lang='lat' dir='ltr'><strong>unum</strong></span> <span class='ocrx_word' id='word_1_170' title='bbox 3681 1356 3767 1410; x_wconf 89' lang='lat' dir='ltr'><strong>lo-</strong></span> 
     </span>
    </p>
   </div>
   <div class='ocr_carea' id='block_1_28' title="bbox 2182 1447 3768 1517">
    <p class='ocr_par' dir='ltr' id='par_1_28' title="bbox 2182 1447 3768 1517">
     <span class='ocr_line' id='line_1_28' title="bbox 2182 1447 3768 1517; baseline 0.002 -17"><span class='ocrx_word' id='word_1_171' title='bbox 2182 1462 2307 1501; x_wconf 90' lang='lat' dir='ltr'><strong>cum</strong></span> <span class='ocrx_word' id='word_1_172' title='bbox 2341 1447 2517 1511; x_wconf 85' lang='lat' dir='ltr'><strong>ail&#39;ert,</strong></span> <span class='ocrx_word' id='word_1_173' title='bbox 2552 1462 2747 1516; x_wconf 89' lang='lat' dir='ltr'><strong>nempe</strong></span> <span class='ocrx_word' id='word_1_174' title='bbox 2772 1449 2884 1503; x_wconf 62' lang='lat' dir='ltr'><strong>hate</strong></span> <span class='ocrx_word' id='word_1_175' title='bbox 2912 1465 2978 1502; x_wconf 78' lang='lat' dir='ltr'><strong>ex</strong></span> <span class='ocrx_word' id='word_1_176' title='bbox 3002 1449 3230 1517; x_wconf 88' lang='lat' dir='ltr'><strong>epistola</strong></span> <span class='ocrx_word' id='word_1_177' title='bbox 3264 1450 3327 1503; x_wconf 86' lang='lat' dir='ltr'><strong>ad</strong></span> <span class='ocrx_word' id='word_1_178' title='bbox 3346 1448 3768 1517; x_wconf 85' lang='lat' dir='ltr'><strong>Philadelphen-</strong></span> 
     </span>
    </p>
   </div>
   <div class='ocr_carea' id='block_1_29' title="bbox 2183 1541 3767 1613">
    <p class='ocr_par' dir='ltr' id='par_1_29' title="bbox 2183 1541 3767 1613">
     <span class='ocr_line' id='line_1_29' title="bbox 2183 1541 3767 1613; baseline 0 -18"><span class='ocrx_word' id='word_1_179' title='bbox 2183 1555 2271 1595; x_wconf 90' lang='lat' dir='ltr'><strong>ses</strong></span> <span class='ocrx_word' id='word_1_180' title='bbox 2294 1541 2453 1595; x_wconf 92' lang='lat' dir='ltr'><strong>verba</strong></span> <span class='ocrx_word' id='word_1_181' title='bbox 2486 1558 2500 1595; x_wconf 89' lang='lat'><strong>:</strong></span> <span class='ocrx_word' id='word_1_182' title='bbox 2535 1541 2703 1593; x_wconf 84' lang='grc' dir='ltr'>Καλοὶ</span> <span class='ocrx_word' id='word_1_183' title='bbox 2734 1542 2825 1595; x_wconf 75' lang='grc' dir='ltr'>καὶ</span> <span class='ocrx_word' id='word_1_184' title='bbox 2855 1544 2903 1594; x_wconf 85' lang='grc' dir='ltr'><strong>οἱ</strong></span> <span class='ocrx_word' id='word_1_185' title='bbox 2928 1545 3109 1611; x_wconf 80' lang='grc' dir='ltr'>ἱερεῖς.</span> <span class='ocrx_word' id='word_1_186' title='bbox 3148 1541 3295 1613; x_wconf 87' lang='lat' dir='ltr'><strong>Nego</strong></span> <span class='ocrx_word' id='word_1_187' title='bbox 3322 1543 3423 1597; x_wconf 88' lang='lat' dir='ltr'><strong>hoc</strong></span> <span class='ocrx_word' id='word_1_188' title='bbox 3445 1544 3564 1597; x_wconf 89' lang='lat' dir='ltr'><strong>loco</strong></span> <span class='ocrx_word' id='word_1_189' title='bbox 3598 1545 3767 1613; x_wconf 78' lang='grc' dir='ltr'>ἱερεῖς</span> 
     </span>
    </p>
   </div>
   <div class='ocr_carea' id='block_1_30' title="bbox 2183 1633 3768 1706">
    <p class='ocr_par' dir='ltr' id='par_1_30' title="bbox 2183 1633 3768 1706">
     <span class='ocr_line' id='line_1_30' title="bbox 2183 1633 3768 1706; baseline 0.003 -21"><span class='ocrx_word' id='word_1_190' title='bbox 2183 1634 2269 1686; x_wconf 91' lang='lat' dir='ltr'><strong>vel</strong></span> <span class='ocrx_word' id='word_1_191' title='bbox 2318 1633 2608 1703; x_wconf 87' lang='lat' dir='ltr'><strong>episcopos</strong></span> <span class='ocrx_word' id='word_1_192' title='bbox 2635 1634 2720 1688; x_wconf 90' lang='lat' dir='ltr'><strong>vel</strong></span> <span class='ocrx_word' id='word_1_193' title='bbox 2766 1634 3115 1705; x_wconf 87' lang='lat' dir='ltr'><strong>presbyteros</strong></span> <span class='ocrx_word' id='word_1_194' title='bbox 3149 1635 3493 1704; x_wconf 89' lang='lat' dir='ltr'><strong>signiﬁcare;</strong></span> <span class='ocrx_word' id='word_1_195' title='bbox 3548 1637 3768 1706; x_wconf 82' lang='lat' dir='ltr'><strong>negavit</strong></span> 
     </span>
    </p>
   </div>
   <div class='ocr_carea' id='block_1_31' title="bbox 2185 1722 3766 1781">
    <p class='ocr_par' dir='ltr' id='par_1_31' title="bbox 2185 1722 3766 1781">
     <span class='ocr_line' id='line_1_31' title="bbox 2185 1722 3766 1781; baseline 0.003 -4"><span class='ocrx_word' id='word_1_196' title='bbox 2185 1730 2311 1777; x_wconf 88' lang='lat' dir='ltr'><strong>ante</strong></span> <span class='ocrx_word' id='word_1_197' title='bbox 2335 1738 2423 1777; x_wconf 86' lang='lat' dir='ltr'><strong>me</strong></span> <span class='ocrx_word' id='word_1_198' title='bbox 2453 1722 2851 1779; x_wconf 84' lang='lat' dir='ltr'><strong>Hammondus.</strong></span> <span class='ocrx_word' id='word_1_199' title='bbox 2886 1722 3047 1779; x_wconf 86' lang='lat' dir='ltr'><strong>Walo</strong></span> <span class='ocrx_word' id='word_1_200' title='bbox 3087 1724 3414 1781; x_wconf 84' lang='lat' dir='ltr'><strong>Messalinus</strong></span> <span class='ocrx_word' id='word_1_201' title='bbox 3440 1726 3626 1780; x_wconf 87' lang='lat' dir='ltr'><strong>eadem</strong></span> <span class='ocrx_word' id='word_1_202' title='bbox 3667 1726 3766 1781; x_wconf 89' lang='lat' dir='ltr'><strong>ob-</strong></span> 
     </span>
    </p>
   </div>
   <div class='ocr_carea' id='block_1_32' title="bbox 498 1806 3763 1889">
    <p class='ocr_par' dir='ltr' id='par_1_32' title="bbox 498 1806 3763 1889">
     <span class='ocr_line' id='line_1_32' title="bbox 498 1806 3763 1889; baseline 0.006 -29"><span class='ocrx_word' id='word_1_203' title='bbox 498 1806 985 1865; x_wconf 88' lang='lat' dir='ltr'><strong>liora’charismata</strong></span> <span class='ocrx_word' id='word_1_204' title='bbox 1009 1824 1387 1871; x_wconf 89' lang='lat' dir='ltr'><strong>consectantes</strong></span> <span class='ocrx_word' id='word_1_205' title='bbox 1412 1818 2080 1889; x_wconf 82' lang='lat' dir='ltr'><strong>martyresquiChristum</strong></span> <span class='ocrx_word' id='word_1_206' title='bbox 2122 1884 2148 1889; x_wconf 37' lang='grc' dir='ltr'><strong>Α</strong></span> <span class='ocrx_word' id='word_1_207' title='bbox 2180 1814 2419 1882; x_wconf 72' lang='grc' dir='ltr'><strong>,ἱεοῑίοιιθ</strong></span> <span class='ocrx_word' id='word_1_208' title='bbox 2449 1830 2605 1879; x_wconf 64' lang='lat' dir='ltr'><strong>usus.</strong></span> <span class='ocrx_word' id='word_1_209' title='bbox 2638 1814 2732 1869; x_wconf 72' lang='lat' dir='ltr'><strong>sed</strong></span> <span class='ocrx_word' id='word_1_210' title='bbox 2781 1823 2907 1869; x_wconf 59' lang='lat' dir='ltr'><strong>ante</strong></span> <span class='ocrx_word' id='word_1_211' title='bbox 2949 1817 3129 1869; x_wconf 75' lang='lat' dir='ltr'><strong>Visum</strong></span> <span class='ocrx_word' id='word_1_212' title='bbox 3155 1816 3401 1871; x_wconf 77' lang='lat' dir='ltr'><strong>COdic-cm</strong></span> <span class='ocrx_word' id='word_1_213' title='bbox 3436 1816 3763 1872; x_wconf 73' lang='lat' dir='ltr'><strong>Mediccum-</strong></span> 
     </span>
    </p>
   </div>
   <div class='ocr_carea' id='block_1_33' title="bbox 498 1884 3767 1979">
    <p class='ocr_par' dir='ltr' id='par_1_33' title="bbox 498 1884 3767 1979">
     <span class='ocr_line' id='line_1_33' title="bbox 498 1884 3767 1979; baseline 0.006 -27"><span class='ocrx_word' id='word_1_214' title='bbox 498 1900 801 1966; x_wconf 81' lang='lat' dir='ltr'><strong>gestabant.</strong></span> <span class='ocrx_word' id='word_1_215' title='bbox 830 1923 848 1954; x_wconf 70' lang='grc' dir='ltr'><strong>ι</strong></span> <span class='ocrx_word' id='word_1_216' title='bbox 875 1902 1049 1970; x_wconf 88' lang='lat' dir='ltr'><strong>Quam</strong></span> <span class='ocrx_word' id='word_1_217' title='bbox 1082 1907 1539 1977; x_wconf 86' lang='lat' dir='ltr'><strong>signiﬁcationem</strong></span> <span class='ocrx_word' id='word_1_218' title='bbox 1557 1884 1855 1979; x_wconf 38' lang='lat' dir='ltr'><strong>&#39;prop-rium</strong></span> <span class='ocrx_word' id='word_1_219' title='bbox 1884 1927 2081 1965; x_wconf 91' lang='lat' dir='ltr'><strong>nomen</strong></span> <span class='ocrx_word' id='word_1_220' title='bbox 2118 1884 2157 1938; x_wconf 68' lang='grc' dir='ltr'><strong>Β</strong></span> <span class='ocrx_word' id='word_1_221' title='bbox 2192 1904 2506 1961; x_wconf 73' lang='lat' dir='ltr'><strong>Blondcﬂus</strong></span> <span class='ocrx_word' id='word_1_222' title='bbox 2550 1905 2643 1959; x_wconf 69' lang='lat' dir='ltr'><strong>illo</strong></span> <span class='ocrx_word' id='word_1_223' title='bbox 2688 1906 2876 1960; x_wconf 79' lang='lat' dir='ltr'><strong>codice</strong></span> <span class='ocrx_word' id='word_1_224' title='bbox 2926 1906 3173 1975; x_wconf 72' lang='lat' dir='ltr'><strong>inspccw</strong></span> <span class='ocrx_word' id='word_1_225' title='bbox 3215 1908 3284 1961; x_wconf 79' lang='lat' dir='ltr'><strong>ab</strong></span> <span class='ocrx_word' id='word_1_226' title='bbox 3324 1908 3427 1963; x_wconf 80' lang='lat' dir='ltr'><strong>hac</strong></span> <span class='ocrx_word' id='word_1_227' title='bbox 3457 1908 3767 1979; x_wconf 70' lang='lat' dir='ltr'><strong>obiectione</strong></span> 
     </span>
    </p>
   </div>
   <div class='ocr_carea' id='block_1_34' title="bbox 500 1992 2085 2073">
    <p class='ocr_par' dir='ltr' id='par_1_34' title="bbox 500 1992 2085 2073">
     <span class='ocr_line' id='line_1_34' title="bbox 500 1992 2085 2073; baseline 0.009 -29"><span class='ocrx_word' id='word_1_228' title='bbox 500 1992 900 2065; x_wconf 82' lang='grc' dir='ltr'>Χριστοφόρος,</span> <span class='ocrx_word' id='word_1_229' title='bbox 934 2000 1016 2052; x_wconf 89' lang='lat' dir='ltr'><strong>vel</strong></span> <span class='ocrx_word' id='word_1_230' title='bbox 1061 2001 1225 2054; x_wconf 90' lang='lat' dir='ltr'><strong>etiam</strong></span> <span class='ocrx_word' id='word_1_231' title='bbox 1258 2003 1633 2073; x_wconf 74' lang='grc' dir='ltr'>Χριστὸφορος</span> <span class='ocrx_word' id='word_1_232' title='bbox 1670 2012 1893 2058; x_wconf 88' lang='lat' dir='ltr'><strong>accentu</strong></span> <span class='ocrx_word' id='word_1_233' title='bbox 1963 2021 2085 2058; x_wconf 90' lang='lat' dir='ltr'><strong>mu-</strong></span> 
     </span>
    </p>
   </div>
   <div class='ocr_carea' id='block_1_35' title="bbox 498 2088 1859 2152">
    <p class='ocr_par' dir='ltr' id='par_1_35' title="bbox 498 2088 1859 2152">
     <span class='ocr_line' id='line_1_35' title="bbox 498 2088 1859 2152; baseline 0.012 -17"><span class='ocrx_word' id='word_1_234' title='bbox 498 2092 637 2148; x_wconf 87' lang='lat' dir='ltr'><strong>tato,</strong></span> <span class='ocrx_word' id='word_1_235' title='bbox 670 2088 934 2146; x_wconf 89' lang='lat' dir='ltr'><strong>retinuit:</strong></span> <span class='ocrx_word' id='word_1_236' title='bbox 975 2091 1118 2145; x_wconf 91' lang='lat' dir='ltr'><strong>unde</strong></span> <span class='ocrx_word' id='word_1_237' title='bbox 1146 2101 1201 2145; x_wconf 93' lang='lat' dir='ltr'><strong>et</strong></span> <span class='ocrx_word' id='word_1_238' title='bbox 1230 2108 1368 2147; x_wconf 90' lang='lat' dir='ltr'><strong>nova</strong></span> <span class='ocrx_word' id='word_1_239' title='bbox 1395 2093 1580 2149; x_wconf 82' lang='lat' dir='ltr'><strong>fabula</strong></span> <span class='ocrx_word' id='word_1_240' title='bbox 1607 2106 1726 2150; x_wconf 88' lang='lat' dir='ltr'><strong>orta</strong></span> <span class='ocrx_word' id='word_1_241' title='bbox 1756 2106 1859 2152; x_wconf 85' lang='lat' dir='ltr'><strong>est.</strong></span> 
     </span>
    </p>
   </div>
   <div class='ocr_carea' id='block_1_36' title="bbox 572 2176 2081 2259">
    <p class='ocr_par' dir='ltr' id='par_1_36' title="bbox 572 2176 2081 2259">
     <span class='ocr_line' id='line_1_36' title="bbox 572 2176 2081 2259; baseline 0.009 -28"><span class='ocrx_word' id='word_1_242' title='bbox 572 2176 679 2231; x_wconf 88' lang='lat' dir='ltr'><strong>Sed</strong></span> <span class='ocrx_word' id='word_1_243' title='bbox 708 2181 902 2248; x_wconf 65' lang='lat' dir='ltr'><strong>quaerit</strong></span> <span class='ocrx_word' id='word_1_244' title='bbox 925 2180 1179 2248; x_wconf 72' lang='lat' dir='ltr'><strong>Dallzeus,</strong></span> <span class='ocrx_word' id='word_1_245' title='bbox 1214 2201 1387 2254; x_wconf 89' lang='lat' dir='ltr'><strong>quare</strong></span> <span class='ocrx_word' id='word_1_246' title='bbox 1415 2188 1507 2241; x_wconf 87' lang='lat' dir='ltr'><strong>alii</strong></span> <span class='ocrx_word' id='word_1_247' title='bbox 1534 2205 1563 2242; x_wconf 94' lang='lat' dir='ltr'><strong>a</strong></span> <span class='ocrx_word' id='word_1_248' title='bbox 1591 2186 1924 2259; x_wconf 83' lang='lat' dir='ltr'><strong>Theophoro</strong></span> <span class='ocrx_word' id='word_1_249' title='bbox 1947 2189 2081 2244; x_wconf 91' lang='lat' dir='ltr'><strong>dicti</strong></span> 
     </span>
    </p>
   </div>
   <div class='ocr_carea' id='block_1_37' title="bbox 496 2270 2081 2352">
    <p class='ocr_par' dir='ltr' id='par_1_37' title="bbox 496 2270 2081 2352">
     <span class='ocr_line' id='line_1_37' title="bbox 496 2270 2081 2352; baseline 0.01 -32"><span class='ocrx_word' id='word_1_250' title='bbox 496 2282 607 2321; x_wconf 89' lang='lat' dir='ltr'><strong>non</strong></span> <span class='ocrx_word' id='word_1_251' title='bbox 642 2280 771 2325; x_wconf 92' lang='lat' dir='ltr'><strong>sunt</strong></span> <span class='ocrx_word' id='word_1_252' title='bbox 800 2270 1132 2343; x_wconf 86' lang='lat' dir='ltr'><strong>Theophori,</strong></span> <span class='ocrx_word' id='word_1_253' title='bbox 1168 2285 1277 2330; x_wconf 91' lang='lat' dir='ltr'><strong>uta</strong></span> <span class='ocrx_word' id='word_1_254' title='bbox 1305 2277 1704 2348; x_wconf 85' lang='lat' dir='ltr'><strong>Chrislophoro</strong></span> <span class='ocrx_word' id='word_1_255' title='bbox 1731 2290 1808 2335; x_wconf 91' lang='lat' dir='ltr'><strong>tot</strong></span> <span class='ocrx_word' id='word_1_256' title='bbox 1830 2283 2081 2352; x_wconf 89' lang='lat' dir='ltr'><strong>appellati</strong></span> 
     </span>
    </p>
   </div>
   <div class='ocr_carea' id='block_1_38' title="bbox 498 2360 2078 2443">
    <p class='ocr_par' dir='ltr' id='par_1_38' title="bbox 498 2360 2078 2443">
     <span class='ocr_line' id='line_1_38' title="bbox 498 2360 2078 2443; baseline 0.009 -31"><span class='ocrx_word' id='word_1_257' title='bbox 498 2368 628 2413; x_wconf 82' lang='lat' dir='ltr'><strong>sunt</strong></span> <span class='ocrx_word' id='word_1_258' title='bbox 661 2360 1067 2433; x_wconf 86' lang='lat' dir='ltr'><strong>Christophori,</strong></span> <span class='ocrx_word' id='word_1_259' title='bbox 1121 2383 1247 2421; x_wconf 89' lang='lat' dir='ltr'><strong>cum</strong></span> <span class='ocrx_word' id='word_1_260' title='bbox 1294 2370 1518 2423; x_wconf 90' lang='lat' dir='ltr'><strong>nomina</strong></span> <span class='ocrx_word' id='word_1_261' title='bbox 1554 2382 1859 2443; x_wconf 77' lang='lat' dir='ltr'><strong>martyrum</strong></span> <span class='ocrx_word' id='word_1_262' title='bbox 1904 2375 2078 2427; x_wconf 90' lang='lat' dir='ltr'><strong>nostri</strong></span> 
     </span>
    </p>
   </div>
   <div class='ocr_carea' id='block_1_39' title="bbox 498 2450 2082 2529">
    <p class='ocr_par' dir='ltr' id='par_1_39' title="bbox 498 2450 2082 2529">
     <span class='ocr_line' id='line_1_39' title="bbox 498 2450 2082 2529; baseline 0.011 -29"><span class='ocrx_word' id='word_1_263' title='bbox 498 2450 615 2503; x_wconf 82' lang='lat' dir='ltr'><strong>suis</strong></span> <span class='ocrx_word' id='word_1_264' title='bbox 650 2450 885 2507; x_wconf 87' lang='lat' dir='ltr'><strong>libenter</strong></span> <span class='ocrx_word' id='word_1_265' title='bbox 907 2456 1149 2510; x_wconf 88' lang='lat' dir='ltr'><strong>donent?</strong></span> <span class='ocrx_word' id='word_1_266' title='bbox 1173 2456 1372 2512; x_wconf 83' lang='lat' dir='ltr'><strong>Fateor</strong></span> <span class='ocrx_word' id='word_1_267' title='bbox 1401 2462 1653 2529; x_wconf 90' lang='lat' dir='ltr'><strong>equidem</strong></span> <span class='ocrx_word' id='word_1_268' title='bbox 1686 2472 1898 2519; x_wconf 87' lang='lat' dir='ltr'><strong>veteres</strong></span> <span class='ocrx_word' id='word_1_269' title='bbox 1920 2463 2082 2518; x_wconf 86' lang='lat' dir='ltr'><strong>Chri-</strong></span> 
     </span>
    </p>
   </div>
   <div class='ocr_carea' id='block_1_40' title="bbox 496 2540 2078 2617">
    <p class='ocr_par' dir='ltr' id='par_1_40' title="bbox 496 2540 2078 2617">
     <span class='ocr_line' id='line_1_40' title="bbox 496 2540 2078 2617; baseline 0.013 -26"><span class='ocrx_word' id='word_1_270' title='bbox 496 2540 705 2595; x_wconf 86' lang='lat' dir='ltr'><strong>stianos</strong></span> <span class='ocrx_word' id='word_1_271' title='bbox 754 2558 1055 2617; x_wconf 88' lang='lat' dir='ltr'><strong>martyrum</strong></span> <span class='ocrx_word' id='word_1_272' title='bbox 1094 2550 1320 2605; x_wconf 90' lang='lat' dir='ltr'><strong>nomina</strong></span> <span class='ocrx_word' id='word_1_273' title='bbox 1375 2552 1610 2607; x_wconf 88' lang='lat' dir='ltr'><strong>libenter</strong></span> <span class='ocrx_word' id='word_1_274' title='bbox 1662 2558 1779 2609; x_wconf 87' lang='lat' dir='ltr'><strong>suis</strong></span> <span class='ocrx_word' id='word_1_275' title='bbox 1824 2558 2078 2612; x_wconf 86' lang='lat' dir='ltr'><strong>donasse.</strong></span> 
     </span>
    </p>
   </div>
   <div class='ocr_carea' id='block_1_41' title="bbox 495 2627 2082 2711">
    <p class='ocr_par' dir='ltr' id='par_1_41' title="bbox 495 2627 2082 2711">
     <span class='ocr_line' id='line_1_41' title="bbox 495 2627 2082 2711; baseline 0.013 -28"><span class='ocrx_word' id='word_1_276' title='bbox 495 2627 762 2688; x_wconf 85' lang='lat' dir='ltr'><strong>Observat</strong></span> <span class='ocrx_word' id='word_1_277' title='bbox 802 2636 864 2690; x_wconf 88' lang='grc' dir='ltr'><strong>Β.</strong></span> <span class='ocrx_word' id='word_1_278' title='bbox 919 2637 1296 2697; x_wconf 87' lang='lat' dir='ltr'><strong>Theodoretus</strong></span> <span class='ocrx_word' id='word_1_279' title='bbox 1334 2660 1587 2699; x_wconf 91' lang='lat' dir='ltr'><strong>sermone</strong></span> <span class='ocrx_word' id='word_1_280' title='bbox 1622 2648 1654 2699; x_wconf 86' lang='lat'>8</span> <span class='ocrx_word' id='word_1_281' title='bbox 1702 2668 1713 2701; x_wconf 87' lang='lat'><strong>:</strong></span> <span class='ocrx_word' id='word_1_282' title='bbox 1750 2648 1861 2711; x_wconf 80' lang='grc' dir='ltr'><strong>Τὰς</strong></span> <span class='ocrx_word' id='word_1_283' title='bbox 1889 2649 1943 2702; x_wconf 81' lang='grc' dir='ltr'>δὲ</span> <span class='ocrx_word' id='word_1_284' title='bbox 1976 2650 2082 2703; x_wconf 80' lang='grc' dir='ltr'><strong>τῶν</strong></span> 
     </span>
    </p>
   </div>
   <div class='ocr_carea' id='block_1_42' title="bbox 496 2721 2083 2805">
    <p class='ocr_par' dir='ltr' id='par_1_42' title="bbox 496 2721 2083 2805">
     <span class='ocr_line' id='line_1_42' title="bbox 496 2721 2083 2805; baseline 0.013 -31"><span class='ocrx_word' id='word_1_285' title='bbox 496 2721 794 2794; x_wconf 78' lang='grc' dir='ltr'>μαρτύρων</span> <span class='ocrx_word' id='word_1_286' title='bbox 826 2730 1201 2801; x_wconf 77' lang='grc' dir='ltr'><strong>προσηγορίας</strong></span> <span class='ocrx_word' id='word_1_287' title='bbox 1228 2732 1425 2802; x_wconf 79' lang='grc' dir='ltr'>μᾶλλον</span> <span class='ocrx_word' id='word_1_288' title='bbox 1459 2733 1637 2788; x_wconf 72' lang='grc' dir='ltr'>ἴσασιν</span> <span class='ocrx_word' id='word_1_289' title='bbox 1677 2737 1922 2801; x_wconf 77' lang='grc' dir='ltr'>ἅπαντας</span> <span class='ocrx_word' id='word_1_290' title='bbox 1951 2739 1984 2805; x_wconf 83' lang='grc' dir='ltr'><strong>ἢ</strong></span> <span class='ocrx_word' id='word_1_291' title='bbox 2014 2741 2083 2795; x_wconf 78' lang='grc' dir='ltr'>τὰ</span> 
     </span>
    </p>
   </div>
   <div class='ocr_carea' id='block_1_43' title="bbox 494 2813 2083 2893">
    <p class='ocr_par' dir='ltr' id='par_1_43' title="bbox 494 2813 2083 2893">
     <span class='ocr_line' id='line_1_43' title="bbox 494 2813 2083 2893; baseline 0.013 -29"><span class='ocrx_word' id='word_1_292' title='bbox 494 2813 606 2866; x_wconf 84' lang='grc' dir='ltr'>τῶν</span> <span class='ocrx_word' id='word_1_293' title='bbox 638 2816 907 2883; x_wconf 85' lang='grc' dir='ltr'><strong>φιλτάτων</strong></span> <span class='ocrx_word' id='word_1_294' title='bbox 933 2821 1195 2891; x_wconf 81' lang='grc' dir='ltr'>ὀνόματα’</span> <span class='ocrx_word' id='word_1_295' title='bbox 1225 2826 1315 2877; x_wconf 82' lang='grc' dir='ltr'>καὶ</span> <span class='ocrx_word' id='word_1_296' title='bbox 1342 2829 1457 2888; x_wconf 87' lang='grc' dir='ltr'>τοῖς</span> <span class='ocrx_word' id='word_1_297' title='bbox 1488 2828 1644 2880; x_wconf 75' lang='grc' dir='ltr'>παισὶ</span> <span class='ocrx_word' id='word_1_298' title='bbox 1669 2829 1725 2881; x_wconf 80' lang='grc' dir='ltr'><strong>δὲ</strong></span> <span class='ocrx_word' id='word_1_299' title='bbox 1750 2829 1847 2893; x_wconf 82' lang='grc' dir='ltr'>τὰς</span> <span class='ocrx_word' id='word_1_300' title='bbox 1880 2831 2083 2884; x_wconf 75' lang='grc' dir='ltr'>τούτων</span> 
     </span>
    </p>
   </div>
   <div class='ocr_carea' id='block_1_44' title="bbox 496 2909 2084 2989">
    <p class='ocr_par' dir='ltr' id='par_1_44' title="bbox 496 2909 2084 2989">
     <span class='ocr_line' id='line_1_44' title="bbox 496 2909 2084 2989; baseline 0.011 -33"><span class='ocrx_word' id='word_1_301' title='bbox 496 2909 871 2979; x_wconf 85' lang='grc' dir='ltr'>προσηγορίας</span> <span class='ocrx_word' id='word_1_302' title='bbox 898 2912 1199 2968; x_wconf 76' lang='grc' dir='ltr'><strong>ἐπιτιθέναι</strong></span> <span class='ocrx_word' id='word_1_303' title='bbox 1223 2917 1636 2982; x_wconf 76' lang='grc' dir='ltr'><strong>σπουδάζουσιν,</strong></span> <span class='ocrx_word' id='word_1_304' title='bbox 1662 2920 1964 2989; x_wconf 76' lang='grc' dir='ltr'>ἀσφάλειαν</span> <span class='ocrx_word' id='word_1_305' title='bbox 1988 2922 2084 2974; x_wconf 78' lang='grc' dir='ltr'><strong>αὑ-</strong></span> 
     </span>
    </p>
   </div>
   <div class='ocr_carea' id='block_1_45' title="bbox 494 2999 2080 3082">
    <p class='ocr_par' dir='ltr' id='par_1_45' title="bbox 494 2999 2080 3082">
     <span class='ocr_line' id='line_1_45' title="bbox 494 2999 2080 3082; baseline 0.011 -34"><span class='ocrx_word' id='word_1_306' title='bbox 494 3000 607 3061; x_wconf 77' lang='grc' dir='ltr'>τοῖς</span> <span class='ocrx_word' id='word_1_307' title='bbox 637 2999 731 3051; x_wconf 75' lang='grc' dir='ltr'><strong>καὶ</strong></span> <span class='ocrx_word' id='word_1_308' title='bbox 762 3000 1006 3074; x_wconf 80' lang='grc' dir='ltr'><strong>φυλακὴν</strong></span> <span class='ocrx_word' id='word_1_309' title='bbox 1038 3005 1286 3059; x_wconf 77' lang='grc' dir='ltr'>ἐντεῦθεν</span> <span class='ocrx_word' id='word_1_310' title='bbox 1317 3008 1718 3079; x_wconf 82' lang='grc' dir='ltr'>μηχανώμενοι.</span> <span class='ocrx_word' id='word_1_311' title='bbox 1744 3030 1760 3061; x_wconf 75' lang='grc' dir='ltr'><strong>ι</strong></span> <span class='ocrx_word' id='word_1_312' title='bbox 1786 3010 2080 3082; x_wconf 81' lang='lat' dir='ltr'><strong>Martyrum</strong></span> 
     </span>
    </p>
   </div>
   <div class='ocr_carea' id='block_1_46' title="bbox 495 3094 2079 3173">
    <p class='ocr_par' dir='ltr' id='par_1_46' title="bbox 495 3094 2079 3173">
     <span class='ocr_line' id='line_1_46' title="bbox 495 3094 2079 3173; baseline 0.009 -30"><span class='ocrx_word' id='word_1_313' title='bbox 495 3100 677 3145; x_wconf 88' lang='lat' dir='ltr'><strong>autem</strong></span> <span class='ocrx_word' id='word_1_314' title='bbox 710 3094 935 3149; x_wconf 90' lang='lat' dir='ltr'><strong>nomina</strong></span> <span class='ocrx_word' id='word_1_315' title='bbox 962 3098 1178 3153; x_wconf 89' lang='lat' dir='ltr'><strong>notiora</strong></span> <span class='ocrx_word' id='word_1_316' title='bbox 1211 3110 1338 3155; x_wconf 90' lang='lat' dir='ltr'><strong>sunt</strong></span> <span class='ocrx_word' id='word_1_317' title='bbox 1364 3102 1620 3157; x_wconf 90' lang='lat' dir='ltr'><strong>omnibus</strong></span> <span class='ocrx_word' id='word_1_318' title='bbox 1650 3120 1815 3173; x_wconf 90' lang='lat' dir='ltr'><strong>quam</strong></span> <span class='ocrx_word' id='word_1_319' title='bbox 1840 3104 2079 3158; x_wconf 80' lang='lat' dir='ltr'><strong>familia-</strong></span> 
     </span>
    </p>
   </div>
   <div class='ocr_carea' id='block_1_47' title="bbox 495 3183 2053 3267">
    <p class='ocr_par' dir='ltr' id='par_1_47' title="bbox 495 3183 2053 3267">
     <span class='ocr_line' id='line_1_47' title="bbox 495 3183 2053 3267; baseline 0.011 -31"><span class='ocrx_word' id='word_1_320' title='bbox 495 3183 661 3239; x_wconf 89' lang='lat' dir='ltr'><strong>rium.</strong></span> <span class='ocrx_word' id='word_1_321' title='bbox 695 3185 838 3253; x_wconf 88' lang='lat' dir='ltr'><strong>Quin</strong></span> <span class='ocrx_word' id='word_1_322' title='bbox 856 3200 911 3244; x_wconf 91' lang='lat' dir='ltr'><strong>et</strong></span> <span class='ocrx_word' id='word_1_323' title='bbox 927 3190 1052 3246; x_wconf 92' lang='lat' dir='ltr'><strong>ﬁliis</strong></span> <span class='ocrx_word' id='word_1_324' title='bbox 1070 3192 1265 3248; x_wconf 89' lang='lat' dir='ltr'><strong>horum</strong></span> <span class='ocrx_word' id='word_1_325' title='bbox 1291 3198 1511 3250; x_wconf 92' lang='lat' dir='ltr'><strong>nomina</strong></span> <span class='ocrx_word' id='word_1_326' title='bbox 1537 3198 1814 3267; x_wconf 85' lang='lat' dir='ltr'><strong>imponere</strong></span> <span class='ocrx_word' id='word_1_327' title='bbox 1838 3199 2053 3253; x_wconf 89' lang='lat' dir='ltr'><strong>student</strong></span> 
     </span>
    </p>
   </div>
   <div class='ocr_carea' id='block_1_48' title="bbox 495 3281 2070 3360">
    <p class='ocr_par' dir='ltr' id='par_1_48' title="bbox 495 3281 2070 3360">
     <span class='ocr_line' id='line_1_48' title="bbox 495 3281 2070 3360; baseline 0.007 -28"><span class='ocrx_word' id='word_1_328' title='bbox 495 3281 847 3337; x_wconf 79' lang='lat' dir='ltr'><strong>securitatem</strong></span> <span class='ocrx_word' id='word_1_329' title='bbox 879 3284 1005 3340; x_wconf 88' lang='lat' dir='ltr'><strong>inde</strong></span> <span class='ocrx_word' id='word_1_330' title='bbox 1036 3287 1172 3356; x_wconf 90' lang='lat' dir='ltr'><strong>ipsis</strong></span> <span class='ocrx_word' id='word_1_331' title='bbox 1203 3289 1546 3360; x_wconf 89' lang='lat' dir='ltr'><strong>tutelamque</strong></span> <span class='ocrx_word' id='word_1_332' title='bbox 1596 3301 2000 3360; x_wconf 90' lang='lat' dir='ltr'><strong>comparantes.</strong></span> <span class='ocrx_word' id='word_1_333' title='bbox 2050 3311 2070 3343; x_wconf 71' lang='grc' dir='ltr'><strong>ι</strong></span> 
     </span>
    </p>
   </div>
   <div class='ocr_carea' id='block_1_49' title="bbox 495 3367 2076 3446">
    <p class='ocr_par' dir='ltr' id='par_1_49' title="bbox 495 3367 2076 3446">
     <span class='ocr_line' id='line_1_49' title="bbox 495 3367 2076 3446; baseline 0.011 -24"><span class='ocrx_word' id='word_1_334' title='bbox 495 3367 657 3426; x_wconf 81' lang='lat' dir='ltr'><strong>Ratio</strong></span> <span class='ocrx_word' id='word_1_335' title='bbox 688 3382 869 3429; x_wconf 92' lang='lat' dir='ltr'><strong>tamen</strong></span> <span class='ocrx_word' id='word_1_336' title='bbox 907 3377 1072 3446; x_wconf 88' lang='lat' dir='ltr'><strong>hujus</strong></span> <span class='ocrx_word' id='word_1_337' title='bbox 1102 3379 1442 3436; x_wconf 87' lang='lat' dir='ltr'><strong>diversitatis</strong></span> <span class='ocrx_word' id='word_1_338' title='bbox 1486 3382 1795 3438; x_wconf 81' lang='lat' dir='ltr'><strong>manifesta.</strong></span> <span class='ocrx_word' id='word_1_339' title='bbox 1824 3383 2076 3438; x_wconf 87' lang='lat' dir='ltr'><strong>Christo-</strong></span> 
     </span>
    </p>
   </div>
   <div class='ocr_carea' id='block_1_50' title="bbox 491 3462 2075 3540">
    <p class='ocr_par' dir='ltr' id='par_1_50' title="bbox 491 3462 2075 3540">
     <span class='ocr_line' id='line_1_50' title="bbox 491 3462 2075 3540; baseline 0.009 -27"><span class='ocrx_word' id='word_1_340' title='bbox 491 3462 701 3530; x_wconf 88' lang='lat' dir='ltr'><strong>phorus</strong></span> <span class='ocrx_word' id='word_1_341' title='bbox 730 3466 876 3520; x_wconf 88' lang='lat' dir='ltr'><strong>enim</strong></span> <span class='ocrx_word' id='word_1_342' title='bbox 911 3470 1165 3540; x_wconf 87' lang='lat' dir='ltr'><strong>martyris</strong></span> <span class='ocrx_word' id='word_1_343' title='bbox 1190 3470 1472 3540; x_wconf 90' lang='lat' dir='ltr'><strong>proprium</strong></span> <span class='ocrx_word' id='word_1_344' title='bbox 1508 3487 1706 3526; x_wconf 86' lang='lat' dir='ltr'><strong>nomen</strong></span> <span class='ocrx_word' id='word_1_345' title='bbox 1741 3472 1864 3539; x_wconf 81' lang='lat' dir='ltr'><strong>fuit,</strong></span> <span class='ocrx_word' id='word_1_346' title='bbox 1897 3472 2075 3527; x_wconf 88' lang='lat' dir='ltr'><strong>Theo-</strong></span> 
     </span>
    </p>
   </div>
   <div class='ocr_carea' id='block_1_51' title="bbox 491 3551 2072 3635">
    <p class='ocr_par' dir='ltr' id='par_1_51' title="bbox 491 3551 2072 3635">
     <span class='ocr_line' id='line_1_51' title="bbox 491 3551 2072 3635; baseline 0.008 -31"><span class='ocrx_word' id='word_1_347' title='bbox 491 3551 701 3617; x_wconf 80' lang='lat' dir='ltr'><strong>pborus</strong></span> <span class='ocrx_word' id='word_1_348' title='bbox 725 3558 1067 3627; x_wconf 89' lang='lat' dir='ltr'><strong>neutiquam.</strong></span> <span class='ocrx_word' id='word_1_349' title='bbox 1094 3559 1187 3615; x_wconf 93' lang='lat' dir='ltr'><strong>llle</strong></span> <span class='ocrx_word' id='word_1_350' title='bbox 1202 3562 1296 3630; x_wconf 92' lang='lat' dir='ltr'><strong>qui</strong></span> <span class='ocrx_word' id='word_1_351' title='bbox 1316 3578 1457 3633; x_wconf 65' lang='grc' dir='ltr'>εαξρο</span> <span class='ocrx_word' id='word_1_352' title='bbox 1475 3562 1761 3618; x_wconf 88' lang='lat' dir='ltr'><strong>dicebatur</strong></span> <span class='ocrx_word' id='word_1_353' title='bbox 1782 3564 2072 3635; x_wconf 80' lang='grc' dir='ltr'>Θεοφόρος,</span> 
     </span>
    </p>
   </div>
   <div class='ocr_carea' id='block_1_52' title="bbox 495 3646 2074 3725">
    <p class='ocr_par' dir='ltr' id='par_1_52' title="bbox 495 3646 2074 3725">
     <span class='ocr_line' id='line_1_52' title="bbox 495 3646 2074 3725; baseline 0.009 -29"><span class='ocrx_word' id='word_1_354' title='bbox 495 3646 775 3715; x_wconf 84' lang='lat' dir='ltr'><strong>proprium</strong></span> <span class='ocrx_word' id='word_1_355' title='bbox 808 3664 1006 3706; x_wconf 90' lang='lat' dir='ltr'><strong>nomen</strong></span> <span class='ocrx_word' id='word_1_356' title='bbox 1038 3662 1157 3708; x_wconf 91' lang='lat' dir='ltr'><strong>erat</strong></span> <span class='ocrx_word' id='word_1_357' title='bbox 1215 3654 1491 3723; x_wconf 84' lang='grc' dir='ltr'><strong>Ἰγνάτιος.</strong></span> <span class='ocrx_word' id='word_1_358' title='bbox 1549 3654 1664 3711; x_wconf 81' lang='lat' dir='ltr'><strong>Hoc</strong></span> <span class='ocrx_word' id='word_1_359' title='bbox 1720 3665 1903 3710; x_wconf 89' lang='lat' dir='ltr'><strong>autem</strong></span> <span class='ocrx_word' id='word_1_360' title='bbox 1952 3657 2074 3725; x_wconf 89' lang='lat' dir='ltr'><strong>ejus</strong></span> 
     </span>
    </p>
   </div>
   <div class='ocr_carea' id='block_1_53' title="bbox 493 3741 2071 3819">
    <p class='ocr_par' dir='ltr' id='par_1_53' title="bbox 493 3741 2071 3819">
     <span class='ocr_line' id='line_1_53' title="bbox 493 3741 2071 3819; baseline 0.01 -30"><span class='ocrx_word' id='word_1_361' title='bbox 493 3751 691 3792; x_wconf 87' lang='lat' dir='ltr'><strong>nomen</strong></span> <span class='ocrx_word' id='word_1_362' title='bbox 716 3741 936 3810; x_wconf 90' lang='lat' dir='ltr'><strong>plurimi</strong></span> <span class='ocrx_word' id='word_1_363' title='bbox 967 3747 1148 3801; x_wconf 88' lang='lat' dir='ltr'><strong>sortiti</strong></span> <span class='ocrx_word' id='word_1_364' title='bbox 1177 3757 1325 3803; x_wconf 90' lang='lat' dir='ltr'><strong>sunt.</strong></span> <span class='ocrx_word' id='word_1_365' title='bbox 1362 3746 1482 3803; x_wconf 87' lang='lat' dir='ltr'><strong>Non</strong></span> <span class='ocrx_word' id='word_1_366' title='bbox 1517 3749 1609 3803; x_wconf 91' lang='lat' dir='ltr'><strong>diu</strong></span> <span class='ocrx_word' id='word_1_367' title='bbox 1651 3758 1776 3819; x_wconf 91' lang='lat' dir='ltr'><strong>post</strong></span> <span class='ocrx_word' id='word_1_368' title='bbox 1812 3749 1933 3817; x_wconf 89' lang='lat' dir='ltr'><strong>ejus</strong></span> <span class='ocrx_word' id='word_1_369' title='bbox 1968 3749 2071 3804; x_wconf 89' lang='lat' dir='ltr'><strong>ob-</strong></span> 
     </span>
    </p>
   </div>
   <div class='ocr_carea' id='block_1_54' title="bbox 497 3828 2074 3909">
    <p class='ocr_par' dir='ltr' id='par_1_54' title="bbox 497 3828 2074 3909">
     <span class='ocr_line' id='line_1_54' title="bbox 497 3828 2074 3909; baseline 0.007 -27"><span class='ocrx_word' id='word_1_370' title='bbox 497 3828 632 3882; x_wconf 74' lang='lat' dir='ltr'><strong>itum</strong></span> <span class='ocrx_word' id='word_1_371' title='bbox 656 3829 904 3900; x_wconf 90' lang='lat' dir='ltr'><strong>lgnatius</strong></span> <span class='ocrx_word' id='word_1_372' title='bbox 929 3837 1152 3905; x_wconf 90' lang='lat' dir='ltr'><strong>quidam</strong></span> <span class='ocrx_word' id='word_1_373' title='bbox 1179 3840 1358 3895; x_wconf 83' lang='lat' dir='ltr'><strong>dictus</strong></span> <span class='ocrx_word' id='word_1_374' title='bbox 1384 3850 1486 3908; x_wconf 88' lang='lat' dir='ltr'><strong>est,</strong></span> <span class='ocrx_word' id='word_1_375' title='bbox 1511 3840 1769 3905; x_wconf 81' lang='lat' dir='ltr'><strong>Celerini,</strong></span> <span class='ocrx_word' id='word_1_376' title='bbox 1794 3840 1887 3909; x_wconf 92' lang='lat' dir='ltr'><strong>qui</strong></span> <span class='ocrx_word' id='word_1_377' title='bbox 1917 3848 2074 3893; x_wconf 66' lang='lat' dir='ltr'><strong>aetate</strong></span> 
     </span>
    </p>
   </div>
   <div class='ocr_carea' id='block_1_55' title="bbox 490 3919 2070 4000">
    <p class='ocr_par' dir='ltr' id='par_1_55' title="bbox 490 3919 2070 4000">
     <span class='ocr_line' id='line_1_55' title="bbox 490 3919 2070 4000; baseline 0.005 -26"><span class='ocrx_word' id='word_1_378' title='bbox 490 3919 752 3990; x_wconf 78' lang='lat' dir='ltr'><strong>Cypriani</strong></span> <span class='ocrx_word' id='word_1_379' title='bbox 778 3927 1062 3983; x_wconf 81' lang='lat' dir='ltr'><strong>confeSSor</strong></span> <span class='ocrx_word' id='word_1_380' title='bbox 1097 3929 1219 3993; x_wconf 80' lang='lat' dir='ltr'><strong>fuit,</strong></span> <span class='ocrx_word' id='word_1_381' title='bbox 1251 3932 1580 3995; x_wconf 89' lang='lat' dir='ltr'><strong>avunculus,</strong></span> <span class='ocrx_word' id='word_1_382' title='bbox 1620 3940 1674 3984; x_wconf 90' lang='lat' dir='ltr'><strong>et</strong></span> <span class='ocrx_word' id='word_1_383' title='bbox 1705 3931 1820 3999; x_wconf 91' lang='lat' dir='ltr'><strong>ipse</strong></span> <span class='ocrx_word' id='word_1_384' title='bbox 1846 3940 2070 4000; x_wconf 85' lang='lat' dir='ltr'><strong>martyr.</strong></span> 
     </span>
    </p>
   </div>
   <div class='ocr_carea' id='block_1_56' title="bbox 492 4004 2068 4090">
    <p class='ocr_par' dir='ltr' id='par_1_56' title="bbox 492 4004 2068 4090">
     <span class='ocr_line' id='line_1_56' title="bbox 492 4004 2068 4090; baseline 0.006 -24"><span class='ocrx_word' id='word_1_385' title='bbox 492 4004 695 4067; x_wconf 80' lang='lat' dir='ltr'><strong>Postea</strong></span> <span class='ocrx_word' id='word_1_386' title='bbox 727 4013 971 4085; x_wconf 87' lang='lat' dir='ltr'><strong>lgnatius</strong></span> <span class='ocrx_word' id='word_1_387' title='bbox 1025 4022 1341 4089; x_wconf 85' lang='lat' dir='ltr'><strong>patriarcha</strong></span> <span class='ocrx_word' id='word_1_388' title='bbox 1401 4022 2068 4090; x_wconf 84' lang='lat' dir='ltr'><strong>Constantinopolitanus.</strong></span> 
     </span>
    </p>
   </div>
   <div class='ocr_carea' id='block_1_57' title="bbox 491 4101 2072 4183">
    <p class='ocr_par' dir='ltr' id='par_1_57' title="bbox 491 4101 2072 4183">
     <span class='ocr_line' id='line_1_57' title="bbox 491 4101 2072 4183; baseline 0.008 -29"><span class='ocrx_word' id='word_1_389' title='bbox 491 4101 737 4171; x_wconf 86' lang='lat' dir='ltr'><strong>lgnatius</strong></span> <span class='ocrx_word' id='word_1_390' title='bbox 778 4108 1067 4176; x_wconf 88' lang='lat' dir='ltr'><strong>diaconus,</strong></span> <span class='ocrx_word' id='word_1_391' title='bbox 1104 4113 1198 4181; x_wconf 92' lang='lat' dir='ltr'><strong>qui</strong></span> <span class='ocrx_word' id='word_1_392' title='bbox 1241 4113 1456 4167; x_wconf 86' lang='lat' dir='ltr'><strong>Tarasii</strong></span> <span class='ocrx_word' id='word_1_393' title='bbox 1490 4123 1544 4168; x_wconf 90' lang='lat' dir='ltr'><strong>et</strong></span> <span class='ocrx_word' id='word_1_394' title='bbox 1587 4112 1882 4183; x_wconf 88' lang='lat' dir='ltr'><strong>Nicephori</strong></span> <span class='ocrx_word' id='word_1_395' title='bbox 1918 4111 2072 4167; x_wconf 83' lang='lat' dir='ltr'><strong>Vitas</strong></span> 
     </span>
    </p>
   </div>
   <div class='ocr_carea' id='block_1_58' title="bbox 489 4197 2071 4275">
    <p class='ocr_par' dir='ltr' id='par_1_58' title="bbox 489 4197 2071 4275">
     <span class='ocr_line' id='line_1_58' title="bbox 489 4197 2071 4275; baseline 0.008 -28"><span class='ocrx_word' id='word_1_396' title='bbox 489 4197 731 4266; x_wconf 83' lang='lat' dir='ltr'><strong>scripsit.</strong></span> <span class='ocrx_word' id='word_1_397' title='bbox 768 4197 1010 4269; x_wconf 85' lang='lat' dir='ltr'><strong>lgnatius</strong></span> <span class='ocrx_word' id='word_1_398' title='bbox 1036 4203 1419 4275; x_wconf 79' lang='lat' dir='ltr'><strong>XanthOpulus</strong></span> <span class='ocrx_word' id='word_1_399' title='bbox 1460 4222 1585 4259; x_wconf 92' lang='lat' dir='ltr'><strong>eum</strong></span> <span class='ocrx_word' id='word_1_400' title='bbox 1615 4206 1868 4270; x_wconf 88' lang='lat' dir='ltr'><strong>Callisto,</strong></span> <span class='ocrx_word' id='word_1_401' title='bbox 1900 4206 1995 4275; x_wconf 87' lang='lat' dir='ltr'><strong>qui</strong></span> <span class='ocrx_word' id='word_1_402' title='bbox 2042 4220 2071 4259; x_wconf 89' lang='lat' dir='ltr'><strong>a</strong></span> 
     </span>
    </p>
   </div>
   <div class='ocr_carea' id='block_1_59' title="bbox 494 4286 2073 4369">
    <p class='ocr_par' dir='ltr' id='par_1_59' title="bbox 494 4286 2073 4369">
     <span class='ocr_line' id='line_1_59' title="bbox 494 4286 2073 4369; baseline 0.006 -31"><span class='ocrx_word' id='word_1_403' title='bbox 494 4286 765 4357; x_wconf 83' lang='lat' dir='ltr'><strong>Symeone</strong></span> <span class='ocrx_word' id='word_1_404' title='bbox 791 4290 1268 4351; x_wconf 82' lang='lat' dir='ltr'><strong>Thessalonicensi</strong></span> <span class='ocrx_word' id='word_1_405' title='bbox 1291 4296 1554 4369; x_wconf 81' lang='grc' dir='ltr'>Θεηγόροι</span> <span class='ocrx_word' id='word_1_406' title='bbox 1584 4297 1677 4350; x_wconf 76' lang='grc' dir='ltr'><strong>καὶ</strong></span> <span class='ocrx_word' id='word_1_407' title='bbox 1695 4295 1954 4367; x_wconf 83' lang='grc' dir='ltr'>Θεοφόροι</span> <span class='ocrx_word' id='word_1_408' title='bbox 1981 4296 2073 4349; x_wconf 78' lang='grc' dir='ltr'><strong>καὶ</strong></span> 
     </span>
    </p>
   </div>
   <div class='ocr_carea' id='block_1_60' title="bbox 488 4377 2071 4459">
    <p class='ocr_par' dir='ltr' id='par_1_60' title="bbox 488 4377 2071 4459">
     <span class='ocr_line' id='line_1_60' title="bbox 488 4377 2071 4459; baseline 0.005 -27"><span class='ocrx_word' id='word_1_409' title='bbox 488 4377 856 4454; x_wconf 71' lang='grc' dir='ltr'>Χριποφὸροι</span> <span class='ocrx_word' id='word_1_410' title='bbox 883 4386 975 4438; x_wconf 79' lang='grc' dir='ltr'>καὶ</span> <span class='ocrx_word' id='word_1_411' title='bbox 1001 4385 1175 4440; x_wconf 78' lang='grc' dir='ltr'>ἔνθεοι</span> <span class='ocrx_word' id='word_1_412' title='bbox 1205 4389 1481 4443; x_wconf 88' lang='lat' dir='ltr'><strong>dicuntur.</strong></span> <span class='ocrx_word' id='word_1_413' title='bbox 1509 4388 1666 4444; x_wconf 85' lang='lat' dir='ltr'><strong>Alius</strong></span> <span class='ocrx_word' id='word_1_414' title='bbox 1696 4387 1957 4459; x_wconf 89' lang='lat' dir='ltr'><strong>Ignatius,</strong></span> <span class='ocrx_word' id='word_1_415' title='bbox 1983 4388 2071 4442; x_wconf 91' lang='lat' dir='ltr'><strong>cui</strong></span> 
     </span>
    </p>
   </div>
   <div class='ocr_carea' id='block_1_61' title="bbox 488 4471 2073 4550">
    <p class='ocr_par' dir='ltr' id='par_1_61' title="bbox 488 4471 2073 4550">
     <span class='ocr_line' id='line_1_61' title="bbox 488 4471 2073 4550; baseline 0.006 -28"><span class='ocrx_word' id='word_1_416' title='bbox 488 4471 773 4527; x_wconf 80' lang='lat' dir='ltr'><strong>dedicatur</strong></span> <span class='ocrx_word' id='word_1_417' title='bbox 815 4491 954 4545; x_wconf 92' lang='lat' dir='ltr'><strong>opus</strong></span> <span class='ocrx_word' id='word_1_418' title='bbox 998 4478 1140 4546; x_wconf 81' lang='grc' dir='ltr'>Περὶ</span> <span class='ocrx_word' id='word_1_419' title='bbox 1182 4480 1301 4533; x_wconf 83' lang='grc' dir='ltr'>τῶν</span> <span class='ocrx_word' id='word_1_420' title='bbox 1350 4481 1456 4536; x_wconf 80' lang='grc' dir='ltr'>τοῦ</span> <span class='ocrx_word' id='word_1_421' title='bbox 1505 4481 1691 4550; x_wconf 67' lang='grc' dir='ltr'><strong>λόγου</strong></span> <span class='ocrx_word' id='word_1_422' title='bbox 1747 4479 2073 4548; x_wconf 68' lang='grc' dir='ltr'><strong>σχημάτων</strong></span> 
     </span>
    </p>
   </div>
   <div class='ocr_carea' id='block_1_62' title="bbox 2062 3240 2147 3295">
    <p class='ocr_par' dir='ltr' id='par_1_62' title="bbox 2062 3240 2147 3295">
     <span class='ocr_line' id='line_1_62' title="bbox 2062 3240 2147 3295; baseline 0 0"><span class='ocrx_word' id='word_1_423' title='bbox 2062 3241 2077 3267; x_wconf 83' lang='grc'><strong>’</strong></span> <span class='ocrx_word' id='word_1_424' title='bbox 2108 3240 2147 3295; x_wconf 93' lang='lat' dir='ltr'><strong>C</strong></span> 
     </span>
    </p>
   </div>
   <div class='ocr_carea' id='block_1_63' title="bbox 2184 1996 3766 2071">
    <p class='ocr_par' dir='ltr' id='par_1_63' title="bbox 2184 1996 3766 2071">
     <span class='ocr_line' id='line_1_63' title="bbox 2184 1996 3766 2071; baseline 0.006 -23"><span class='ocrx_word' id='word_1_425' title='bbox 2184 2011 2413 2065; x_wconf 87' lang='lat' dir='ltr'><strong>prorsus</strong></span> <span class='ocrx_word' id='word_1_426' title='bbox 2466 1997 2750 2063; x_wconf 88' lang='lat' dir='ltr'><strong>abstinuit,</strong></span> <span class='ocrx_word' id='word_1_427' title='bbox 2786 2008 2845 2053; x_wconf 91' lang='lat' dir='ltr'><strong>ut</strong></span> <span class='ocrx_word' id='word_1_428' title='bbox 2887 2007 2941 2052; x_wconf 90' lang='lat' dir='ltr'><strong>et</strong></span> <span class='ocrx_word' id='word_1_429' title='bbox 2975 1996 3302 2055; x_wconf 77' lang='lat' dir='ltr'><strong>Salmasius.</strong></span> <span class='ocrx_word' id='word_1_430' title='bbox 3360 2000 3529 2055; x_wconf 85' lang='lat' dir='ltr'><strong>Miror</strong></span> <span class='ocrx_word' id='word_1_431' title='bbox 3582 2003 3766 2071; x_wconf 83' lang='lat' dir='ltr'><strong>itaque</strong></span> 
     </span>
    </p>
   </div>
   <div class='ocr_carea' id='block_1_64' title="bbox 2184 2087 3769 2163">
    <p class='ocr_par' dir='ltr' id='par_1_64' title="bbox 2184 2087 3769 2163">
     <span class='ocr_line' id='line_1_64' title="bbox 2184 2087 3769 2163; baseline 0.006 -24"><span class='ocrx_word' id='word_1_432' title='bbox 2184 2087 2441 2143; x_wconf 68' lang='lat' dir='ltr'><strong>Dallzcum</strong></span> <span class='ocrx_word' id='word_1_433' title='bbox 2464 2090 2642 2145; x_wconf 88' lang='lat' dir='ltr'><strong>adhuc</strong></span> <span class='ocrx_word' id='word_1_434' title='bbox 2659 2092 2836 2144; x_wconf 88' lang='lat' dir='ltr'><strong>eidem</strong></span> <span class='ocrx_word' id='word_1_435' title='bbox 2865 2091 3152 2157; x_wconf 65' lang='lat' dir='ltr'><strong>inhaerere,</strong></span> <span class='ocrx_word' id='word_1_436' title='bbox 3180 2093 3425 2162; x_wconf 90' lang='lat' dir='ltr'><strong>nihilque</strong></span> <span class='ocrx_word' id='word_1_437' title='bbox 3452 2094 3644 2149; x_wconf 83' lang='lat' dir='ltr'><strong>ail&#39;erre</strong></span> <span class='ocrx_word' id='word_1_438' title='bbox 3668 2111 3769 2163; x_wconf 82' lang='lat' dir='ltr'><strong>pro</strong></span> 
     </span>
    </p>
   </div>
   <div class='ocr_carea' id='block_1_65' title="bbox 2184 2181 3767 2256">
    <p class='ocr_par' dir='ltr' id='par_1_65' title="bbox 2184 2181 3767 2256">
     <span class='ocr_line' id='line_1_65' title="bbox 2184 2181 3767 2256; baseline 0.004 -21"><span class='ocrx_word' id='word_1_439' title='bbox 2184 2181 2453 2235; x_wconf 88' lang='lat' dir='ltr'><strong>sententia</strong></span> <span class='ocrx_word' id='word_1_440' title='bbox 2488 2196 2613 2239; x_wconf 89' lang='lat' dir='ltr'><strong>sua.</strong></span> <span class='ocrx_word' id='word_1_441' title='bbox 2640 2193 2838 2251; x_wconf 82' lang='lat' dir='ltr'><strong>praeter</strong></span> <span class='ocrx_word' id='word_1_442' title='bbox 2864 2183 3066 2236; x_wconf 89' lang='lat' dir='ltr'><strong>nudam</strong></span> <span class='ocrx_word' id='word_1_443' title='bbox 3117 2186 3500 2239; x_wconf 82' lang='lat' dir='ltr'><strong>assertionem.</strong></span> <span class='ocrx_word' id='word_1_444' title='bbox 3540 2207 3557 2237; x_wconf 77' lang='grc' dir='ltr'><strong>ι</strong></span> <span class='ocrx_word' id='word_1_445' title='bbox 3586 2188 3767 2256; x_wconf 81' lang='lat' dir='ltr'><strong>Appa-</strong></span> 
     </span>
    </p>
   </div>
   <div class='ocr_carea' id='block_1_66' title="bbox 2183 2273 3768 2349">
    <p class='ocr_par' dir='ltr' id='par_1_66' title="bbox 2183 2273 3768 2349">
     <span class='ocr_line' id='line_1_66' title="bbox 2183 2273 3768 2349; baseline 0.006 -24"><span class='ocrx_word' id='word_1_446' title='bbox 2183 2283 2285 2339; x_wconf 86' lang='lat' dir='ltr'><strong>ret,</strong></span> <span class='ocrx_word' id='word_1_447' title='bbox 2316 2273 2517 2343; x_wconf 71' lang='lat' dir='ltr'><strong>inqnit,</strong></span> <span class='ocrx_word' id='word_1_448' title='bbox 2550 2275 2729 2345; x_wconf 82' lang='grc' dir='ltr'>ἱερέας</span> <span class='ocrx_word' id='word_1_449' title='bbox 2760 2275 2882 2329; x_wconf 90' lang='lat' dir='ltr'><strong>loco</strong></span> <span class='ocrx_word' id='word_1_450' title='bbox 2924 2275 3147 2329; x_wconf 87' lang='lat' dir='ltr'><strong>laudato</strong></span> <span class='ocrx_word' id='word_1_451' title='bbox 3190 2277 3298 2331; x_wconf 91' lang='lat' dir='ltr'><strong>dici</strong></span> <span class='ocrx_word' id='word_1_452' title='bbox 3348 2293 3445 2333; x_wconf 85' lang='lat' dir='ltr'><strong>eos</strong></span> <span class='ocrx_word' id='word_1_453' title='bbox 3491 2281 3584 2349; x_wconf 92' lang='lat' dir='ltr'><strong>qui</strong></span> <span class='ocrx_word' id='word_1_454' title='bbox 3638 2289 3768 2334; x_wconf 80' lang='lat' dir='ltr'><strong>sunt.</strong></span> 
     </span>
    </p>
   </div>
   <div class='ocr_carea' id='block_1_67' title="bbox 2183 2367 3768 2441">
    <p class='ocr_par' dir='ltr' id='par_1_67' title="bbox 2183 2367 3768 2441">
     <span class='ocr_line' id='line_1_67' title="bbox 2183 2367 3768 2441; baseline 0.004 -23"><span class='ocrx_word' id='word_1_455' title='bbox 2183 2367 2503 2437; x_wconf 87' lang='lat' dir='ltr'><strong>presbyteri.</strong></span> <span class='ocrx_word' id='word_1_456' title='bbox 2538 2386 2557 2419; x_wconf 72' lang='grc' dir='ltr'><strong>ι</strong></span> <span class='ocrx_word' id='word_1_457' title='bbox 2590 2367 2705 2421; x_wconf 90' lang='lat' dir='ltr'><strong>lmo</strong></span> <span class='ocrx_word' id='word_1_458' title='bbox 2742 2382 2872 2421; x_wconf 91' lang='lat' dir='ltr'><strong>vero</strong></span> <span class='ocrx_word' id='word_1_459' title='bbox 2904 2377 3132 2437; x_wconf 88' lang='lat' dir='ltr'><strong>apparet</strong></span> <span class='ocrx_word' id='word_1_460' title='bbox 3172 2369 3355 2441; x_wconf 83' lang='grc' dir='ltr'>ἱερέας</span> <span class='ocrx_word' id='word_1_461' title='bbox 3404 2386 3469 2424; x_wconf 93' lang='lat' dir='ltr'><strong>eo</strong></span> <span class='ocrx_word' id='word_1_462' title='bbox 3493 2372 3614 2425; x_wconf 90' lang='lat' dir='ltr'><strong>loco</strong></span> <span class='ocrx_word' id='word_1_463' title='bbox 3642 2387 3768 2439; x_wconf 88' lang='lat' dir='ltr'><strong>pre-</strong></span> 
     </span>
    </p>
   </div>
   <div class='ocr_carea' id='block_1_68' title="bbox 2183 2459 3769 2530">
    <p class='ocr_par' dir='ltr' id='par_1_68' title="bbox 2183 2459 3769 2530">
     <span class='ocr_line' id='line_1_68' title="bbox 2183 2459 3769 2530; baseline 0.003 -18"><span class='ocrx_word' id='word_1_464' title='bbox 2183 2459 2430 2528; x_wconf 84' lang='lat' dir='ltr'><strong>sbyteros</strong></span> <span class='ocrx_word' id='word_1_465' title='bbox 2457 2474 2564 2512; x_wconf 93' lang='lat' dir='ltr'><strong>non</strong></span> <span class='ocrx_word' id='word_1_466' title='bbox 2588 2459 2694 2513; x_wconf 90' lang='lat' dir='ltr'><strong>dici</strong></span> <span class='ocrx_word' id='word_1_467' title='bbox 2726 2477 2739 2511; x_wconf 91' lang='lat'><strong>:</strong></span> <span class='ocrx_word' id='word_1_468' title='bbox 2768 2459 3136 2513; x_wconf 88' lang='lat' dir='ltr'><strong>certissimum</strong></span> <span class='ocrx_word' id='word_1_469' title='bbox 3188 2461 3332 2514; x_wconf 90' lang='lat' dir='ltr'><strong>enim</strong></span> <span class='ocrx_word' id='word_1_470' title='bbox 3390 2470 3473 2515; x_wconf 89' lang='lat' dir='ltr'><strong>est</strong></span> <span class='ocrx_word' id='word_1_471' title='bbox 3521 2462 3769 2530; x_wconf 67' lang='lat' dir='ltr'><strong>epistola</strong></span> 
     </span>
    </p>
   </div>
   <div class='ocr_carea' id='block_1_69' title="bbox 2184 2551 3771 2622">
    <p class='ocr_par' dir='ltr' id='par_1_69' title="bbox 2184 2551 3771 2622">
     <span class='ocr_line' id='line_1_69' title="bbox 2184 2551 3771 2622; baseline 0.003 -18"><span class='ocrx_word' id='word_1_472' title='bbox 2184 2551 2505 2619; x_wconf 91' lang='lat' dir='ltr'><strong>scriptorem</strong></span> <span class='ocrx_word' id='word_1_473' title='bbox 2543 2567 2611 2605; x_wconf 92' lang='lat' dir='ltr'><strong>eo</strong></span> <span class='ocrx_word' id='word_1_474' title='bbox 2658 2552 2763 2605; x_wconf 89' lang='lat' dir='ltr'><strong>loci</strong></span> <span class='ocrx_word' id='word_1_475' title='bbox 2802 2552 2869 2605; x_wconf 93' lang='lat' dir='ltr'><strong>de</strong></span> <span class='ocrx_word' id='word_1_476' title='bbox 2911 2552 3182 2606; x_wconf 87' lang='lat' dir='ltr'><strong>ministris</strong></span> <span class='ocrx_word' id='word_1_477' title='bbox 3212 2552 3488 2622; x_wconf 85' lang='lat' dir='ltr'><strong>Evangelii</strong></span> <span class='ocrx_word' id='word_1_478' title='bbox 3536 2554 3771 2609; x_wconf 89' lang='lat' dir='ltr'><strong>minime</strong></span> 
     </span>
    </p>
   </div>
   <div class='ocr_carea' id='block_1_70' title="bbox 2184 2640 3767 2711">
    <p class='ocr_par' dir='ltr' id='par_1_70' title="bbox 2184 2640 3767 2711">
     <span class='ocr_line' id='line_1_70' title="bbox 2184 2640 3767 2711; baseline 0.002 -18"><span class='ocrx_word' id='word_1_479' title='bbox 2184 2640 2352 2710; x_wconf 90' lang='lat' dir='ltr'><strong>loqui.</strong></span> <span class='ocrx_word' id='word_1_480' title='bbox 2394 2640 2643 2710; x_wconf 82' lang='lat' dir='ltr'><strong>Disputat</strong></span> <span class='ocrx_word' id='word_1_481' title='bbox 2669 2642 2933 2695; x_wconf 81' lang='lat' dir='ltr'><strong>adversus</strong></span> <span class='ocrx_word' id='word_1_482' title='bbox 2964 2640 3271 2708; x_wconf 91' lang='lat' dir='ltr'><strong>Ebionitas,</strong></span> <span class='ocrx_word' id='word_1_483' title='bbox 3302 2642 3395 2711; x_wconf 86' lang='lat' dir='ltr'><strong>qui</strong></span> <span class='ocrx_word' id='word_1_484' title='bbox 3424 2642 3767 2696; x_wconf 88' lang='lat' dir='ltr'><strong>Christianos</strong></span> 
     </span>
    </p>
   </div>
   <div class='ocr_carea' id='block_1_71' title="bbox 2183 2733 3768 2799">
    <p class='ocr_par' dir='ltr' id='par_1_71' title="bbox 2183 2733 3768 2799">
     <span class='ocr_line' id='line_1_71' title="bbox 2183 2733 3768 2799; baseline 0 -11"><span class='ocrx_word' id='word_1_485' title='bbox 2183 2736 2249 2788; x_wconf 85' lang='lat' dir='ltr'><strong>ad</strong></span> <span class='ocrx_word' id='word_1_486' title='bbox 2278 2733 2549 2789; x_wconf 74' lang='lat' dir='ltr'><strong>Mosaicas</strong></span> <span class='ocrx_word' id='word_1_487' title='bbox 2580 2736 2939 2789; x_wconf 67' lang='lat' dir='ltr'><strong>crereinonias</strong></span> <span class='ocrx_word' id='word_1_488' title='bbox 2983 2739 3336 2799; x_wconf 82' lang='lat' dir='ltr'><strong>revocabant,</strong></span> <span class='ocrx_word' id='word_1_489' title='bbox 3381 2744 3435 2788; x_wconf 90' lang='lat' dir='ltr'><strong>et</strong></span> <span class='ocrx_word' id='word_1_490' title='bbox 3489 2735 3559 2789; x_wconf 91' lang='lat' dir='ltr'><strong>ab</strong></span> <span class='ocrx_word' id='word_1_491' title='bbox 3588 2734 3768 2788; x_wconf 86' lang='lat' dir='ltr'><strong>Evan-</strong></span> 
     </span>
    </p>
   </div>
   <div class='ocr_carea' id='block_1_72' title="bbox 2184 2823 3765 2894">
    <p class='ocr_par' dir='ltr' id='par_1_72' title="bbox 2184 2823 3765 2894">
     <span class='ocr_line' id='line_1_72' title="bbox 2184 2823 3765 2894; baseline 0.001 -19"><span class='ocrx_word' id='word_1_492' title='bbox 2184 2824 2325 2894; x_wconf 86' lang='lat' dir='ltr'><strong>gelio</strong></span> <span class='ocrx_word' id='word_1_493' title='bbox 2374 2824 2440 2877; x_wconf 90' lang='lat' dir='ltr'><strong>ad</strong></span> <span class='ocrx_word' id='word_1_494' title='bbox 2468 2825 2640 2893; x_wconf 89' lang='lat' dir='ltr'><strong>legem</strong></span> <span class='ocrx_word' id='word_1_495' title='bbox 2687 2824 3081 2893; x_wconf 85' lang='lat' dir='ltr'><strong>provocabant,</strong></span> <span class='ocrx_word' id='word_1_496' title='bbox 3125 2823 3493 2888; x_wconf 84' lang='lat' dir='ltr'><strong>dicebantque</strong></span> <span class='ocrx_word' id='word_1_497' title='bbox 3524 2842 3538 2880; x_wconf 84' lang='lat'><strong><em>:</em></strong></span> <span class='ocrx_word' id='word_1_498' title='bbox 3570 2843 3587 2875; x_wconf 72' lang='grc' dir='ltr'><strong>ι</strong></span> <span class='ocrx_word' id='word_1_499' title='bbox 3626 2823 3681 2878; x_wconf 91' lang='lat' dir='ltr'><strong>Si</strong></span> <span class='ocrx_word' id='word_1_500' title='bbox 3712 2824 3765 2877; x_wconf 91' lang='lat' dir='ltr'><strong>in</strong></span> 
     </span>
    </p>
   </div>
   <div class='ocr_carea' id='block_1_73' title="bbox 2184 2914 3760 2986">
    <p class='ocr_par' dir='ltr' id='par_1_73' title="bbox 2184 2914 3760 2986">
     <span class='ocr_line' id='line_1_73' title="bbox 2184 2914 3760 2986; baseline 0 -18"><span class='ocrx_word' id='word_1_501' title='bbox 2184 2917 2463 2971; x_wconf 85' lang='lat' dir='ltr'><strong>veteribus</strong></span> <span class='ocrx_word' id='word_1_502' title='bbox 2493 2932 2601 2970; x_wconf 93' lang='lat' dir='ltr'><strong>non</strong></span> <span class='ocrx_word' id='word_1_503' title='bbox 2636 2917 2880 2984; x_wconf 86' lang='lat' dir='ltr'><strong>invenio,</strong></span> <span class='ocrx_word' id='word_1_504' title='bbox 2936 2918 2994 2972; x_wconf 91' lang='lat' dir='ltr'><strong>in</strong></span> <span class='ocrx_word' id='word_1_505' title='bbox 3043 2914 3341 2986; x_wconf 87' lang='lat' dir='ltr'><strong>Evangelio</strong></span> <span class='ocrx_word' id='word_1_506' title='bbox 3366 2932 3476 2969; x_wconf 91' lang='lat' dir='ltr'><strong>non</strong></span> <span class='ocrx_word' id='word_1_507' title='bbox 3507 2918 3694 2971; x_wconf 90' lang='lat' dir='ltr'><strong>credo.</strong></span> <span class='ocrx_word' id='word_1_508' title='bbox 3739 2934 3760 2968; x_wconf 71' lang='grc' dir='ltr'><strong>ι</strong></span> 
     </span>
    </p>
   </div>
   <div class='ocr_carea' id='block_1_74' title="bbox 2184 3007 3768 3078">
    <p class='ocr_par' dir='ltr' id='par_1_74' title="bbox 2184 3007 3768 3078">
     <span class='ocr_line' id='line_1_74' title="bbox 2184 3007 3768 3078; baseline 0.002 -18"><span class='ocrx_word' id='word_1_509' title='bbox 2184 3007 2521 3078; x_wconf 81' lang='lat' dir='ltr'><strong>Argnmento</strong></span> <span class='ocrx_word' id='word_1_510' title='bbox 2553 3010 2656 3063; x_wconf 87' lang='lat' dir='ltr'><strong>hoc</strong></span> <span class='ocrx_word' id='word_1_511' title='bbox 2696 3010 2957 3065; x_wconf 90' lang='lat' dir='ltr'><strong>adversus</strong></span> <span class='ocrx_word' id='word_1_512' title='bbox 2979 3024 3077 3064; x_wconf 88' lang='lat' dir='ltr'><strong>eos</strong></span> <span class='ocrx_word' id='word_1_513' title='bbox 3106 3010 3277 3063; x_wconf 90' lang='lat' dir='ltr'><strong>utitur</strong></span> <span class='ocrx_word' id='word_1_514' title='bbox 3308 3024 3322 3061; x_wconf 93' lang='lat'><strong>:</strong></span> <span class='ocrx_word' id='word_1_515' title='bbox 3364 3027 3383 3059; x_wconf 74' lang='grc' dir='ltr'><strong>ι</strong></span> <span class='ocrx_word' id='word_1_516' title='bbox 3421 3008 3556 3063; x_wconf 89' lang='lat' dir='ltr'><strong>Boni</strong></span> <span class='ocrx_word' id='word_1_517' title='bbox 3596 3018 3649 3063; x_wconf 91' lang='lat' dir='ltr'><strong>et</strong></span> <span class='ocrx_word' id='word_1_518' title='bbox 3675 3022 3768 3063; x_wconf 84' lang='lat' dir='ltr'><strong>sa-</strong></span> 
     </span>
    </p>
   </div>
   <div class='ocr_carea' id='block_1_75' title="bbox 2185 3101 3766 3172">
    <p class='ocr_par' dir='ltr' id='par_1_75' title="bbox 2185 3101 3766 3172">
     <span class='ocr_line' id='line_1_75' title="bbox 2185 3101 3766 3172; baseline -0.001 -17"><span class='ocrx_word' id='word_1_519' title='bbox 2185 3102 2472 3169; x_wconf 89' lang='lat' dir='ltr'><strong>cerdotes;</strong></span> <span class='ocrx_word' id='word_1_520' title='bbox 2517 3101 2713 3157; x_wconf 90' lang='lat' dir='ltr'><strong>melius</strong></span> <span class='ocrx_word' id='word_1_521' title='bbox 2768 3110 2948 3157; x_wconf 87' lang='lat' dir='ltr'><strong>autem</strong></span> <span class='ocrx_word' id='word_1_522' title='bbox 3001 3103 3254 3172; x_wconf 88' lang='lat' dir='ltr'><strong>princeps</strong></span> <span class='ocrx_word' id='word_1_523' title='bbox 3286 3102 3635 3156; x_wconf 89' lang='lat' dir='ltr'><strong>sacerdotum</strong></span> <span class='ocrx_word' id='word_1_524' title='bbox 3674 3101 3766 3155; x_wconf 90' lang='lat' dir='ltr'><strong>cui</strong></span> 
     </span>
    </p>
   </div>
   <div class='ocr_carea' id='block_1_76' title="bbox 2185 3193 3768 3264">
    <p class='ocr_par' dir='ltr' id='par_1_76' title="bbox 2185 3193 3768 3264">
     <span class='ocr_line' id='line_1_76' title="bbox 2185 3193 3768 3264; baseline -0.001 -16"><span class='ocrx_word' id='word_1_525' title='bbox 2185 3195 2391 3248; x_wconf 90' lang='lat' dir='ltr'><strong>credita</strong></span> <span class='ocrx_word' id='word_1_526' title='bbox 2412 3204 2541 3250; x_wconf 62' lang='lat' dir='ltr'><strong>sunt</strong></span> <span class='ocrx_word' id='word_1_527' title='bbox 2561 3193 2762 3251; x_wconf 87' lang='lat' dir='ltr'><strong>Sancta</strong></span> <span class='ocrx_word' id='word_1_528' title='bbox 2791 3204 3125 3249; x_wconf 89' lang='lat' dir='ltr'><strong>sanctorum.</strong></span> <span class='ocrx_word' id='word_1_529' title='bbox 3159 3213 3178 3246; x_wconf 67' lang='grc' dir='ltr'><strong>ι</strong></span> <span class='ocrx_word' id='word_1_530' title='bbox 3202 3193 3279 3248; x_wconf 88' lang='lat' dir='ltr'><strong>lta</strong></span> <span class='ocrx_word' id='word_1_531' title='bbox 3313 3210 3376 3248; x_wconf 86' lang='lat' dir='ltr'><strong>ex</strong></span> <span class='ocrx_word' id='word_1_532' title='bbox 3410 3195 3529 3264; x_wconf 85' lang='lat' dir='ltr'><strong>lege</strong></span> <span class='ocrx_word' id='word_1_533' title='bbox 3572 3193 3768 3263; x_wconf 86' lang='lat' dir='ltr'><strong>dispu-</strong></span> 
     </span>
    </p>
   </div>
   <div class='ocr_carea' id='block_1_77' title="bbox 2185 3285 3771 3358">
    <p class='ocr_par' dir='ltr' id='par_1_77' title="bbox 2185 3285 3771 3358">
     <span class='ocr_line' id='line_1_77' title="bbox 2185 3285 3771 3358; baseline -0.003 -15"><span class='ocrx_word' id='word_1_534' title='bbox 2185 3297 2281 3343; x_wconf 91' lang='lat' dir='ltr'><strong>tat.</strong></span> <span class='ocrx_word' id='word_1_535' title='bbox 2316 3286 2423 3341; x_wconf 90' lang='lat' dir='ltr'><strong>Per</strong></span> <span class='ocrx_word' id='word_1_536' title='bbox 2454 3288 2752 3358; x_wconf 90' lang='lat' dir='ltr'><strong>principem</strong></span> <span class='ocrx_word' id='word_1_537' title='bbox 2778 3297 2957 3341; x_wconf 88' lang='lat' dir='ltr'><strong>autem</strong></span> <span class='ocrx_word' id='word_1_538' title='bbox 2975 3286 3322 3342; x_wconf 86' lang='lat' dir='ltr'><strong>sacerdotum</strong></span> <span class='ocrx_word' id='word_1_539' title='bbox 3354 3285 3771 3356; x_wconf 88' lang='lat' dir='ltr'><strong>intelligendum</strong></span> 
     </span>
    </p>
   </div>
   <div class='ocr_carea' id='block_1_78' title="bbox 2176 3376 3768 3446">
    <p class='ocr_par' dir='ltr' id='par_1_78' title="bbox 2176 3376 3768 3446">
     <span class='ocr_line' id='line_1_78' title="bbox 2176 3376 3768 3446; baseline -0.003 -11"><span class='ocrx_word' id='word_1_540' title='bbox 2176 3396 2297 3435; x_wconf 90' lang='lat' dir='ltr'><strong>esse</strong></span> <span class='ocrx_word' id='word_1_541' title='bbox 2350 3380 2629 3435; x_wconf 88' lang='lat' dir='ltr'><strong>Christum</strong></span> <span class='ocrx_word' id='word_1_542' title='bbox 2684 3380 2882 3446; x_wconf 90' lang='lat' dir='ltr'><strong>innuit,</strong></span> <span class='ocrx_word' id='word_1_543' title='bbox 2942 3395 3048 3433; x_wconf 92' lang='lat' dir='ltr'><strong>non</strong></span> <span class='ocrx_word' id='word_1_544' title='bbox 3094 3388 3307 3433; x_wconf 91' lang='lat' dir='ltr'><strong>tantum</strong></span> <span class='ocrx_word' id='word_1_545' title='bbox 3364 3377 3483 3431; x_wconf 54' lang='lat' dir='ltr'><strong>haec</strong></span> <span class='ocrx_word' id='word_1_546' title='bbox 3535 3376 3768 3440; x_wconf 87' lang='lat' dir='ltr'><strong>addens,</strong></span> 
     </span>
    </p>
   </div>
   <div class='ocr_carea' id='block_1_79' title="bbox 2184 3468 3767 3535">
    <p class='ocr_par' dir='ltr' id='par_1_79' title="bbox 2184 3468 3767 3535">
     <span class='ocr_line' id='line_1_79' title="bbox 2184 3468 3767 3535; baseline -0.002 -11"><span class='ocrx_word' id='word_1_547' title='bbox 2184 3491 2201 3524; x_wconf 79' lang='grc' dir='ltr'><strong>ι</strong></span> <span class='ocrx_word' id='word_1_548' title='bbox 2240 3474 2327 3526; x_wconf 93' lang='lat' dir='ltr'><strong>cui</strong></span> <span class='ocrx_word' id='word_1_549' title='bbox 2379 3472 2480 3527; x_wconf 91' lang='lat' dir='ltr'><strong>soli</strong></span> <span class='ocrx_word' id='word_1_550' title='bbox 2516 3472 2721 3526; x_wconf 88' lang='lat' dir='ltr'><strong>credita</strong></span> <span class='ocrx_word' id='word_1_551' title='bbox 2772 3482 2901 3526; x_wconf 92' lang='lat' dir='ltr'><strong>sunt</strong></span> <span class='ocrx_word' id='word_1_552' title='bbox 2938 3473 3153 3526; x_wconf 90' lang='lat' dir='ltr'><strong>occulta</strong></span> <span class='ocrx_word' id='word_1_553' title='bbox 3190 3470 3307 3535; x_wconf 89' lang='lat' dir='ltr'><strong>Dei,</strong></span> <span class='ocrx_word' id='word_1_554' title='bbox 3369 3489 3388 3523; x_wconf 74' lang='grc' dir='ltr'><strong>ι</strong></span> <span class='ocrx_word' id='word_1_555' title='bbox 3438 3470 3533 3525; x_wconf 90' lang='lat' dir='ltr'><strong>sed</strong></span> <span class='ocrx_word' id='word_1_556' title='bbox 3567 3478 3621 3523; x_wconf 93' lang='lat' dir='ltr'><strong>et</strong></span> <span class='ocrx_word' id='word_1_557' title='bbox 3674 3468 3767 3522; x_wconf 86' lang='lat' dir='ltr'><strong>illa</strong></span> 
     </span>
    </p>
   </div>
   <div class='ocr_carea' id='block_1_80' title="bbox 2175 3562 3768 3635">
    <p class='ocr_par' dir='ltr' id='par_1_80' title="bbox 2175 3562 3768 3635">
     <span class='ocr_line' id='line_1_80' title="bbox 2175 3562 3768 3635; baseline -0.004 -15"><span class='ocrx_word' id='word_1_558' title='bbox 2175 3568 2361 3631; x_wconf 87' lang='lat' dir='ltr'><strong>etiam,</strong></span> <span class='ocrx_word' id='word_1_559' title='bbox 2404 3584 2423 3617; x_wconf 78' lang='grc' dir='ltr'><strong>ι</strong></span> <span class='ocrx_word' id='word_1_560' title='bbox 2472 3567 2563 3635; x_wconf 89' lang='lat' dir='ltr'><strong>qui</strong></span> <span class='ocrx_word' id='word_1_561' title='bbox 2604 3569 2720 3635; x_wconf 86' lang='lat' dir='ltr'><strong>ipse</strong></span> <span class='ocrx_word' id='word_1_562' title='bbox 2764 3574 2849 3620; x_wconf 88' lang='lat' dir='ltr'><strong>est</strong></span> <span class='ocrx_word' id='word_1_563' title='bbox 2882 3566 3051 3634; x_wconf 89' lang='lat' dir='ltr'><strong>janua</strong></span> <span class='ocrx_word' id='word_1_564' title='bbox 3100 3563 3296 3627; x_wconf 88' lang='lat' dir='ltr'><strong>Patris,</strong></span> <span class='ocrx_word' id='word_1_565' title='bbox 3332 3578 3429 3632; x_wconf 89' lang='lat' dir='ltr'><strong>per</strong></span> <span class='ocrx_word' id='word_1_566' title='bbox 3476 3578 3640 3631; x_wconf 90' lang='lat' dir='ltr'><strong>quam</strong></span> <span class='ocrx_word' id='word_1_567' title='bbox 3679 3562 3768 3614; x_wconf 88' lang='lat' dir='ltr'><strong>in-</strong></span> 
     </span>
    </p>
   </div>
   <div class='ocr_carea' id='block_1_81' title="bbox 2176 3655 3769 3728">
    <p class='ocr_par' dir='ltr' id='par_1_81' title="bbox 2176 3655 3769 3728">
     <span class='ocr_line' id='line_1_81' title="bbox 2176 3655 3769 3728; baseline -0.001 -17"><span class='ocrx_word' id='word_1_568' title='bbox 2176 3659 2496 3728; x_wconf 85' lang='lat' dir='ltr'><strong>grediuntur</strong></span> <span class='ocrx_word' id='word_1_569' title='bbox 2530 3658 2830 3721; x_wconf 85' lang='lat' dir='ltr'><strong>Abraham,</strong></span> <span class='ocrx_word' id='word_1_570' title='bbox 2884 3656 3033 3712; x_wconf 86' lang='lat' dir='ltr'><strong>lsaac</strong></span> <span class='ocrx_word' id='word_1_571' title='bbox 3080 3666 3134 3710; x_wconf 94' lang='lat' dir='ltr'><strong>et</strong></span> <span class='ocrx_word' id='word_1_572' title='bbox 3166 3655 3355 3721; x_wconf 74' lang='lat' dir='ltr'><strong>Jacob,</strong></span> <span class='ocrx_word' id='word_1_573' title='bbox 3400 3664 3453 3710; x_wconf 90' lang='lat' dir='ltr'><strong>et</strong></span> <span class='ocrx_word' id='word_1_574' title='bbox 3485 3655 3769 3725; x_wconf 70' lang='lat' dir='ltr'><strong>propheta:</strong></span> 
     </span>
    </p>
   </div>
   <div class='ocr_carea' id='block_1_82' title="bbox 2175 3748 3768 3821">
    <p class='ocr_par' dir='ltr' id='par_1_82' title="bbox 2175 3748 3768 3821">
     <span class='ocr_line' id='line_1_82' title="bbox 2175 3748 3768 3821; baseline -0.001 -15"><span class='ocrx_word' id='word_1_575' title='bbox 2175 3762 2229 3806; x_wconf 90' lang='lat' dir='ltr'><strong>et</strong></span> <span class='ocrx_word' id='word_1_576' title='bbox 2260 3751 2514 3821; x_wconf 88' lang='lat' dir='ltr'><strong>apostoli,</strong></span> <span class='ocrx_word' id='word_1_577' title='bbox 2546 3760 2600 3805; x_wconf 89' lang='lat' dir='ltr'><strong>et</strong></span> <span class='ocrx_word' id='word_1_578' title='bbox 2623 3750 2888 3806; x_wconf 89' lang='lat' dir='ltr'><strong>Ecclesia.</strong></span> <span class='ocrx_word' id='word_1_579' title='bbox 2937 3770 2958 3802; x_wconf 69' lang='grc' dir='ltr'><strong>ι</strong></span> <span class='ocrx_word' id='word_1_580' title='bbox 3012 3748 3238 3804; x_wconf 89' lang='lat' dir='ltr'><strong>Summa</strong></span> <span class='ocrx_word' id='word_1_581' title='bbox 3288 3750 3598 3821; x_wconf 82' lang='lat' dir='ltr'><strong>argumenti</strong></span> <span class='ocrx_word' id='word_1_582' title='bbox 3652 3749 3768 3805; x_wconf 63' lang='lat' dir='ltr'><strong>haec</strong></span> 
     </span>
    </p>
   </div>
   <div class='ocr_carea' id='block_1_83' title="bbox 2176 3844 3764 3914">
    <p class='ocr_par' dir='ltr' id='par_1_83' title="bbox 2176 3844 3764 3914">
     <span class='ocr_line' id='line_1_83' title="bbox 2176 3844 3764 3914; baseline -0.002 -14"><span class='ocrx_word' id='word_1_583' title='bbox 2176 3856 2293 3901; x_wconf 88' lang='lat' dir='ltr'><strong>est:</strong></span> <span class='ocrx_word' id='word_1_584' title='bbox 2329 3844 2446 3899; x_wconf 79' lang='lat' dir='ltr'><strong>Non</strong></span> <span class='ocrx_word' id='word_1_585' title='bbox 2480 3860 2601 3900; x_wconf 87' lang='lat' dir='ltr'><strong>esse</strong></span> <span class='ocrx_word' id='word_1_586' title='bbox 2644 3844 2978 3899; x_wconf 90' lang='lat' dir='ltr'><strong>redeundum</strong></span> <span class='ocrx_word' id='word_1_587' title='bbox 3010 3845 3078 3898; x_wconf 92' lang='lat' dir='ltr'><strong>ab</strong></span> <span class='ocrx_word' id='word_1_588' title='bbox 3121 3844 3415 3914; x_wconf 72' lang='lat' dir='ltr'><strong>Evangelio</strong></span> <span class='ocrx_word' id='word_1_589' title='bbox 3466 3844 3531 3898; x_wconf 89' lang='lat' dir='ltr'><strong>ad</strong></span> <span class='ocrx_word' id='word_1_590' title='bbox 3567 3844 3764 3911; x_wconf 84' lang='lat' dir='ltr'><strong>legem,</strong></span> 
     </span>
    </p>
   </div>
   <div class='ocr_carea' id='block_1_84' title="bbox 2177 3932 3765 4009">
    <p class='ocr_par' dir='ltr' id='par_1_84' title="bbox 2177 3932 3765 4009">
     <span class='ocr_line' id='line_1_84' title="bbox 2177 3932 3765 4009; baseline -0.003 -17"><span class='ocrx_word' id='word_1_591' title='bbox 2177 3939 2271 3993; x_wconf 89' lang='lat' dir='ltr'><strong>sed</strong></span> <span class='ocrx_word' id='word_1_592' title='bbox 2320 3954 2349 3993; x_wconf 92' lang='lat' dir='ltr'><strong>a</strong></span> <span class='ocrx_word' id='word_1_593' title='bbox 2401 3938 2519 4009; x_wconf 84' lang='lat' dir='ltr'><strong>lege</strong></span> <span class='ocrx_word' id='word_1_594' title='bbox 2569 3936 2997 4008; x_wconf 88' lang='lat' dir='ltr'><strong>perveniendum</strong></span> <span class='ocrx_word' id='word_1_595' title='bbox 3056 3936 3122 3990; x_wconf 92' lang='lat' dir='ltr'><strong>ad</strong></span> <span class='ocrx_word' id='word_1_596' title='bbox 3172 3934 3550 4005; x_wconf 84' lang='lat' dir='ltr'><strong>Evangelium.</strong></span> <span class='ocrx_word' id='word_1_597' title='bbox 3614 3932 3765 3988; x_wconf 88' lang='lat' dir='ltr'><strong>Licet</strong></span> 
     </span>
    </p>
   </div>
   <div class='ocr_carea' id='block_1_85' title="bbox 2175 4027 3768 4099">
    <p class='ocr_par' dir='ltr' id='par_1_85' title="bbox 2175 4027 3768 4099">
     <span class='ocr_line' id='line_1_85' title="bbox 2175 4027 3768 4099; baseline -0.001 -16"><span class='ocrx_word' id='word_1_598' title='bbox 2175 4032 2320 4084; x_wconf 90' lang='lat' dir='ltr'><strong>enim</strong></span> <span class='ocrx_word' id='word_1_599' title='bbox 2352 4032 2611 4099; x_wconf 81' lang='lat' dir='ltr'><strong>praeclara</strong></span> <span class='ocrx_word' id='word_1_600' title='bbox 2640 4029 2797 4085; x_wconf 83' lang='lat' dir='ltr'><strong>fuerit</strong></span> <span class='ocrx_word' id='word_1_601' title='bbox 2834 4030 2937 4085; x_wconf 93' lang='lat' dir='ltr'><strong>sub</strong></span> <span class='ocrx_word' id='word_1_602' title='bbox 2988 4029 3107 4097; x_wconf 87' lang='lat' dir='ltr'><strong>lege</strong></span> <span class='ocrx_word' id='word_1_603' title='bbox 3145 4029 3474 4082; x_wconf 84' lang='lat' dir='ltr'><strong>ministratio</strong></span> <span class='ocrx_word' id='word_1_604' title='bbox 3514 4027 3768 4081; x_wconf 89' lang='lat' dir='ltr'><strong>sacerdo-</strong></span> 
     </span>
    </p>
   </div>
   <div class='ocr_carea' id='block_1_86' title="bbox 2174 4118 3763 4193">
    <p class='ocr_par' dir='ltr' id='par_1_86' title="bbox 2174 4118 3763 4193">
     <span class='ocr_line' id='line_1_86' title="bbox 2174 4118 3763 4193; baseline -0.003 -15"><span class='ocrx_word' id='word_1_605' title='bbox 2174 4134 2313 4190; x_wconf 89' lang='lat' dir='ltr'><strong>tum,</strong></span> <span class='ocrx_word' id='word_1_606' title='bbox 2341 4139 2554 4193; x_wconf 89' lang='lat' dir='ltr'><strong>semper</strong></span> <span class='ocrx_word' id='word_1_607' title='bbox 2579 4132 2760 4178; x_wconf 88' lang='lat' dir='ltr'><strong>tamen</strong></span> <span class='ocrx_word' id='word_1_608' title='bbox 2785 4123 2851 4177; x_wconf 91' lang='lat' dir='ltr'><strong>iis</strong></span> <span class='ocrx_word' id='word_1_609' title='bbox 2879 4123 3053 4192; x_wconf 86' lang='lat' dir='ltr'><strong>major</strong></span> <span class='ocrx_word' id='word_1_610' title='bbox 3077 4134 3192 4175; x_wconf 87' lang='lat' dir='ltr'><strong>erat</strong></span> <span class='ocrx_word' id='word_1_611' title='bbox 3216 4136 3466 4175; x_wconf 91' lang='lat' dir='ltr'><strong>summus</strong></span> <span class='ocrx_word' id='word_1_612' title='bbox 3490 4118 3763 4187; x_wconf 80' lang='lat' dir='ltr'><strong>Pontifex,</strong></span> 
     </span>
    </p>
   </div>
   <div class='ocr_carea' id='block_1_87' title="bbox 2174 4211 3766 4284">
    <p class='ocr_par' dir='ltr' id='par_1_87' title="bbox 2174 4211 3766 4284">
     <span class='ocr_line' id='line_1_87' title="bbox 2174 4211 3766 4284; baseline -0.005 -15"><span class='ocrx_word' id='word_1_613' title='bbox 2174 4217 2268 4284; x_wconf 89' lang='lat' dir='ltr'><strong>qui</strong></span> <span class='ocrx_word' id='word_1_614' title='bbox 2306 4216 2457 4270; x_wconf 87' lang='lat' dir='ltr'><strong>solus</strong></span> <span class='ocrx_word' id='word_1_615' title='bbox 2490 4214 2713 4267; x_wconf 88' lang='lat' dir='ltr'><strong>intravit</strong></span> <span class='ocrx_word' id='word_1_616' title='bbox 2744 4214 2796 4267; x_wconf 90' lang='lat' dir='ltr'><strong>in</strong></span> <span class='ocrx_word' id='word_1_617' title='bbox 2846 4211 3045 4267; x_wconf 90' lang='lat' dir='ltr'><strong>Sancta</strong></span> <span class='ocrx_word' id='word_1_618' title='bbox 3107 4220 3463 4267; x_wconf 86' lang='lat' dir='ltr'><strong>sanctorum:</strong></span> <span class='ocrx_word' id='word_1_619' title='bbox 3513 4218 3629 4263; x_wconf 91' lang='lat' dir='ltr'><strong>erat</strong></span> <span class='ocrx_word' id='word_1_620' title='bbox 3661 4225 3766 4263; x_wconf 87' lang='lat' dir='ltr'><strong>au-</strong></span> 
     </span>
    </p>
   </div>
   <div class='ocr_carea' id='block_1_88' title="bbox 2176 4297 3764 4377">
    <p class='ocr_par' dir='ltr' id='par_1_88' title="bbox 2176 4297 3764 4377">
     <span class='ocr_line' id='line_1_88' title="bbox 2176 4297 3764 4377; baseline -0.006 -16"><span class='ocrx_word' id='word_1_621' title='bbox 2176 4316 2284 4362; x_wconf 90' lang='lat' dir='ltr'><strong>tem</strong></span> <span class='ocrx_word' id='word_1_622' title='bbox 2328 4306 2419 4359; x_wconf 88' lang='lat' dir='ltr'><strong>ille</strong></span> <span class='ocrx_word' id='word_1_623' title='bbox 2457 4304 2663 4359; x_wconf 90' lang='lat' dir='ltr'><strong>Christi</strong></span> <span class='ocrx_word' id='word_1_624' title='bbox 2714 4312 2893 4377; x_wconf 83' lang='lat' dir='ltr'><strong>typus,</strong></span> <span class='ocrx_word' id='word_1_625' title='bbox 2926 4301 3020 4371; x_wconf 90' lang='lat' dir='ltr'><strong>qui</strong></span> <span class='ocrx_word' id='word_1_626' title='bbox 3054 4316 3181 4354; x_wconf 84' lang='lat' dir='ltr'><strong>vere</strong></span> <span class='ocrx_word' id='word_1_627' title='bbox 3215 4316 3464 4365; x_wconf 80' lang='lat' dir='ltr'><strong>summus</strong></span> <span class='ocrx_word' id='word_1_628' title='bbox 3515 4297 3764 4368; x_wconf 79' lang='lat' dir='ltr'><strong>pontifex</strong></span> 
     </span>
    </p>
   </div>
   <div class='ocr_carea' id='block_1_89' title="bbox 2173 4388 3761 4468">
    <p class='ocr_par' dir='ltr' id='par_1_89' title="bbox 2173 4388 3761 4468">
     <span class='ocr_line' id='line_1_89' title="bbox 2173 4388 3761 4468; baseline -0.007 -16"><span class='ocrx_word' id='word_1_629' title='bbox 2173 4408 2276 4465; x_wconf 82' lang='lat' dir='ltr'><strong>est,</strong></span> <span class='ocrx_word' id='word_1_630' title='bbox 2309 4412 2405 4468; x_wconf 91' lang='lat' dir='ltr'><strong>per</strong></span> <span class='ocrx_word' id='word_1_631' title='bbox 2439 4411 2598 4467; x_wconf 90' lang='lat' dir='ltr'><strong>quem</strong></span> <span class='ocrx_word' id='word_1_632' title='bbox 2628 4403 2684 4449; x_wconf 94' lang='lat' dir='ltr'><strong>et</strong></span> <span class='ocrx_word' id='word_1_633' title='bbox 2708 4395 2802 4464; x_wconf 90' lang='lat' dir='ltr'><strong>qui</strong></span> <span class='ocrx_word' id='word_1_634' title='bbox 2842 4402 2966 4448; x_wconf 89' lang='lat' dir='ltr'><strong>ante</strong></span> <span class='ocrx_word' id='word_1_635' title='bbox 3004 4393 3207 4462; x_wconf 78' lang='lat' dir='ltr'><strong>legem,</strong></span> <span class='ocrx_word' id='word_1_636' title='bbox 3245 4401 3299 4446; x_wconf 90' lang='lat' dir='ltr'><strong>et</strong></span> <span class='ocrx_word' id='word_1_637' title='bbox 3337 4391 3431 4461; x_wconf 90' lang='lat' dir='ltr'><strong>qui</strong></span> <span class='ocrx_word' id='word_1_638' title='bbox 3488 4389 3592 4444; x_wconf 89' lang='lat' dir='ltr'><strong>sub</strong></span> <span class='ocrx_word' id='word_1_639' title='bbox 3618 4388 3761 4459; x_wconf 87' lang='lat' dir='ltr'><strong>lege,</strong></span> 
     </span>
    </p>
   </div>
   <div class='ocr_carea' id='block_1_90' title="bbox 2174 4482 3765 4558">
    <p class='ocr_par' dir='ltr' id='par_1_90' title="bbox 2174 4482 3765 4558">
     <span class='ocr_line' id='line_1_90' title="bbox 2174 4482 3765 4558; baseline -0.006 -13"><span class='ocrx_word' id='word_1_640' title='bbox 2174 4501 2227 4545; x_wconf 87' lang='lat' dir='ltr'><strong>et</strong></span> <span class='ocrx_word' id='word_1_641' title='bbox 2265 4489 2357 4558; x_wconf 86' lang='lat' dir='ltr'><strong>qui</strong></span> <span class='ocrx_word' id='word_1_642' title='bbox 2389 4488 2492 4542; x_wconf 90' lang='lat' dir='ltr'><strong>sub</strong></span> <span class='ocrx_word' id='word_1_643' title='bbox 2537 4485 2853 4556; x_wconf 80' lang='lat' dir='ltr'><strong>Evangelio,</strong></span> <span class='ocrx_word' id='word_1_644' title='bbox 2890 4485 3122 4541; x_wconf 90' lang='lat' dir='ltr'><strong>salutem</strong></span> <span class='ocrx_word' id='word_1_645' title='bbox 3156 4482 3439 4538; x_wconf 91' lang='lat' dir='ltr'><strong>consecuti</strong></span> <span class='ocrx_word' id='word_1_646' title='bbox 3471 4491 3616 4536; x_wconf 90' lang='lat' dir='ltr'><strong>sunt.</strong></span> <span class='ocrx_word' id='word_1_647' title='bbox 3652 4483 3765 4553; x_wconf 76' lang='lat' dir='ltr'><strong>Ap-</strong></span> 
     </span>
    </p>
   </div>
   <div class='ocr_carea' id='block_1_91' title="bbox 488 4560 3764 4647">
    <p class='ocr_par' dir='ltr' id='par_1_91' title="bbox 488 4560 3764 4647">
     <span class='ocr_line' id='line_1_91' title="bbox 488 4560 3764 4647; baseline 0.003 -31"><span class='ocrx_word' id='word_1_648' title='bbox 488 4560 633 4617; x_wconf 45' lang='lat' dir='ltr'><strong>‘Inter</strong></span> <span class='ocrx_word' id='word_1_649' title='bbox 671 4582 805 4621; x_wconf 91' lang='lat' dir='ltr'><strong>mss.</strong></span> <span class='ocrx_word' id='word_1_650' title='bbox 868 4568 1201 4627; x_wconf 74' lang='lat' dir='ltr'><strong>Barorianos</strong></span> <span class='ocrx_word' id='word_1_651' title='bbox 1256 4573 1310 4625; x_wconf 90' lang='lat' dir='ltr'><strong>in</strong></span> <span class='ocrx_word' id='word_1_652' title='bbox 1359 4573 1691 4629; x_wconf 88' lang='lat' dir='ltr'><strong>bibliotheca</strong></span> <span class='ocrx_word' id='word_1_653' title='bbox 1744 4570 2063 4626; x_wconf 80' lang='lat' dir='ltr'><strong>Oxoniensi.</strong></span> <span class='ocrx_word' id='word_1_654' title='bbox 2098 4581 2145 4641; x_wconf 80' lang='grc' dir='ltr'><strong>ι)</strong></span> <span class='ocrx_word' id='word_1_655' title='bbox 2171 4583 2326 4646; x_wconf 87' lang='lat' dir='ltr'><strong>paret</strong></span> <span class='ocrx_word' id='word_1_656' title='bbox 2360 4575 2565 4629; x_wconf 88' lang='lat' dir='ltr'><strong>idcirco</strong></span> <span class='ocrx_word' id='word_1_657' title='bbox 2591 4582 2869 4629; x_wconf 86' lang='lat' dir='ltr'><strong>auctorem</strong></span> <span class='ocrx_word' id='word_1_658' title='bbox 2902 4573 3149 4643; x_wconf 79' lang='lat' dir='ltr'><strong>epistola:</strong></span> <span class='ocrx_word' id='word_1_659' title='bbox 3190 4576 3294 4629; x_wconf 88' lang='lat' dir='ltr'><strong>sub</strong></span> <span class='ocrx_word' id='word_1_660' title='bbox 3324 4576 3547 4630; x_wconf 90' lang='lat' dir='ltr'><strong>nomine</strong></span> <span class='ocrx_word' id='word_1_661' title='bbox 3572 4574 3764 4647; x_wconf 83' lang='grc' dir='ltr'>ἱερέων</span> 
     </span>
    </p>
   </div>
   <div class='ocr_carea' id='block_1_92' title="bbox 488 4653 2071 4735">
    <p class='ocr_par' dir='ltr' id='par_1_92' title="bbox 488 4653 2071 4735">
     <span class='ocr_line' id='line_1_92' title="bbox 488 4653 2071 4735; baseline 0.009 -29"><span class='ocrx_word' id='word_1_662' title='bbox 488 4653 730 4725; x_wconf 83' lang='lat' dir='ltr'><strong>lgnatius</strong></span> <span class='ocrx_word' id='word_1_663' title='bbox 756 4661 1050 4716; x_wconf 77' lang='lat' dir='ltr'><strong>modernus</strong></span> <span class='ocrx_word' id='word_1_664' title='bbox 1078 4664 1387 4733; x_wconf 88' lang='lat' dir='ltr'><strong>patriarcha</strong></span> <span class='ocrx_word' id='word_1_665' title='bbox 1409 4665 1790 4720; x_wconf 82' lang='lat' dir='ltr'><strong>Antiochenus</strong></span> <span class='ocrx_word' id='word_1_666' title='bbox 1810 4681 1823 4729; x_wconf 90' lang='lat'><strong>;</strong></span> <span class='ocrx_word' id='word_1_667' title='bbox 1847 4673 1897 4718; x_wconf 91' lang='lat' dir='ltr'><strong>et</strong></span> <span class='ocrx_word' id='word_1_668' title='bbox 1922 4665 2071 4735; x_wconf 89' lang='lat' dir='ltr'><strong>ejus—</strong></span> 
     </span>
    </p>
   </div>
   <div class='ocr_carea' id='block_1_93' title="bbox 490 4749 2069 4825">
    <p class='ocr_par' dir='ltr' id='par_1_93' title="bbox 490 4749 2069 4825">
     <span class='ocr_line' id='line_1_93' title="bbox 490 4749 2069 4825; baseline 0.007 -25"><span class='ocrx_word' id='word_1_669' title='bbox 490 4749 615 4801; x_wconf 89' lang='lat' dir='ltr'><strong>dem</strong></span> <span class='ocrx_word' id='word_1_670' title='bbox 666 4754 938 4817; x_wconf 91' lang='lat' dir='ltr'><strong>nominis,</strong></span> <span class='ocrx_word' id='word_1_671' title='bbox 982 4756 1086 4809; x_wconf 90' lang='lat' dir='ltr'><strong>nisi</strong></span> <span class='ocrx_word' id='word_1_672' title='bbox 1142 4756 1323 4825; x_wconf 82' lang='lat' dir='ltr'><strong>fallor,</strong></span> <span class='ocrx_word' id='word_1_673' title='bbox 1366 4758 1421 4811; x_wconf 92' lang='lat' dir='ltr'><strong>in</strong></span> <span class='ocrx_word' id='word_1_674' title='bbox 1449 4758 1726 4812; x_wconf 87' lang='lat' dir='ltr'><strong>Chronico</strong></span> <span class='ocrx_word' id='word_1_675' title='bbox 1754 4756 2069 4812; x_wconf 89' lang='lat' dir='ltr'><strong>Cassinensi</strong></span> 
     </span>
    </p>
   </div>
   <div class='ocr_carea' id='block_1_94' title="bbox 488 4838 2069 4921">
    <p class='ocr_par' dir='ltr' id='par_1_94' title="bbox 488 4838 2069 4921">
     <span class='ocr_line' id='line_1_94' title="bbox 488 4838 2069 4921; baseline 0.009 -30"><span class='ocrx_word' id='word_1_676' title='bbox 488 4838 745 4896; x_wconf 85' lang='lat' dir='ltr'><strong>lnnacius</strong></span> <span class='ocrx_word' id='word_1_677' title='bbox 769 4845 1057 4914; x_wconf 87' lang='lat' dir='ltr'><strong>episcopus</strong></span> <span class='ocrx_word' id='word_1_678' title='bbox 1076 4845 1532 4906; x_wconf 80' lang='lat' dir='ltr'><strong>Monorbinensis.</strong></span> <span class='ocrx_word' id='word_1_679' title='bbox 1565 4848 1638 4904; x_wconf 90' lang='lat' dir='ltr'><strong>Ut</strong></span> <span class='ocrx_word' id='word_1_680' title='bbox 1660 4850 1829 4921; x_wconf 89' lang='lat' dir='ltr'><strong>igitur</strong></span> <span class='ocrx_word' id='word_1_681' title='bbox 1854 4866 1882 4904; x_wconf 86' lang='lat' dir='ltr'><strong>a</strong></span> <span class='ocrx_word' id='word_1_682' title='bbox 1908 4848 2069 4905; x_wconf 89' lang='lat' dir='ltr'><strong>Chri-</strong></span> 
     </span>
    </p>
   </div>
   <div class='ocr_carea' id='block_1_95' title="bbox 489 4935 2068 5013">
    <p class='ocr_par' dir='ltr' id='par_1_95' title="bbox 489 4935 2068 5013">
     <span class='ocr_line' id='line_1_95' title="bbox 489 4935 2068 5013; baseline 0.007 -28"><span class='ocrx_word' id='word_1_683' title='bbox 489 4935 753 5001; x_wconf 89' lang='lat' dir='ltr'><strong>st0phoro</strong></span> <span class='ocrx_word' id='word_1_684' title='bbox 804 4946 885 4994; x_wconf 93' lang='lat' dir='ltr'><strong>tot</strong></span> <span class='ocrx_word' id='word_1_685' title='bbox 928 4940 1331 5011; x_wconf 75' lang='lat' dir='ltr'><strong>Cliristophori,</strong></span> <span class='ocrx_word' id='word_1_686' title='bbox 1371 4944 1445 4997; x_wconf 91' lang='lat' dir='ltr'><strong>ita</strong></span> <span class='ocrx_word' id='word_1_687' title='bbox 1476 4944 1545 4998; x_wconf 92' lang='lat' dir='ltr'><strong>ab</strong></span> <span class='ocrx_word' id='word_1_688' title='bbox 1573 4943 1781 5013; x_wconf 83' lang='lat' dir='ltr'><strong>lgnatio</strong></span> <span class='ocrx_word' id='word_1_689' title='bbox 1805 4953 2068 5013; x_wconf 82' lang='lat' dir='ltr'><strong>tanquam</strong></span> 
     </span>
    </p>
   </div>
   <div class='ocr_carea' id='block_1_96' title="bbox 486 5027 2071 5107">
    <p class='ocr_par' dir='ltr' id='par_1_96' title="bbox 486 5027 2071 5107">
     <span class='ocr_line' id='line_1_96' title="bbox 486 5027 2071 5107; baseline 0.008 -30"><span class='ocrx_word' id='word_1_690' title='bbox 486 5027 712 5095; x_wconf 90' lang='lat' dir='ltr'><strong>proprio</strong></span> <span class='ocrx_word' id='word_1_691' title='bbox 743 5034 1000 5101; x_wconf 78' lang='lat' dir='ltr'><strong>martyris</strong></span> <span class='ocrx_word' id='word_1_692' title='bbox 1025 5035 1243 5088; x_wconf 88' lang='lat' dir='ltr'><strong>nomine</strong></span> <span class='ocrx_word' id='word_1_693' title='bbox 1268 5036 1423 5089; x_wconf 91' lang='lat' dir='ltr'><strong>multi</strong></span> <span class='ocrx_word' id='word_1_694' title='bbox 1448 5036 1578 5089; x_wconf 90' lang='lat' dir='ltr'><strong>dicti</strong></span> <span class='ocrx_word' id='word_1_695' title='bbox 1612 5045 1740 5091; x_wconf 89' lang='lat' dir='ltr'><strong>sunt</strong></span> <span class='ocrx_word' id='word_1_696' title='bbox 1765 5036 1978 5107; x_wconf 74' lang='lat' dir='ltr'><strong>lgnzitii.</strong></span> <span class='ocrx_word' id='word_1_697' title='bbox 2004 5034 2071 5090; x_wconf 90' lang='lat' dir='ltr'><strong>Ut</strong></span> 
     </span>
    </p>
   </div>
   <div class='ocr_carea' id='block_1_97' title="bbox 486 5121 2042 5199">
    <p class='ocr_par' dir='ltr' id='par_1_97' title="bbox 486 5121 2042 5199">
     <span class='ocr_line' id='line_1_97' title="bbox 486 5121 2042 5199; baseline 0.009 -30"><span class='ocrx_word' id='word_1_698' title='bbox 486 5127 668 5171; x_wconf 88' lang='lat' dir='ltr'><strong>autem</strong></span> <span class='ocrx_word' id='word_1_699' title='bbox 692 5121 760 5173; x_wconf 90' lang='lat' dir='ltr'><strong>ab</strong></span> <span class='ocrx_word' id='word_1_700' title='bbox 785 5138 894 5177; x_wconf 90' lang='lat' dir='ltr'><strong>uno</strong></span> <span class='ocrx_word' id='word_1_701' title='bbox 919 5134 1156 5197; x_wconf 80' lang='lat' dir='ltr'><strong>martyre</strong></span> <span class='ocrx_word' id='word_1_702' title='bbox 1177 5128 1287 5182; x_wconf 88' lang='lat' dir='ltr'><strong>duo</strong></span> <span class='ocrx_word' id='word_1_703' title='bbox 1315 5128 1537 5183; x_wconf 92' lang='lat' dir='ltr'><strong>nomina</strong></span> <span class='ocrx_word' id='word_1_704' title='bbox 1566 5130 1707 5199; x_wconf 88' lang='lat' dir='ltr'><strong>apud</strong></span> <span class='ocrx_word' id='word_1_705' title='bbox 1736 5128 1953 5183; x_wconf 81' lang='lat' dir='ltr'><strong>Graecos</strong></span> <span class='ocrx_word' id='word_1_706' title='bbox 1976 5130 2042 5183; x_wconf 90' lang='lat' dir='ltr'><strong>de</strong></span> 
     </span>
    </p>
   </div>
   <div class='ocr_carea' id='block_1_98' title="bbox 488 5211 2068 5290">
    <p class='ocr_par' dir='ltr' id='par_1_98' title="bbox 488 5211 2068 5290">
     <span class='ocr_line' id='line_1_98' title="bbox 488 5211 2068 5290; baseline 0.008 -28"><span class='ocrx_word' id='word_1_707' title='bbox 488 5211 820 5280; x_wconf 84' lang='lat' dir='ltr'><strong>rivarentur,</strong></span> <span class='ocrx_word' id='word_1_708' title='bbox 861 5219 1137 5286; x_wconf 84' lang='lat' dir='ltr'><strong>postulare</strong></span> <span class='ocrx_word' id='word_1_709' title='bbox 1161 5220 1567 5290; x_wconf 83' lang='lat' dir='ltr'><strong>iniquissimum</strong></span> <span class='ocrx_word' id='word_1_710' title='bbox 1592 5231 1695 5276; x_wconf 88' lang='lat' dir='ltr'><strong>est.</strong></span> <span class='ocrx_word' id='word_1_711' title='bbox 1714 5221 2068 5275; x_wconf 81' lang='lat' dir='ltr'><strong>Ammonium</strong></span> 
     </span>
    </p>
   </div>
   <div class='ocr_carea' id='block_1_99' title="bbox 488 5301 2070 5381">
    <p class='ocr_par' dir='ltr' id='par_1_99' title="bbox 488 5301 2070 5381">
     <span class='ocr_line' id='line_1_99' title="bbox 488 5301 2070 5381; baseline 0.009 -29"><span class='ocrx_word' id='word_1_712' title='bbox 488 5301 819 5359; x_wconf 79' lang='lat' dir='ltr'><strong>monachum</strong></span> <span class='ocrx_word' id='word_1_713' title='bbox 868 5310 1158 5377; x_wconf 90' lang='lat' dir='ltr'><strong>quemdam</strong></span> <span class='ocrx_word' id='word_1_714' title='bbox 1194 5312 1262 5364; x_wconf 93' lang='lat' dir='ltr'><strong>ab</strong></span> <span class='ocrx_word' id='word_1_715' title='bbox 1302 5312 1493 5368; x_wconf 81' lang='lat' dir='ltr'><strong>Oreste</strong></span> <span class='ocrx_word' id='word_1_716' title='bbox 1540 5313 1799 5381; x_wconf 67' lang='lat' dir='ltr'><strong>praefecto</strong></span> <span class='ocrx_word' id='word_1_717' title='bbox 1833 5314 2070 5367; x_wconf 79' lang='lat' dir='ltr'><strong>Alexan—</strong></span> 
     </span>
    </p>
   </div>
   <div class='ocr_carea' id='block_1_100' title="bbox 485 5392 2068 5476">
    <p class='ocr_par' dir='ltr' id='par_1_100' title="bbox 485 5392 2068 5476">
     <span class='ocr_line' id='line_1_100' title="bbox 485 5392 2068 5476; baseline 0.008 -30"><span class='ocrx_word' id='word_1_718' title='bbox 485 5392 619 5449; x_wconf 73' lang='lat' dir='ltr'><strong>dria:</strong></span> <span class='ocrx_word' id='word_1_719' title='bbox 646 5397 699 5450; x_wconf 91' lang='lat' dir='ltr'><strong>in</strong></span> <span class='ocrx_word' id='word_1_720' title='bbox 732 5403 1021 5458; x_wconf 89' lang='lat' dir='ltr'><strong>tormentis</strong></span> <span class='ocrx_word' id='word_1_721' title='bbox 1047 5405 1375 5459; x_wconf 87' lang='lat' dir='ltr'><strong>trucidatum</strong></span> <span class='ocrx_word' id='word_1_722' title='bbox 1403 5405 1461 5460; x_wconf 92' lang='lat' dir='ltr'><strong>S.</strong></span> <span class='ocrx_word' id='word_1_723' title='bbox 1485 5406 1721 5476; x_wconf 84' lang='lat' dir='ltr'><strong>Cyrillus</strong></span> <span class='ocrx_word' id='word_1_724' title='bbox 1756 5408 1809 5459; x_wconf 91' lang='lat' dir='ltr'><strong>in</strong></span> <span class='ocrx_word' id='word_1_725' title='bbox 1836 5406 2068 5461; x_wconf 89' lang='lat' dir='ltr'><strong>ecclesia</strong></span> 
     </span>
    </p>
   </div>
   <div class='ocr_carea' id='block_1_101' title="bbox 484 5494 2066 5569">
    <p class='ocr_par' dir='ltr' id='par_1_101' title="bbox 484 5494 2066 5569">
     <span class='ocr_line' id='line_1_101' title="bbox 484 5494 2066 5569; baseline 0.001 -24"><span class='ocrx_word' id='word_1_726' title='bbox 484 5494 718 5564; x_wconf 86' lang='lat' dir='ltr'><strong>quadam</strong></span> <span class='ocrx_word' id='word_1_727' title='bbox 754 5494 1052 5562; x_wconf 89' lang='lat' dir='ltr'><strong>deponens,</strong></span> <span class='ocrx_word' id='word_1_728' title='bbox 1081 5497 1250 5566; x_wconf 72' lang='grc' dir='ltr'>ὄνομα</span> <span class='ocrx_word' id='word_1_729' title='bbox 1275 5498 1462 5569; x_wconf 78' lang='grc' dir='ltr'>ἓτερον</span> <span class='ocrx_word' id='word_1_730' title='bbox 1494 5498 1644 5569; x_wconf 81' lang='grc' dir='ltr'>αὐτῷ</span> <span class='ocrx_word' id='word_1_731' title='bbox 1672 5496 2066 5563; x_wconf 72' lang='grc' dir='ltr'>ὲπιθεὶς,Θαυ-</span> 
     </span>
    </p>
   </div>
   <div class='ocr_carea' id='block_1_102' title="bbox 487 5588 2065 5663">
    <p class='ocr_par' dir='ltr' id='par_1_102' title="bbox 487 5588 2065 5663">
     <span class='ocr_line' id='line_1_102' title="bbox 487 5588 2065 5663; baseline 0.001 -23"><span class='ocrx_word' id='word_1_732' title='bbox 487 5588 678 5659; x_wconf 83' lang='grc' dir='ltr'>μάσιον</span> <span class='ocrx_word' id='word_1_733' title='bbox 722 5590 1045 5652; x_wconf 79' lang='grc' dir='ltr'>ἐπεκάλεσε,</span> <span class='ocrx_word' id='word_1_734' title='bbox 1091 5592 1185 5644; x_wconf 77' lang='grc' dir='ltr'><strong>καὶ</strong></span> <span class='ocrx_word' id='word_1_735' title='bbox 1233 5593 1485 5663; x_wconf 75' lang='grc' dir='ltr'>μάρτυρα</span> <span class='ocrx_word' id='word_1_736' title='bbox 1535 5592 1895 5663; x_wconf 78' lang='grc' dir='ltr'>χρηματίζειν</span> <span class='ocrx_word' id='word_1_737' title='bbox 1942 5590 2065 5642; x_wconf 83' lang='grc' dir='ltr'><strong>ὲκέ-</strong></span> 
     </span>
    </p>
   </div>
   <div class='ocr_carea' id='block_1_103' title="bbox 480 5679 2057 5755">
    <p class='ocr_par' dir='ltr' id='par_1_103' title="bbox 480 5679 2057 5755">
     <span class='ocr_line' id='line_1_103' title="bbox 480 5679 2057 5755; baseline 0.003 -24"><span class='ocrx_word' id='word_1_738' title='bbox 480 5679 659 5745; x_wconf 82' lang='grc' dir='ltr'>λευσε,</span> <span class='ocrx_word' id='word_1_739' title='bbox 697 5700 716 5732; x_wconf 75' lang='grc' dir='ltr'><strong>ι</strong></span> <span class='ocrx_word' id='word_1_740' title='bbox 754 5684 899 5737; x_wconf 90' lang='lat' dir='ltr'><strong>aliud</strong></span> <span class='ocrx_word' id='word_1_741' title='bbox 943 5701 1141 5738; x_wconf 89' lang='lat' dir='ltr'><strong>nomen</strong></span> <span class='ocrx_word' id='word_1_742' title='bbox 1192 5686 1239 5739; x_wconf 91' lang='lat' dir='ltr'><strong>ei</strong></span> <span class='ocrx_word' id='word_1_743' title='bbox 1286 5686 1572 5755; x_wconf 82' lang='lat' dir='ltr'><strong>imponens</strong></span> <span class='ocrx_word' id='word_1_744' title='bbox 1599 5728 1614 5752; x_wconf 95' lang='lat'><strong>,</strong></span> <span class='ocrx_word' id='word_1_745' title='bbox 1662 5684 2057 5739; x_wconf 81' lang='lat' dir='ltr'><strong>Tliaumasium</strong></span> 
     </span>
    </p>
   </div>
   <div class='ocr_carea' id='block_1_104' title="bbox 482 5775 2066 5848">
    <p class='ocr_par' dir='ltr' id='par_1_104' title="bbox 482 5775 2066 5848">
     <span class='ocr_line' id='line_1_104' title="bbox 482 5775 2066 5848; baseline 0.006 -24"><span class='ocrx_word' id='word_1_746' title='bbox 482 5775 791 5842; x_wconf 85' lang='lat' dir='ltr'><strong>appellavit,</strong></span> <span class='ocrx_word' id='word_1_747' title='bbox 824 5785 878 5830; x_wconf 91' lang='lat' dir='ltr'><strong>et</strong></span> <span class='ocrx_word' id='word_1_748' title='bbox 908 5786 1202 5848; x_wconf 87' lang='lat' dir='ltr'><strong>martyrem</strong></span> <span class='ocrx_word' id='word_1_749' title='bbox 1232 5779 1411 5832; x_wconf 89' lang='lat' dir='ltr'><strong>vocari</strong></span> <span class='ocrx_word' id='word_1_750' title='bbox 1437 5779 1639 5846; x_wconf 79' lang='lat' dir='ltr'><strong>jussit,</strong></span> <span class='ocrx_word' id='word_1_751' title='bbox 1671 5796 1687 5828; x_wconf 81' lang='grc' dir='ltr'><strong>ι</strong></span> <span class='ocrx_word' id='word_1_752' title='bbox 1711 5786 1767 5832; x_wconf 92' lang='lat' dir='ltr'><strong>ut</strong></span> <span class='ocrx_word' id='word_1_753' title='bbox 1788 5776 1951 5831; x_wconf 77' lang='lat' dir='ltr'><strong>refert</strong></span> <span class='ocrx_word' id='word_1_754' title='bbox 1970 5776 2066 5833; x_wconf 85' lang='lat' dir='ltr'><strong>So-</strong></span> 
     </span>
    </p>
   </div>
   <div class='ocr_carea' id='block_1_105' title="bbox 479 5868 2062 5943">
    <p class='ocr_par' dir='ltr' id='par_1_105' title="bbox 479 5868 2062 5943">
     <span class='ocr_line' id='line_1_105' title="bbox 479 5868 2062 5943; baseline 0.006 -24"><span class='ocrx_word' id='word_1_755' title='bbox 479 5876 681 5935; x_wconf 79' lang='lat' dir='ltr'><strong>crates,</strong></span> <span class='ocrx_word' id='word_1_756' title='bbox 714 5868 808 5922; x_wconf 89' lang='lat' dir='ltr'><strong>lib.</strong></span> <span class='ocrx_word' id='word_1_757' title='bbox 842 5881 941 5935; x_wconf 81' lang='lat' dir='ltr'><strong>vn,</strong></span> <span class='ocrx_word' id='word_1_758' title='bbox 970 5886 1018 5924; x_wconf 91' lang='lat' dir='ltr'><strong>c.</strong></span> <span class='ocrx_word' id='word_1_759' title='bbox 1048 5870 1134 5923; x_wconf 73' lang='lat' dir='ltr'><strong>l4.</strong></span> <span class='ocrx_word' id='word_1_760' title='bbox 1162 5869 1315 5935; x_wconf 79' lang='lat' dir='ltr'><strong>Quod</strong></span> <span class='ocrx_word' id='word_1_761' title='bbox 1347 5871 1392 5925; x_wconf 88' lang='lat' dir='ltr'><strong>si</strong></span> <span class='ocrx_word' id='word_1_762' title='bbox 1424 5870 1513 5925; x_wconf 92' lang='lat' dir='ltr'><strong>ille</strong></span> <span class='ocrx_word' id='word_1_763' title='bbox 1542 5886 1641 5940; x_wconf 89' lang='lat' dir='ltr'><strong>pro</strong></span> <span class='ocrx_word' id='word_1_764' title='bbox 1666 5886 1797 5926; x_wconf 91' lang='lat' dir='ltr'><strong>vero</strong></span> <span class='ocrx_word' id='word_1_765' title='bbox 1825 5881 2062 5943; x_wconf 84' lang='lat' dir='ltr'><strong>martyre</strong></span> 
     </span>
    </p>
   </div>
   <div class='ocr_carea' id='block_1_106' title="bbox 2174 4667 3764 4738">
    <p class='ocr_par' dir='ltr' id='par_1_106' title="bbox 2174 4667 3764 4738">
     <span class='ocr_line' id='line_1_106' title="bbox 2174 4667 3764 4738; baseline -0.002 -15"><span class='ocrx_word' id='word_1_766' title='bbox 2174 4668 2485 4723; x_wconf 90' lang='lat' dir='ltr'><strong>sacerdotes</strong></span> <span class='ocrx_word' id='word_1_767' title='bbox 2516 4668 2619 4722; x_wconf 89' lang='lat' dir='ltr'><strong>sub</strong></span> <span class='ocrx_word' id='word_1_768' title='bbox 2673 4667 2791 4738; x_wconf 88' lang='lat' dir='ltr'><strong>lege</strong></span> <span class='ocrx_word' id='word_1_769' title='bbox 2826 4667 3181 4730; x_wconf 77' lang='lat' dir='ltr'><strong>intellexisse,</strong></span> <span class='ocrx_word' id='word_1_770' title='bbox 3219 4675 3272 4721; x_wconf 92' lang='lat' dir='ltr'><strong>et</strong></span> <span class='ocrx_word' id='word_1_771' title='bbox 3323 4668 3377 4721; x_wconf 91' lang='lat' dir='ltr'><strong>in</strong></span> <span class='ocrx_word' id='word_1_772' title='bbox 3438 4669 3541 4722; x_wconf 89' lang='lat' dir='ltr'><strong>hac</strong></span> <span class='ocrx_word' id='word_1_773' title='bbox 3575 4668 3764 4736; x_wconf 86' lang='lat' dir='ltr'><strong>dispu-</strong></span> 
     </span>
    </p>
   </div>
   <div class='ocr_carea' id='block_1_107' title="bbox 2172 4758 3761 4829">
    <p class='ocr_par' dir='ltr' id='par_1_107' title="bbox 2172 4758 3761 4829">
     <span class='ocr_line' id='line_1_107' title="bbox 2172 4758 3761 4829; baseline -0.001 -16"><span class='ocrx_word' id='word_1_774' title='bbox 2172 4759 2399 4824; x_wconf 85' lang='lat' dir='ltr'><strong>talione,</strong></span> <span class='ocrx_word' id='word_1_775' title='bbox 2432 4758 2499 4812; x_wconf 93' lang='lat' dir='ltr'><strong>de</strong></span> <span class='ocrx_word' id='word_1_776' title='bbox 2537 4758 2875 4829; x_wconf 87' lang='lat' dir='ltr'><strong>presbyteris</strong></span> <span class='ocrx_word' id='word_1_777' title='bbox 2910 4769 3005 4811; x_wconf 90' lang='lat' dir='ltr'><strong>aut</strong></span> <span class='ocrx_word' id='word_1_778' title='bbox 3052 4759 3178 4811; x_wconf 86' lang='lat' dir='ltr'><strong>nllis</strong></span> <span class='ocrx_word' id='word_1_779' title='bbox 3212 4759 3483 4813; x_wconf 85' lang='lat' dir='ltr'><strong>ministris</strong></span> <span class='ocrx_word' id='word_1_780' title='bbox 3524 4772 3761 4828; x_wconf 88' lang='lat' dir='ltr'><strong>evange-</strong></span> 
     </span>
    </p>
   </div>
   <div class='ocr_carea' id='block_1_108' title="bbox 2172 4848 3762 4923">
    <p class='ocr_par' dir='ltr' id='par_1_108' title="bbox 2172 4848 3762 4923">
     <span class='ocr_line' id='line_1_108' title="bbox 2172 4848 3762 4923; baseline 0.001 -17"><span class='ocrx_word' id='word_1_781' title='bbox 2172 4852 2293 4907; x_wconf 86' lang='lat' dir='ltr'><strong>licis</strong></span> <span class='ocrx_word' id='word_1_782' title='bbox 2320 4866 2389 4904; x_wconf 91' lang='lat' dir='ltr'><strong>ne</strong></span> <span class='ocrx_word' id='word_1_783' title='bbox 2423 4853 2693 4921; x_wconf 90' lang='lat' dir='ltr'><strong>cogitasse</strong></span> <span class='ocrx_word' id='word_1_784' title='bbox 2721 4850 2968 4920; x_wconf 91' lang='lat' dir='ltr'><strong>quidem.</strong></span> <span class='ocrx_word' id='word_1_785' title='bbox 3014 4848 3163 4904; x_wconf 81' lang='lat' dir='ltr'><strong>Vidit</strong></span> <span class='ocrx_word' id='word_1_786' title='bbox 3215 4851 3331 4904; x_wconf 58' lang='lat' dir='ltr'><strong>hac</strong></span> <span class='ocrx_word' id='word_1_787' title='bbox 3381 4853 3590 4914; x_wconf 85' lang='lat' dir='ltr'><strong>omnia,</strong></span> <span class='ocrx_word' id='word_1_788' title='bbox 3642 4855 3762 4923; x_wconf 87' lang='lat' dir='ltr'><strong>opi-</strong></span> 
     </span>
    </p>
   </div>
   <div class='ocr_carea' id='block_1_109' title="bbox 2171 4940 3756 5013">
    <p class='ocr_par' dir='ltr' id='par_1_109' title="bbox 2171 4940 3756 5013">
     <span class='ocr_line' id='line_1_109' title="bbox 2171 4940 3756 5013; baseline 0.002 -16"><span class='ocrx_word' id='word_1_789' title='bbox 2171 4959 2295 5008; x_wconf 90' lang='lat' dir='ltr'><strong>nor,</strong></span> <span class='ocrx_word' id='word_1_790' title='bbox 2320 4958 2447 4996; x_wconf 91' lang='lat' dir='ltr'><strong>vera</strong></span> <span class='ocrx_word' id='word_1_791' title='bbox 2488 4956 2611 4997; x_wconf 84' lang='lat' dir='ltr'><strong>esse</strong></span> <span class='ocrx_word' id='word_1_792' title='bbox 2643 4940 2908 5007; x_wconf 77' lang='lat' dir='ltr'><strong>Dallaeus;</strong></span> <span class='ocrx_word' id='word_1_793' title='bbox 2953 4956 3078 4994; x_wconf 89' lang='lat' dir='ltr'><strong>nam</strong></span> <span class='ocrx_word' id='word_1_794' title='bbox 3111 4958 3236 4996; x_wconf 87' lang='lat' dir='ltr'><strong>eum</strong></span> <span class='ocrx_word' id='word_1_795' title='bbox 3270 4944 3436 5011; x_wconf 86' lang='lat' dir='ltr'><strong>paulo</strong></span> <span class='ocrx_word' id='word_1_796' title='bbox 3465 4954 3590 5013; x_wconf 91' lang='lat' dir='ltr'><strong>post</strong></span> <span class='ocrx_word' id='word_1_797' title='bbox 3639 4946 3756 5001; x_wconf 89' lang='lat' dir='ltr'><strong>loca</strong></span> 
     </span>
    </p>
   </div>
   <div class='ocr_carea' id='block_1_110' title="bbox 2170 5034 3757 5106">
    <p class='ocr_par' dir='ltr' id='par_1_110' title="bbox 2170 5034 3757 5106">
     <span class='ocr_line' id='line_1_110' title="bbox 2170 5034 3757 5106; baseline 0.003 -16"><span class='ocrx_word' id='word_1_798' title='bbox 2170 5036 2407 5090; x_wconf 87' lang='lat' dir='ltr'><strong>adducat</strong></span> <span class='ocrx_word' id='word_1_799' title='bbox 2440 5049 2505 5088; x_wconf 84' lang='lat' dir='ltr'><strong>ex</strong></span> <span class='ocrx_word' id='word_1_800' title='bbox 2552 5034 2775 5103; x_wconf 89' lang='lat' dir='ltr'><strong>spuriis,</strong></span> <span class='ocrx_word' id='word_1_801' title='bbox 2816 5035 3016 5103; x_wconf 89' lang='lat' dir='ltr'><strong>quibus</strong></span> <span class='ocrx_word' id='word_1_802' title='bbox 3061 5036 3259 5103; x_wconf 91' lang='lat' dir='ltr'><strong>probet</strong></span> <span class='ocrx_word' id='word_1_803' title='bbox 3298 5037 3615 5106; x_wconf 86' lang='lat' dir='ltr'><strong>episcopum</strong></span> <span class='ocrx_word' id='word_1_804' title='bbox 3651 5040 3757 5094; x_wconf 90' lang='lat' dir='ltr'><strong>dict</strong></span> 
     </span>
    </p>
   </div>
   <div class='ocr_carea' id='block_1_111' title="bbox 2169 5127 3759 5201">
    <p class='ocr_par' dir='ltr' id='par_1_111' title="bbox 2169 5127 3759 5201">
     <span class='ocr_line' id='line_1_111' title="bbox 2169 5127 3759 5201; baseline 0.002 -19"><span class='ocrx_word' id='word_1_805' title='bbox 2169 5127 2451 5200; x_wconf 81' lang='grc' dir='ltr'>ἀρχιερέα,</span> <span class='ocrx_word' id='word_1_806' title='bbox 2490 5128 2605 5181; x_wconf 66' lang='lat' dir='ltr'><strong>haec</strong></span> <span class='ocrx_word' id='word_1_807' title='bbox 2646 5128 2834 5194; x_wconf 88' lang='lat' dir='ltr'><strong>verba,</strong></span> <span class='ocrx_word' id='word_1_808' title='bbox 2882 5130 3135 5198; x_wconf 81' lang='grc' dir='ltr'>κρεῖσσον</span> <span class='ocrx_word' id='word_1_809' title='bbox 3182 5131 3211 5181; x_wconf 88' lang='grc' dir='ltr'>ὁ</span> <span class='ocrx_word' id='word_1_810' title='bbox 3261 5130 3574 5201; x_wconf 82' lang='grc' dir='ltr'>ἀρχιερεὺς,</span> <span class='ocrx_word' id='word_1_811' title='bbox 3631 5147 3759 5200; x_wconf 90' lang='lat' dir='ltr'><strong>pru-</strong></span> 
     </span>
    </p>
   </div>
   <div class='ocr_carea' id='block_1_112' title="bbox 2168 5218 3761 5290">
    <p class='ocr_par' dir='ltr' id='par_1_112' title="bbox 2168 5218 3761 5290">
     <span class='ocr_line' id='line_1_112' title="bbox 2168 5218 3761 5290; baseline 0.002 -15"><span class='ocrx_word' id='word_1_812' title='bbox 2168 5222 2303 5275; x_wconf 89' lang='lat' dir='ltr'><strong>dens</strong></span> <span class='ocrx_word' id='word_1_813' title='bbox 2337 5221 2531 5290; x_wconf 87' lang='lat' dir='ltr'><strong>mittit;</strong></span> <span class='ocrx_word' id='word_1_814' title='bbox 2563 5222 2667 5275; x_wconf 92' lang='lat' dir='ltr'><strong>hac</strong></span> <span class='ocrx_word' id='word_1_815' title='bbox 2707 5219 2921 5273; x_wconf 88' lang='lat' dir='ltr'><strong>ratione</strong></span> <span class='ocrx_word' id='word_1_816' title='bbox 2969 5218 3172 5285; x_wconf 88' lang='lat' dir='ltr'><strong>addita,</strong></span> <span class='ocrx_word' id='word_1_817' title='bbox 3203 5223 3346 5290; x_wconf 91' lang='lat' dir='ltr'><strong>quod</strong></span> <span class='ocrx_word' id='word_1_818' title='bbox 3389 5240 3407 5267; x_wconf 71' lang='grc' dir='ltr'><strong>ε</strong></span> <span class='ocrx_word' id='word_1_819' title='bbox 3447 5236 3509 5276; x_wconf 88' lang='lat' dir='ltr'><strong>ea</strong></span> <span class='ocrx_word' id='word_1_820' title='bbox 3539 5225 3761 5278; x_wconf 90' lang='lat' dir='ltr'><strong>tametsi</strong></span> 
     </span>
    </p>
   </div>
   <div class='ocr_carea' id='block_1_113' title="bbox 2167 5311 3757 5382">
    <p class='ocr_par' dir='ltr' id='par_1_113' title="bbox 2167 5311 3757 5382">
     <span class='ocr_line' id='line_1_113' title="bbox 2167 5311 3757 5382; baseline 0 -15"><span class='ocrx_word' id='word_1_821' title='bbox 2167 5313 2235 5367; x_wconf 90' lang='lat' dir='ltr'><strong>de</strong></span> <span class='ocrx_word' id='word_1_822' title='bbox 2256 5312 2515 5382; x_wconf 90' lang='lat' dir='ltr'><strong>episcopo</strong></span> <span class='ocrx_word' id='word_1_823' title='bbox 2548 5313 2656 5366; x_wconf 91' lang='lat' dir='ltr'><strong>dici</strong></span> <span class='ocrx_word' id='word_1_824' title='bbox 2687 5312 2995 5375; x_wconf 82' lang='lat' dir='ltr'><strong>videantur,</strong></span> <span class='ocrx_word' id='word_1_825' title='bbox 3027 5311 3118 5365; x_wconf 90' lang='lat' dir='ltr'><strong>alii</strong></span> <span class='ocrx_word' id='word_1_826' title='bbox 3155 5312 3221 5365; x_wconf 90' lang='lat' dir='ltr'><strong>de</strong></span> <span class='ocrx_word' id='word_1_827' title='bbox 3263 5312 3486 5368; x_wconf 90' lang='lat' dir='ltr'><strong>Christo</strong></span> <span class='ocrx_word' id='word_1_828' title='bbox 3524 5312 3757 5367; x_wconf 66' lang='lat' dir='ltr'><strong>Domino</strong></span> 
     </span>
    </p>
   </div>
   <div class='ocr_carea' id='block_1_114' title="bbox 2168 5404 3755 5472">
    <p class='ocr_par' dir='ltr' id='par_1_114' title="bbox 2168 5404 3755 5472">
     <span class='ocr_line' id='line_1_114' title="bbox 2168 5404 3755 5472; baseline -0.001 -14"><span class='ocrx_word' id='word_1_829' title='bbox 2168 5420 2280 5458; x_wconf 90' lang='lat' dir='ltr'><strong>non</strong></span> <span class='ocrx_word' id='word_1_830' title='bbox 2334 5404 2572 5459; x_wconf 88' lang='lat' dir='ltr'><strong>absurde</strong></span> <span class='ocrx_word' id='word_1_831' title='bbox 2625 5404 3071 5472; x_wconf 90' lang='lat' dir='ltr'><strong>interpretentur.</strong></span> <span class='ocrx_word' id='word_1_832' title='bbox 3124 5422 3143 5457; x_wconf 73' lang='grc' dir='ltr'><strong>ι</strong></span> <span class='ocrx_word' id='word_1_833' title='bbox 3206 5404 3320 5458; x_wconf 88' lang='lat' dir='ltr'><strong>imo</strong></span> <span class='ocrx_word' id='word_1_834' title='bbox 3362 5418 3495 5459; x_wconf 87' lang='lat' dir='ltr'><strong>vero</strong></span> <span class='ocrx_word' id='word_1_835' title='bbox 3543 5405 3635 5458; x_wconf 81' lang='lat' dir='ltr'><strong>alii</strong></span> <span class='ocrx_word' id='word_1_836' title='bbox 3688 5404 3755 5459; x_wconf 76' lang='lat' dir='ltr'><strong>de</strong></span> 
     </span>
    </p>
   </div>
   <div class='ocr_carea' id='block_1_115' title="bbox 2166 5495 3755 5551">
    <p class='ocr_par' dir='ltr' id='par_1_115' title="bbox 2166 5495 3755 5551">
     <span class='ocr_line' id='line_1_115' title="bbox 2166 5495 3755 5551; baseline -0.001 0"><span class='ocrx_word' id='word_1_837' title='bbox 2166 5496 2386 5551; x_wconf 87' lang='lat' dir='ltr'><strong>Christo</strong></span> <span class='ocrx_word' id='word_1_838' title='bbox 2423 5495 2653 5549; x_wconf 90' lang='lat' dir='ltr'><strong>Domino</strong></span> <span class='ocrx_word' id='word_1_839' title='bbox 2690 5506 2743 5551; x_wconf 87' lang='lat' dir='ltr'><strong>et</strong></span> <span class='ocrx_word' id='word_1_840' title='bbox 2783 5495 3045 5550; x_wconf 88' lang='lat' dir='ltr'><strong>Pontilice</strong></span> <span class='ocrx_word' id='word_1_841' title='bbox 3080 5511 3299 5550; x_wconf 90' lang='lat' dir='ltr'><strong>summo</strong></span> <span class='ocrx_word' id='word_1_842' title='bbox 3341 5497 3645 5550; x_wconf 85' lang='lat' dir='ltr'><strong>rectissime</strong></span> <span class='ocrx_word' id='word_1_843' title='bbox 3671 5496 3755 5550; x_wconf 91' lang='lat' dir='ltr'><strong>in-</strong></span> 
     </span>
    </p>
   </div>
   <div class='ocr_carea' id='block_1_116' title="bbox 2168 5590 3758 5659">
    <p class='ocr_par' dir='ltr' id='par_1_116' title="bbox 2168 5590 3758 5659">
     <span class='ocr_line' id='line_1_116' title="bbox 2168 5590 3758 5659; baseline 0.001 -16"><span class='ocrx_word' id='word_1_844' title='bbox 2168 5598 2565 5659; x_wconf 88' lang='lat' dir='ltr'><strong>terpretantur;</strong></span> <span class='ocrx_word' id='word_1_845' title='bbox 2621 5604 2801 5657; x_wconf 90' lang='lat' dir='ltr'><strong>neque</strong></span> <span class='ocrx_word' id='word_1_846' title='bbox 2844 5590 3136 5659; x_wconf 91' lang='lat' dir='ltr'><strong>quisquam</strong></span> <span class='ocrx_word' id='word_1_847' title='bbox 3190 5590 3258 5645; x_wconf 90' lang='lat' dir='ltr'><strong>de</strong></span> <span class='ocrx_word' id='word_1_848' title='bbox 3303 5590 3563 5659; x_wconf 84' lang='lat' dir='ltr'><strong>episcopo</strong></span> <span class='ocrx_word' id='word_1_849' title='bbox 3596 5604 3758 5658; x_wconf 57' lang='lat' dir='ltr'><strong>evan.</strong></span> 
     </span>
    </p>
   </div>
   <div class='ocr_carea' id='block_1_117' title="bbox 2166 5680 3753 5752">
    <p class='ocr_par' dir='ltr' id='par_1_117' title="bbox 2166 5680 3753 5752">
     <span class='ocr_line' id='line_1_117' title="bbox 2166 5680 3753 5752; baseline 0.001 -18"><span class='ocrx_word' id='word_1_850' title='bbox 2166 5680 2341 5749; x_wconf 80' lang='lat' dir='ltr'><strong>gelico</strong></span> <span class='ocrx_word' id='word_1_851' title='bbox 2376 5681 2483 5733; x_wconf 92' lang='lat' dir='ltr'><strong>nisi</strong></span> <span class='ocrx_word' id='word_1_852' title='bbox 2533 5680 2927 5735; x_wconf 85' lang='lat' dir='ltr'><strong>absurdissime</strong></span> <span class='ocrx_word' id='word_1_853' title='bbox 2969 5682 3315 5752; x_wconf 88' lang='lat' dir='ltr'><strong>interpretari</strong></span> <span class='ocrx_word' id='word_1_854' title='bbox 3370 5689 3569 5751; x_wconf 86' lang='lat' dir='ltr'><strong>potest.</strong></span> <span class='ocrx_word' id='word_1_855' title='bbox 3617 5680 3753 5747; x_wconf 83' lang='lat' dir='ltr'><strong>Quis</strong></span> 
     </span>
    </p>
   </div>
   <div class='ocr_carea' id='block_1_118' title="bbox 2164 5774 3750 5845">
    <p class='ocr_par' dir='ltr' id='par_1_118' title="bbox 2164 5774 3750 5845">
     <span class='ocr_line' id='line_1_118' title="bbox 2164 5774 3750 5845; baseline -0.002 -15"><span class='ocrx_word' id='word_1_856' title='bbox 2164 5777 2308 5831; x_wconf 90' lang='lat' dir='ltr'><strong>enim</strong></span> <span class='ocrx_word' id='word_1_857' title='bbox 2347 5790 2587 5845; x_wconf 90' lang='lat' dir='ltr'><strong>unquam</strong></span> <span class='ocrx_word' id='word_1_858' title='bbox 2630 5774 2947 5844; x_wconf 90' lang='lat' dir='ltr'><strong>episcopum</strong></span> <span class='ocrx_word' id='word_1_859' title='bbox 2985 5775 3222 5845; x_wconf 83' lang='lat' dir='ltr'><strong>aliquem</strong></span> <span class='ocrx_word' id='word_1_860' title='bbox 3279 5775 3419 5828; x_wconf 79' lang='lat' dir='ltr'><strong>inter</strong></span> <span class='ocrx_word' id='word_1_861' title='bbox 3469 5774 3750 5827; x_wconf 85' lang='lat' dir='ltr'><strong>ministros</strong></span> 
     </span>
    </p>
   </div>
   <div class='ocr_carea' id='block_1_119' title="bbox 2164 5866 3748 5941">
    <p class='ocr_par' dir='ltr' id='par_1_119' title="bbox 2164 5866 3748 5941">
     <span class='ocr_line' id='line_1_119' title="bbox 2164 5866 3748 5941; baseline -0.004 -14"><span class='ocrx_word' id='word_1_862' title='bbox 2164 5870 2507 5941; x_wconf 84' lang='lat' dir='ltr'><strong>evangelicos</strong></span> <span class='ocrx_word' id='word_1_863' title='bbox 2549 5868 2622 5925; x_wconf 88' lang='lat' dir='ltr'><strong>ita</strong></span> <span class='ocrx_word' id='word_1_864' title='bbox 2646 5867 2899 5937; x_wconf 77' lang='lat' dir='ltr'><strong>efferret,</strong></span> <span class='ocrx_word' id='word_1_865' title='bbox 2952 5876 3017 5924; x_wconf 85' lang='lat' dir='ltr'><strong>ut</strong></span> <span class='ocrx_word' id='word_1_866' title='bbox 3053 5884 3176 5925; x_wconf 86' lang='lat' dir='ltr'><strong>eum</strong></span> <span class='ocrx_word' id='word_1_867' title='bbox 3214 5866 3424 5923; x_wconf 84' lang='lat' dir='ltr'><strong>diceret</strong></span> <span class='ocrx_word' id='word_1_868' title='bbox 3458 5885 3479 5918; x_wconf 74' lang='grc' dir='ltr'><strong>ι</strong></span> <span class='ocrx_word' id='word_1_869' title='bbox 3508 5881 3633 5921; x_wconf 87' lang='lat' dir='ltr'><strong>esse</strong></span> <span class='ocrx_word' id='word_1_870' title='bbox 3671 5866 3748 5936; x_wconf 50' lang='lat' dir='ltr'><strong>jar</strong></span> 
     </span>
    </p>
   </div>
  </div>
