4138 6384
564 344 667 405 Ui

1603 350 1661 405 S.
1701 350 2052 411 EGNATIUS.
2091 385 2163 396 —
2202 356 2741 417 PROLEGOMENA.

3732 379 3841 437 H2

558 464 704 520 alios
732 465 1173 536 quamplurimos
1208 471 1441 526 secundi
1464 474 1647 527 saeculi
1682 476 1978 545 scriptores
2006 478 2156 535 idem
2180 485 2224 540 Α
2253 478 2389 534 bant
2419 478 2530 536 Deo
2553 484 2873 555 episcopum
2908 489 3285 561 constituenti,
3334 493 3415 550 vel
3469 495 3687 553 diabolo
3712 514 3837 556 cre-

559 556 855 613 discrimen
894 560 1035 615 inter
1070 563 1345 617 vocabula
1365 566 1716 635 episcopatus
1747 578 1800 622 et
1822 571 2143 642 presbyterii

559 651 909 718 observasse,
942 654 1089 723 quod
1124 655 1382 711 observat
1425 656 1668 727 lgnatius
1712 671 1936 730 noster;
1979 666 2144 720 adeo-

558 758 666 812 que
697 742 895 798 falsum
936 762 1059 801 esse
1086 749 1235 817 quod
1272 753 1472 805 asserit
1512 751 1745 810 Dallzeus
1784 766 1840 811 et
1882 766 2140 829 tanquam

556 840 863 908 argumenti
906 839 1322 898 fundamentum
1354 847 1529 913 ponit,
1563 863 1756 905 omnes
1782 854 2008 908 secundi
2041 872 2143 911 sa:—

554 932 664 985 culi
688 933 985 1002 scriptores
1019 936 1329 1004 promiscue
1354 955 1447 994 eas
1485 956 1648 998 voces
1681 959 2002 1015 usurpasse.
2042 947 2140 1005 Se-

554 1025 733 1078 cunda
762 1028 996 1082 assertio
1027 1030 1097 1083 sit
1134 1049 1145 1083 :
1176 1028 1395 1085 Nullum
1434 1036 1661 1091 secundi
1695 1040 1881 1093 saeculi
1912 1042 2141 1113 scripto-

554 1131 665 1169 rem
702 1118 839 1172 adco
870 1122 1183 1189 promiscue
1222 1127 1503 1184 vocabulis
1540 1131 1782 1202 episcopi
1822 1144 1876 1191 et
1907 1139 2137 1211 presby—

551 1208 651 1262 teri
714 1227 874 1265 usum
922 1229 1045 1268 esse
1080 1258 1096 1283 ,
1162 1225 1222 1273 ut
1293 1218 1527 1289 simplici
1592 1228 1911 1299 presbytero
1950 1230 2003 1285 in
2043 1208 2134 1287 se-

549 1303 737 1358 eundo
765 1306 1061 1362 ministerii
1080 1311 1249 1379 gradu
1280 1316 1584 1372 constituto
1615 1334 1855 1389 unquam
1892 1323 2132 1396 episc0pi

547 1397 767 1453 titulum
808 1402 1088 1460 tribueret.
1125 1405 1304 1461 Tertia
1339 1426 1354 1464 :
1401 1408 1620 1467 Nullum
1652 1416 1879 1471 omnino
1908 1420 2133 1474 secundi

548 1497 733 1551 saeculi
770 1501 1119 1570 scriptorem,
1147 1521 1270 1560 cum
1307 1510 1510 1580 gradus
1542 1525 1847 1582 enumerat,
1884 1527 1980 1571 aut
2007 1534 2131 1573 cum

544 1585 613 1640 de
643 1588 1014 1661 singularibus
1044 1598 1127 1652 sui
1155 1604 1419 1670 temporis
1453 1605 1722 1663 ministris
1751 1608 2012 1679 loquitur,
2042 1628 2133 1667 no-

543 1694 668 1733 men
724 1684 1025 1755 presbyteri
1080 1690 1129 1744 ei
1179 1693 1272 1761 qui
1322 1696 1615 1767 episcOpus
1652 1711 1798 1756 esset
1843 1704 2125 1762 tribuisse.

540 1769 749 1836 Quarta
796 1780 1029 1835 assertio
1084 1792 1168 1837 est
1207 1804 1222 1839 :
1265 1785 1341 1842 Ea
1389 1799 1567 1857 aetate,
1608 1808 1717 1862 qua
1769 1793 1825 1849 S.
1884 1797 2128 1866 Ignatius
2161 1827 2202 1886 Β

539 1864 802 1933 epistolas
834 1873 1120 1941 scripsisse
1146 1877 1366 1948 dicitur,
1419 1890 1528 1940 tres
1559 1901 1750 1942 sacros
1779 1889 2001 1946 ordines
2029 1908 2127 1947 seu

539 1961 744 2029 gradus
770 1965 1060 2025 distinctos
1091 1971 1147 2026 in
1180 1971 1425 2031 Ecclesia
1455 1976 1644 2035 fuisse.
1684 1979 1781 2038 His
1811 1994 1993 2039 autem
2020 2002 2131 2041 om-

538 2055 704 2111 nibus
736 2059 932 2127 positis
971 2073 1025 2118 et
1060 2068 1430 2137 comprobatis
1458 2074 1666 2129 nemini
1698 2076 1900 2131 mirum
1923 2080 2129 2135 videbi-

537 2155 645 2213 tur,
698 2152 747 2205 si
789 2154 1034 2223 lgnatius
1071 2169 1259 2216 noster
1288 2172 1399 2217 tam
1438 2165 1773 2237 frequenter,
1812 2181 1921 2226 tam
1953 2185 2123 2241 caste,

534 2244 761 2298 nomina
808 2255 863 2301 et
919 2247 1095 2307 cilicia
1139 2256 1408 2327 episcopi,
1461 2262 1767 2335 presbyteri
1798 2269 1865 2335 ζει
1906 2267 2123 2325 diaconi

532 2337 855 2413 distinguat.
894 2344 951 2401 Si
979 2349 1124 2404 enim
1159 2352 1251 2406 alii
1293 2360 1688 2428 quamplurimi
1737 2363 1983 2433 ejusdem
2018 2384 2122 2423 sa:—

532 2432 641 2486 culi
690 2436 988 2506 scriptores
1041 2442 1182 2497 idem
1232 2447 1529 2506 discrimen
1583 2454 1972 2525 observabant,
2024 2476 2124 2515 cur

530 2536 642 2575 non
681 2534 737 2579 et
777 2529 1063 2596 Ignatius?
1115 2533 1172 2589 Si
1216 2540 1401 2596 nullus
1427 2545 1654 2600 omnino
1683 2551 1907 2605 secundi
1935 2555 2119 2609 saeculi

531 2615 767 2684 scriptor
808 2635 1007 2676 nomen
1043 2626 1283 2698 episcopi
1323 2635 1643 2705 presbytero
1682 2641 1954 2709 tribuerit,
2000 2661 2117 2700 me-

532 2705 637 2759 rito
668 2715 720 2761 et
777 2707 1019 2779 lgnatius
1074 2717 1225 2773 solos
1265 2721 1553 2793 episcopos
1598 2743 1664 2783 eo
1707 2731 1930 2787 nomine
1968 2750 2120 2788 com-

530 2798 786 2864 pellabat.
825 2800 881 2856 Si
913 2806 1075 2873 pauci
1120 2808 1222 2874 illi,
1263 2815 1359 2881 qui
1403 2830 1603 2872 nomen
1654 2822 1959 2895 presbyteri
2002 2828 2118 2896 epi-

530 2907 697 2962 scopo
738 2897 1037 2967 aliquando
1086 2905 1309 2973 dabant,
1342 2911 1504 2967 aliter
1536 2930 1753 2987 semper
1775 2919 1942 2976 locuti
1980 2925 2113 2992 sint,

530 3000 654 3039 cum
690 2991 918 3046 materia
952 2996 1267 3066 scriptionis
1296 3001 1589 3073 lgnatianae
1620 3026 1974 3083 congrueret;
2009 3019 2117 3088 epi-

532 3081 802 3138 stolarum
832 3087 1132 3158 antiquitas
1160 3110 1223 3148 ex
1264 3112 1326 3151 ea
1354 3115 1414 3153 re
1442 3100 1495 3153 in
1532 3103 1758 3159 dubium
1794 3109 1976 3163 vocari
2006 3127 2111 3165 non

2247 572 2441 628 derent
2464 575 2780 647 episcopum
2831 584 3212 651 proscribenti.
3256 606 3273 638 ι
3308 586 3519 645 Pariter
3554 590 3692 648 Acta
3737 610 3837 649 an-

2246 664 2555 734 tiquissima
2596 668 2655 723 8.
2686 669 2987 742 Polycarpi,
3019 674 3132 730 sive
3178 676 3528 750 Smyrnensis
3576 681 3837 742 Ecclesiae

2244 758 2473 826 epistola
2506 779 2521 815 :
2568 760 2627 817 Ὀ
2661 763 3112 835 θαυμασιώτατος
3147 770 3356 841 μάρτυς
3387 774 3746 847 Πολύκαρπος
3775 781 3834 833 ἐν

2240 857 2355 917 τοῖς
2400 854 2522 908 καθ’
2570 858 2720 927 ἡμᾶς
2760 858 2974 929 χρόνοις
3012 860 3328 928 διδάσκαλος
3360 865 3715 933 ἅποστολικδς
3740 873 3833 925 καὶ

2241 946 2579 1016 προφητικὸς
2610 950 2911 1020 γινόμενος,
2951 952 3251 1019 ἐπίσκοπός
3293 974 3354 1009 τε
3380 958 3481 1030 τῆς
3512 962 3571 1013 ἐν
3605 962 3829 1037 Σμύρνῃ

2240 1034 2533 1107 καθολικῆς
2576 1037 2923 1110 Ἑκκλησίας.
2964 1061 2983 1094 ι
3022 1042 3390 1102 Admirandus
3421 1059 3629 1121 martyr
3666 1034 3828 1125 Poly;

2240 1141 2441 1197 carpus
2465 1140 2653 1185 nostra
2687 1142 2846 1189 aetate
2874 1136 3209 1205 apostolicus
3246 1148 3301 1194 et
3338 1142 3693 1212 propheticus
3725 1146 3828 1203 do-

2239 1229 2377 1286 ctor,
2402 1229 2455 1275 et
2483 1223 2765 1280 catholicae
2794 1224 3146 1298 Smyrnensis
3173 1229 3432 1289 Ecclesiae
3450 1236 3761 1307 episcopus.
3801 1260 3820 1292 ι

2239 1306 2309 1363 Ut
2335 1311 2498 1380 igitur
2522 1311 2763 1383 Ignatius
2788 1314 3145 1388 Polycarpum
3171 1321 3467 1377 ἐπίσκοπον
3502 1306 3827 1400 Ἐκκλησιας

2236 1402 2553 1474 Σμυρναίων
2580 1406 2835 1476 appellat,
2870 1411 2949 1465 ita
2987 1421 3043 1467 et
3072 1411 3469 1486 Smyrnenses;
3519 1437 3695 1493 neque
3722 1442 3825 1479 un-

2233 1509 2399 1564 quam
2450 1512 2575 1551 cum
2636 1500 3016 1571 presbyterum
3068 1518 3285 1563 vocant.
3340 1512 3454 1567 Sub
3504 1516 3822 1584 pontiﬁcatu

2236 1586 2445 1644 Soteris
2479 1591 2722 1662 episcopi
2780 1593 3015 1651 Romani
3062 1597 3360 1672 Dionysius
3405 1604 3820 1665 Corinthiorum

2231 1683 2523 1754 episcopus
2538 1684 2790 1742 Publium
2812 1698 2867 1745 et
2893 1689 3228 1757 Quadratum
3259 1695 3675 1758 Atheniensium
3706 1706 3825 1775 epi-

2232 1787 2428 1843 scopos
2458 1782 2941 1848 commemoravit;
2992 1787 3235 1842 ostendit
3283 1793 3561 1861 quomodo
3616 1795 3817 1871 Diony-

2230 1866 2348 1922 sius
2390 1868 2711 1942 Areopagita
2765 1876 2983 1947 πρῶτος
3025 1881 3124 1953 τῆς
3187 1882 3482 1954 Ἀθηναίων
3528 1866 3821 1960 παροικίας

2228 1957 2324 2030 τὴν
2366 1960 2671 2035 ἐπισκοπὴν
2714 1966 3107 2041 ἐγκεχείριστο,
3149 1993 3169 2026 ‹
3219 1977 3432 2045 primus
3471 1957 3819 2041 Atheniensis

2228 2047 2489 2108 Ecclesiae
2514 2055 2888 2127 episcopatum
2924 2066 3186 2135 suscepit.
3233 2088 3251 2120 ›
3283 2067 3543 2129 Scribens
3577 2075 3644 2129 ad
3676 2077 3817 2133 Gor-

2225 2145 2538 2212 tynensium
2605 2147 2904 2207 Ecclesiam
2955 2156 3219 2213 Φίλιππον
3279 2162 3578 2220 ἐπίσκοπον
3636 2170 3817 2225 αὐτῶν

2224 2234 2569 2307 ἀποδέχεται,
2609 2260 2628 2291 ‹
2670 2240 2978 2315 Philippum
3012 2249 3329 2321 episcopum
3382 2271 3573 2312 eorum
3614 2264 3816 2330 praedi-

2223 2334 2331 2393 cat,
2370 2347 2390 2379 ι
2423 2338 2478 2384 et
2509 2347 2633 2387 eam
2663 2351 2786 2405 quae
2821 2356 2839 2389 ‹
2876 2339 2979 2394 sub
3004 2340 3123 2410 ipso
3160 2362 3180 2395 ι
3216 2355 3337 2401 erat
3362 2347 3691 2418 Ecclesiam;
3745 2358 3816 2412 ad

2221 2419 2603 2480 Amastrianos
2628 2466 2645 2494 ,
2713 2429 3039 2487 Ἐπίσκοπον
3093 2437 3273 2491 αὐτῶν
3323 2440 3547 2512 ὀνόματι
3584 2446 3816 2519 Πὰλμαν

2221 2511 2606 2585 ὑποσημαίνειο
2644 2539 2663 2571 ς
2711 2519 3040 2594 Episcopum
3072 2528 3317 2599 ipsorum
3354 2533 3596 2592 Palmam
3634 2543 3815 2596 nomi-

2220 2606 2389 2662 natim
2431 2612 2666 2679 appellat
2696 2632 2710 2680 ;
2750 2634 2768 2666 ›
2804 2617 2873 2671 ad
2907 2618 3172 2677 Gnossios
3212 2642 3225 2677 :
3281 2625 3509 2681 Πίνυτον
3541 2630 3643 2700 τῆς
3678 2649 3815 2704 παρ-

2216 2699 2395 2763 οικίας
2446 2702 2742 2761 ἐπίσκοπον
2774 2712 3117 2780 παρακαλεῖ,
3168 2734 3187 2766 ‹
3243 2715 3494 2789 Pinytum
3553 2699 3813 2782 Ecclesia}

2218 2792 2537 2864 episcopum
2570 2809 2795 2867 monet;
2835 2820 2854 2854 ι
2891 2804 2978 2858 cui
3031 2808 3287 2863 rescribit
3327 2808 3556 2883 Pinytus
3602 2817 3808 2872 exhor-

2220 2890 2340 2939 tans
2376 2895 2433 2940 ut
2457 2888 2714 2946 solidiore
2738 2893 2863 2948 cibo
2896 2896 2987 2949 τὸν
3026 2897 3117 2951 ὑπ’
3153 2901 3303 2972 αὐτῴ
3335 2902 3486 2965 λαὸν,
3540 2926 3559 2959 ι
3594 2908 3806 2978 plebem

2217 2976 2320 3030 sibi
2352 2979 2681 3051 subiectam,
2713 3004 2733 3037 ι
2784 2986 2930 3043 alere
2979 2991 3126 3045 velit.
3184 2992 3426 3064 Epistola
3452 2976 3687 3071 denique
3736 3005 3807 3059 ab

2216 3070 2406 3125 eodem
2454 3074 2519 3127 ad
2589 3074 2866 3135 Romanos
2912 3081 3036 3137 data
3080 3094 3183 3153 est,
3231 3089 3517 3163 ἐπισκόπῳ
3555 3070 3634 3165 τῷ
3681 3098 3806 3151 τότε

528 3186 738 3245 potest;
807 3180 897 3236 ille
945 3186 1090 3241 enim
1139 3190 1337 3247 modus
1397 3195 1651 3266 loquendi
1691 3217 1853 3271 quem
1892 3215 2113 3263 secutus

2219 3161 2434 3235 Σὼτηρι
2465 3170 2881 3238 προσφωνοῢσα,
2926 3193 2944 3225 ι
2992 3173 3171 3232 Soteri
3214 3186 3345 3236 tunc
3387 3161 3648 3254 tem—poris
3690 3189 3806 3257 epi-

525 3282 638 3340 est,
686 3286 740 3330 et
789 3284 1022 3351 tempori
1085 3296 1140 3341 et
1187 3292 1464 3348 occasioni
1508 3305 1562 3351 et
1604 3296 1781 3368 ipsius
1833 3305 2115 3374 proposito

523 3363 763 3421 maxime
794 3374 1167 3432 conveniebat.

518 3644 716 3701 cabula
763 3650 1114 3722 episcopatus
1175 3666 1231 3714 et
1284 3663 1701 3735 presbyteratus
1758 3673 2104 3742 observasse,

517 3738 667 3806 quod
691 3741 946 3799 observat
981 3745 1223 3818 Ignatius
1256 3763 1479 3825 noster;
1510 3776 1651 3828 quos
1689 3780 1968 3836 nunquam
2004 3771 2106 3825 ali-

516 3839 600 3886 ter
630 3835 845 3893 locutos
897 3856 1020 3897 esse
1065 3844 1399 3915 deprehendi
1467 3865 1664 3923 potest.
1717 3835 2103 3923 Vetustissima

518 3924 577 3979 8.
610 3928 805 3998 Ignatii
835 3932 970 3990 Acta
1011 3955 1025 3991 :
1070 3957 1089 3990 ‹
1135 3940 1272 3997 Cum
1312 3947 1485 4003 multo
1518 3953 1719 4021 gaudio
1763 3956 2103 4021 descendens

515 4022 583 4078 de
614 4027 737 4080 navi
774 4026 1069 4089 festinabat
1106 4033 1160 4089 S.
1192 4036 1554 4113 Polycarpum
1586 4048 1907 4119 episc0pum
1932 4070 2101 4110 coau-

516 4114 750 4174 ditorem
804 4123 1006 4180 videre.
1062 4147 1082 4181 ι
1139 4128 1203 4185 Et
1248 4136 1412 4203 paulo
1461 4149 1586 4207 post
1622 4114 1645 4197 -ι
1690 4162 1709 4195 ι
1750 4114 2103 4209 iionorabant

513 4395 773 4454 distincta
809 4400 982 4459 fuisse
1012 4415 1072 4460 ut
1100 4410 1297 4479 ollicia,
1332 4415 1403 4469 ita
1440 4427 1495 4473 et
1539 4423 1805 4479 vocabula
1853 4429 2094 4501 episcopi

510 4497 567 4543 et
606 4493 933 4566 presbyteri,
976 4506 1274 4562 ostendunt
1300 4512 1462 4567 verba
1497 4515 1846 4586 imperatoris
1888 4493 1944 4579 in
1976 4493 2093 4597 epi-

508 4584 650 4640 stola
681 4586 749 4641 ad
784 4589 1108 4651 Servianum
1159 4603 1446 4659 consulem
1504 4584 1705 4680 scripta
1748 4631 1762 4668 :
1809 4634 1828 4666 ‹
1871 4613 1953 4673 11ιὶ
1996 4584 2091 4689 qui

511 4678 743 4749 Serapin
784 4685 994 4751 colunt,
1045 4688 1344 4751 Christiani
1394 4709 1567 4767 sunt;
1616 4678 1700 4759 iet
1741 4706 1922 4764 devoti
1964 4678 2095 4767 sunt

508 4775 699 4843 Serapi
729 4778 823 4847 qui
854 4795 915 4835 se
945 4782 1151 4841 Christi
1197 4791 1486 4863 episcopos
1513 4796 1723 4855 dicunt.
1758 4800 1929 4861 Nemo
1978 4807 2092 4864 illic

506 4865 977 4942 archisynagogus
1004 4874 1345 4947 Judaeorum,
1378 4901 1541 4943 nemo
1566 4888 1887 4960 Samarites,
1926 4914 2090 4955 nemo

502 4954 949 5018 Christianorum
999 4970 1303 5041 presbyter,
1341 4992 1449 5032 non
1498 4983 1941 5056 mathematicus,
1977 5008 2088 5048 non

502 5063 760 5121 aruspex,
798 5070 908 5111 non
956 5060 1173 5131 aliptes.
1213 5085 1232 5117 ι
1271 5065 1422 5125 Unde
1452 5083 1642 5141 postea
1684 5075 1920 5135 Romani
1960 5099 2089 5153 pro-

502 5146 759 5202 consules
781 5158 835 5203 et
860 5155 1123 5219 praesides
1152 5159 1237 5216 his
1270 5162 1545 5223 distinctis
1578 5169 1749 5227 titulis
1780 5178 2084 5232 secundum

501 5234 759 5295 Ecclesiae
809 5251 1263 5306 consuetudinem
1317 5256 1370 5309 in
1415 5262 1914 5332 proscriptionibus
1964 5279 2085 5326 ute-

500 5329 719 5388 bantur.
755 5333 914 5393 Unde
947 5339 1008 5396 8.
1035 5342 1345 5414 Cyprianus
1369 5351 1529 5408 docet
1552 5371 1613 5409 se
1631 5329 1819 5414 fuisse
1846 5364 2084 5430 proscri-

498 5432 673 5491 ptum,
703 5430 960 5497 applicito
982 5444 1036 5489 et
1057 5437 1320 5508 adjuncto
1347 5444 1694 5515 episcopatus
1715 5452 1800 5506 sui
1834 5457 2081 5524 nomine,

494 5520 722 5587 epistola
778 5524 868 5579 55.
937 5527 1359 5602 Proscriptionis
1399 5540 1563 5595 verba
1608 5544 1804 5599 recitat
1844 5520 2076 5617 epistola

494 5610 600 5667 69:
647 5634 667 5667 ι
713 5617 770 5671 Si
802 5621 928 5689 quis
967 5632 1112 5681 tenet
1162 5629 1246 5684 vel
1288 5633 1531 5699 possidet
1568 5636 1636 5691 de
1682 5638 1840 5697 bonis
1874 5610 2075 5700 Caecilii

494 5702 755 5778 Cypriani
803 5715 1044 5787 episcopi
1082 5720 1547 5781 Christianorum.
1587 5748 1607 5780 ι
1646 5728 1799 5786 Unde
1836 5733 1927 5789 illa
1964 5738 2077 5791 col-

432 5818 441 5825 ν
494 5798 612 5872 ligit
640 5803 881 5875 optimus
916 5814 1115 5880 praesul
1151 5833 1163 5870 :
1205 5835 1223 5869 ι
1281 5814 1346 5872 Ut
1394 5819 1559 5876 etiam
1614 5823 1707 5887 qui
1750 5840 1859 5882 non
1895 5831 2078 5889 crede-

2217 3268 2383 3324 ερορο
2413 3270 2745 3330 nuncupata,
2792 3282 2811 3314 ι
2846 3265 3006 3336 cujus
3036 3269 3152 3325 haec
3184 3273 3349 3328 verba
3384 3293 3397 3328 :
3435 3278 3501 3329 Ὃ
3538 3279 3598 3331 οὐ
3644 3280 3805 3349 μόνον

2214 3344 2603 3421 διατετήρηκεν
2655 3357 2684 3407 ὁ
2727 3358 2994 3430 μακάριος
3038 3361 3194 3433 ὑμῶν
3236 3366 3535 3433 ἐπίσκοπος
3588 3344 3800 3445 Σῶτηρ,

2212 3437 2349 3493 ἀλλὰ
2382 3442 2475 3495 καὶ
2516 3445 2844 3519 ἐπηύξησεν.
2893 3471 2912 3504 ι
2965 3453 3137 3520 Quem
3184 3473 3392 3515 morem
3449 3461 3642 3519 beatus
3686 3437 3802 3535 cpi;

2213 3547 2412 3602 scopus
2461 3544 2642 3593 vester
2693 3539 2854 3597 Soter
2909 3560 3019 3600 non
3067 3551 3306 3605 servavit
3354 3556 3556 3620 solum,
3608 3572 3800 3613 verum
3891 3553 3897 3557 ’

2210 3624 2372 3679 etiam
2400 3627 2646 3698 adauxit,
2683 3651 2701 3684 ι
2743 3642 2805 3689 ut
2848 3635 3017 3692 refert
3046 3638 3337 3709 Eusebius,
3383 3645 3477 3700 lib.
3510 3662 3582 3713 IV,
3618 3663 3668 3702 c.
3702 3648 3795 3704 2'5.

2210 3714 2339 3773 Hac
2374 3726 2501 3776 tunc
2539 3721 2782 3796 Dionysii
2827 3726 2995 3785 dictio
3033 3729 3177 3786 fuit:
3210 3748 3386 3803 neque
3434 3754 3672 3808 unquam
3699 3739 3800 3793 ali-

2212 3816 2293 3863 ter
2344 3811 2561 3870 locutus
2585 3831 2705 3872 esse
2751 3818 3199 3889 deprehenditur.
3246 3824 3639 3895 Lugdunenses
3688 3828 3799 3884 fra-

2207 3907 2320 3956 tres
2365 3901 2469 3958 hoc
2510 3906 2676 3960 etiam
2736 3908 3033 3966 discrimen
3100 3922 3249 3968 caste
3298 3916 3612 3983 observant,
3664 3918 3795 3973 dum

2205 3989 2501 4049 Pothinum
2556 3998 2879 4069 episcopum
2930 4017 3090 4057 suum
3151 4006 3470 4075 appellant,
3529 4008 3794 4065 lrenaeum

2203 4099 2337 4139 vero
2363 4089 2763 4160 presbyterum,
2813 4109 2974 4164 quem
3019 4112 3213 4154 onmes
3242 4099 3476 4157 Pothino
3502 4105 3793 4175 episcopa-

2204 4184 2319 4231 tum
2352 4177 2601 4249 Lugduni
2638 4183 2918 4243 obtinente
2957 4188 3157 4245 ibidem
3195 4193 3573 4265 presbyterum
3618 4195 3793 4255 fuisse

2200 4282 2527 4341 agnoscunt.
2559 4273 2635 4330 De
2668 4278 2837 4346 priori
2879 4281 2933 4334 in
2974 4284 3201 4352 epistola
3234 4288 3301 4342 ad
3335 4289 3477 4343 Asiae
3513 4289 3791 4362 Phrygiae-

2199 4374 2306 4430 que
2338 4360 2612 4419 Ecclesias
2633 4366 2705 4421 ita
2732 4368 3033 4440 loquuntur
3070 4394 3082 4431 :
3127 4375 3187 4432 '0
3204 4378 3261 4431 δὲ
3297 4382 3564 4453 μακάριος
3599 4360 3790 4437 Πόήθει-

2197 4469 2288 4515 νος
2317 4455 2347 4506 ὁ
2393 4456 2493 4527 τὴν
2539 4456 2813 4513 διακονίαν
2859 4461 2957 4533 τῆς
2997 4467 3303 4540 ἐπισκοπῆς
3361 4473 3421 4524 ἐν
3474 4473 3790 4546 Λουγδούνῳ

2122 4533 2171 4592 D
2198 4548 2649 4618 πεπιστευμένος,
2708 4571 2727 4604 ‹
2778 4551 2979 4611 Beatus
3027 4567 3209 4613 autem
3242 4533 3531 4628 Pothinus,
3560 4566 3648 4619 cui
3682 4533 3787 4621 mi.-

2195 4636 2454 4693 nistratio
2475 4642 2828 4713 episcopatus
2857 4651 3173 4706 concredita
3196 4661 3301 4707 est.
3338 4673 3356 4706 ι
3390 4654 3465 4710 De
3490 4658 3783 4726 posteriori

2193 4725 2249 4779 in
2283 4728 2452 4784 altera
2482 4732 2550 4786 ad
2577 4731 2931 4791 Eleutherum
2963 4737 3228 4796 Romanae
3251 4725 3512 4801 Ecclesiae
3563 4748 3785 4818 episco-

2189 4833 2321 4888 pum
2363 4822 2489 4877 data
2538 4842 2551 4878 :
2606 4826 2670 4878 El
2701 4826 2810 4899 γὰρ
2854 4829 3075 4902 ᾔδειμεν
3096 4833 3260 4888 τόπον
3299 4838 3406 4889 τινὶ
3437 4828 3783 4912 δικαιοσύνην

2188 4915 2609 4983 περιποιεῖσθαι,
2626 4919 2702 4983 ὡς
2714 4922 3085 4995 πρεσϐύτερον
3102 4926 3446 4998 Ἐκκλησίας,
3472 4932 3611 5005 ὅπερ
3634 4937 3782 4988 ἐστιν

2188 5005 2276 5056 ἐπ’
2309 5006 2476 5078 αὐτῷ,
2510 5011 2568 5061 ἐν
2598 5011 2833 5082 πρώτοις
2864 5014 2930 5069 ἂν
2960 5018 3332 5090 παρεθέμεθα.
3369 5041 3389 5074 ε
3417 5022 3573 5089 Quod
3603 5027 3650 5080 si
3682 5043 3783 5082 no-

2188 5094 2273 5150 bis
2298 5108 2639 5167 compertum
2666 5114 2812 5160 esset
2840 5106 3021 5162 locum
3055 5110 3315 5180 cuiquam
3345 5114 3597 5172 conferre
3614 5118 3780 5188 justi-

2184 5187 2339 5256 tiam,
2382 5206 2506 5246 eum
2566 5202 2825 5267 tanquam
2876 5202 3254 5274 presbyterum
3304 5206 3565 5265 Ecclesiae
3607 5187 3778 5277 (hunc

2183 5281 2331 5335 enim
2363 5285 2593 5353 gradum
2625 5289 2857 5360 obtinet)
2896 5293 2993 5349 tibi
3024 5296 3297 5366 imprimis
3327 5306 3774 5363 commendasse-

2184 5387 2332 5429 mus.
2366 5394 2385 5427 ι
2420 5376 2635 5436 Diserte
2666 5383 2831 5453 igitur
2865 5384 3213 5458 distinguunt
3250 5390 3549 5449 Pothinum
3584 5396 3775 5454 Eccler

2182 5465 2279 5520 sia:
2308 5466 2690 5539 Lugdunensis
2725 5477 3067 5547 episcopum,
3093 5489 3148 5535 et
3179 5480 3443 5539 Irenaeum
3476 5496 3607 5544 tunc
3635 5500 3771 5547 tem-

2182 5560 2334 5627 poris
2386 5562 2631 5631 ejusdem
2673 5568 2933 5625 Ecclesiae
2979 5575 3392 5647 presbyterum;
3450 5583 3766 5653 episcopum

2178 5651 2343 5705 etiam
2398 5652 2751 5714 Eleutherum
2807 5672 3016 5731 patrem
3059 5678 3279 5735 vocant,
3334 5651 3597 5729 Irenaeum
3639 5651 3767 5732 tan-

2176 5747 2465 5800 tummodo
2514 5747 2761 5817 fratrem,
2815 5766 2870 5808 et
2913 5757 3149 5825 socium,
3196 5762 3282 5814 vel
3324 5765 3614 5836 collegam,
3672 5778 3769 5824 aut

2179 5847 2513 5898 consortem.
2576 5841 2639 5898 Et
2686 5846 2907 5916 quidem
2966 5849 3270 5923 Eusebius,
3318 5857 3412 5928 qui
3476 5860 3771 5934 utriusque
