4138 6412
389 388 497 444 615

1169 387 1220 443 J.
1264 385 1636 443 PEARSQMI
1674 386 2001 443 VINDICUE
2043 383 2470 443 IGNATIANAS.
2513 416 2579 428 —
2611 387 2792 443 PARS
2829 386 2892 441 ll.

3552 385 3658 442 4H

386 504 641 577 epistolae
691 514 953 575 excerpta
1006 504 1072 559 in.
1122 503 1420 561 Historiam
1478 506 1860 575 transcripsit,
1915 516 1971 562 et
1998 511 2047 567 Α
2071 504 2141 560 ad
2161 523 2193 561 ‹.
2212 503 2508 571 Ecclesiae,
2536 524 2556 558 ι
2578 505 2673 561 sed
2698 506 2766 561 ad
2793 525 2811 557 ι
2831 513 3120 577 martyres,
3144 504 3240 575 qui
3261 504 3509 574 apudeos
3523 521 3657 562 eon-

386 607 681 669 utramque
720 598 986 668 integram
1036 596 1199 668 Operi
1242 599 1318 653 De
1364 598 1687 669 martyribus
1712 594 1966 664 inseruit,

386 701 576 761 aperte
617 698 847 746 testatur
883 689 1149 745 lrenzeum
1187 707 1313 747 cum
1348 692 1453 747 ista
1498 692 1566 747 ad
1614 691 1969 746 Eleutherum

386 784 780 850 scriberentur,
836 784 1213 856 presbyterum
1259 783 1451 850 fuisse,
1487 784 1581 838 lib.
1624 799 1678 852 ν,
1708 799 1759 838 c.
1796 785 1871 837 ιε
1907 785 1970 837 Οἱ

382 877 430 930 δ’
464 875 616 929 αὑτοὶ
660 876 936 948 μάρτυρες
974 877 1070 929 καὶ
1105 875 1199 929 τὸν
1241 876 1550 948 Εἰρηναῖον,
1599 875 1971 947 πρεσϐύτερον

384 966 495 1019 τότ’
534 966 668 1019 ὄντα
726 966 825 1037 τῆς
866 967 924 1018 ὲν
975 964 1297 1038 Λουγδούνῳ
1331 966 1641 1038 παροικίας,
1692 966 1771 1037 τῷ
1801 966 1973 1038 δηλω-

385 1056 532 1109 Θέντι
566 1059 707 1109 κατὰ
734 1056 952 1128 Ῥώμην
985 1058 1269 1129 ὲπισκόπῳ
1301 1058 1585 1111 συνίστων.
1614 1076 1631 1107 ι
1672 1057 1779 1112 Sed
1806 1058 1968 1113 iidem

383 1160 655 1222 martyres
690 1149 977 1213 Irenaeum,
1012 1152 1107 1221 qui
1149 1160 1283 1207 tunc
1321 1152 1588 1221 temporis
1627 1151 1810 1205 adhuc
1845 1166 1972 1221 pre-

390 1242 580 1313 sbyter
605 1242 991 1312 Lugdunensis
1005 1252 1123 1297 erat
1141 1243 1417 1312 parteciae,
1435 1242 1751 1312 supradicto
1783 1240 1972 1297 Roma:

381 1336 644 1404 episcopo
672 1335 1149 1393 commendarunt.
1187 1355 1207 1389 ι
1256 1334 1401 1391 Idem
1440 1343 1673 1390 testatur
1704 1334 1973 1406 Hierony-

382 1441 509 1480 mus
535 1426 590 1480 in
619 1426 885 1497 Catalogo
930 1446 943 1481 :
985 1445 1004 1479 ι
1045 1426 1285 1483 [renatus
1318 1424 1539 1481 Pothini
1576 1426 1839 1496 episcopi,
1876 1425 1969 1495 qui

382 1515 804 1588 Lugdunensem
831 1518 884 1572 in
915 1517 1091 1574 Gallia
1131 1518 1354 1585 regebat
1384 1516 1709 1585 Ecclesiam,
1742 1518 1965 1588 presby-

380 1619 489 1678 ter,
512 1628 541 1665 a
560 1612 895 1681 martyribus
919 1611 1163 1681 ejusdem
1190 1612 1297 1667 loci
1319 1612 1389 1667 ob
1417 1610 1685 1681 quasdam
1714 1609 1972 1665 Ecclesiae

380 1705 715 1774 quaestiones
746 1704 956 1775 legatus
986 1703 1214 1759 Romam
1244 1704 1476 1767 missus,
1506 1702 1847 1758 honorificus
1877 1719 1971 1758 su-

379 1811 477 1865 per
506 1796 730 1850 nomine
766 1812 867 1851 suo
904 1796 971 1851 ad
1000 1796 1355 1851 Eleutherum
1394 1796 1714 1866 episcopum
1766 1795 1973 1866 perfert

380 1888 610 1942 litteras.
644 1886 843 1943 Postea
882 1888 995 1958 jam
1032 1887 1264 1943 Pothino
1290 1904 1460 1958 pr0pe
1490 1890 1864 1961 nonagenario
1903 1890 1971 1945 ob
2003 1886 2045 1941 Β

377 1978 661 2033 Christum
689 1980 954 2050 martyrio
981 1988 1244 2035 coronato
1282 1980 1338 2034 in
1385 1980 1566 2035 locum
1607 1981 1728 2052 ejus
1770 1981 1969 2038 substi-

376 2073 572 2127 tuitur.
630 2092 649 2126 ι
706 2072 875 2129 Plane
946 2082 1215 2146 martyres
1272 2073 1666 2144 Lugdunenses
1707 2075 1968 2131 Irenaeum

375 2167 559 2223 adhuc
589 2169 998 2240 presbyterum,
1025 2184 1120 2238 per
1149 2183 1312 2238 quem
1348 2169 1617 2223 miserunt
1655 2169 1965 2238 epistolam,

374 2258 676 2316 Eleuthero
705 2260 1116 2323 commendant,
1147 2259 1611 2329 quemadmodum
1646 2260 1811 2329 paulo
1843 2269 1969 2329 post

373 2352 688 2407 Alexander
739 2353 1033 2422 episcopus
1086 2353 1140 2406 in
1189 2352 1424 2415 vinculis
1481 2352 1551 2406 ad
1593 2351 1968 2408 Antiochenos

360 2445 631 2499 'scribens
650 2444 988 2500 Clementem
1010 2445 1387 2516 presbyterum
1412 2445 1480 2499 iis
1499 2445 1921 2500 commendabat
1951 2462 1964 2498 :

373 2537 559 2590 Ταῦτα
602 2537 660 2591 δὲ
703 2538 855 2609 ὑμῖν,
895 2537 1075 2610 κύριοί
1120 2555 1220 2609 μου
1269 2537 1508 2607 ἀδελφοὶ,
1560 2537 1630 2592 τὰ
1664 2536 1968 2609 γράμματα

358 2628 672 2682 ⁴ἀπέστειλα.
696 2628 784 2682 διὰ
806 2625 1123 2700 Κλήμεντος
1148 2626 1242 2683 τοῦ
1275 2628 1543 2700 μακαρίου
1569 2628 1964 2700 πρεσϐυτέρου,

370 2719 566 2791 ἀνδρὸς
596 2719 853 2792 ἐναρέτου
882 2719 975 2773 καὶ
1007 2718 1252 2789 δοκίμου.
1296 2737 1315 2770 t
1349 2717 1459 2773 Has
1495 2718 1724 2781 litteras,
1758 2716 1966 2771 domini

370 2810 594 2879 fratres,
652 2827 750 2882 per
796 2812 1015 2866 beatum
1072 2812 1452 2881 presbyterum
1503 2811 1840 2866 Clementem
1898 2810 1966 2863 ad

370 2919 473 2959 vos
506 2904 655 2967 misi,
682 2904 861 2957 virum
896 2903 1097 2958 virtute
1138 2902 1428 2973 praeditum
1478 2911 1536 2957 et
1586 2903 1898 2974 probatum.
1940 2921 1960 2954 ι

370 2995 666 3063 Eusebius,
698 2994 796 3048 lib.
826 3008 901 3059 Vl,
942 3008 992 3049 c.
1028 2994 1116 3048 lt.

442 3088 647 3144 Contra
676 3087 794 3143 haec
823 3086 1053 3143 Eusebii.
1078 3094 1132 3141 et
1171 3084 1490 3157 Hieronymi
1527 3085 1837 3141 clarissima
1872 3092 1959 3139 te-

369 3180 635 3238 stimonia
665 3178 984 3235 Blondellus
1029 3179 1256 3243 statuit,
1290 3178 1553 3233 Irenaeum
1598 3178 1807 3233 sedisse
1848 3176 1963 3247 jam

369 3273 430 3328 in
473 3272 827 3342 Lugdunensi
881 3271 1147 3326 cathedrae
1201 3269 1419 3325 Pothini
1469 3268 1597 3324 loco
1634 3284 1665 3323 a
1702 3267 1963 3323 fratribus

366 3365 729 3422 constitutum
761 3373 816 3419 et
845 3363 1062 3418 colobio
1094 3363 1479 3433 episcoporum
1518 3360 1773 3416 vestitum
1793 3401 1808 3426 ,
1835 3374 1962 3414 cum

370 3472 405 3512 a
433 3454 808 3526 delegantibus
848 3471 866 3504 ι
890 3454 1173 3524 presbyter
1197 3472 1221 3504 ι
1239 3462 1548 3507 vocaretur.
1576 3450 1643 3505 Et
1659 3467 1719 3505 ut
1745 3450 1810 3504 ad
1830 3466 1963 3505 suas

367 3556 553 3618 partes
585 3549 701 3603 haec
733 3547 1013 3601 traherent
1044 3556 1160 3600 tum
1190 3545 1279 3599 ille
1308 3554 1424 3599 tum
1459 3544 1765 3598 Salmasius
1790 3543 1962 3597 multa

367 3642 441 3695 de
469 3640 573 3695 hac
596 3656 657 3695 re
690 3640 985 3696 commenti
1016 3647 1166 3705 sunt,
1197 3646 1252 3692 et
1281 3638 1518 3707 plurima
1550 3636 1605 3690 in
1642 3634 1882 3690 Eusebio
1909 3646 1963 3689 et

368 3731 704 3803 Hieronymo
735 3732 1118 3796 observarunt,
1139 3745 1283 3801 quae,
1307 3737 1368 3783 ut
1401 3728 1575 3792 aiunt,
1600 3745 1620 3779 ι
1644 3727 1961 3797 castigatio-

367 3840 493 3880 nem
513 3834 848 3880 mereantur.
880 3844 899 3877 ι
921 3823 1123 3890 Primo,
1143 3823 1410 3878 Eusebius
1432 3830 1700 3892 martyres
1725 3820 1873 3889 ipsos
1895 3820 1961 3874 ad

367 3918 722 3974 Eleutherum
751 3917 1036 3988 epistolam
1081 3916 1404 3986 scripsisse,
1438 3930 1546 3985 qua
1578 3913 1963 3969 commendant

366 4013 635 4067 lrenteum
654 4011 1060 4081 presbyterum,
1084 4007 1569 4064 narrat.Eusebius
1585 4015 1768 4063 autem
1786 3992 1959 4077 ipsam

367 4102 657 4171 epistolam
685 4101 839 4169 vidit,
866 4115 1102 4171 eamque
1135 4101 1302 4155 etiam
1334 4100 1487 4171 operi
1512 4100 1590 4153 De
1624 4098 1960 4169 passionibus

368 4206 670 4262 martyrum
699 4208 732 4245 a
760 4208 819 4247 se
858 4193 1171 4262 conscripto
1206 4192 1471 4263 integram
1508 4192 1773 4257 inseruit,
1806 4192 1961 4247 ideo-

366 4300 478 4356 que
504 4302 535 4339 a
562 4285 767 4355 quibus
795 4294 848 4340 et
871 4286 1092 4355 quando
1116 4286 1428 4355 conscripta
1450 4294 1555 4353 est,
1579 4284 1834 4355 ignorare
1851 4300 1961 4341 non

367 4378 568 4450 potuit.
600 4377 751 4434 Idem
780 4387 1019 4433 testatur
1046 4386 1103 4433 et
1135 4377 1523 4449 Hieronymus,
1554 4376 1645 4447 qui
1687 4378 1824 4433 vidit
1852 4376 1961 4434 Eu-

365 4470 508 4526 sebii
553 4471 632 4525 De
670 4472 1001 4541 martyribus
1044 4470 1321 4541 opuscula.
1362 4469 1573 4541 Negant
1604 4470 1657 4523 hi
1689 4486 1719 4524 a
1751 4479 1959 4542 marty-

2072 597 2333 653 summati
2364 604 2515 663 sunt,
2539 616 2558 650 ι
2589 605 2777 667 aperte
2819 596 3166 652 referendum
3195 605 3310 664 est;
3348 598 3656 666 exprimere

2070 686 2215 740 enim
2250 686 2424 740 voluit
2451 686 2505 741 id
2534 688 2681 757 quod
2713 688 3008 757 scripserat
3034 686 3329 753 Eusebius,
3345 688 3395 740 oi
3417 689 3473 741 δὲ
3504 688 3657 742 αὐτοὶ

2075 776 2379 849 μάρτυρες.
2398 776 2650 835 Secundo
2676 778 2897 834 Eusebii
2922 788 2979 834 et
2996 778 3310 849 Hieronymi
3331 781 3656 835 sententiam

2071 870 2219 925 clare
2276 872 2331 928 in
2389 869 2633 927 Historia
2681 873 3049 942 descriptam,
3089 881 3143 927 et
3193 873 3429 943 exipsis
3471 890 3657 928 rerum

2071 980 2340 1039 gestarum
2401 968 2774 1024 monumentis
2804 968 3381 1035 deductam,refellere
3408 984 3466 1024 se
3497 984 3659 1039 posse

2073 1066 2258 1127 sperat
2290 1076 2359 1115 ex
2410 1060 2479 1115 iis
2510 1076 2636 1130 quae
2680 1060 2749 1114 ab
2783 1058 3022 1115 Eusebio
3064 1069 3119 1114 et
3165 1058 3496 1131 Hieronymo
3527 1060 3658 1114 alibi

2072 1149 2273 1218 scripta
2322 1158 2487 1214 sunt,
2516 1165 2712 1219 nempe
2739 1150 2793 1203 in
2837 1149 3147 1205 Chronicis.
3186 1149 3259 1204 Ut
3298 1151 3402 1205 hoc
3438 1150 3654 1216 etliciat,

2072 1239 2286 1309 profert.
2325 1256 2393 1295 ex
2427 1239 2702 1311 Scaligero
2731 1241 2896 1296 verba
2944 1240 3165 1296 Eusebii
3211 1241 3396 1296 Graeca
3418 1283 3432 1307 ,
3463 1241 3555 1295 ubi
3584 1241 3653 1295 ad

2074 1348 2281 1388 annum
2314 1331 2484 1387 Marci
2514 1332 2777 1387 Antonini
2821 1333 3115 1401 septimum
3162 1332 3445 1402 passiones
3473 1330 3654 1402 ,Poly-

2073 1426 2226 1495 carpi
2256 1433 2311 1480 et
2358 1432 2668 1497 martyrum
2698 1424 3104 1479 Gallicanorum
3134 1424 3297 1479 simul
3323 1423 3655 1479 referuntur.

2076 1521 2180 1577 Sed
2215 1522 2269 1576 in
2300 1520 2513 1579 Latinis
2546 1520 2886 1593 Hieronymi,
2911 1520 3092 1577 verba
3111 1523 3190 1576 sie
3218 1536 3276 1576 se
3306 1520 3508 1576 habent
3534 1537 3547 1571 :

2150 1678 2169 1711 ο
2198 1657 2589 1717 Persecutione
2611 1669 2731 1716 orta
2753 1661 2809 1715 in
2834 1660 2964 1715 Asia
2990 1660 3326 1732 Polycarpus
3349 1668 3403 1715 et
3430 1658 3659 1715 Pionius

2074 1752 2261 1808 fecere
2283 1753 2628 1825 martyrium,
2644 1768 2879 1824 quorum
2904 1753 3120 1822 scripta
3135 1766 3352 1823 quoque
3376 1751 3659 1822 passiones

2073 1842 2347 1899 feruntur.

2563 1949 2775 1998 QUARTA
2812 1948 3163 1988 PERSECUTIO.

2148 2064 2168 2097 ε
2200 2044 2445 2099 Plurimi.
2482 2045 2537 2099 in
2585 2044 2759 2100 Gallia
2791 2045 3027 2114 gloriose
3080 2045 3150 2099 ob
3197 2042 3405 2098 Christi
3453 2057 3653 2096 nomen

2069 2136 2376 2203 interfecti;
2409 2146 2644 2206 quorum
2680 2151 2856 2205 usque
2901 2135 2955 2188 in
2996 2142 3318 2204 praesentem
3349 2133 3493 2189 diem
3523 2149 3657 2190 con-

2069 2227 2183 2283 dita
2214 2227 2372 2283 libris
2402 2226 2702 2281 certamina
2732 2234 3102 2296 perseverant.
3136 2244 3155 2276 ι

2141 2360 2338 2431 Liquet
2388 2375 2456 2415 ex
2516 2359 2603 2415 his
2658 2359 2881 2425 verbis,
2937 2358 3234 2415 Eusebium
3298 2358 3657 2415 celeberrima

2068 2453 2330 2524 martyria
2370 2452 2473 2507 sub
2507 2450 2691 2506 Marco
2722 2450 2999 2506 Antonino
3038 2450 3181 2506 facta
3209 2451 3263 2505 in
3299 2451 3447 2505 hunc
3483 2467 3654 2505 unum

2068 2544 2249 2599 locum
2295 2544 2628 2614 conjecisse;
2664 2559 2841 2613 neque
2867 2544 3013 2597 enim
3050 2559 3144 2613 per
3179 2554 3351 2598 totum
3392 2543 3655 2598 Antonini

2069 2635 2361 2705 imperium
2414 2635 2642 2691 alterius
2688 2635 2855 2690 ullius
2914 2635 3161 2706 martyrii
3219 2636 3489 2690 meminit.
3548 2632 3655 2691 Ubi

2069 2726 2235 2797 igitur
2258 2735 2470 2797 quartae
2495 2726 2892 2796 persecutionis
2921 2727 3255 2781 mentionem
3290 2726 3439 2793 facit,
3463 2728 3654 2783 eodem

2068 2818 2189 2873 loco
2210 2819 2322 2873 duo
2356 2818 2595 2889 insignia
2626 2817 2908 2889 martyria,
2941 2833 3109 2872 unum
3148 2818 3202 2871 in
3235 2817 3387 2883 Asia,
3422 2819 3655 2873 alterum

2068 2911 2121 2965 in
2142 2911 2317 2965 Gallia
2344 2910 2483 2965 facta
2508 2920 2939 2966 commemorat:
2965 2926 3075 2965 non
3099 2909 3243 2980 quod
3268 2911 3456 2965 eodem
3484 2925 3655 2975 anno,

2068 3003 2162 3057 scd
2192 3003 2296 3059 sub
2329 3004 2518 3058 eadem
2560 3002 2970 3072 persecutione,
3009 3002 3112 3057 hoc
3140 3010 3221 3056 est
3260 3003 3362 3058 sub
3405 3001 3653 3071 ejusdem

2067 3094 2327 3149 Antonini
2362 3094 2594 3163 imperio
2630 3100 2925 3163 utrumque
2968 3092 3276 3162 contigerit.
3305 3091 3455 3146 lianc
3485 3091 3657 3146 Euse-

2068 3185 2141 3239 bii
2177 3195 2412 3241 mentem
2445 3184 2618 3239 fuisse
2645 3184 2823 3253 palam
2859 3192 2976 3249 est;
3012 3198 3138 3236 nam
3174 3184 3228 3236 in
3254 3181 3496 3237 Historia
3530 3187 3656 3251 post

2066 3280 2400 3333 Chronicum
2456 3291 2723 3332 canonem
2773 3276 3011 3345 scripta,
3067 3275 3160 3329 ubi
3210 3275 3278 3329 de
3323 3275 3486 3329 rebus
3520 3274 3655 3343 ipsis

2066 3368 2244 3426 fusius
2272 3366 3268 3441 agitur,persecutimiemGallicanam
3295 3367 3362 3420 ad
3377 3366 3651 3419 decimum

2065 3463 2361 3532 septimum
2398 3460 2641 3529 ejusdem
2706 3459 2971 3515 Antonini
3018 3474 3225 3513 annum
3262 3459 3450 3511 refert.
3488 3457 3653 3509 Blon-

2065 3555 2242 3610 dellus
2269 3569 2379 3608 non
2413 3562 2628 3608 tantum
2657 3552 2877 3606 unicam
2911 3551 3053 3605 hanc
3076 3550 3534 3619 persecutionem,
3555 3546 3652 3601 sed

2064 3648 2255 3702 eodem
2288 3661 2434 3699 anno
2466 3646 2523 3698 in
2550 3644 2677 3699 Asia
2710 3644 2981 3713 inceptam
3009 3643 3062 3696 in
3092 3641 3266 3696 Gallia
3294 3640 3504 3693 finitam
3528 3654 3653 3693 esse

2065 3739 2275 3800 statuit,
2325 3753 2513 3792 errore
2556 3736 2711 3807 gravi
2758 3745 2921 3805 atque
2974 3734 3288 3789 manifesto.
3319 3733 3503 3786 Monet
3536 3732 3654 3801 ipse

2064 3832 2334 3887 Eusebius
2359 3829 2672 3885 Gallicanos
2708 3830 2967 3900 martyria
2998 3828 3234 3882 subiisse
3253 3868 3268 3892 ,
3296 3826 3654 3897 σφοδρότερον

2063 3923 2549 3996 ἀναρῤιπισοέντος
2594 3920 2689 3975 τοῦ
2744 3920 2867 3974 καθ’
2901 3919 3059 3990 ἡμῶν
3122 3918 3358 3989 διωγμοῦ
3386 3957 3400 3982 ,
3468 3935 3487 3968 ‹
3525 3931 3651 3970 cum

2058 4015 2173 4086 jam
2215 4015 2509 4069 violentius
2542 4011 2866 4067 resuscitata
2889 4021 2943 4065 et
2968 4025 3261 4065 reaccensa
3283 4019 3427 4063 esset
3449 4016 3646 4063 contra

2062 4107 2411 4163 Christianos
2460 4104 2789 4175 persecutio,
2836 4113 2891 4157 et
2933 4101 3150 4171 quidem
3214 4101 3268 4155 in
3313 4100 3645 4171 quihusdam

2063 4210 2245 4256 ιρι-τω*
2265 4198 2536 4268 partibus.
2579 4216 2597 4248 ι
2649 4195 2966 4251 Persecutio
3010 4194 3113 4249 sub
3146 4192 3330 4248 Marco
3381 4200 3502 4246 orta
3552 4207 3652 4261 per

2063 4292 2267 4348 mullos
2320 4304 2495 4344 annos
2545 4287 2782 4352 duravit,
2806 4302 2954 4340 nunc
2998 4285 3051 4339 in
3082 4284 3204 4351 hac,
3274 4298 3420 4338 nunc
3453 4284 3509 4337 in
3556 4283 3649 4338 illa

2061 4380 2343 4453 provincia
2362 4388 2630 4451 grassata,
2654 4394 2754 4447 pro
2782 4376 2968 4431 furore
2999 4376 3205 4446 populi,
3236 4384 3331 4429 aut
3354 4374 3649 4445 praesidum

2063 4476 2407 4532 crudelitate.
2449 4472 2563 4527 Sub
2592 4472 2736 4525 Asiae
2774 4470 3104 4540 proconsule
3140 4468 3419 4535 Quadrato
3452 4482 3650 4536 passus

363 4566 525 4621 ribus
550 4565 809 4634 scriptam
841 4580 999 4631 esse;
1035 4564 1339 4620 Salmasius
1370 4564 1439 4617 ab
1469 4563 1761 4633 episcopis,
1787 4563 1955 4618 Blon—
1988 4582 2034 4638 ι)
2062 4576 2146 4624 est
2166 4566 2502 4637 Polycarpus
2552 4563 2842 4633 episcOpus
2906 4562 3191 4633 Smyrnae;
3257 4560 3361 4615 sub
3413 4558 3649 4613 Servilio

362 4658 544 4714 dellus
584 4672 614 4711 a
649 4656 916 4713 fratribus
951 4658 1132 4713 datam
1173 4657 1495 4711 hariolatur.
1524 4656 1831 4711 Blondellus
1861 4672 1959 4726 pro

362 4766 463 4806 sua
496 4752 766 4807 sententia
790 4749 1066 4805 Ruftinum
1089 4749 1322 4804 advocat
1353 4747 1572 4803 Eusebii
1603 4746 1955 4815 interpretem

360 4862 474 4904 non
509 4841 644 4901 satis
687 4854 1030 4901 accuratum.
1063 4842 1221 4899 Hunc
1266 4843 1383 4897 vult
1425 4840 1734 4897 Eusebiana
1769 4838 1957 4894 Grzet-a

361 4937 442 4991 ita
476 4935 781 4991 reddidisse
804 4943 864 4989 ut
885 4935 955 4990 ab
977 4928 1237 4989 Ecclesiis
1261 4931 1583 4996 Galliarum,
1616 4946 1723 4984 non
1750 4944 1780 4982 a
1805 4942 1956 4982 mar-

363 5027 585 5099 tyribus
607 5041 672 5080 ea
694 5025 927 5096 epistola
952 5024 1155 5094 scripta
1187 5023 1278 5078 sit.
1310 5020 1416 5077 Sed
1450 5022 1567 5076 hare
1596 5028 1692 5075 aut
1718 5036 1787 5074 ex
1813 5019 1957 5075 osci-

361 5118 557 5181 tantia,
587 5126 683 5172 aut
720 5116 1010 5171 manifesta
1051 5114 1241 5170 fraude
1270 5112 1513 5185 profecta
1542 5120 1690 5168 sunt.
1709 5109 1955 5166 Ruflinns

360 5212 529 5268 refert
552 5211 818 5267 ecclesias
842 5209 1139 5265 Galliarum
1171 5207 1481 5277 scripsisse,
1502 5205 1761 5274 epistolas
1808 5219 1955 5258 mar-

363 5318 569 5377 tyrum,
602 5306 698 5375 qui
741 5305 885 5374 apud
933 5318 1032 5358 eos
1078 5300 1446 5357 consummati
1494 5299 1735 5364 fuerant,
1770 5295 1953 5367 profe-

359 5408 565 5462 rentes,
590 5413 730 5467 quas
766 5397 843 5451 illi
877 5395 931 5449 in
965 5394 1197 5449 vinculis
1229 5408 1326 5462 per
1351 5391 1539 5446 Asiam
1571 5398 1626 5445 et
1651 5389 1950 5460 Phrygiam

360 5488 626 5543 fratribus
667 5486 1100 5543 consistentibus
1149 5484 1522 5553 scripserant;
1563 5491 1617 5535 et
1656 5479 1952 5535 Eleuthcro

362 5580 517 5639 urbis
557 5578 748 5635 Romae
789 5580 1075 5648 episcopo,
1111 5578 1177 5632 de
1196 5590 1329 5647 pace
1355 5591 1479 5630 eum
1521 5574 1780 5630 Ecclesiae
1801 5589 1952 5629 com-

359 5681 683 5738 monentes;
711 5671 916 5741 quique
938 5670 1100 5725 etiam
1127 5669 1390 5723 Irenaeum
1420 5667 1794 5737 presbyterum
1820 5675 1950 5721 tunc

360 5762 545 5819 adhuc
559 5760 815 5816 Ecclesia:
833 5758 1236 5829 Lugdunensis,
1254 5758 1567 5826 supradicto
1589 5756 1739 5812 urbis
1762 5757 1949 5813 Romae

363 5855 624 5923 episcopo
639 5851 1120 5908 commendabant.
1155 5872 1172 5905 ι
1198 5850 1303 5908 Ub:
1334 5850 1464 5908 illud
1502 5853 1743 5922 «quique
1769 5870 1787 5903 ι
1836 5866 1944 5906 nou

2059 4656 2389 4729 proconsule
2436 4653 2661 4725 Sagaris
2706 4653 3000 4722 episcopus
3054 4650 3358 4705 Laodiceae.
3407 4649 3649 4704 Durante

2060 4750 2168 4804 hac
2208 4748 2631 4818 persecutione,
2692 4762 2712 4796 ι
2762 4743 3041 4797 Antonino
3094 4740 3409 4810 imperatori
3464 4739 3648 4795 Melite

2058 4839 2297 4893 Asianus
2352 4835 2669 4890 Sardiensis
2720 4834 3015 4903 cpiscopus
3076 4830 3490 4901 Apologeticum
3545 4844 3648 4899 pro

2058 4928 2397 4985 Christianis
2430 4926 2675 4987 tradidit,
2710 4943 2729 4976 ι
2768 4933 2827 4978 ιιι
2859 4922 3128 4978 Eusebius
3159 4923 3213 4976 in
3256 4922 3536 4976 Chronico
3578 4922 3646 4975 ad

2057 5033 2263 5073 annum
2294 5018 2415 5086 ejus
2446 5015 2744 5071 decimum.
2785 5033 2803 5065 ι
2830 5012 3017 5077 Recte,
3064 5012 3244 5081 inquit
3296 5010 3544 5067 Valesius
3576 5010 3645 5065 ad

2055 5109 2259 5166 Euseb.
2290 5112 2385 5165 lib.
2419 5126 2494 5176 Iv,
2519 5125 2567 5164 c.
2597 5108 2687 5175 26,
2714 5107 2767 5162 id
2798 5106 3033 5161 refertur
3056 5120 3201 5158 anno
3226 5101 3293 5157 10
3317 5101 3484 5157 Marci
3520 5103 3637 5157 An-

2058 5203 2250 5270 tonini,
2280 5217 2428 5257 anno
2470 5202 2678 5258 scilicet
2712 5208 2836 5270 post
2882 5207 3115 5252 mortem
3170 5194 3233 5249 L.
3268 5195 3415 5250 Veri.
3448 5214 3467 5247 ι
3497 5194 3641 5250 Idem

2055 5306 2239 5351 autem
2268 5295 2335 5349 ad
2367 5293 2705 5348 Procemium
2734 5291 2858 5346 libri
2883 5289 3061 5360 quinti
3091 5298 3247 5344 notat
3269 5289 3374 5343 hoc
3400 5288 3543 5341 male
3573 5288 3644 5342 ab

2056 5390 2292 5445 Eusebio
2357 5387 2594 5451 factum;
2655 5387 3020 5453 observatque
3088 5381 3398 5436 Melitenem
3454 5379 3640 5434 Marco

2055 5480 2378 5550 Apologiam
2420 5476 2643 5531 dedisse
2680 5474 2784 5529 sub
2824 5474 2984 5528 linem
3014 5472 3135 5543 ejus
3178 5471 3416 5540 imperii.
3476 5470 3639 5525 Certe

2053 5572 2145 5627 illa
2161 5583 2353 5641 quarta
2394 5567 2699 5638 persecutio
2724 5567 2778 5620 in
2802 5566 2932 5620 Asia
2957 5565 3179 5620 duravit
3201 5579 3375 5633 usque
3403 5564 3471 5619 ad
3500 5565 3635 5619 illud

2051 5671 2266 5730 tempus
2296 5676 2405 5729 quo
2430 5657 2884 5729 scripsitMclito,
2913 5656 3029 5712 sive
3052 5656 3144 5711 ille
3173 5656 3241 5710 10
3262 5655 3431 5711 Marci
3460 5670 3632 5722 anno,

2052 5755 2168 5809 sive
2191 5754 2295 5807 sub
2317 5752 2479 5808 linem
2512 5751 2726 5821 imperii
2756 5752 2878 5821 ejus
2904 5750 3222 5821 Apologiam
3255 5750 3472 5814 obtulit,
3495 5750 3633 5813 sive,

2051 5846 2196 5917 quod
2228 5861 2327 5918 ego
2351 5861 2537 5901 verum
2570 5859 2691 5901 esse
2723 5852 2876 5915 puto,
2907 5843 3089 5900 medio
3113 5843 3254 5900 inter
3302 5845 3415 5900 haec
3462 5842 3638 5898 inter-
