4138 6388
354 387 459 441 M7

1122 380 1173 436 J.
1211 379 1576 436 PEARSONII
1614 377 1934 435 V’lelCle
1976 374 2404 434 lGNATIAN.E.
2447 407 2515 417 -—
2548 374 2727 431 PARS
2757 374 2822 430 Il.

3510 378 3621 437 “8

350 504 471 574 ejus
508 503 745 570 Symeon
772 502 985 572 Cleopa:
1013 500 1159 555 ﬁlius
1202 501 1494 570 episcopus
1520 500 1925 555 constituitur.»
1964 507 2006 561 Α
2037 498 2199 552 cienti
2250 497 2553 553 videbatur.
2608 496 2993 567 Presbyterum
3049 495 3270 565 quidem
3337 508 3399 551 se
3473 506 3625 554 locat

352 594 418 649 Et
439 595 657 649 statim:
712 592 975 663 ’Δρχεται
1022 592 1077 645 δὲ
1110 594 1139 645 ό
1170 590 1429 655 Θέὅουθις
1461 591 1549 645 διὰ
1584 592 1643 644 τὸ
1680 592 1753 662 μὴ
1788 591 1935 659 γενέ-

353 687 477 740 σθαι
510 685 674 739 αὐτὸν
708 685 1004 738 ἐπίσκοπον
1039 682 1408 754 ὑποφθείρειν.
1434 702 1452 731 ι
1477 681 1694 735 Primus
1717 679 1936 735 Thebu~

354 777 648 848 this,quod
682 778 974 846 episcopus
1004 774 1181 829 lactus
1212 791 1320 829 non
1349 774 1443 837 sit,
1489 772 1791 827 Ecclesiam
1848 788 1937 828 oc-

355 872 501 925 culte
531 870 729 925 vitiare
762 884 1056 939 aggressus
1079 878 1181 923 est.
1215 888 1233 920 ›
1268 866 1347 921 lla
1381 882 1598 935 semper
1648 865 1936 935 episcopos

355 980 457 1019 suo
482 963 706 1016 nomine
734 961 1007 1031 indigitat,
1038 975 1318 1029 nunquam
1359 958 1707 1029 presbyteros
1748 964 1935 1019 vocat,

355 1054 738 1124 apostolorum
772 1052 1115 1122 temporibus
1146 1052 1434 1122 proximus
1464 1048 1823 1120 Hegesippus.
1859 1049 1936 1105 lla

354 1148 672 1219 Polycrates
705 1145 1111 1216 Ephesinorum
1143 1144 1455 1213 episcopus,
1496 1144 1550 1195 in
1582 1143 1813 1211 epistola
1868 1142 1936 1196 ad

356 1239 633 1293 Victorem
682 1253 878 1308 papam
906 1279 921 1300 ,
968 1238 1036 1291 de
1067 1237 1341 1306 episcopis
1386 1252 1603 1304 semper
1655 1234 1937 1305 lgnatiano

356 1346 507 1386 more
533 1330 808 1398 loquitur:
849 1329 969 1381 Ἔτι
989 1328 1044 1380 δὲ
1061 1328 1153 1381 καὶ
1170 1327 1528 1398 Πολύκαρπος
1560 1329 1589 1379 ὁ
1623 1329 1681 1379 ὲν
1713 1327 1938 1399 Σμύρνῃ

356 1423 449 1477 mi.
483 1421 783 1483 ἐπίσκοπος
835 1419 928 1473 καὶ
983 1419 1210 1490 μάρτυς,
1247 1418 1340 1471 καὶ
1373 1418 1619 1489 Θρασέας
1669 1419 1762 1471 καὶ
1816 1417 1937 1471 ἐπε-

360 1531 560 1577 σκοπος
594 1513 688 1565 καὶ
727 1512 937 1583 μάρτυς
969 1510 1076 1563 ἀπὸ
1110 1510 1411 1580 Εὑμενίας.
1452 1509 1517 1561 Τί
1550 1509 1605 1562 δὲ
1646 1510 1725 1562 δεῖ
1757 1508 1935 1578 λέγειν

358 1608 596 1676 Σὰγαριν
632 1604 724 1658 καὶ
758 1603 1059 1657 ἐπίσκοπον
1094 1602 1185 1656 καὶ
1232 1602 1519 1673 μάρτυρας
1565 1600 1938 1672 ιΡοΙγοπριιε

358 1713 581 1768 quoque
618 1696 713 1767 qui
766 1696 909 1765 apud
967 1693 1259 1766 Smyrnam
1302 1696 1594 1764 episcopus
1624 1704 1679 1750 et
1732 1705 1939 1765 martyr

360 1789 484 1855 luit,
515 1790 758 1857 itemque
783 1787 1060 1842 Thraseas
1084 1785 1361 1840 Eumenis:
1390 1787 1682 1856 episcopus
1704 1795 1759 1841 et
1788 1803 1938 1843 mar-

2035 592 2377 661 Anonymus,
2410 589 2656 644 Zoticum
2691 590 2854 644 etiam
2881 588 3169 653 Otrenum,
3213 600 3267 643 et
3302 588 3623 661 Ancyram-

2039 698 2161 735 rum
2191 682 2634 753 presbyterorum
2666 682 2997 735 mentionem
3032 680 3191 747 facit;
3228 682 3320 736 sed
3353 682 3455 736 hos
3504 698 3625 737 om-

2038 788 2137 828 nes
2179 773 2471 842 episcopos
2512 773 2626 827 sive
2655 772 2819 841 primi
2848 772 3059 827 Ordinis
3089 772 3399 828 sacerdotes
3432 773 3623 838 luisse,

2038 882 2104 921 ex
2138 867 2254 935 ipsa
2284 875 2562 936 gestorum
2606 867 2926 921 narratione
2951 867 3207 937 colligere
3238 883 3295 922 se
3328 883 3490 937 posse
3525 884 3628 936 pu-

2038 957 2173 1013 tavit
2217 958 2304 1012 vir
2352 958 2728 1023 doctissimus,
2774 974 2898 1013 cum
2954 968 3133 1012 tamen
3167 959 3233 1012 ad
3283 960 3621 1028 probandum

2041 1060 2136 1104 aut
2186 1049 2361 1117 ipsius
2407 1050 2667 1120 anonymi
2716 1059 2811 1104 aut
2839 1049 3013 1104 Zotici
3045 1053 3473 1123 compreshytcri
3513 1054 3627 1122 upi-

2042 1151 2326 1210 sc0patum
2358 1157 2425 1196 ex
2471 1141 2700 1196 historia
2750 1141 2886 1197 nihil
2918 1143 3125 1199 allerat.
3165 1144 3233 1198 Et
3276 1146 3496 1215 quidem
3528 1160 3629 1215 pro

2041 1234 2303 1304 anonymi
2340 1234 2516 1302 ipsius
2546 1233 2871 1303 episcopatu
2917 1236 3049 1304 quid
3099 1236 3279 1291 afferri
3312 1239 3485 1306 possit
3515 1254 3624 1294 non

2042 1324 2222 1385 video,
2250 1324 2296 1377 si
2340 1324 2507 1378 verba
2559 1324 2701 1394 apud
2751 1323 3047 1381 Eusebium
3095 1337 3339 1397 spectes;
3385 1330 3530 1399 quod
3579 1330 3627 1384 si

2043 1411 2319 1470 Bullinum
2336 1417 2690 1487 interpretem
2725 1420 3002 1486 consulas,
3031 1430 3145 1486 aut,
3181 1422 3274 1491 qui
3305 1437 3429 1476 eum
3468 1439 3630 1478 secu-

2042 1516 2131 1563 tus
2177 1517 2296 1571 est,
2328 1508 2698 1581 Martyrologii
2732 1508 2966 1566 Romani
2999 1522 3281 1567 auctorem
3316 1513 3497 1568 Martii
3529 1515 3627 1580 10,

2043 1603 2149 1657 erit
2179 1603 2512 1671 Apollinaris
2555 1603 3000 1675 Hierapolitanus
3050 1606 3361 1678 episcopus.
3400 1607 3504 1663 Sed
3543 1625 3631 1663 er-

2045 1710 2198 1749 rasse
2214 1697 2489 1752 Bullinum
2517 1706 2765 1764 constat;
2798 1714 2907 1753 non
2933 1700 3078 1753 enim
3103 1700 3375 1756 Eusebius
3397 1702 3633 1757 allirmat

2043 1788 2413 1858 Apollinarem
2452 1789 2566 1845 haec
2616 1791 2928 1861 scripsisse,
2973 1794 3065 1847 sed
3112 1795 3279 1848 alium
3332 1797 3628 1865 quemdam

358 1893 466 1953 lyr.
488 1881 628 1948 Quid
655 1881 884 1951 Sagarin
911 1881 1229 1950 episcopum
1255 1880 1618 1949 eumdemque
1644 1890 1937 1951 martyrem
1971 1868 2014 1926 Β
2044 1893 2111 1932 ex
2141 1879 2525 1949 eloquentibus
2556 1883 2689 1937 viris
2733 1898 2873 1952 quos
2896 1883 3196 1953 Apollinari
3252 1886 3519 1956 adjungit,
3573 1894 3633 1941 ut

359 1975 555 2030 attinet
581 1974 797 2028 dicere?
833 1993 851 2025 ι
887 1971 1143 2041 Seipsum
1183 1972 1351 2026 etiam
1409 1973 1726 2041 episcopum
1778 1984 1941 2030 vocat
2037 1970 2372 2040 jampridem
2419 1989 2450 2028 a
2496 1974 2633 2029 viris
2684 1976 2862 2031 doctis
2912 1975 3182 2032 Halloixio
3219 1988 3272 2033 et
3316 1978 3533 2035 V'alesio
3578 1989 3635 2036 et

358 2082 469 2120 non
504 2066 689 2120 minus
730 2079 893 2133 quam
925 2061 1204 2133 lgnatius:
1262 2062 1432 2116 Ἑπτὰ
1469 2063 1567 2133 μὲν
1618 2059 1759 2134 ἦσαν
1812 2080 1941 2134 συγ-

357 2161 531 2227 γενεῖς
570 2175 659 2228 μοι
693 2158 1000 2221 ἐπίσκοποι,
1026 2155 1137 2225 ἐγὼ
1167 2156 1223 2210 δὲ
1255 2156 1461 2225 ὄγδοος·
1503 2177 1521 2209 ι
1547 2156 1763 2228 Septem
1787 2168 1944 2214 erant

358 2252 493 2305 mihi
526 2250 715 2305 aﬁlnes
738 2249 1003 2319 episcopi,
1027 2264 1128 2320 ego
1159 2260 1340 2304 autem
1367 2259 1613 2305 octavus.
1639 2270 1658 2303 ι
1692 2250 1943 2307 Ostendit

359 2358 621 2410 magnum
671 2355 796 2396 esse
824 2356 1118 2396 numerum
1160 2356 1354 2397 eorum
1410 2344 1505 2412 qui
1559 2344 1662 2399 sibi
1712 2345 1943 2401 aderant

358 2450 487 2490 cum
511 2434 579 2489 ad
602 2433 875 2487 Victorem
902 2433 1200 2490 scriberet:
1225 2449 1419 2489 omnes
1442 2437 1730 2505 episcopos
1761 2444 1938 2500 vocat,

362 2526 510 2596 quod
550 2524 792 2595 episcopi
820 2534 1029 2592 essent,
1061 2540 1165 2581 nec
1202 2541 1445 2596 unquam
1489 2528 1794 2599 presbyteri
1842 2542 1943 2583 no-

360 2620 509 2674 mine
542 2619 737 2687 utitur.
773 2616 1038 2687 Serapion
1091 2619 1317 2673 secundi
1361 2619 1547 2673 saaculi
1606 2620 1842 2689 scriptor
1874 2621 1934 2675 11

357 2710 647 2767 Commodi
686 2711 1038 2781 imperatoris
1089 2726 1234 2766 anno
1296 2710 1601 2766 Antiochia:
1650 2713 1942 2781 episcopus

363 2805 690 2867 ordinatus.
719 2803 952 2873 epistola
987 2804 1054 2857 ad
1102 2803 1357 2857 Caricum
1413 2811 1469 2857 et
1516 2801 1803 2859 Ponticum
1856 2804 1943 2859 his

362 2896 545 2951 verbis
587 2897 655 2950 de
699 2895 1016 2965 Apollinare
1061 2895 1309 2964 scripsit:
1360 2894 1631 2966 Πέπομφα
1678 2896 1805 2965 ὑμῖν
1848 2894 1942 2949 καὶ

362 2987 627 3040 Κλαυδίου
674 2985 1080 3057 ’Δπολλιναρίου
1113 2984 1206 3039 τοῦ
1258 2986 1677 3057 μακαριωτάτου
1719 2986 1944 3057 γενομέ-

361 3097 453 3133 νου
487 3082 547 3133 ὲν
591 3078 892 3151 Ἱεραπόλει
924 3078 1023 3149 τῆς
1069 3076 1251 3141 Ἀσίας
1284 3078 1584 3131 ἐπισκόπου
1617 3078 1940 3148 γράμματα.

372 3189 393 3223 ε
417 3170 731 3226 Beatissimi
762 3170 976 3225 Claudii
1009 3168 1368 3239 Apollinaris,
1400 3168 1821 3239 Hierapolitaua:
1852 3185 1943 3222 ur-

364 3264 450 3319 bis
475 3265 527 3318 in
556 3263 685 3319 Asia
716 3261 988 3332 episcopi,
1013 3261 1226 3316 litteras
1246 3261 1312 3315 ad
1353 3278 1453 3317 vos
1488 3261 1634 3316 misi.
1676 3280 1694 3311 ι
1744 3260 1800 3314 In
1839 3261 1944 3315 hac

361 3365 546 3412 autem
587 3355 819 3425 epistola
866 3355 1188 3425 legebantur
1238 3353 1516 3408 variorum
1560 3353 1943 3423 episcoporum

363 3449 818 3519 subscriptiones,
849 3448 944 3518 qui
974 3448 1196 3502 nomina
1230 3462 1357 3502 cum
1408 3447 1584 3502 titulis
1611 3446 1775 3501 simul
1834 3461 1943 3499 non

361 3542 694 3596 verebantur
725 3542 1008 3598 scribere:
1054 3553 1114 3598 ut
1170 3544 1349 3607 Αἴλιος
1399 3542 1662 3607 Πούϐλιος
1726 3542 1945 3607 Ἰούλιος

360 3631 472 3685 ἀπὸ
528 3632 790 3687 Δεϐελτοῦ
834 3635 1144 3699 Κολωνείας
1198 3635 1291 3689 τοῦ
1345 3634 1567 3706 Θρᾴκης
1626 3634 1943 3697 ἐπίσκοπος,

362 3725 569 3794 aliique
618 3726 1170 3797 complureszneque
1207 3726 1590 3796 episcoporum
1648 3727 1793 3782 ullus
1822 3742 1946 3796 pre-

361 3818 568 3888 sbyteri
598 3819 820 3873 nomine
844 3820 1139 3874 mulctatus
1155 3819 1609 3888 deprehenditur.

431 3910 704 3967 Praeterea
732 3911 1050 3982 Anonymus
1074 3912 1216 3982 apud
1244 3911 1543 3968 Eusebium
1570 3913 1607 3967 ι.
1640 3930 1694 3977 v,
1717 3929 1766 3966 c.
1798 3913 1864 3966 16
1891 3914 1944 3967 iu

360 4001 649 4071 Excerptis
680 4003 848 4057 trium
880 4003 1145 4058 librorum
1177 4019 1317 4073 quos
1355 4012 1544 4058 contra
1575 4003 1947 4074 Calaphrygas

362 4094 607 4163 scripsit,
636 4103 899 4165 perpetuo
939 4095 1255 4151 nominibus
1286 4096 1527 4165 episcopi
1566 4104 1619 4151 et
1645 4097 1945 4168 presbyteri

360 4189 619 4243 distincte
682 4198 735 4243 et
800 4197 949 4243 caste
996 4188 1204 4254 utitur;
1271 4188 1509 4259 seipsum
1567 4189 1945 4259 presbyterum

362 4280 535 4335 fuisse
578 4279 799 4345 indicat,
833 4279 1080 4335 Zoticum
1126 4278 1394 4335 Otrenum
1440 4281 1945 4352 compresbyterum

362 4374 621 4442 appellat,
646 4373 949 4444 Ancyranae
979 4371 1236 4428 Ecclesiae
1278 4374 1623 4444 presbyteros
1651 4375 1775 4437 τοὺς
1805 4374 1947 4427 κατὰ

362 4465 527 4520 τόπον
548 4465 955 4537 πρεσϐυτέρους
981 4474 1160 4531 vocat,
1192 4466 1328 4521 alios
1368 4476 1549 4521 autem
1582 4466 1783 4539 ἄνδρας
1804 4466 1947 4520 δοκί-

2043 2063 2395 2119 observatum
2450 2075 2503 2120 et
2549 2067 2766 2122 abunde
2824 2070 3112 2139 probatum
3164 2079 3267 2126 est.
3318 2072 3395 2128 De
3442 2073 3632 2131 Zotico

2041 2154 2187 2224 quod
2216 2156 2311 2220 ait,
2344 2158 2694 2225 apertissima
2738 2157 2955 2214 fallacia
2984 2169 3087 2216 est.
3134 2160 3379 2217 Zoticum
3410 2164 3630 2232 quidem

2044 2247 2544 2317 compresbyterum
2598 2264 2758 2303 suum
2802 2259 2996 2316 vocat,
3040 2253 3143 2308 sibi
3176 2254 3229 2307 in
3264 2254 3635 2323 disputatione

2043 2352 2169 2391 cum
2218 2336 2567 2395 Montanistis
2616 2350 2920 2409 astantem;
2946 2343 3194 2399 Zoticum
3222 2347 3389 2401 etiam
3420 2346 3633 2417 episco-

2042 2445 2171 2499 pum
2202 2440 2395 2498 vocat;
2433 2432 2528 2487 sed
2568 2432 2658 2489 ille
2687 2450 2851 2504 quem
2888 2437 3395 2509 compresbyterum
3446 2440 3633 2510 appel-

2046 2522 2143 2584 lat,
2178 2520 2417 2578 Otrenus
2466 2522 2605 2591 luit;
2639 2524 2731 2579 ille
2778 2541 2941 2595 quem
2989 2529 3309 2599 episcopum
3358 2533 3630 2599 nominat,

2046 2614 2430 2671 Comanensis.
2463 2615 2656 2672 Otrum
2709 2619 2765 2672 in
2811 2617 3047 2692 Phrygia
3100 2621 3633 2690 Salutari,Comena

2046 2706 2101 2759 in
2129 2708 2387 2762 Armenia
2416 2710 2654 2764 secunda
2688 2709 2810 2765 fuit.
2858 2709 3095 2768 Otrenus
3138 2713 3241 2784 ipsi
3272 2725 3454 2770 astare
3498 2717 3635 2772 dici-

2045 2807 2156 2863 tur,
2187 2814 2312 2854 cum
2340 2801 2453 2868 jam
2500 2802 2567 2855 15
2611 2812 2738 2871 post
2766 2813 2998 2859 mortem
3037 2805 3351 2863 Maximilla
3373 2811 3501 2865 anni
3532 2811 3635 2865 llu-

2045 2891 2253 2946 xisscut
2273 2910 2287 2959 ;
2311 2890 2673 2949 Comanensis
2692 2897 3027 2952 examinavit
3048 2900 3297 2969 spiritum
3325 2901 3634 2959 Maximilla:

2044 2985 2173 3040 dum
2222 2987 2401 3041 adhuc
2446 2987 2651 3042 viveret
2692 2997 2747 3043 et
2805 2990 3093 3045 insaniret.
3130 2991 3249 3048 Duo
3295 2994 3462 3065 igitur
3490 2999 3631 3068 apud

2044 3094 2375 3151 anonymum
2411 3078 2583 3134 Zotici
2634 3079 2891 3147 luerunt,
2943 3085 3229 3155 presbyter
3270 3084 3507 3143 Otrenus
3531 3131 3547 3155 ,
3580 3100 3636 3145 et

2049 3172 2339 3241 episcopus
2366 3172 2747 3229 Comanensis.
2784 3172 2932 3229 Vidit
2973 3175 3089 3231 hazc
3120 3179 3635 3247 perspieaeissimus

2050 3260 2116 3314 Η.
2149 3261 2401 3317 Valesius
2430 3272 2485 3317 et
2514 3264 2821 3331 admonuit,
2854 3284 2874 3316 ι
2910 3266 3359 3338 distinguendum
3405 3272 3493 3327 hic
3528 3272 3636 3327 Zo-

2047 3355 2217 3409 ticum
2249 3354 2516 3409 Olrenum
2568 3370 2599 3409 a
2649 3354 2838 3411 Zotico
2866 3356 3230 3425 Comanensi;
3279 3377 3405 3415 nam
3431 3362 3634 3419 Coma-

2047 3447 2233 3500 neusis
2258 3446 2347 3499 ille
2375 3447 2655 3517 antiquior
2676 3446 2798 3501 fuit.
2832 3467 2851 3499 ι
2886 3447 2999 3502 Cur
3020 3461 3203 3504 autem
3230 3452 3375 3519 illos,
3405 3456 3499 3523 qui
3531 3455 3632 3511 Ec-

2050 3537 2234 3591 clesia:
2283 3538 2586 3607 Aneyranae
2638 3539 2941 3609 presbyteri
2996 3551 3302 3609 vocantur,
3344 3545 3633 3615 episc0pos

2047 3632 2232 3696 iaciat,
2264 3634 2456 3686 miram
2496 3633 2763 3687 rationem
2794 3634 2950 3689 aﬂ‘ert
2980 3634 3209 3692 Dallazus
3236 3654 3251 3691 :
3283 3653 3477 3707 nempe
3504 3640 3633 3709 quia

2050 3739 2381 3794 anonymum
2424 3743 2444 3775 ‹
2484 3734 2776 3796 rogarant,
2816 3735 2877 3781 ut
2904 3742 3027 3797 quae
3056 3743 3241 3781 coram
3285 3729 3419 3799 ipsis
3443 3730 3636 3800 dispu-

2046 3824 2290 3881 taverat,
2342 3816 2537 3872 litteris
2602 3820 2863 3874 mandare
2907 3820 3084 3875 vellet.
3136 3819 3227 3874 Illa
3276 3823 3423 3876 enim
3476 3838 3632 3889 cura,

2050 3909 2245 3979 inquit,
2271 3911 2488 3979 proprie
2530 3911 2596 3965 ad
2635 3913 2957 3982 praepositos
2998 3914 3158 3983 primi
3202 3915 3412 3970 ordinis
3459 3919 3636 3987 peni-

2046 4012 2161 4057 net.
2208 4022 2226 4055 ›
2265 4003 2454 4073 Papte!
2499 4003 2631 4059 Erat
2667 4006 2897 4077 Ancyrae
2933 4022 3239 4078 anonymus
3282 4017 3376 4062 :et
3415 4010 3635 4063 οἱκατὰ

2047 4097 2211 4148 τόπον
2258 4095 2619 4167 πρεσϐύτεροι
2664 4098 2763 4165 (ut
2814 4098 2977 4166 paulo
3018 4109 3174 4166 ante,
3212 4101 3244 4170 ἡ
3288 4100 3430 4154 κατὰ
3468 4102 3633 4155 τόπον

2064 4187 2402 4259 Ἐκκλησία),
2432 4189 2535 4243 hoc
2565 4198 2669 4256 est,
2697 4209 2714 4240 ι
2740 4191 2858 4259 ejus
2890 4191 3014 4256 loci,
3046 4208 3138 4246 seu
3174 4192 3429 4248 Ecclesia:
3453 4194 3634 4266 Ancy-

2048 4296 2195 4335 rana?
2226 4282 2547 4353 presbyteri,
2580 4302 2598 4330 ι
2637 4283 2742 4339 hoc
2781 4285 2849 4338 ab
2873 4300 2940 4338 eo
2977 4285 3275 4354 postulant.
3319 4285 3401 4340 An
3446 4286 3633 4355 pluris

2051 4381 2181 4427 tunc
2237 4374 2498 4443 temporis
2555 4375 2787 4446 Ancyra:
2844 4386 2999 4431 erant
3068 4378 3349 4447 episcopi?
3409 4377 3635 4434 Minime

2048 4477 2215 4521 certe.
2247 4466 2328 4520 An
2374 4483 2567 4534 rogare
2607 4469 2843 4539 aliquem
2878 4476 2938 4523 ut
2986 4469 3210 4533 scribat,
3270 4470 3506 4525 ollicium
3543 4481 3629 4526 est

366 4574 499 4628 μους
537 4558 631 4611 καὶ
672 4558 1033 4621 ἐπισκόπους,
1072 4576 1091 4609 ι
1132 4558 1282 4613 viros
1317 4558 1577 4629 probatos
1617 4559 1703 4613 vel
1734 4568 1944 4628 specta-

2049 4558 2290 4628 episcopi
2319 4560 2653 4630 presbyteris
2677 4561 2902 4616 minime
2926 4564 3275 4630 competens?
3304 4562 3422 4617 Non
3472 4573 3629 4633 puto.

362 4650 501 4703 biles
525 4658 579 4703 et
607 4649 916 4720 episcopos,
957 4669 976 4702 ι
1015 4650 1260 4706 Zoticum
1288 4666 1481 4719 nempe
1520 4650 1938 4717 Comanensem,

360 4751 416 4796 et
443 4740 719 4797 Iulianum
744 4743 1064 4813 Apameum.
1100 4743 1232 4799 Mire
1275 4745 1389 4800 haec
1429 4744 1495 4799 ad
1529 4760 1684 4799 suam
1716 4760 1941 4799 causam

360 4850 392 4889 a
422 4834 705 4889 Blondello
747 4836 952 4891 omissa
1002 4836 1171 4891 trahit
1202 4837 1455 4893 Dallzeus.
1500 4837 1823 4907 Anonymus
1854 4838 1943 4892 ille

368 4945 388 4978 ι
444 4943 503 4982 se
561 4928 817 4996 quidem,
869 4929 1084 4998 inquit,
1140 4929 1516 5000 presbyterum
1580 4940 1633 4984 et
1692 4929 1940 4984 Zoticum

360 5019 655 5089 quemdam
704 5016 968 5073 Otrenum
1000 5021 1519 5091 Z‘sympresbyterum
1554 5037 1714 5076 suum
1748 5032 1939 5086 vocat,

362 5127 490 5166 cum
521 5120 700 5167 tamen
732 5128 801 5167 ex
835 5112 903 5167 iis
936 5129 1057 5182 qua:
1088 5129 1117 5167 a
1158 5130 1216 5169 se
1252 5116 1394 5185 apud
1425 5115 1693 5187 Ancyram
1719 5115 1943 5172 Galatia:

362 5213 515 5274 gesta
546 5213 763 5269 narrat,
793 5204 928 5259 satis
955 5213 1215 5274 appareat
1238 5220 1395 5273 eum,
1425 5208 1668 5277 adeoque
1699 5217 1753 5262 et
1779 5208 1944 5263 colle-

362 5311 487 5365 gam
521 5294 791 5359 Zoticum,
834 5304 1130 5367 utrumque
1164 5297 1217 5350 in
1259 5297 1438 5367 primo
1476 5299 1821 5353 sacerdotum
1851 5308 1953 5352 or-‘

362 5385 493 5440 dine
520 5384 709 5440 fuisse.
750 5405 767 5436 ι
796 5382 867 5440 Ut
896 5387 1020 5456 quis
1050 5387 1142 5456 qui
1173 5387 1461 5456 episcopus
1490 5395 1636 5441 esset
1659 5387 1941 5442 historiam

365 5478 452 5533 sui
483 5478 743 5547 temporis
790 5485 846 5531 et
890 5494 977 5533 res
1010 5479 1078 5533 ab
1124 5479 1245 5548 ipso
1294 5487 1473 5550 gestas
1520 5494 1854 5546 memorans,
1884 5496 1943 5536 se

364 5566 742 5637 presbyterum
774 5576 1013 5635 vocaret,
1046 5568 1322 5639 aliumque
1346 5570 1510 5623 etiam
1556 5569 1940 5639 coepisc0pum

366 5675 469 5715 suo
502 5661 681 5725 titulo,
710 5675 775 5714 ea
822 5662 1126 5729 prmsertim
1160 5671 1319 5716 aetate
1356 5678 1467 5732 qua
1508 5661 1747 5731 episcopi
1783 5677 1939 5715 sum-

365 5770 517 5808 mum
551 5754 604 5807 in
635 5753 874 5809 Ecclesia
903 5753 1268 5824 principatum
1295 5754 1412 5809 sine
1443 5742 1815 5810 controversia
1844 5755 1943 5808 ob-

364 5846 645 5917 tinebant,
678 5846 845 5903 simul
872 5846 1159 5920 Lspoliaret,
1193 5846 1392 5903 mirum
1443 5848 1576 5903 mihi
1629 5847 1714 5904 vel
1760 5848 1926 5919 inspi-

2048 4648 2104 4702 Si
2148 4649 2199 4703 id
2226 4665 2415 4703 verum
2445 4651 2535 4717 sit,
2568 4667 2759 4714 nemo,
2795 4653 3012 4722 opinor,
3044 4652 3303 4707 Dallreum
3336 4655 3547 4723 rogavit
3572 4664 3631 4709 ut

2047 4742 2474 4809 disputationem
2533 4742 2676 4797 hanc
2737 4743 2933 4798 litteris
2998 4745 3300 4799 mandaret.
3367 4745 3633 4802 Petebant

2045 4833 2346 4903 presbyteri
2381 4843 2442 4887 ut
2486 4844 2675 4889 contra
2724 4832 3083 4889 Montanistas
3135 4837 3429 4899 scriberet,
3484 4838 3628 4891 idem

2045 4923 2141 4978 diu
2188 4933 2314 4979 ante
2362 4925 2677 4995 injunxerat
2706 4924 2997 4993 episcopus
3024 4925 3276 4980 Arircius
3305 4926 3626 4990 Marcellus;

2048 5018 2117 5071 ab
2180 5018 2289 5071 illis
2350 5026 2618 5086 rogatus,
2665 5017 2734 5071 ab
2788 5017 2891 5071 hoc
2929 5018 3242 5088 ἐπιταχθεὶς
3297 5029 3406 5074 tres
3460 5021 3627 5074 libros

2046 5107 2376 5175 conscripsit
2411 5107 2526 5161 sive
2554 5122 2882 5177 anonymus,
2913 5107 3029 5161 sive
3058 5108 3306 5161 Asterius
3333 5106 3585 5162 Urbanus
3613 5128 3625 5163 :

2048 5198 2101 5252 in
2130 5198 2333 5269 quibus
2360 5208 2416 5252 et
2454 5199 2697 5268 seipsum
2737 5208 2790 5253 et
2829 5196 3077 5252 Zoticum
3105 5198 3393 5265 Otrenum,
3430 5210 3482 5253 et
3511 5200 3627 5252 Au-

2045 5309 2259 5363 cyranae
2304 5292 2558 5347 Ecclesiae
2611 5292 2958 5363 presbyteros
3023 5292 3310 5353 nominat,
3374 5291 3622 5346 Zoticum

2045 5395 2226 5438 autem
2247 5380 2649 5437 Comanensem
2680 5390 2734 5435 et
2754 5381 3031 5435 lulianum
3048 5382 3347 5451 Apameum
3371 5400 3389 5433 ι
3413 5382 3625 5450 cpisco-

2044 5491 2238 5548 porum
2266 5494 2284 5526 ι
2320 5475 2480 5530 titulo
2509 5475 2852 5528 cohoneslat.

2120 5568 2366 5638 Denique
2395 5569 2648 5638 quamvis
2677 5583 2917 5623 canones
2947 5567 3233 5637 apostolici
3264 5567 3333 5622 ab
3362 5567 3623 5637 apostolis

2044 5662 2179 5731 ipsis
2207 5662 2396 5731 scripti
2420 5676 2529 5715 non
2556 5661 2686 5727 sint,
2713 5669 2929 5715 constat
2951 5671 3156 5725 tamen,
3180 5676 3246 5715 ex
3277 5646 3409 5729 ipsis
3434 5674 3623 5729 quam-

2044 5756 2311 5824 plurimos
2343 5755 2583 5811 secundo
2632 5756 2833 5809 saeculo
2862 5755 3111 5810 conditos
3154 5753 3344 5810 luisse.
3380 5754 3487 5811 Eos
3513 5769 3617 5809 au-

2044 5856 2151 5903 tem
2183 5844 2591 5904 distinctionem
2622 5848 2764 5905 hanc
2794 5848 2935 5905 inter
2979 5848 3266 5921 episcopos
3308 5858 3363 5904 et
3391 5849 3621 5921 presby-
