4138 6392
526 388 633 446 419

1583 386 1645 441 S.
1688 380 2036 442 lGNATIUS.
2074 410 2144 421 —
2182 380 2718 439 PROLEGOMENA.

3675 386 3782 440 4‘20

526 516 673 561 teros
727 515 875 561 caste
926 514 979 559 et
1027 514 1288 574 perpetuo
1332 506 1689 571 observasse,
1720 520 1831 558 non
1870 511 1962 557 est
2008 515 2107 555 cur
2135 507 2183 562 Α
2211 502 2580 555 necessarium
2625 502 2910 556 videbatur
2948 503 3222 572 praecipue
3258 501 3588 569 inculcabat,
3619 512 3680 557 ut
3712 504 3784 558 ab

523 600 771 670 probem,
822 613 947 651 cum
994 597 1227 653 Dallzeus
1261 599 1366 653 hoc
1410 598 1570 652 nobis
1602 596 1963 651 libentissime
1991 594 2100 647 lar-

524 691 724 759 giatur.
757 707 778 739 i
815 687 880 741 lli
932 703 1173 743 canones
1194 731 1209 753 ,
1240 689 1438 758 inquit,
1472 688 1525 741 in
1557 689 1694 741 duos
1736 687 1981 741 diversos
2005 698 2101 738 or-

522 782 679 835 dines
712 782 1098 850 episcoporum
1132 790 1187 835 et
1235 781 1679 850 presbyterorum
1720 786 1985 847 perpetuo
2015 775 2104 831 di-

520 874 734 937 vidunt,
766 872 1063 940 plurimum
1118 872 1260 925 inter
1308 887 1366 926 se
1413 880 1468 926 et
1514 871 1756 937 nomine,
1789 878 1843 924 et
1870 870 2013 939 jure,
2046 877 2102 923 et

521 972 701 1029 statu,
734 974 787 1017 et
824 963 1146 1018 auctoritate
1177 962 1509 1027 differentes,
1552 980 1568 1012 ι
1609 960 1680 1015 De
1726 960 2099 1031 pseudepigra-

518 1059 637 1128 phis
669 1066 843 1126 apast.
874 1057 967 1111 lib.
1007 1073 1089 1122 Ill,
1123 1072 1242 1125 cap.
1280 1056 1366 1110 18.
1404 1054 1477 1107 Ex
1514 1054 1599 1109 his
1632 1062 1812 1108 autem
1842 1054 2099 1107 omnibus

519 1152 735 1207 abunde
780 1151 1049 1221 patefacta
1107 1159 1190 1205 est
1251 1149 1440 1218 primae
1498 1146 1819 1203 assertionis
1871 1147 2097 1211 veritas,

518 1244 655 1297 alios
683 1242 1119 1313 quamplurimos
1149 1239 1372 1295 secundi
1408 1238 1591 1293 saeculi
1629 1238 1924 1307 scriptores
1955 1237 2098 1292 idem

517 1332 816 1386 discrimen
854 1331 995 1384 inter
1020 1330 1285 1384 vocabula
1333 1329 1679 1397 episcopatus
1729 1335 1782 1381 et
1816 1327 2098 1396 presbyte-

516 1434 670 1477 ratus
720 1424 1079 1486 observasse,
1111 1421 1257 1490 quod
1305 1420 1563 1474 observat
1596 1418 1841 1489 lgnatius
1891 1427 2095 1472 noster.

516 1516 697 1582 Quare
726 1515 873 1584 quod
915 1515 981 1567 ad
1012 1513 1233 1567 modum
1272 1511 1531 1580 loquendi
1566 1511 1622 1564 in
1659 1510 1763 1565 hac
1786 1525 1845 1564 re
1883 1510 2094 1571 attinet,

515 1606 698 1674 potuit
726 1605 971 1674 ejusdem
1015 1603 1189 1658 aetatis
1234 1618 1358 1657 eum
1393 1602 1478 1656 his
1509 1601 1765 1656 omnibus
1790 1615 1912 1656 esse
1942 1598 2099 1669 lgna-

515 1700 625 1753 tius
652 1698 990 1768 epistolicus,
1037 1697 1183 1766 quod
1230 1710 1334 1750 nos
1374 1710 1499 1750 cum
1530 1692 1803 1748 Salmasio
1828 1705 1881 1749 et
1904 1693 2098 1747 Alber-

514 1790 631 1843 tino
666 1789 955 1843 sentimus.

2202 591 2475 647 haereticis
2524 602 2577 647 et
2627 594 2994 648 schismaticis
3045 604 3332 660 caverent,
3374 610 3442 649 ne
3492 594 3568 648 illi
3616 595 3783 651 latius

2201 684 2382 739 adhuc
2412 695 2712 754 serperent.
2740 684 3062 742 Remedium
3091 688 3219 741 huic
3243 688 3388 741 malo
3414 688 3653 742 maxime
3682 702 3783 758 op-

2202 786 2498 846 portunum
2524 778 2819 844 indicabat,
2837 789 2894 833 ut
2912 781 3060 835 clero
3082 796 3182 834 suo
3205 795 3397 834 omnes
3417 780 3779 845 adhaererent,

2201 881 2254 927 et
2277 872 2647 927 Christianam
2679 877 2947 928 unitatem
2992 874 3269 938 colerent;
3319 887 3619 943 omnesque
3647 873 3779 928 cieri

2202 964 2421 1019 ordines
2444 964 2527 1019 sui
2554 965 2657 1020 loci
2687 966 3004 1035 dignitatem
3034 966 3362 1021 obtinerent.
3388 964 3592 1019 Crebro
3612 964 3781 1036 igitur

2200 1057 2419 1111 ordines
2440 1072 2629 1112 saeros
2654 1058 2936 1128 distinguit
2960 1067 3017 1113 et
3035 1066 3337 1123 enumerat,
3361 1066 3415 1112 et
3434 1057 3778 1126 singulorum

2200 1148 2453 1201 ordinum
2477 1148 2773 1203 nonnullos
2799 1149 2912 1218 jam
2941 1164 3044 1202 suo
3066 1148 3243 1202 ollicio
3274 1146 3564 1217 fungentes
3594 1145 3779 1200 nomi-

2200 1243 2466 1305 nat;haec
2511 1249 2691 1294 autem
2734 1252 2878 1295 recte
2920 1241 3035 1295 ﬁeri
3085 1255 3192 1294 non
3222 1248 3549 1310 potuerunt,
3583 1239 3692 1293 nisi
3722 1249 3776 1294 et

2200 1332 2453 1386 ordinum
2498 1332 2721 1385 nomina
2769 1331 3023 1386 distincte
3049 1332 3378 1385 enuntiaret.
3409 1329 3597 1401 Neque
3626 1330 3772 1384 enim

2198 1432 2309 1478 tres
2337 1424 2554 1479 ordines
2584 1424 2721 1478 bene
2743 1424 3095 1493 distinguere,
3116 1433 3209 1477 aut
3237 1423 3434 1493 cuique
3460 1438 3557 1477 sua
3589 1421 3774 1477 ofﬁcia

2197 1522 2253 1568 et
2292 1513 2587 1585 dignitates
2633 1526 2779 1569 recte
2824 1515 3107 1584 assignare
3156 1530 3362 1583 petunt,
3406 1514 3513 1569 nisi
3571 1513 3773 1583 cuique

2196 1606 2360 1661 etiam
2414 1607 2691 1677 proprium
2742 1607 2963 1677 aliquod
3009 1622 3208 1661 nomen
3258 1606 3539 1677 affigeret;
3592 1621 3771 1676 neque

2199 1701 2504 1771 singulares
2547 1701 2794 1755 homines
2837 1710 2967 1754 tunc
2993 1699 3257 1769 temporis
3286 1699 3449 1754 certis
3486 1697 3771 1754 ordinibus

2198 1793 2508 1859 distinctos,
2544 1802 2599 1847 et
2627 1790 2805 1846 officia
2838 1792 3053 1846 diversa
3083 1790 3139 1844 in
3179 1791 3368 1845 eadem
3405 1789 3640 1845 ecclesia
3668 1804 3768 1844 ex-

588 1876 838 1932 Secunda
886 1875 1120 1931 assertio
1168 1884 1253 1930 est
1295 1894 1310 1929 :
1355 1872 1576 1928 Nullum
1631 1871 1857 1928 secundi
1912 1869 2093 1925 saeculi
2126 1852 2168 1906 Β
2198 1894 2509 1954 sequentes.
2538 1884 2923 1940 commendare
2956 1884 3151 1954 potuit,
3183 1882 3290 1937 nisi
3334 1882 3437 1937 sub
3480 1882 3615 1937 certi
3644 1897 3771 1951 8η,

515 1971 841 2038 scriptorem
888 1968 1026 2024 adeo
1070 1968 1383 2037 promiscue
1429 1964 1712 2019 vocabulis
1753 1963 1996 2032 episcopi
2041 1972 2097 2018 et

512 2062 811 2133 presbyteri
850 2076 1010 2115 usum
1038 2075 1190 2121 esse,
1228 2067 1286 2114 ut
1310 2057 1547 2127 simplici
1580 2057 1896 2127 presbytero
1927 2055 1981 2109 in
2016 2071 2096 2110 se-

513 2156 697 2211 cundo
730 2153 1018 2208 ministerii
1051 2152 1222 2221 gradu
1255 2151 1557 2206 constituto
1583 2164 1825 2219 unquam
1855 2148 2093 2217 episcopi

513 2262 714 2302 nomen
744 2246 1025 2301 tribueret.
1060 2243 1175 2299 lloc
1198 2243 1335 2298 adeo
1363 2251 1548 2312 aperte
1575 2256 1763 2296 verum
1793 2248 1898 2306 est,
1926 2250 1985 2294 ut
2016 2239 2093 2293 illi

510 2340 636 2410 ipsi,
667 2340 761 2409 qui
792 2337 1106 2394 confusioni
1149 2335 1434 2390 nominum
1486 2343 1773 2403 tantopere
1803 2332 2089 2398 inhaerent,

509 2442 564 2488 et
589 2432 865 2501 apostolos
896 2430 949 2484 id
973 2429 1166 2483 fecisse
1193 2429 1430 2482 maxime
1453 2427 1809 2491 contendunt,
1833 2440 1900 2480 ne
1922 2440 2092 2479 unum

510 2524 731 2593 quidem
768 2524 950 2576 locum
981 2536 1047 2575 ex
1076 2520 1334 2574 omnibus
1363 2520 1511 2573 illius
1539 2518 1727 2574 saeculi
1760 2531 2090 2571 monumen—

510 2616 582 2671 tis
612 2616 791 2670 adbuc
831 2614 1025 2669 afferre
1066 2613 1346 2682 potuerint
1376 2626 1488 2680 quo
1520 2610 1796 2680 quispiam
1838 2609 1935 2679 qui
1964 2624 2092 2679 pre-

511 2709 697 2779 sbyter
742 2716 957 2761 tantum
1002 2714 1173 2771 esset,
1222 2719 1322 2758 nec
1361 2702 1696 2773 presbyteris
1732 2716 1856 2755 cum
1900 2708 2091 2755 aucto-

511 2801 674 2854 ritate
705 2805 998 2868 praresset,
1028 2797 1319 2866 episcopus
1368 2794 1660 2848 diceretur.
1696 2790 1867 2845 Miror
1904 2791 2091 2859 itaque

512 2888 773 2943 Dallaaum
826 2890 934 2943 hoc
972 2886 1184 2958 lgnatio
1231 2884 1516 2956 epistolico
1564 2883 1844 2953 objicere,
1875 2890 1933 2936 ut
1961 2896 2088 2936 eum

510 2998 579 3037 ex
626 2982 867 3037 secundo
898 2980 1098 3035 saeculo
1145 2979 1346 3049 ejiciat,
1398 2986 1453 3032 et
1484 2977 1552 3032 ad
1598 2978 1760 3031 tinem
1810 2975 1955 3030 tertii
1995 2981 2091 3029 aut

510 3079 693 3145 quarti
725 3074 938 3129 initium
985 3072 1286 3142 deprimat;
1317 3087 1441 3126 eum
1481 3084 1674 3125 omnes
1703 3068 1953 3139 ejusdem
1988 3082 2090 3122 saa-

2196 1978 2299 2033 dus
2333 1979 2554 2032 nomine
2594 1988 2757 2047 atque
2784 1977 3121 2033 charactere.
3151 1975 3289 2043 Quis
3311 1976 3454 2029 enim
3493 1982 3604 2030 tres
3639 1991 3767 2047 gra-

2196 2070 2300 2125 dus
2341 2085 2709 2135 enumerans,
2752 2069 3133 2139 presbyteros,
3180 2076 3236 2122 et
3280 2068 3662 2138 presbyteros,
3712 2078 3768 2123 et

2193 2161 2455 2216 diaconos
2481 2161 2717 2216 diceret?
2739 2161 2862 2231 quis
2903 2160 3246 2232 presbyteros
3272 2159 3603 2230 presbyteris
3632 2160 3734 2215 sub
3752 2190 3765 2200 -

2190 2253 2367 2323 jectos
2414 2268 2538 2307 esse
2585 2254 2781 2307 debere
2832 2252 3087 2307 doceret?
3126 2252 3250 2322 quis
3298 2250 3437 2305 duos
3485 2252 3767 2307 ministros

2194 2348 2387 2402 eodem
2417 2354 2664 2416 tempore
2685 2344 2900 2401 diversa
2923 2354 2974 2400 et
3003 2345 3259 2401 distincta
3286 2344 3465 2399 officia
3497 2352 3552 2399 et
3576 2360 3762 2415 opere,

2193 2447 2249 2493 et
2275 2447 2419 2493 statu
2442 2477 2457 2503 ,
2487 2446 2542 2493 et
2575 2437 2837 2509 dignitate
2869 2437 3093 2491 sortitos
3129 2436 3604 2493 indiscriminatim
3641 2451 3766 2506 pre-

2193 2530 2440 2601 sbyteros
2468 2529 2806 2600 appellaret?
2832 2528 3087 2599 Episcopi
3122 2544 3319 2584 nomen
3351 2529 3511 2585 toties
3541 2530 3596 2583 in
3624 2527 3766 2584 Scri-

2192 2626 2369 2694 pturis
2420 2631 2781 2679 memoratum
2835 2633 2965 2678 tunc
3016 2639 3125 2677 non
3174 2623 3463 2678 evanuisse
3510 2632 3760 2689 constat;

2190 2717 2393 2771 nemini
2422 2716 2653 2786 simplici
2682 2716 2996 2786 presbytero
3022 2730 3084 2769 ea
3112 2725 3269 2769 aetate
3297 2714 3616 2770 attributum
3642 2729 3766 2770 esse

2190 2825 2257 2864 ex
2287 2810 2531 2863 omnium
2554 2808 2881 2877 scriptorum
2909 2807 3126 2862 silentio
3150 2816 3402 2877 apparet;
3435 2815 3553 2861 erat
3582 2807 3765 2877 itaque

2189 2901 2370 2971 primo
2399 2901 2577 2957 ordini
2607 2912 2739 2955 tunc
2779 2910 3113 2955 reservatum
3148 2909 3202 2954 et
3230 2901 3675 2970 appropriatum;
3707 2910 3762 2955 et

2190 2995 2427 3049 absurde
2469 2994 2687 3050 locutus
2728 3002 2874 3049 esset
2908 2994 3179 3064 lgnatius,
3208 2994 3324 3063 ipse
3355 2994 3519 3048 etiam
3549 2992 3763 3061 episco-

2188 3102 2322 3157 pus,
2368 3088 2414 3143 si
2455 3103 2654 3142 nomen
2699 3088 2877 3156 primo
2923 3085 3105 3141 ordini
3151 3101 3471 3141 concessum
3517 3084 3759 3140 inferiori

511 3168 619 3222 culi
658 3167 952 3236 scriptores
982 3164 1225 3234 episcopi
1250 3178 1449 3218 nomen
1476 3162 1592 3231 pari
1617 3159 2088 3262 cum-discrimine
2116 3203 2158 3262 ϐ
2193 3182 2506 3245 tribuisset;
2558 3190 2611 3235 ει
2650 3195 2775 3236 cum
2825 3180 3170 3250 presbyteros
3215 3188 3491 3245 moneret,
3549 3187 3611 3233 ut
3658 3193 3763 3234 suo

508 3270 565 3317 et
594 3258 902 3315 reverentia
934 3272 1192 3328 supremo
1220 3256 1401 3311 ordini
1439 3269 1654 3324 seraper
1692 3253 1958 3317 tribuant,
2004 3267 2090 3307 se-

507 3351 693 3406 cundo
744 3365 1049 3420 nunquam.
1102 3367 1122 3400 ι
1175 3347 1507 3419 Episcopum
1555 3346 1822 3416 apostoli,
1876 3344 2086 3413 inquit,

510 3442 787 3496 interdum
819 3441 1009 3495 dicunt
1052 3439 1147 3509 qui
1197 3438 1426 3493 secundi
1457 3437 1668 3491 ordinis
1713 3444 1831 3501 est;
1881 3436 2087 3505 episto-

507 3533 685 3589 larum
715 3532 949 3601 scriptor
998 3546 1277 3600 nunquam
1310 3545 1324 3582 :
1357 3529 1460 3583 hoc
1492 3528 1693 3598 ubique
1719 3542 1920 3582 nomen
1951 3540 2088 3581 con-

506 3622 846 3678 stantissime
895 3636 991 3690 pro
1042 3621 1244 3676 summi
1310 3618 1514 3689 gradus
1565 3616 1862 3688 praeposito
1926 3632 2089 3670 usur-

504 3729 666 3784 pans.
707 3733 726 3766 ›
758 3713 892 3779 Quae
943 3712 1012 3767 de
1065 3710 1329 3780 apostolis
1377 3708 1530 3774 dicit,
1586 3717 1849 3778 quantum
1895 3715 2086 3760 contra

505 3822 638 3863 suos
670 3803 900 3868 faciunt,
935 3818 1083 3858 nunc
1131 3819 1241 3857 non
1293 3801 1563 3865 discutio;
1611 3814 1735 3869 quae
1776 3798 1845 3852 de
1882 3796 2088 3867 lgnatio

504 3899 784 3968 loquitur,
835 3911 962 3952 eum
1018 3911 1127 3949 non
1180 3893 1357 3963 magis
1411 3892 1619 3948 feriunt
1673 3906 1837 3961 quam
1896 3904 2087 3945 omnes

504 3989 753 4060 ejusdem
800 3990 978 4043 :etatis
1033 3988 1329 4057 scriptores
1375 3986 1446 4040 ab
1490 3986 1610 4055 ipso
1652 3984 1815 4037 etiam
1848 3981 2087 4036 maxime

503 4082 787 4148 laudatos;
815 4080 910 4151 qui
941 4080 1158 4151 quoties
1193 4078 1512 4148 episcopum
1545 4076 1852 4141 nominant,
1882 4073 2085 4142 ubique

504 4174 638 4231 illud
666 4189 865 4228 nomen
896 4187 996 4241 pro
1019 4171 1221 4226 summi
1249 4170 1450 4239 gradus
1479 4166 1771 4237 praeposito
1794 4175 2081 4234 usurpant.

508 4264 742 4323 Unicum
795 4264 964 4334 igitur
995 4261 1201 4317 crimen
1246 4259 1440 4332 lgnatii
1479 4258 1655 4313 nostri
1701 4264 1892 4323 restat,
1937 4255 2085 4325 quod

503 4374 600 4414 eos
626 4357 724 4425 qui
754 4371 943 4412 revera
984 4354 1229 4425 episcopi
1270 4360 1475 4417 essent,
1522 4363 1805 4418 nunquam
1852 4346 2082 4417 presby-

504 4458 652 4505 teros
700 4454 953 4512 vocaret,
1002 4460 1127 4500 cum
1175 4458 1242 4498 eo
1289 4442 1511 4497 nomine
1560 4440 1684 4494 illos
1732 4437 2083 4509 indigitarent

502 4540 750 4611 ejusdem
776 4539 951 4594 aetatis
985 4537 1303 4606 scriptores,
1336 4544 1395 4588 ut
1418 4534 1493 4587 illi
1522 4533 1733 4596 volunt,
1766 4545 1990 4596 omnes;
2019 4538 2080 4585 ut
2110 4549 2153 4603 D

503 4648 606 4687 nos
636 4629 999 4696 ostendimus,
1039 4628 1318 4699 perpauci.
1353 4625 1459 4680 Sed
1490 4633 1544 4680 et
1587 4624 1677 4678 bic
1705 4622 1907 4692 optima
1938 4621 2077 4676 ratio

502 4727 653 4781 reddi
679 4733 875 4795 potest,
904 4739 1074 4793 quare
1101 4736 1224 4777 cum
1255 4722 1322 4775 tis
1360 4718 1542 4790 potius
1571 4717 1883 4786 loqueretur
1914 4713 2074 4785 lgna~

500 4819 633 4883 tius,
659 4819 753 4887 qui
793 4814 1089 4886 presbyteri
1137 4828 1334 4867 nomen
1380 4826 1492 4865 non
1539 4810 1722 4864 minus
1769 4822 1935 4877 quam
1963 4816 2078 4875 ept-

500 4912 652 4980 scopi
700 4910 957 4964 distincte
998 4919 1051 4961 et
1080 4905 1299 4976 proprie
1330 4902 1689 4972 usurpabant,
1732 4914 1900 4970 quam
1948 4912 2073 4952 cum

500 5000 628 5064 illis,
660 4997 753 5068 qui
784 5012 981 5051 nomen
1026 4994 1326 5065 presbyteri
1363 4992 1659 5063 aliquando
1688 4991 1945 5061 episcopo
1979 4987 2075 5042 tri-

499 5090 768 5152 buebant;
798 5089 927 5157 quia
979 5088 1056 5141 rei
1088 5087 1193 5157 ipsi
1234 5100 1400 5155 quam
1446 5083 1715 5139 tractabat
1746 5080 2076 5136 convenien-

499 5184 607 5237 tior
627 5182 802 5235 multo
826 5179 929 5235 fuit
950 5180 1148 5234 horum
1204 5176 1454 5233 distincta
1495 5192 1659 5245 quam
1693 5173 1910 5228 illorum
1944 5187 2077 5227 con-

498 5273 619 5328 fusa
655 5272 814 5327 istius
841 5270 992 5326 vocis
1020 5269 1329 5338 usurpatio.
1367 5266 1729 5321 Conﬂuebant
1760 5262 1827 5318 ad
1861 5278 1988 5317 eum
2018 5263 2075 5315 in

499 5366 692 5420 itinere
720 5365 788 5418 ab
811 5362 1058 5418 ecclesiis
1097 5360 1241 5415 Asiae
1273 5367 1328 5413 et
1351 5356 1615 5428 episcopi,
1655 5364 1709 5410 et
1750 5352 2072 5425 presbyteri,

496 5465 551 5510 et
594 5454 809 5510 diaconi
839 5454 1148 5522 complures
1183 5451 1377 5505 ordine
1414 5458 1471 5505 et
1512 5462 1740 5503 munere
1768 5454 1820 5500 et
1850 5444 2074 5498 nomine

498 5556 551 5601 et
579 5547 840 5618 dignitate
875 5544 1155 5609 distineti;
1183 5543 1249 5598 de
1277 5555 1504 5596 suarum
1532 5537 1895 5595 ecclesiarum
1923 5541 2071 5589 statu

497 5656 622 5695 eum
654 5641 942 5696 certiorem
973 5638 1283 5693 faciebant:
1311 5636 1379 5690 ad
1410 5634 1627 5688 illorum
1666 5630 1925 5687 ecclesias
1957 5628 2073 5698 epi-

499 5734 666 5788 stolas
698 5732 979 5795 exarabat,
1007 5730 1109 5786 sub
1132 5728 1386 5799 martyris
1411 5725 1762 5791 auctoritate,
1787 5730 1841 5777 et
1865 5720 2069 5777 summi

497 5824 555 5880 in
577 5821 733 5895 Syria
754 5822 1013 5893 episcOpi,
1038 5819 1245 5876 monita
1272 5818 1336 5874 iis
1360 5816 1540 5873 dabat.
1567 5813 1720 5879 Quod
1751 5811 1800 5871 ei
1830 5810 2068 5869 maxime

2192 3274 2396 3345 quique
2423 3273 2680 3343 episeopo
2726 3280 3000 3342 parerent,
3031 3273 3178 3340 ipsos
3210 3287 3239 3325 a
3269 3272 3472 3339 quibus
3504 3270 3762 3325 obedien-

2191 3368 2320 3421 tiam
2358 3365 2671 3438 postulabat
2704 3367 2990 3437 episcopos
3011 3408 3025 3431 ,
3056 3375 3149 3420 aut
3180 3366 3355 3429 illum,
3385 3365 3473 3419 cui
3504 3363 3761 3418 obedien-

2192 3460 2321 3515 tiam
2370 3458 2736 3529 praestandam
2774 3459 3022 3526 docebat,
3068 3458 3442 3528 presbyterum
3496 3456 3763 3527 appellas-

2190 3562 2293 3608 set.
2323 3551 2502 3621 )Eque
2530 3551 2678 3606 enim
2709 3550 2977 3605 absonum
3010 3550 3255 3615 videtur,
3291 3557 3352 3602 ut
3381 3548 3507 3617 quis
3544 3547 3760 3616 episco-

2187 3660 2288 3714 pos
2312 3644 2591 3714 episcopo,
2634 3651 2731 3698 aut
2752 3641 3097 3712 presbyteros
3134 3641 3451 3711 presbytero
3485 3638 3757 3708 subjectos

2188 3754 2309 3794 esse
2343 3738 2539 3793 debere
2567 3737 2808 3802 doceret,
2841 3745 2895 3789 et
2944 3735 2999 3788 in
3048 3748 3115 3789 eo
3162 3741 3545 3803 argumentum
3588 3731 3757 3787 collo-

2187 3840 2357 3895 caret,
2392 3830 2694 3900 praesertim
2740 3844 2865 3885 eunt
2918 3828 2985 3882 de
3035 3826 3332 3882 schismate
3375 3834 3651 3888 tractaret,
3704 3824 3760 3879 in

2186 3939 2294 3994 qua
2324 3939 2381 3978 re
2409 3922 2758 3978 notissimum
2784 3928 2887 3986 est,
2921 3919 3179 3976 Ecclesiae
3206 3919 3439 3974 salutem
3468 3920 3523 3972 in
3555 3916 3758 3973 summi

2188 4015 2508 4082 sacerdotis,
2535 4015 2639 4069 hoc
2661 4022 2746 4069 est
2785 4014 3046 4084 episcopi,
3073 4010 3336 4084 dignitate
3361 4009 3633 4080 pendere;
3666 4010 3759 4064 cui

2186 4112 2231 4165 si
2276 4125 2386 4164 non
2439 4124 2630 4164 exsors
2661 4108 2911 4178 quaedam
2955 4106 3107 4161 etab
3149 4104 3465 4159 hominibus
3510 4101 3759 4156 eminens

2184 4205 2342 4259 detur
2367 4210 2628 4273 potestas,
2663 4209 2744 4255 tot
2766 4202 2819 4255 in
2848 4198 3089 4254 Ecclesia
3110 4196 3413 4252 efﬁcientur
3434 4192 3755 4258 schismata,

2184 4308 2319 4370 quot
2345 4297 2676 4361 sacerdotes,
2708 4296 2811 4350 hoc
2837 4304 2918 4349 est
2941 4291 3261 4363 presbyteri.

2256 4392 2339 4448 Sit
2392 4393 2560 4464 igitur
2612 4393 2768 4446 tertia
2820 4385 3339 4445 assertiozNullum
3389 4381 3614 4438 omnino
3665 4394 3756 4435 se-

2184 4486 2348 4543 cundi
2400 4486 2583 4542 saeculi
2626 4485 2971 4554 scriptorem,
3023 4496 3148 4537 cum
3199 4478 3399 4550 gradus
3443 4484 3753 4539 enumerat,

2182 4590 2277 4635 aut
2321 4596 2447 4636 eum
2498 4581 2564 4636 de
2624 4579 2998 4651 singularibus
3044 4576 3132 4633 sui
3176 4574 3439 4644 temporis
3488 4571 3755 4628 ministris

2180 4675 2444 4746 loquitur,
2487 4690 2684 4729 nomen
2736 4672 3035 4744 presbyteri
3066 4671 3115 4725 ei
3162 4670 3254 4740 qui
3287 4668 3577 4738 episcopus
3610 4674 3757 4720 esset

2178 4773 2458 4830 tribuisse.
2510 4769 2817 4824 Nonnullos
2853 4768 3071 4838 quidem
3120 4762 3341 4818 adducit
3376 4760 3606 4813 Dallazus
3636 4767 3753 4813 tum

2178 4869 2398 4925 Graecos
2431 4877 2543 4922 tum
2584 4865 2829 4927 Latinos,
2862 4878 2893 4917 a
2927 4860 3125 4931 quibus
3151 4857 3309 4928 primi
3341 4854 3542 4925 gradus
3569 4868 3756 4907 sacer-

2177 4964 2333 5019 dotes
2353 4981 2372 5011 ‹
2396 4959 2697 5032 presbyteri
2724 4976 2742 5009 ι
2764 4957 3111 5017 dicerentur;
3133 4950 3226 5005 sed
3251 4949 3298 5003 si
3324 4947 3571 5017 singulos
3587 4960 3758 4999 exeu-

2179 5058 2400 5121 tiamus,
2432 5062 2529 5109 aut
2576 5052 2629 5106 id
2680 5066 2789 5104 non
2840 5048 3028 5103 dicunt
3058 5045 3203 5115 quod
3236 5044 3324 5097 ille
3368 5043 3505 5103 vult,
3539 5048 3636 5094 aut
3678 5039 3753 5092 ita

2177 5165 2373 5204 nomen
2407 5144 2704 5217 presbyteri
2755 5149 3044 5209 usurpant,
3080 5153 3203 5193 cum
3249 5135 3452 5206 gradus
3479 5149 3589 5187 non
3619 5147 3757 5185 enu-

2177 5250 2411 5306 merant,
2446 5247 2539 5293 aut
2560 5238 2627 5292 de
2652 5251 2765 5292 suae
2788 5233 2965 5289 artatis
2988 5229 3263 5301 episcopis
3286 5242 3393 5281 non
3426 5227 3750 5295 loquuntur.

2175 5332 2391 5403 Papias,
2410 5331 2462 5384 in
2488 5327 2829 5399 Fragmentis
2852 5339 2975 5395 quae
3003 5328 3319 5391 supersunt,
3346 5331 3492 5371 nunc
3516 5314 3757 5387 πρεσϐυ-

2173 5429 2365 5500 τέρους
2390 5425 2588 5497 plurali
2636 5435 2886 5481 numero,
2910 5432 3056 5472 nunc
3089 5413 3461 5487 πρεσϐύτερον
3486 5407 3753 5477 singulari

2174 5497 2250 5579 de:
2272 5524 2434 5577 unico
2461 5520 2669 5575 Joanne
2705 5523 2955 5585 usurpat.
2978 5511 3115 5567 Cum
3153 5506 3351 5579 plurali
3388 5515 3620 5557 numero
3655 5497 3751 5551 ad-

2174 5617 2344 5682 hibet,
2378 5630 2485 5670 non
2514 5614 2684 5683 liquet
2709 5626 2834 5665 eum
2868 5607 2950 5661 vel
2986 5607 3051 5659 de
3080 5605 3183 5658 hoc
3214 5601 3298 5654 vel
3341 5597 3434 5651 illo
3464 5593 3635 5666 gradu
3664 5591 3750 5645 vel

2173 5710 2365 5765 ordine
2394 5703 2676 5778 speciatim
2710 5697 3118 5769 intelligendum
3153 5709 3299 5759 esse;
3328 5690 3511 5762 potius
3549 5703 3612 5741 ea
3643 5700 3751 5739 vox

2175 5800 2411 5872 generali
2459 5813 2621 5854 sensu
2673 5792 2984 5863 accipienda
3034 5797 3115 5846 est
3140 5830 3155 5856 ,
3185 5801 3295 5857 quo
3325 5791 3482 5839 aetate
3512 5780 3751 5852 majores
