4138 6388
306 374 406 430 ﬁl

1087 372 1139 428 J.
1184 369 1555 428 PEARSONII
1590 366 1914 426 VINDICM‘J
1953 364 2382 425 ῙΟΝΑΤΙΑΝᾹΞ.
2421 398 2492 407 -
2519 363 2699 420 PARS
2734 364 2798 419 ll.

3482 358 3589 413 ηε

304 510 405 551 seu
430 492 778 564 antiquiores
808 492 1134 563 simpliciter
1181 493 1493 564 signiﬁcare
1535 492 1695 547 solet.
1750 490 1889 545 Cum
1921 485 2182 557 ANeque
2227 488 2373 543 enim
2418 486 2658 541 lrenaeus
2707 497 2949 554 unquam
3001 481 3277 537 Victorem
3320 479 3425 537 sibi
3446 477 3588 552 'syn-

303 590 453 642 enim
480 586 697 655 Papias
725 594 941 657 putaret
969 602 1036 640 ex
1059 585 1184 640 viva
1215 600 1350 641 voce
1385 585 1673 640 hominum
1705 598 1897 651 super-

307 682 501 736 stitum
539 680 664 749 plus
699 678 953 734 utilitatis
984 678 1105 749 capi
1139 678 1406 747 potuisse,
1438 693 1605 747 quam
1631 692 1699 730 ex
1727 675 1899 729 libro-

307 788 432 827 rum
464 773 733 837 lectione;
783 771 1063 840 quaerebat
1092 786 1158 825 ex
1192 770 1259 824 iis
1309 770 1405 839 qui
1448 782 1607 824 erant
1654 768 1773 837 ipso
1801 766 1898 822 'se-

309 865 515 930 niores,
545 864 678 933 quid
728 863 807 917 illi
858 862 1184 917 audiverant
1229 862 1297 917 ab
1343 863 1412 916 iis
1447 862 1542 931 qui
1579 861 1687 916 illis
1731 861 1896 915 etiam

305 956 446 1029 ipsis
479 957 728 1012 seniores
756 964 942 1023 erant;
971 965 1135 1026 atque
1177 956 1252 1010 ita
1289 954 1508 1011 tandem
1546 953 1899 1025 perveniebat

308 1050 379 1105 ad
407 1051 722 1105 testimonia
770 1048 1144 1118 apostolorum
1174 1049 1294 1102 viva
1327 1062 1461 1102 voce
1489 1047 1707 1102 tradita.
1737 1043 1897 1112 Quae.

308 1142 469 1197 rebat
515 1157 546 1195 a
579 1141 865 1211 discipulis
892 1141 1290 1210 apostolorum,
1338 1139 1453 1210 ipse
1494 1138 1640 1194 enim
1692 1138 1898 1193 nullius

309 1234 548 1305 apostoli
572 1234 877 1303 discipulus
906 1232 1028 1287 fuit.
1067 1232 1426 1303 Presbyteros
1456 1246 1649 1287 omnes
1677 1239 1901 1300 aposto-

309 1328 417 1390 los,
449 1342 753 1396 omnesque
792 1325 997 1381 ChriSti
1027 1324 1244 1378 Domini
1293 1323 1594 1393 discipulos
1621 1331 1800 1387 vocat,
1832 1322 1901 1377 de

312 1418 421 1475 hoc
449 1419 536 1473 vel
581 1418 675 1473 illo
721 1419 917 1473 ordine
958 1417 1248 1473 ministerii
1296 1416 1597 1488 evangelici
1642 1416 1712 1470 ab
1767 1431 1900 1485 apo-

310 1512 469 1566 stolis
498 1510 749 1566 instituto
772 1526 880 1565 non
906 1511 1133 1565 omnino
1157 1509 1287 1580 agit.
1318 1508 1586 1563 Joannem
1609 1508 1902 1578 quemdam

308 1604 385 1657 ab
413 1603 665 1673 apostolo
701 1603 1020 1658 distinctum
1049 1617 1192 1673 saepe
1218 1600 1311 1655 τὸν
1339 1600 1714 1673 πρεσϐύτερον
1739 1615 1904 1655 voca-

312 1695 438 1761 bat;
469 1695 563 1751 sed
586 1695 717 1749 'fieri
748 1702 929 1765 potest
952 1703 1011 1749 ut
1038 1694 1129 1750 ille
1154 1694 1378 1750 secundi
1407 1693 1617 1749 ordinis
1641 1692 1901 1749 sacerdos

309 1787 515 1855 fuerit;
550 1796 700 1843 certe
735 1787 901 1858 primi
932 1784 1105 1841 fuisse
1136 1794 1380 1840 veterum
1426 1800 1588 1839 nemo
1622 1784 1790 1851 dixit;
1820 1784 1906 1837 ni-

2000 580 2247 635 clironon
2304 579 2685 649 presbyterum
2728 577 2976 642 vocavit,
3028 591 3207 645 neque
3244 575 3375 629 dum
3429 582 3587 629 ante-

2001 671 2177 725 riores
2224 670 2575 740 presbyteros
2625 676 2807 732 vocat,
2856 668 3149 738 episcopos
3178 666 3421 722 Victoris
3449 675 3589 722 tem-

1999 778 2134 832 pore
2189 763 2452 818 ecclesias
2502 762 2871 833 gubernantes
2926 762 3275 832 presbyteros
3324 759 3586 831 appellari

2001 856 2194 911 solitos
2221 855 2479 910 ostendit.
2513 855 2765 910 Clemens
2794 853 3196 909 Alexandrinus
3226 852 3356 922 quid
3388 853 3454 907 de
3482 851 3588 906 hac

2002 963 2061 1002 re
2098 947 2381 1017 scripserit
2406 946 2709 1001 videamus.
2748 946 2824 1001 De
2845 944 3086 1015 perfecto
3112 960 3214 999 suo
3240 943 3583 1008 Christiano,

2002 1041 2116 1095 sive
2141 1040 2408 1095 Gnostico
2442 1040 2679 1105 locutus,
2724 1039 2876 1093 addit
2902 1056 2916 1091 :
2952 1057 2969 1089 ι
3005 1036 3103 1092 llic
3132 1045 3218 1092 est
3241 1052 3429 1091 revera
3456 1052 3584 1105 pre-

2003 1133 2186 1203 sbyter
2214 1131 2490 1197 Ecclesiae,
2537 1141 2593 1188 et
2623 1148 2785 1187 verus
2831 1132 3099 1187 diaconus
3143 1131 3341 1186 divinae
3388 1130 3586 1186 volun-

2001 1226 2154 1281 tatis.
2183 1244 2201 1278 ι
2223 1224 2292 1279 At
2312 1226 2429 1280 haec
2451 1240 2557 1279 non
2588 1225 2662 1279 ita
2689 1226 2916 1290 diceret,
2940 1244 2958 1276 ι
2984 1224 3153 1293 siqua
3182 1223 3326 1293 apud
3363 1232 3586 1279 nostros

2004 1317 2243 1387 dignitas
2303 1327 2450 1372 esset
2500 1317 2878 1387 presbyteratu
2908 1316 3177 1386 superior.
3214 1334 3233 1367 ›
3274 1313 3379 1370 Sed
3415 1329 3586 1384 quare

2004 1422 2114 1461 non
2143 1422 2267 1461 eum
2299 1407 2504 1461 diceret
2529 1407 2928 1477 presbyterum,
2968 1406 3097 1460 licet
3136 1404 3483 1473 episcopatus
3516 1404 3588 1459 sit

2005 1497 2380 1567 presbyteratu
2429 1497 2700 1566 superior,
2728 1511 2889 1566 quem
2943 1494 3234 1550 diaconum
3269 1494 3426 1559 dixit,
3460 1495 3586 1549 licet

2006 1587 2300 1642 diaconatu
2340 1589 2591 1658 superior
2635 1588 2707 1642 sit
2745 1587 3191 1658 presbyteratus?
3218 1584 3474 1641 Profecto
3514 1586 3587 1640 ita

2006 1676 2262 1734 Clemens
2298 1694 2423 1734 eum
2452 1680 2763 1749 appellavit,
2786 1695 2911 1737 eum
2946 1680 3063 1750 ipSe
3087 1680 3253 1735 sciret
3278 1694 3343 1735 ac
3366 1678 3587 1734 doceret

2010 1772 2151 1840 apud
2187 1779 2409 1827 nostros
2450 1772 2767 1841 dignitatem
2797 1770 2970 1828 fuisse
3012 1773 3386 1843 presbyteratu
3425 1788 3587 1841 supe-

315 1884 424 1937 mis
454 1891 637 1936 autem
688 1881 897 1936 incerta
925 1890 1072 1946 sunt,
1112 1893 1234 1949 quae
1263 1878 1321 1933 in
1356 1876 1658 1934 Clementis
1687 1876 1898 1932 Consti-
1931 1866 1973 1921 Β
2003 1863 2238 1928 ﬂorem;
2270 1878 2395 1917 nam
2421 1864 2604 1917 ειαιίηι
2637 1871 2927 1934 Dominam
2972 1863 3088 1918 haec
3117 1863 3434 1933 scripserat.
3468 1865 3585 1920 ait:

316 1975 630 2040 tutionibus,
659 1974 727 2029 de
748 1972 957 2029 Joanne
989 1988 1020 2027 a
1055 1971 1265 2028 Joanne
1292 1973 1551 2043 episcopo
1588 1971 1734 2028 facto
1758 1970 1902 2027 refe-

312 2075 534 2121 runtur.
566 2064 811 2121 Marcum
835 2065 930 2135 qui
958 2063 1149 2119 volunt
1168 2064 1237 2118 ab
1256 2078 1322 2119 eo
1344 2064 1508 2118 etiam
1530 2062 1901 2134 πρεσϐύτερον

314 2158 547 2223 dictum,
576 2158 742 2213 verba
781 2158 924 2227 apud
962 2156 1261 2212 Eusebium
1311 2156 1384 2210 ita
1424 2156 1845 2224 interpretantes
1880 2173 1898 2209 ι

320 2268 343 2303 s
382 2248 496 2305 Hoc
525 2251 713 2304 senior
738 2248 955 2304 Marcus
983 2249 1122 2304 dixit
1153 2247 1294 2303 Petri
1333 2249 1621 2318 interpres,
1652 2267 1670 2299 ι
1703 2242 1902 2301 fallun-

308 2352 429 2399 ‘tur.
468 2342 629 2397 Aliud
663 2357 726 2396 ea
764 2342 929 2396 verba
975 2349 1191 2397 sonant.
1223 2341 1334 2394 Καὶ
1358 2341 1515 2395 τοῦτο
1543 2343 1572 2394 ὁ
1600 2339 1901 2411 πρεσϐύτε-

319 2458 413 2512 ρος
460 2439 666 2506 ἔλεγεν*
699 2437 927 2509 Μάρκος
970 2438 1069 2507 μὲν
1109 2437 1450 2508 ἑρμηνευτὴς
1500 2435 1708 2506 Πέτρου
1751 2435 1905 2503 γενό-

313 2547 481 2603 μενος
526 2532 627 2584 ὅσα
679 2529 1106 2601 ἐμνημόνευσεν,
1159 2528 1403 2600 ἀκριϐῶς
1451 2526 1708 2597 ἔγραψεν.
1772 2525 1905 2593 Qua:

318 2624 455 2678 satis
484 2623 772 2679 commode
809 2638 840 2676 a
868 2620 1088 2675 Rufﬁno
1126 2636 1281 2675 versa
1326 2629 1455 2675 sunt
1487 2637 1499 2670 :
1541 2640 1558 2671 ι
1589 2618 1766 2673 Etiam
1801 2619 1905 2674 hoc

319 2715 545 2785 (inquit)
576 2715 859 2784 presbyter
886 2713 1163 2777 narrabat,
1195 2712 1339 2782 quod
1386 2710 1603 2767 Marcus
1634 2711 1902 2780 interpres

320 2803 487 2859 fuerit
528 2803 696 2871 Petri,
727 2813 783 2859 et
803 2818 1147 2873 quaecunque
1184 2802 1507 2856 meminerat
1545 2802 1614 2857 ab
1639 2816 1706 2856 eo
1734 2801 1901 2865 dicta,

317 2897 731 2966 conscripserit.
794 2914 812 2947 ι
863 2893 1154 2965 Utcunque
1217 2894 1330 2961 sit,
1378 2892 1575 2963 Papias
1620 2908 1904 2963 nunquam

320 2990 524 3059 gradus
572 2987 980 3043 ecclesiasticos
1032 2994 1337 3051 enumerat,
1387 2998 1669 3053 nunquam
1724 2983 1904 3038 ofﬁcia

320 3084 641 3156 distinguit;
672 3098 944 3153 nusquam
979 3080 1386 3151 episcoporum,
1412 3089 1510 3134 aut
1542 3078 1904 3133 diaconorum

320 3175 657 3230 mentionem
686 3173 848 3239 facit;
884 3187 1165 3242 nunquam
1194 3171 1262 3226 de
1290 3170 1548 3241 episcopo
1574 3169 1759 3238 aliquo
1787 3169 1905 3222 sin-

320 3270 500 3340 gulari
547 3278 643 3324 aut
692 3267 1032 3338 presbytero,
1079 3265 1172 3335 qui
1219 3263 1511 3333 eum'ipse
1556 3262 1823 3317 scriberet
1850 3260 1905 3313 in

317 3363 461 3417 vivis
489 3369 635 3417 esset
665 3359 930 3430 loquitur.
965 3356 1111 3412 Idem
1154 3357 1318 3412 etiam
1366 3355 1433 3410 de
1476 3353 1679 3409 Irenaeo
1722 3351 1910 3406 dicen-

317 3456 483 3520 dum;
515 3453 864 3524 presbyteros
903 3449 1230 3521 generaliter
1264 3457 1425 3503 vocat
1463 3446 1786 3516 episcopos,
1815 3443 1910 3499 sed

308 3538 647 3612 nunquam,
692 3540 897 3612 gradus
935 3552 1305 3603 enumerans,
1360 3536 1671 3608 singulares
1724 3534 1907 3599 viros,

305 3634 416 3705 'qui
463 3634 710 3704 episcopi
763 3631 1021 3698 fuerant,
1086 3630 1440 3701 presbyteros
1488 3628 1755 3698 appellat;
1813 3626 1909 3682 sed

318 3746 538 3800 semper
591 3729 887 3799 antiquos,
942 3727 1138 3798 quales
1187 3733 1346 3779 erant
1391 3725 1440 3777 οἱ
1500 3722 1606 3793 πρὸ
1660 3722 1909 3791 Σώτηρος

308 3822 706 3894 πρεσϐύτεροι,
745 3823 795 3873 οἱ
838 3820 944 3891 πρὸ
994 3818 1089 3874 σοῦ
1116 3816 1497 3889 πρεσϐύτεροι,
1527 3817 1575 3867 οἱ
1604 3813 1710 3885 πρὸ
1739 3810 1906 3867 αὑτοῦ

317 3914 706 3987 πρεσϐύτεροι,
742 3915 792 3967 οἱ
818 3912 927 3986 πρὸ
954 3910 1115 3986 ἡμῶν
1139 3908 1522 3981 πρεσϐύτεροι.
1558 3907 1695 3962 Cum
1725 3914 1907 3960 autem

316 4010 388 4063 de
435 4015 707 4077 praasente
753 4006 1014 4076 episcopo
1054 4002 1186 4073 agit,
1229 4002 1333 4057 sub
1376 4014 1489 4069 quo
1522 3999 1639 4069 ipse
1666 3997 1905 4067 scripsit,

318 4097 543 4170 proprie
572 4105 627 4151 et
653 4097 722 4151 ad
747 4096 971 4151 modum
999 4092 1193 4165 lgnatii
1222 4091 1495 4162 loquitur,
1524 4091 1618 4145 lib.
1647 4106 1728 4155 Ill,
1752 4105 1801 4145 c.
1836 4088 1901 4143 ὃς

326 4210 347 4243 s
396 4188 715 4243 Fundantes
762 4188 929 4259 igitur
977 4196 1032 4242 et
1078 4186 1431 4241 instituentes
1479 4182 1621 4238 beati
1672 4180 1911 4257 apostoli

320 4279 646 4347 Ecclesiam,
685 4278 824 4334 Lino
873 4280 1255 4350 episcopatum
1303 4276 1752 4333 administrandae
1797 4273 1903 4329 Ec-

320 4382 505 4436 clesiae
554 4378 917 4435 tradiderunt.
969 4372 1227 4430 Succedit
1273 4380 1456 4426 autem
1490 4367 1540 4423 ei
1571 4366 1900 4431 Anacletus;

321 4484 447 4546 post
473 4490 601 4528 eum
634 4472 793 4527 tertio
832 4470 911 4525 ab
956 4465 1221 4539 apostolis
1255 4463 1627 4534 episcopatum
1672 4459 1902 4514 sortitur

2017 1955 2171 2009 Ἐπεὶ
2196 1954 2289 2008 καὶ
2320 1957 2375 2008 αἱ
2406 1954 2643 2009 ἐνταῦθα
2674 1955 2949 2028 τνεροκοπιιι)¹
2979 1956 3316 2019 ἐπισκόπων,
3347 1957 3589 2027 πρεσϐυ-

2003 2049 2196 2120 τέρων,
2231 2048 2494 2101 διακόνων
2527 2048 2839 2120 μιμήματα,
2870 2044 3022 2118 οἶμαι
3043 2087 3057 2112 ,
3091 2048 3387 2120 ἀγγελικῆς
3429 2048 3588 2120 δόξης

2002 2140 2378 2211 τυγχάνουσιν.
2432 2138 2744 2194 Secundum
2787 2139 3122 2195 Clementem
3174 2141 3359 2211 igitur,
3387 2157 3584 2211 quem-

2005 2232 2299 2286 admodum
2324 2232 2574 2303 προκοπή
2618 2247 2711 2286 seu
2733 2230 3015 2301 profectus
3031 2241 3115 2287 est
3140 2248 3171 2287 a
3195 2232 3485 2287 diaconatu
3516 2232 3585 2288 ad

2003 2325 2464 2395 presbyteratum,
2491 2324 2565 2378 ita
2599 2326 2764 2379 etiam
2790 2325 3038 2396 προκοπή
3076 2339 3172 2379 seu
3201 2324 3480 2393 profectus
3502 2333 3588 2380 est

2006 2433 2036 2472 a
2062 2417 2439 2487 presbyteratu
2465 2416 2532 2471 ad
2569 2416 2942 2485 episcopatum
2975 2433 2988 2468 :
3014 2427 3069 2471 et
3098 2416 3198 2471 hos
3224 2424 3334 2472 tres
3363 2417 3586 2473 ordines

2006 2523 2116 2562 non
2147 2517 2358 2562 tantum
2391 2508 2645 2563 ordinum
2670 2507 3042 2577 angelicorum
3069 2507 3409 2563 imitamenta
3438 2524 3588 2578 quae-

2006 2600 2133 2654 dam
2161 2615 2282 2655 esse
2306 2607 2488 2669 putat;
2516 2600 2611 2656 sed
2635 2600 2780 2655 etab
2803 2600 2937 2670 ipsis
2958 2600 3223 2670 apostolis
3261 2601 3315 2655 in
3343 2599 3587 2657 Ecclesia

2009 2692 2311 2755 institutos.
2339 2702 2393 2747 ct
2433 2693 2666 2749 diversis
2704 2693 3087 2762 distinctisque
3126 2694 3415 2763 praeceptis
3461 2709 3585 2748 tnu-
3624 2680 3629 2683 ’

2008 2787 2154 2840 nitos
2175 2784 2429 2848 credidit,
2467 2793 2529 2839 ut
2562 2800 2629 2839 ex
2657 2783 2819 2840 tertio
2858 2782 3149 2854 Pwdagogi
3178 2785 3320 2840 libro
3340 2786 3586 2841 ostendi-

2008 2892 2153 2931 mus.
2185 2875 2285 2931 Ubi
2311 2875 2477 2946 igitur
2506 2875 2730 2930 ordines
2753 2889 2848 2930 seu
2878 2875 3079 2945 gradus
3107 2885 3412 2943 enumerat,
3438 2886 3591 2931 utro-

2006 2968 2173 3039 bique
2222 2984 2348 3023 cum
2404 2968 2613 3039 lgnatio
2660 2977 2851 3023 nostro
2882 2968 3205 3038 episcopos,
3239 2970 3589 3041 presbyteros

2008 3070 2063 3116 et
2090 3059 2354 3115 diaconos
2379 3058 2598 3128 proprie
2640 3065 2696 3113 et
2733 3058 2990 3113 distincte
3028 3060 3292 3130 agnoscit.
3330 3060 3433 3115 Sed
3473 3078 3495 3113 s
3532 3061 3588 3116 in

2011 3151 2251 3222 quodam
2283 3165 2350 3206 ex
2380 3151 2501 3221 ejus
2518 3148 2787 3219 Operibus
2814 3150 2959 3220 quod
2992 3152 3135 3220 apud
3165 3150 3458 3209 Eusebium
3487 3169 3587 3210 ex-

2009 3253 2119 3300 stat
2168 3244 2509 3314 fragmento,
2544 3257 2707 3313 quem
2758 3243 2939 3311 primo
2985 3243 3305 3313 episcOpum
3352 3244 3589 3313 dixerat,

2008 3336 2262 3390 eumdem
2293 3335 2457 3404 paulo
2486 3342 2609 3403 post
2641 3332 3017 3403 presbyterum
3057 3333 3207 3387 dicit.
3247 3351 3269 3387 ι
3301 3333 3452 3390 Fecit
3484 3336 3591 3393 hoc

2008 3427 2228 3499 quidem
2264 3427 2321 3481 in
2368 3425 2592 3481 homilia
2637 3424 2749 3494 jam
2800 3423 3023 3479 tandem
3066 3425 3171 3480 sub
3210 3424 3460 3495 Origenis
3488 3444 3590 3482 no-

2011 3520 2160 3574 mine
2197 3518 2367 3581 edita,
2399 3517 2547 3588 quod
2591 3517 2764 3571 miror
2794 3525 2847 3571 et
2875 3515 3212 3572 Blondellum
3240 3525 3295 3572 et
3325 3517 3586 3575 Dallaeum

2009 3613 2274 3676 latuisse;
2306 3611 2401 3666 sed
2432 3609 2708 3679 quomodo
2738 3608 2791 3662 id
2833 3607 3024 3663 fecerit
3069 3609 3368 3664 videamus.
3400 3608 3591 3666 Homi-

2010 3721 2133 3760 nem
2165 3705 2341 3770 illum,
2372 3702 2625 3773 quisquis
2660 3701 2782 3767 fuit,
2812 3698 3135 3756 καθεστῶτα
3175 3700 3589 3757 ὲπίσκοπονειὼ

2007 3796 2219 3852 Joanne
2244 3796 2492 3866 apostolo
2514 3794 2702 3859 tradit,
2734 3808 2861 3849 cum
2891 3793 3007 3862 ipse
3034 3792 3316 3861 apostolus
3340 3795 3591 3864 regiones

2007 3892 2129 3947 illas
2152 3897 2483 3962 peragraret,
2520 3886 2852 3951 ἐπισκόπους
2880 3886 3255 3956 καταστήσων·
3281 3887 3588 3955 apostolum

2009 3987 2187 4056 ipsum
2220 3985 2294 4038 ita
2324 3998 2451 4053 eum
2483 3981 2851 4051 alloquentem
2882 3978 3185 4034 introducit
3214 3995 3228 4033 τ
3265 3978 3400 4047 Ἀγε
3426 3978 3514 4045 δὲ,
3542 3972 3591 4034 ὦ

2007 4078 2305 4140 ἐπίσκοπε,
2338 4075 2443 4129 hoc
2469 4081 2575 4141 est,
2604 4072 2691 4128 sui
2735 4071 2997 4142 temporis
3039 4070 3355 4140 episcopum
3389 4085 3456 4124 eo
3484 4085 3588 4125 no-

2006 4170 2155 4225 mine
2182 4169 2342 4240 quasi
2377 4166 2561 4223 ofﬁcio
2596 4165 2845 4236 apprime
2882 4174 3218 4237 congruente
3259 4163 3591 4234 compellan-

2006 4274 2139 4321 tem.
2172 4263 2294 4335 Ipse
2324 4273 2507 4318 autem
2537 4262 2793 4318 Clemens
2814 4269 2938 4331 post
2964 4275 3140 4316 annos
3164 4268 3407 4326 centum,
3443 4259 3592 4314 hunc

1994 4373 2167 4429 quem
2202 4366 2257 4413 et
2298 4348 2417 4427 "ipse
2461 4365 2516 4411 et
2547 4353 2833 4425 apostolus
2867 4352 3185 4425 episcopum
3232 4352 3585 4422 appellarent,

2004 4451 2172 4505 semel
2199 4446 2567 4521 πρεσϐύτερον
2586 4487 2600 4512 ,
2629 4444 2799 4501 semel
2828 4443 3159 4515 πρεσϐύτην,
3192 4450 3255 4497 ut
3283 4442 3592 4510 apostolum

320 4535 607 4632 Clemens;
663 4584 683 4617 ι
712 4573 768 4618 et
810 4535 1037 4632 reliquis
1073 4556 1412 4614 enumeratis
1440 4572 1452 4607 :
1485 4572 1504 4604 ι
1535 4552 1672 4606 Cum
1715 4561 1895 4605 autem
1930 4562 1974 4617 ι)
2006 4545 2183 4614 ipsum
2216 4544 2308 4595 τὸν
2338 4542 2571 4613 γέροντα
2594 4546 2775 4632 vocat.
2816 4536 2902 4590 Nil
2947 4535 3111 4607 igitur
3142 4543 3334 4632 contra
3378 4548 3585 4587 morem

321 4658 682 4714 successisset
729 4655 957 4709 Aniceto
992 4649 1184 4715 Sotcr,
1230 4664 1380 4703 nunc
1426 4644 1751 4700 duodecimo
1783 4643 1903 4697 loco

321 4753 700 4823 episcOpatum
727 4749 796 4803 ab
821 4745 1083 4817 apostolis
1116 4742 1280 4797 habet
1311 4739 1679 4795 Eleutherius.
1719 4754 1737 4787 ›
1767 4733 1906 4789 Male

320 4844 490 4914 igitur
531 4842 768 4897 Dallmns
812 4855 880 4893 ex
932 4836 1123 4893 nescio
1156 4849 1265 4904 qua
1312 4831 1599 4903 apostolici
1632 4829 1905 4885 sermonis

316 4938 437 5008 lege
466 4936 725 5006 postulat,
754 4942 815 4988 ut
860 4929 919 4985 S.
972 4927 1216 5000 lgnatius
1256 4926 1514 4991 Damam,
1545 4921 1865 4979 Onesimum
1886 4960 1902 4985 ,

316 5041 375 5086 et
408 5029 723 5101 Polybium,
755 5042 865 5081 non
910 5024 1095 5079 minus
1132 5035 1295 5091 quam
1325 5018 1562 5072 lrcnazus
1592 5015 1901 5081 Anicetum,

317 5126 814 5199 Pinm,‘Hyginum,
833 5121 1250 5192 Telesphorum,
1281 5135 1298 5168 ι
1322 5115 1671 5188 presbyteros
1696 5131 1713 5164 ι
1738 5125 1904 5166 voca-

318 5239 445 5279 cum
498 5222 553 5275 hi
600 5219 806 5275 Irenaeo
854 5213 1194 5285 antiquiores
1251 5208 1496 5273 fuerint,
1556 5204 1635 5259 illi
1695 5202 1905 5274 lgnatio

318 5314 508 5379 coaevi,
544 5325 685 5383 quos
728 5322 956 5364 necesse
1001 5306 1051 5360 ei
1101 5302 1208 5357 fuit
1249 5316 1281 5355 a
1322 5296 1657 5371 presbyteris
1706 5295 1902 5349 distin-

318 5421 503 5480 guere.
527 5403 695 5474 Pejus
736 5409 918 5457 autem
969 5397 1143 5453 multo
1191 5391 1498 5450 Salmasius
1535 5389 1591 5442 in
1623 5386 1903 5456 Apparatn

322 5478 341 5550 ἆ
376 5511 479 5552 nec
523 5491 771 5549 muneris
795 5529 810 5552 .
836 5504 938 5545 nec
979 5485 1263 5558 dignitatis
1316 5484 1458 5537 inter
1485 5478 1801 5549 episcOpum
1851 5487 1905 5529 et

316 5587 695 5660 presbyterum
709 5580 1033 5637 divisionem
1049 5576 1285 5632 Victoris
1298 5581 1545 5641 tempore
1572 5569 1853 5624 exstitisse
1876 5586 1894 5618 ι

316 5681 404 5735 vel
433 5679 562 5734 inde
599 5671 824 5746 probari
865 5668 1097 5741 putavit,
1132 5687 1150 5720 ι
1180 5667 1308 5738 quia
1339 5679 1451 5719 non
1481 5662 1660 5717 solum
1697 5660 1897 5729 ipsum,

319 5770 415 5826 sed
453 5771 621 5826 etiam
665 5763 969 5822 anteriores
1008 5761 1300 5831 episcopos
1344 5756 1630 5813 Romanos
1660 5750 1899 5823 πρεσϐυ-

316 5864 492 5934 τέρων
514 5862 739 5918 nomine
763 5855 1054 5928 appellatos
1076 5861 1291 5909 constat
1311 5851 1379 5905 ab
1403 5849 1603 5904 Irenaeo
1626 5855 1679 5903 et
1700 5845 1840 5901 aliis.
1871 5863 1893 5897 ι

2007 4635 2201 4709 lgnatii
2226 4633 2371 4688 fecit.
2396 4629 2708 4697 Quinetiam
2733 4625 3093 4697 Polycarpum
3120 4623 3418 4679 secundum
3449 4637 3586 4691 prae.

2006 4736 2213 4784 sentem
2237 4724 2493 4780 Ecclesiae
2513 4730 2715 4777 statum
2739 4719 2882 4789 apud
2904 4717 3280 4785 Philippenses
3303 4712 3588 4781 scripsisse

2005 4836 2114 4875 non
2148 4819 2362 4874 dubito.
2409 4815 2521 4871 Illis
2566 4813 2785 4883 quidem
2814 4808 3061 4880 praecipit
3102 4814 3161 4860 ut
3206 4804 3435 4874 subjecti
3478 4803 3590 4858 sint

2012 4934 2031 4967 ι
2068 4911 2401 4985 presbyteris
2422 4919 2475 4964 et
2500 4906 2748 4964 (liaeonis
2769 4903 2913 4959 sicut
2938 4900 3049 4955 Deo
3077 4908 3132 4954 et
3155 4899 3396 4953 Christo.
3431 4916 3449 4949 ›
3481 4895 3588 4951 Sed

2005 5008 2129 5079 quis
2161 5004 2346 5071 dabit,
2377 5003 2695 5073 episcopum
2726 4994 3157 5064 Philippensium
3188 5000 3321 5045 tunc
3367 4991 3420 5044 in
3449 4989 3589 5043 vivis

2006 5098 2215 5156 fuisse?
2242 5096 2378 5163 Quis
2421 5091 2706 5165 praestabit
2753 5086 3129 5157 Philippenses
3181 5081 3304 5137 ideo
3348 5097 3378 5135 a
3425 5080 3588 5150 Poly-

2005 5205 2173 5261 carpo
2216 5185 2512 5245 consilium
2561 5196 2671 5237 non
2699 5178 3047 5248 emagitasse,
3079 5174 3228 5243 quod
3269 5180 3402 5226 tunc
3448 5178 3587 5224 tent-

2005 5282 2155 5353 poris
2180 5279 2437 5349 episcopo
2467 5273 2569 5343 ipsi
2618 5270 2766 5326 haud
2805 5265 3155 5337 potirentur?
3187 5261 3263 5318 Ita
3294 5261 3439 5317 enim
3475 5261 3588 5329 ipse

2005 5351 2103 5431 eos
2131 5370 2473 5441 alloquitur:
2504 5362 2718 5427 Ταῦτα,
2763 5358 3014 5429 ἀδελφοὶ,
3060 5358 3160 5410 οὐκ
3202 5351 3423 5426 ἐμαυτῷ
3467 5353 3585 5405 ἐπι-

2005 5465 2208 5538 τρέψας
2242 5462 2440 5534 γράφω
2471 5460 2599 5529 ὑμῖν
2633 5455 2761 5525 περὶ
2788 5453 2887 5523 τῆς
2918 5449 3284 5519 δικαιοσύνηςο
3320 5445 3433 5499 ἀλλ’
3460 5445 3584 5498 ἐπεὶ

2006 5559 2161 5629 ὑμεῖς
2190 5548 2630 5626 προεκαλέσασθὲ
2662 5563 2750 5617 με.
2788 5562 2807 5595 ι
2840 5542 2966 5598 Haec
2994 5552 3198 5603 autem,
3233 5538 3449 5602 fratres,
3474 5550 3585 5590 non

2004 5666 2127 5705 meo
2157 5649 2406 5712 arbitrio,
2434 5643 2591 5699 vobis
2619 5641 2686 5695 de
2711 5637 2921 5710 justitia
2955 5634 3160 5698 scribo,
3192 5632 3285 5687 sed
3308 5629 3456 5700 quod
3489 5642 3587 5683 vos

2004 5744 2070 5798 ad
2106 5757 2191 5797 me
2224 5737 2584 5811 provocastis.
2621 5753 2640 5786 ι
2677 5732 2735 5787 In
2768 5744 2969 5791 causa,
3007 5736 3068 5781 ut
3097 5725 3313 5795 opinor,
3341 5720 3586 5776 Valentis

2002 5834 2325 5911 presbyteri,
2376 5846 2541 5904 quam
2594 5825 2802 5901 judicio
2860 5820 3142 5894 Polycarpi
3179 5814 3585 5889 permittebant.
