4138 6414
534 360 644 419 425

1599 353 1659 411 S.
1703 350 2057 411 IGNATIUS.
2095 383 2167 393 —
2202 350 2743 411 PROLEGOMENA.

3709 358 3814 415 4?."

535 479 662 536 Nam
697 479 861 550 igitur
883 494 1007 533 cum
1036 477 1243 532 incerta
1270 476 1402 541 sint,
1432 475 1569 530 nihil
1590 476 1729 530 certi
1760 490 1828 529 ex
1862 489 2117 530 sermone
2144 482 2193 539 Α
2225 492 2243 525 ι
2278 472 2571 545 Presbyter
2626 481 2817 543 pastor
2876 471 3094 527 titulum
3142 470 3404 527 condidit.
3465 488 3485 522 ι
3547 470 3818 530 Accurate

537 571 823 643 Polycarpi
856 570 1037 625 aﬂerri
1086 578 1281 638 potest.
1318 568 1460 634 Sed,
1494 567 1675 636 inquit
1722 565 1985 631 Dallaeus,
2016 565 2121 620 Po-

536 667 792 738 lycarpus
826 680 903 728 se,
936 672 991 717 et
1011 678 1127 728 eos,
1160 677 1397 731 quorum
1425 661 1645 715 nomine
1677 658 2121 729 Philippensibus

537 757 751 820 scribit,
794 756 1082 824 episcopos
1130 754 1477 824 presbyteros
1507 752 1662 816 dicit,
1700 769 1719 802 ι
1759 750 2117 821 Polycarpus,

536 858 584 904 et
623 848 716 918 qui
762 863 887 902 cum
921 863 986 901 eo
1021 856 1147 901 sunt
1184 845 1505 916 presbyteri.
1544 864 1563 895 ι
1598 842 1724 899 Haec
1752 844 1973 913 quidem
2008 860 2122 913 epi-

537 943 691 995 stola:
725 940 844 1008 ejus
894 939 1179 1007 inscriptio
1227 948 1344 1001 est,
1374 937 1734 1008 Πολύχαρπος
1784 936 1878 989 καὶ
1924 937 1973 989 οἱ
2023 938 2120 990 σὺν

535 1034 685 1104 αὐτῷ
733 1031 1111 1104 πρεσόὑτεροι.
1168 1030 1271 1085 Sed
1321 1046 1390 1084 an
1434 1030 1523 1084 ille
1570 1030 1665 1099 qui
1715 1044 1913 1083 nomen
1958 1042 2119 1083 suum

538 1136 747 1180 tantum
782 1126 967 1189 refert,
1017 1140 1075 1178 se
1113 1124 1488 1193 presbyterum
1536 1121 1709 1175 dicit?
1743 1120 1825 1173 An
1869 1136 1992 1174 cum
2027 1136 2120 1174 ne-

534 1220 682 1273 mine
710 1219 814 1273 nisi
859 1234 986 1273 cum
1045 1218 1366 1288 presbytero
1409 1215 1707 1286 presbyteri
1758 1230 1881 1269 esse
1924 1224 2119 1283 potue-

539 1313 702 1365 runt?
753 1310 949 1364 Annon
993 1326 1117 1364 cum
1172 1310 1429 1378 episcopo
1484 1308 1782 1378 presbyteri
1822 1322 1945 1361 esse
1979 1308 2121 1362 sole-

535 1404 704 1458 bant?
732 1402 810 1457 Ex
853 1403 939 1456 his
965 1401 1210 1470 exsculpi
1251 1400 1400 1454 nullo
1433 1400 1595 1453 modo
1634 1407 1831 1469 potest,
1864 1397 2120 1469 Polycar-

535 1512 663 1566 pum
696 1497 935 1565 seipsum
960 1495 1336 1565 presbyterum
1364 1508 1592 1547 vocasse
1627 1511 1638 1545 :
1671 1502 1729 1546 ut
1757 1506 1932 1560 neque
1959 1491 2117 1557 illud,

535 1605 630 1643 eos
654 1605 793 1658 quos
822 1598 980 1643 vocat
1021 1588 1367 1657 presbyteros
1397 1601 1645 1655 quosque
1684 1584 1791 1639 sibi
1840 1584 2113 1653 adjungit,

535 1680 822 1748 episcopos
876 1678 1071 1732 fuisse.
1104 1675 1276 1730 Nemo
1322 1677 1469 1730 enim
1501 1676 1714 1730 dubitat
1760 1674 1892 1744 quin
1928 1677 1981 1727 in
2014 1676 2118 1729 Ec-

535 1771 698 1825 clesia
733 1770 1049 1839 Smyrnensi
1096 1768 1397 1840 Polycarpo
1439 1768 1699 1836 episcopo
1726 1766 1968 1833 adjuncti
1999 1764 2118 1820 fue-

535 1863 649 1915 rint
678 1862 1012 1933 presbyteri;
1051 1876 1173 1915 cuni
1207 1861 1372 1931 igitur
1403 1860 1468 1914 ad
1499 1861 1675 1929 ipsum
1722 1867 2115 1928 provocassent

533 1953 933 2024 Philippenses,
978 1970 1148 2024 quare
1198 1955 1336 2007 alios
1373 1969 1437 2007 ex
1476 1953 1604 2007 Asia
1656 1953 1943 2022 episcopos
1988 1966 2118 2006 con-

533 2057 777 2113 vocaret,
822 2055 877 2101 et
921 2061 1023 2100 suo
1068 2046 1409 2116 presbyterio
1454 2053 1747 2100 contentus
1788 2060 1899 2097 non
1950 2052 2115 2111 esset,

532 2139 787 2208 equidem
838 2154 947 2193 non
980 2138 1159 2193 video.
1194 2137 1261 2192 Et
1310 2138 1363 2191 hi
1408 2138 1628 2206 quidem
1671 2146 1911 2207 quatuor
1943 2136 2116 2191 Graeci

531 2240 659 2287 sunt
691 2232 916 2286 secundi
953 2232 1137 2285 saeculi
1189 2232 1517 2300 scriptores,
1560 2246 1701 2301 quos
1750 2230 1981 2284 advocat
2036 2230 2118 2284 vir

530 2325 919 2391 doctissimus;
966 2325 1220 2393 quintum
1264 2326 1409 2378 enim
1455 2339 1789 2396 anonymum
1834 2324 1947 2393 jam
1993 2333 2118 2378 ante

528 2416 923 2483 expunximus.

601 2508 918 2562 Latinorum
939 2517 1118 2562 autem
1156 2506 1303 2561 illius
1331 2507 1610 2562 memoriae
1640 2508 1841 2561 mirum
1871 2506 2116 2569 texitca-

530 2604 794 2673 talogum.
812 2602 1055 2655 Primum
1084 2600 1631 2669 Irenaaiinterpretem
1653 2601 1839 2667 refert,
1855 2616 2016 2670 quem
2044 2601 2117 2654 ita

537 2713 560 2747 ι
580 2695 825 2748 locutum
853 2709 977 2748 esse
999 2715 1016 2746 ι
1050 2694 1202 2755 dicit,
1240 2712 1261 2745 ‹
1283 2701 1337 2748 et
1367 2708 1434 2747 ex
1465 2708 1574 2761 quo
1612 2708 1735 2761 quae
1763 2690 2115 2746 fueruntlre-

531 2802 723 2842 naaana
748 2786 1002 2855 pleraque
1019 2801 1077 2840 se
1091 2785 1445 2853 descripsisse
1468 2803 1488 2833 ν
1523 2782 1739 2837 fatetur.
1761 2782 1942 2848 Quare
1970 2784 2117 2837 enim

529 2880 691 2934 aliter
718 2880 1035 2947 loqueretur
1067 2875 1255 2930 Irenaei
1290 2877 1560 2943 interpres
1588 2890 1753 2944 quam
1790 2874 2009 2929 locutus
2034 2884 2117 2929 est

532 2970 821 3026 Irenteus?
856 2970 963 3022 Aut
990 2968 1121 3037 quid
1164 2967 1463 3022 auctoritas
1508 2967 1819 3036 interpretis
1864 2967 1993 3021 huic
2040 2968 2117 3021 rei

530 3064 778 3126 confert,
813 3062 918 3117 nisi
951 3061 1098 3130 quod
1137 3060 1401 3115 Irenaeum
1452 3060 1526 3113 ita
1565 3059 1854 3128 scripsisse
1889 3075 2118 3129 persua-

532 3172 654 3210 sum
699 3155 1020 3217 habeamus,
1069 3153 1215 3222 quod
1266 3167 1428 3206 nemo
1480 3151 1673 3221 negat?
1725 3152 1851 3205 Sive
1890 3151 2113 3206 secundi

530 3246 716 3302 saeculi
782 3245 945 3299 fuerit
1015 3245 1284 3313 interpres
1339 3244 1460 3310 ille,
1536 3244 1652 3298 sive
1711 3244 1981 3313 sequioris
2011 3244 2111 3297 ali-

528 3339 689 3407 cujus
717 3378 731 3403 ,
780 3337 1005 3407 perinde
1066 3345 1185 3402 est;
1237 3336 1442 3389 nullam
1523 3336 1612 3390 ille
1645 3336 1752 3389 vim
1795 3348 2115 3407 argumento

531 3430 699 3483 addit.
752 3428 857 3495 Qui
887 3437 1081 3499 putant
1110 3442 1236 3482 eum
1286 3428 1533 3497 ejusdem
1584 3443 1710 3482 cum
1764 3427 1970 3483 [renato
2012 3428 2113 3483 aevi

527 3522 721 3587 fuisse,
748 3523 923 3591 ipsum
952 3520 1217 3574 Irenaeum
1256 3519 1427 3574 fuisse
1466 3519 1836 3585 hariolentur;
1870 3520 1943 3573 ita
1972 3535 2115 3574 unus

531 3621 744 3667 tantum
782 3629 849 3666 ex
918 3622 1142 3665 auctore
1180 3619 1235 3665 et
1286 3611 1582 3680 interprete
1621 3611 1776 3665 testis
1804 3610 2110 3665 conﬁcitur.

527 3702 632 3773 Qui
684 3704 1003 3759 existimant
1046 3702 1293 3772 ejusdem
1358 3717 1486 3757 cum
1544 3701 1884 3757 Tertulliano
1935 3704 2112 3757 artatis

527 3814 671 3863 esse,
713 3796 847 3850 nihil
874 3796 1021 3850 aliud
1053 3796 1305 3861 aﬂ'erunt,
1342 3796 1446 3850 nisi
1484 3794 1629 3865 quod
1684 3803 1809 3849 ante
1836 3793 1895 3848 S.
1927 3794 2113 3864 Augu-

527 3891 734 3945 stinum
766 3889 1056 3957 scripsisse
1088 3888 1373 3953 videatur;
1408 3896 1599 3941 contra
1647 3902 1770 3954 quae
1800 3887 1972 3941 multa
2016 3886 2113 3939 ob-

526 3982 619 4051 jici
653 3986 894 4049 possent,
915 3979 961 4033 si
987 3993 1073 4033 res
1095 3979 1207 4047 ipsa
1228 3977 1320 4031 tali
1347 3976 1666 4031 defensione
1691 3977 1977 4045 indigeret.
2002 3974 2113 4031 Ire—

529 4074 631 4125 naai
681 4071 963 4140 interpreti
1018 4070 1300 4140 subjungit
1345 4068 1500 4122 Pium
1558 4067 1748 4123 Romae
1790 4069 2109 4137 episcopum

528 4163 688 4231 cujus
715 4163 1000 4231 epistolam
1024 4161 1183 4215 Iusto
1211 4162 1467 4230 episcopo
1513 4159 1810 4214 Viennensi
1847 4160 2111 4213 directam

531 4250 691 4303 nobis
727 4249 955 4316 objicit;
986 4264 1149 4315 quam
1203 4258 1387 4303 tamen
1416 4266 1434 4299 ι
1486 4263 1595 4303 non
1624 4249 1693 4303 ab
1731 4249 1882 4302 omni
1936 4250 2112 4318 impo-

524 4348 692 4395 stura:
715 4340 1030 4408 suspicione
1055 4340 1281 4395 liberam
1312 4358 1331 4392 ι
1372 4338 1501 4393 olim
1546 4338 1864 4395 Blondellus
1890 4338 2110 4407 judica-

527 4432 622 4485 vit.
658 4429 749 4483 Ille
798 4432 1017 4499 quidem
1040 4470 1053 4493 ,
1079 4430 1332 4500 quisquis
1369 4437 1488 4493 est,
1532 4429 1600 4484 de
1654 4431 1984 4501 presbyteris
2013 4430 2107 4500 qui

529 4523 599 4577 ab
630 4523 895 4589 apostolis
918 4522 1132 4577 educati
1162 4520 1403 4585 fuerunt,
1417 4521 1679 4590 loquitur,
1705 4522 1799 4576 sed
1819 4523 1956 4591 jam,
1980 4537 2104 4576 cum

528 4615 810 4680 scriberet,
864 4614 1133 4668 mortuis:
1167 4612 1314 4681 quod
1361 4611 1429 4665 ad
1471 4628 1585 4668 rem
1630 4613 1785 4667 nihil.
1824 4612 1882 4667 In
1916 4614 2103 4669 eadem

525 4716 704 4763 autem
735 4708 965 4777 epistola
1012 4706 1078 4760 de
1120 4706 1203 4760 sui
1258 4706 1518 4773 temporis
1562 4705 1777 4760 clericis
1826 4705 2107 4776 Ignatiano

528 4815 679 4852 more
718 4799 982 4867 loquitur,
1009 4796 1235 4851 secundi
1262 4796 1473 4852 ordinis
1497 4797 1726 4852 clericos
1753 4798 1953 4853 diserte
1982 4813 2108 4867 pre-

524 4896 772 4965 sbyteros
807 4895 1079 4963 appellat:
1104 4911 1123 4944 ι
1155 4892 1407 4947 Salutant
1474 4903 1526 4948 te
1560 4892 1717 4949 Soter
1763 4904 1816 4949 et
1855 4894 2107 4950 Eleuthe-

522 4988 639 5041 rius
664 4988 811 5055 digni
842 4985 1161 5055 presbyteri.
1192 5003 1210 5035 ι
1230 4984 1664 5055 'I'uncenimipse
1690 4986 1877 5041 Romae
1892 4989 2107 5058 episco-

524 5095 628 5149 pus
667 5078 807 5143 fuit;
836 5079 995 5131 Soter
1024 5088 1207 5132 autem
1240 5088 1296 5133 et
1347 5076 1689 5133 Eleutherius
1737 5080 1935 5135 ibidem
1979 5098 2104 5150 pro—

524 5171 641 5239 prie
689 5170 839 5231 dicti,
875 5170 920 5224 si
972 5170 1130 5233 forte,
1162 5170 1485 5241 presbyteri.
1548 5170 1605 5224 Si
1657 5170 1814 5237 forte,
1845 5172 2098 5241 inquam;

525 5276 649 5314 nam
678 5269 798 5328 post
828 5260 909 5312 Pii
941 5260 1226 5315 decessum
1259 5261 1631 5316 Eleutheriuni
1663 5261 1875 5317 Aniceti
1920 5264 2103 5317 diaco-

525 5368 655 5405 num
692 5350 861 5405 fuisse
889 5361 1118 5406 testatur
1140 5352 1495 5424 Hegesippus.
1523 5354 1667 5408 Idem
1706 5355 1760 5407 in
1789 5355 1959 5409 altera
1988 5358 2103 5424 epi-

522 5444 663 5499 stola
694 5443 937 5512 ejusdem
972 5444 1183 5511 farinaa,
1215 5446 1412 5500 Verum
1441 5445 1703 5513 collegam
1739 5461 1898 5501 suum
1924 5448 2102 5500 nomi-

522 5544 633 5599 nat,
667 5533 883 5588 Justum
911 5534 1270 5591 Viennensem
1310 5537 1433 5607 ejus
1482 5538 1606 5592 loco
1648 5538 2008 5592 constitutum
2046 5548 2101 5594 et

516 5628 733 5682 colobio
756 5630 1135 5699 episcoporum
1185 5630 1441 5685 vestitum
1502 5630 1877 5699 agnoscitzad
1935 5647 2096 5700 quem

516 5721 598 5775 sic
626 5722 815 5777 scribit
845 5740 857 5775 :
889 5742 908 5774 ι
946 5724 1251 5796 Presbyteri
1281 5735 1335 5781 et
1364 5726 1580 5780 diaconi
1605 5740 1714 5778 non
1748 5737 1808 5777 ut
1835 5739 2096 5794 majorem

515 5814 614 5870 sed
636 5822 696 5869 ut
722 5815 1033 5871 ministrum
1063 5816 1263 5875 Christi
1294 5828 1345 5874 te
1380 5819 1691 5875 observent.
1723 5835 1741 5867 ι
1766 5817 1843 5873 Ac
1864 5834 2091 5876 rursus:

2225 564 2399 636 igitur
2436 566 2848 622 distinctionem
2881 565 3138 622 ordinum
3189 567 3585 635 nominumque
3620 566 3815 622 obser-

2224 654 2516 711 vavitPius
2536 655 2644 721 ille,
2666 673 2787 711 cum
2806 656 2870 710 de
2886 656 3027 713 clero
3048 661 3133 714 sui
3185 658 3445 728 temporis
3471 658 3812 728 loqueretur.

2224 750 2337 807 Nec
2375 752 2559 807 minus
2590 751 2880 807 infeliciter
2912 754 3056 807 hunc
3091 767 3189 821 pro
3216 754 3604 807 communione
3643 751 3819 807 nomi-

2225 861 2355 899 num
2399 846 2581 898 attulit
2633 844 2886 911 Dallazus,
2919 862 3084 915 quam
3132 863 3232 915 pro
3272 849 3504 915 paritate
3555 846 3813 901 ordinum

2223 939 2558 1003 Blondellus,
2592 954 2754 1007 quem
2779 939 2914 992 adeo
2948 939 3094 991 clare
3136 937 3397 992 refutavit
3428 937 3813 996 Hammundus

2224 1040 2431 1084 noster.
2462 1027 2525 1082 Hi
2563 1040 2693 1082 sunt
2725 1030 2972 1099 prae-lari
3006 1031 3115 1084 duo
3161 1039 3329 1087 testes
3366 1032 3591 1086 secundi
3626 1032 3813 1088 seaculi

2225 1120 2488 1174 adversus
2536 1119 2805 1190 Ignatium
2862 1120 3150 1189 producti;
3202 1122 3404 1193 quibus
3459 1124 3630 1177 miror
3661 1139 3810 1191 eum,

2222 1229 2348 1268 cum
2384 1221 2536 1267 tanta
2578 1213 2760 1281 inopia
2819 1224 3179 1283 premeretur,
3222 1231 3330 1269 non
3368 1214 3645 1270 addidisse
3685 1214 3813 1270 Vic-

2219 1307 2359 1361 toris
2382 1321 2533 1376 papae
2557 1306 2934 1360 testimonium
2963 1322 2993 1360 a
3019 1305 3298 1362 Blondello
3319 1317 3373 1363 et
3393 1307 3664 1362 Salmasio
3682 1324 3811 1377 pro-

2221 1398 2466 1463 ductum,
2492 1397 2636 1467 quod
2656 1396 2901 1467 ejusdem
2929 1397 3088 1467 plane
3110 1414 3234 1451 cum
3259 1398 3351 1451 illo
3380 1396 3464 1451 Pii
3483 1397 3674 1452 farina:
3700 1410 3805 1459 est.

2221 1488 2299 1542 Ex
2331 1489 2425 1543 illo
2449 1489 2595 1543 enim
2629 1489 2838 1557 colligit
2872 1489 3217 1557 Blondellus,
3254 1490 3635 1560 apostolorum
3682 1506 3793 1547 suc-

2220 1594 2468 1635 cessores
2518 1588 2573 1635 et
2629 1582 2977 1637 convictores
3028 1583 3397 1639 Ecclesiarum
3448 1586 3516 1639 ad
3565 1585 3808 1643 Victoris

2221 1684 2467 1744 tempora
2497 1684 2739 1732 rectores
2776 1677 3124 1748 presbyteros
3160 1677 3351 1733 fuisse.
3384 1677 3487 1733 Sed
3514 1680 3663 1745 vidit,
3690 1680 3809 1750 opi-

2222 1782 2344 1832 nor,
2382 1775 2629 1835 apertum
2672 1766 2778 1821 hoc
2802 1782 2925 1822 esse
2955 1767 3300 1822 mendacium
3323 1787 3338 1834 ;
3364 1784 3524 1823 nemo
3540 1771 3683 1823 enim
3711 1774 3804 1840 qui

2222 1860 2595 1929 apostolorum
2629 1860 2911 1914 convictor
2942 1857 3139 1927 fuerat,
3166 1859 3403 1914 Victoris
3432 1870 3589 1915 aetate
3618 1859 3807 1915 Eccle-

2221 1953 2363 2006 siam
2412 1951 2653 2023 regebat.
2704 1950 2912 2007 Planus
2958 1952 3050 2006 ille
3099 1952 3255 2006 aliter
3295 1950 3453 2005 Pium
3492 1967 3685 2022 papam
3717 1951 3806 2007 Io-

2220 2053 2479 2114 quentem
2509 2054 2865 2113 repraesentat
2895 2062 2907 2096 :
2940 2062 2957 2094 ι
2986 2041 3296 2115 Presbyteri
3333 2043 3430 2108 illi,
3457 2045 3548 2112 qui
3580 2044 3650 2098 ab
3675 2059 3806 2113 apo-

2219 2138 2375 2194 stolis
2397 2137 2616 2192 educati
2658 2152 2835 2206 neque
2877 2136 2944 2189 ad
2975 2152 3075 2191 nos
3106 2145 3492 2206 pervenerunt,
3526 2152 3649 2191 cum
3682 2136 3804 2206 qui-

2218 2229 2323 2284 bus
2351 2229 2517 2284 simul
2557 2228 2785 2283 verbum
2830 2225 2956 2281 tidei
3012 2227 3195 2296 partiti
3248 2243 3460 2294 sumus,
3488 2243 3518 2282 a
3570 2227 3803 2282 Domino

2218 2322 2397 2376 vocati
2448 2323 2502 2375 in
2530 2321 2804 2376 cubilibus
2850 2319 3071 2375 aeternis
3110 2319 3282 2374 clausi
3326 2329 3599 2374 tenentur.
3637 2339 3655 2370 ι
3690 2318 3804 2374 Sub

2218 2415 2317 2469 Pio
2354 2415 2518 2485 igitur
2563 2414 2937 2484 episcopatum
2994 2422 3211 2467 tenente
3259 2428 3449 2467 omnes
3498 2412 3802 2484 presbyteri

2218 2508 2595 2576 apostolorum
2634 2508 2975 2562 convictores
3023 2506 3301 2561 demortui
3352 2505 3607 2571 fuerunt,
3632 2515 3707 2572 et,
3742 2516 3804 2561 ut

2219 2602 2311 2655 ille
2345 2602 2538 2667 voluit,
2569 2620 2587 2651 ι
2628 2602 2849 2656 αξιοι-πίε
2886 2601 3162 2656 cubilibus
3201 2600 3393 2655 clausi.
3435 2619 3453 2651 ι
3492 2599 3622 2655 P0st
3642 2600 3800 2655 Pium

2218 2693 2360 2749 sedit
2380 2693 2667 2759 Anicetus,
2703 2701 2827 2763 post
2854 2693 3145 2748 Anicetum
3186 2692 3369 2760 Soter,
3401 2702 3526 2763 post
3553 2691 3798 2747 Soterem

2217 2784 2564 2852 Eleutherus,
2597 2795 2721 2855 post
2750 2784 3105 2841 Eleutherum
3137 2784 3342 2840 Victor.
3372 2786 3454 2839 An
3490 2786 3657 2856 igitur
3680 2801 3802 2855 pre-

2216 2878 2420 2948 sbyteri
2440 2878 2519 2931 illi
2540 2879 2757 2933 aeternis
2781 2878 3051 2935 cubilibus
3068 2880 3342 2949 perruptis
3358 2886 3799 2947 resurrexerunt,

2217 2977 2277 3023 ut
2328 2969 2395 3022 ad
2431 2977 2675 3038 tempora
2708 2968 2946 3025 Victoris
2989 2979 3043 3024 et
3093 2971 3279 3025 nescio
3329 2970 3488 3040 cujus
3536 2970 3800 3026 Desiderii

2217 3058 2544 3115 Viennensis
2567 3062 2828 3132 episcopi,
2872 3063 3135 3119 ecclesias
3183 3063 3593 3133 gubernarent?
3620 3061 3800 3132 Ipsius

2218 3151 2482 3208 Blondelli
2516 3156 2677 3209 verba
2731 3164 2884 3220 sunt,
2936 3155 3210 3225 Apologia:
3266 3157 3505 3210 sectione
3554 3157 3795 3226 quinta:

2225 3264 2243 3296 ‹
2274 3244 2661 3301 Ohservaverit
2718 3247 2884 3318 igitur
2918 3248 3109 3315 lector,
3142 3247 3240 3301 Pio
3266 3249 3486 3303 sedente
3511 3248 3671 3319 (inter
3701 3265 3800 3303 an-

2218 3356 2351 3393 num
2382 3339 2484 3395 I46
2517 3350 2569 3394 et
2600 3339 2741 3411 150)
2774 3342 3161 3396 mortalitatem
3198 3342 3500 3412 explevisse
3532 3352 3799 3412 quotquot

2217 3431 2412 3488 Romae
2453 3433 2846 3503 superfuerant
2886 3435 3260 3503 apostolorum
3304 3435 3582 3505 discipuli.
3621 3453 3640 3486 ι
3697 3433 3795 3489 Pio

2215 3535 2398 3580 autem
2421 3534 2682 3596 tanquam
2714 3526 2939 3580 fratrem
2978 3530 3301 3595 scriptorem
3348 3527 3597 3597 adjungit
3647 3526 3797 3581 Grae-

2214 3632 2340 3672 cum
2364 3615 2621 3673 Hermam
2644 3617 2945 3673 Pastorem.
2966 3617 3067 3673 Sed
3096 3618 3245 3672 illum
3268 3616 3348 3672 Pii
3374 3616 3599 3673 fratrem
3626 3616 3797 3675 fuisse

2214 3708 2343 3776 quis
2390 3706 2617 3762 credet?
2664 3705 3013 3777 Supposititii
3070 3706 3393 3762 Tertulliani
3422 3690 3591 3776 ,'aut
3647 3707 3796 3763 Libri

2214 3801 2534 3872 pontiﬁcalis
2575 3803 2875 3856 auctoritas
2904 3809 3051 3856 tanta
3084 3816 3191 3854 non
3216 3810 3319 3866 est,
3349 3810 3409 3855 ut
3437 3816 3626 3856 verum
3663 3800 3796 3855 illud

2213 3907 2338 3946 esse
2385 3891 2711 3956 credamus,
2741 3893 2889 3962 quod
2942 3891 3180 3947 lrenaeus
3227 3893 3321 3964 qui
3370 3893 3473 3948 sub
3518 3892 3615 3946 Pio
3636 3893 3793 3955 vixit,

2213 3983 2360 4052 quod
2394 3981 2764 4038 Tertullianus
2789 3984 2938 4054 ipse,
2976 3984 3120 4057 quod
3166 3982 3530 4056 Hieronymus
3566 4000 3795 4054 prorsus

2213 4076 2497 4145 ignorasse
2526 4087 2953 4147 cognoscuntur.
2994 4097 3011 4128 ι
3034 4076 3113 4130 Eo
3149 4077 3314 4147 igitur
3341 4078 3547 4131 factum
3574 4094 3681 4132 non
3707 4079 3792 4131 vi—

2212 4169 2391 4235 detur,
2441 4180 2501 4222 ut
2546 4168 2775 4224 Hermas
2830 4171 3136 4226 ministeria
3187 4171 3445 4226 Ecclesia:
3500 4187 3530 4225 a
3571 4172 3794 4225 Christo

2211 4262 2337 4316 data
2360 4263 2535 4317 obiter
2569 4264 2769 4317 alicubi
2805 4278 3245 4318 commemorans
3282 4280 3386 4319 non
3428 4264 3566 4318 alios
3596 4279 3789 4319 recen—

2213 4359 2341 4408 seat
2366 4370 2531 4424 quam
2572 4357 2850 4425 apostolos
2891 4366 2943 4411 et
2995 4358 3284 4426 episcopos
3340 4366 3392 4412 et
3440 4360 3693 4415 doctores
3738 4367 3795 4411 et

2212 4446 2517 4512 ministros,
2549 4448 2600 4501 id
2635 4457 2720 4502 est
2756 4446 3039 4503 diacohos.
3081 4468 3098 4499 ι
3130 4449 3213 4501 An
3254 4448 3385 4517 quia
3423 4446 3549 4501 Pius
3577 4449 3794 4515 episco-

2139 4557 2182 4611 ι)
2212 4553 2311 4606 pos
2342 4539 2409 4591 ab
2431 4538 2694 4607 apostolis
2714 4539 2974 4593 educatos
3011 4539 3358 4609 presbyteros
3384 4539 3633 4602 vocabat,
3668 4537 3793 4591 ideo

2210 4626 2441 4683 Hermas
2470 4628 2770 4698 presbyteri
2800 4646 2999 4684 nomen
3046 4630 3251 4694 omisit,
3299 4630 3645 4699 presbyteros
3690 4646 3793 4684 au-

2209 4729 2318 4774 tem
2364 4722 2515 4787 ipsos
2562 4720 2664 4773 sub
2696 4720 2967 4789 episcopis
3014 4722 3335 4791 complexus
3377 4721 3791 4787 est?Qua:nam

2209 4813 2327 4866 hazc
2352 4812 2493 4865 ratio
2521 4812 2645 4867 est?
2681 4811 2786 4867 Sed
2822 4829 3000 4883 neque
3047 4830 3235 4868 verum
3267 4826 3370 4880 est,
3404 4816 3577 4870 multo
3604 4816 3791 4871 minus

2206 4913 2439 4968 certum,
2498 4902 2752 4959 Hermam
2790 4907 3139 4977 presbyteros
3193 4907 3295 4963 sub
3333 4909 3607 4978 episcopis
3637 4926 3790 4964 com-

2205 4996 2428 5065 plexum
2456 5013 2614 5064 esse;
2660 5014 2802 5068 quos
2832 4999 2935 5054 sub
2966 5000 3288 5056 doctoribus
3318 5004 3500 5071 potius
3549 5006 3789 5074 comple-

2205 5103 2309 5142 xus
2332 5098 2433 5143 est.
2477 5087 2546 5143 Ut
2576 5090 2629 5143 in
2660 5092 2917 5160 passione
2959 5090 3017 5145 S.
3062 5092 3342 5162 Perpetua:
3365 5095 3634 5165 legimus:
3667 5118 3685 5149 ‹
3724 5099 3788 5150 Et

2202 5178 2474 5235 exivimus
2517 5190 2572 5235 et
2602 5183 2838 5238 vidimus
2861 5193 2985 5238 ante
3017 5184 3163 5239 fores
3186 5185 3442 5255 Optatum
3470 5190 3784 5260 episcopum

2203 5271 2271 5324 ad
2316 5270 2583 5339 dextram,
2634 5284 2689 5329 et
2738 5275 3030 5345 Aspasium
3065 5278 3447 5351 presbyterum
3501 5282 3783 5339 doctorem

2203 5364 2269 5419 ad
2317 5366 2619 5421 sinistram.
2661 5386 2681 5419 ι
2731 5365 2803 5423 Ut
2856 5367 3230 5426 Tertullianus
3264 5392 3276 5427 :
3310 5392 3327 5424 ‹
3366 5373 3504 5441 Quid
3551 5391 3681 5445 ergo
3738 5379 3785 5432 si

2201 5458 2514 5527 episcopus,
2546 5460 2591 5513 si
2618 5459 2905 5525 diaconus,
2925 5462 2973 5515 si
2998 5462 3184 5527 vidua,
3204 5464 3248 5517 si
3290 5464 3461 5535 virgo,
3495 5465 3540 5520 si
3572 5467 3784 5533 doctor,

2200 5549 2247 5602 si
2277 5549 2438 5602 etiam
2477 5560 2683 5621 martyr
2732 5552 2915 5620 lapsus
2945 5568 2975 5605 a
3010 5554 3193 5623 regula
3251 5553 3434 5610 fuerit.
3471 5576 3489 5608 ι
3530 5554 3636 5610 Ubi
3686 5559 3786 5612 do-

2198 5648 2407 5695 ctorem
2449 5642 2567 5698 sine
2613 5643 2780 5699 dubio
2827 5660 2927 5714 pro
2976 5647 3295 5717 presbytero
3328 5649 3531 5716 posuit.
3583 5647 3641 5703 S.
3677 5650 3785 5721 Cy-

2200 5735 2447 5803 prianus,
2499 5736 2731 5807 epistola
2776 5737 2849 5792 ’24
2889 5757 2902 5791 :
2948 5758 2966 5790 ι
3001 5740 3231 5806 Quando
3272 5757 3397 5795 cum
3447 5742 3783 5815 presbyteris

2200 5825 2519 5883 doctoribus
2553 5828 2785 5886 lectores
2814 5831 3101 5903 diligenter
3139 5833 3517 5902 probaremus.
3558 5855 3576 5888 ι
3612 5833 3782 5889 Blon-
