  <div class='ocr_page' id='page_1' title='image "/cluster/home/n/w/nwhite01/storage/ocr_20150623/5/coo.31924054872845/220.png"; bbox 0 0 4138 6412; ppageno 0'>
   <div class='ocr_carea' id='block_1_1' title="bbox 439 409 543 462">
    <p class='ocr_par' dir='ltr' id='par_1_1' title="bbox 439 409 543 462">
     <span class='ocr_line' id='line_1_1' title="bbox 439 409 543 462; baseline 0.029 -3"><span class='ocrx_word' id='word_1_1' title='bbox 439 409 543 462; x_wconf 65' lang='grc' dir='ltr'><strong>42ῗὶ</strong></span> 
     </span>
    </p>
   </div>
   <div class='ocr_carea' id='block_1_2' title="bbox 1211 406 2941 469">
    <p class='ocr_par' dir='ltr' id='par_1_2' title="bbox 1211 406 2941 469">
     <span class='ocr_line' id='line_1_2' title="bbox 1211 406 2941 469; baseline 0.003 -7"><span class='ocrx_word' id='word_1_2' title='bbox 1211 406 1261 463; x_wconf 79' lang='lat' dir='ltr'><strong>J.</strong></span> <span class='ocrx_word' id='word_1_3' title='bbox 1310 406 1673 463; x_wconf 75' lang='lat' dir='ltr'><strong>PEARSONH</strong></span> <span class='ocrx_word' id='word_1_4' title='bbox 1715 406 2040 463; x_wconf 68' lang='lat' dir='ltr'><strong>VINDICME</strong></span> <span class='ocrx_word' id='word_1_5' title='bbox 2100 407 2519 467; x_wconf 70' lang='grc' dir='ltr'><strong>ΙΟΝΑΤΙΑΝᾹΞ.</strong></span> <span class='ocrx_word' id='word_1_6' title='bbox 2556 444 2624 454; x_wconf 91' lang='lat'>-</span> <span class='ocrx_word' id='word_1_7' title='bbox 2662 411 2844 469; x_wconf 80' lang='lat' dir='ltr'><strong>PARS</strong></span> <span class='ocrx_word' id='word_1_8' title='bbox 2874 413 2941 469; x_wconf 87' lang='lat' dir='ltr'><strong>ll.</strong></span> 
     </span>
    </p>
   </div>
   <div class='ocr_carea' id='block_1_3' title="bbox 3588 409 3695 460">
    <p class='ocr_par' dir='ltr' id='par_1_3' title="bbox 3588 409 3695 460">
     <span class='ocr_line' id='line_1_3' title="bbox 3588 409 3695 460; baseline -0.009 0"><span class='ocrx_word' id='word_1_9' title='bbox 3588 409 3695 460; x_wconf 67' lang='grc' dir='ltr'><strong>1⁸2Ξὸ</strong></span> 
     </span>
    </p>
   </div>
   <div class='ocr_carea' id='block_1_4' title="bbox 432 526 3691 603">
    <p class='ocr_par' dir='ltr' id='par_1_4' title="bbox 432 526 3691 603">
     <span class='ocr_line' id='line_1_4' title="bbox 432 526 3691 603; baseline 0 -16"><span class='ocrx_word' id='word_1_10' title='bbox 432 531 608 587; x_wconf 82' lang='lat' dir='ltr'><strong>delius</strong></span> <span class='ocrx_word' id='word_1_11' title='bbox 651 526 872 599; x_wconf 84' lang='lat' dir='ltr'><strong>quidem</strong></span> <span class='ocrx_word' id='word_1_12' title='bbox 928 526 1163 585; x_wconf 79' lang='lat' dir='ltr'><strong>aﬂirmat</strong></span> <span class='ocrx_word' id='word_1_13' title='bbox 1223 539 1479 584; x_wconf 88' lang='lat' dir='ltr'><strong>constare</strong></span> <span class='ocrx_word' id='word_1_14' title='bbox 1536 531 1680 599; x_wconf 89' lang='lat' dir='ltr'><strong>apud</strong></span> <span class='ocrx_word' id='word_1_15' title='bbox 1727 529 2009 595; x_wconf 81' lang='lat' dir='ltr'><strong>Hennam,</strong></span> <span class='ocrx_word' id='word_1_16' title='bbox 2040 531 2085 589; x_wconf 86' lang='lat' dir='ltr'><strong>A</strong></span> <span class='ocrx_word' id='word_1_17' title='bbox 2116 539 2324 587; x_wconf 80' lang='lat' dir='ltr'><strong>veteres</strong></span> <span class='ocrx_word' id='word_1_18' title='bbox 2354 533 2671 603; x_wconf 90' lang='lat' dir='ltr'><strong>scriptores,</strong></span> <span class='ocrx_word' id='word_1_19' title='bbox 2700 532 2769 588; x_wconf 87' lang='lat' dir='ltr'><strong>ab</strong></span> <span class='ocrx_word' id='word_1_20' title='bbox 2790 533 3163 602; x_wconf 71' lang='lat' dir='ltr'><strong>apostolorum</strong></span> <span class='ocrx_word' id='word_1_21' title='bbox 3187 541 3429 602; x_wconf 86' lang='lat' dir='ltr'><strong>tempore</strong></span> <span class='ocrx_word' id='word_1_22' title='bbox 3452 532 3553 589; x_wconf 85' lang='lat' dir='ltr'><strong>hos</strong></span> <span class='ocrx_word' id='word_1_23' title='bbox 3580 542 3691 589; x_wconf 85' lang='lat' dir='ltr'><strong>tres</strong></span> 
     </span>
    </p>
   </div>
   <div class='ocr_carea' id='block_1_5' title="bbox 434 620 2015 692">
    <p class='ocr_par' dir='ltr' id='par_1_5' title="bbox 434 620 2015 692">
     <span class='ocr_line' id='line_1_5' title="bbox 434 620 2015 692; baseline 0.001 -18"><span class='ocrx_word' id='word_1_24' title='bbox 434 621 687 676; x_wconf 83' lang='lat' dir='ltr'><strong>doctores</strong></span> <span class='ocrx_word' id='word_1_25' title='bbox 710 620 778 675; x_wconf 86' lang='lat' dir='ltr'><strong>ad</strong></span> <span class='ocrx_word' id='word_1_26' title='bbox 816 621 1105 691; x_wconf 85' lang='lat' dir='ltr'><strong>episcopos</strong></span> <span class='ocrx_word' id='word_1_27' title='bbox 1163 624 1435 691; x_wconf 69' lang='lat' dir='ltr'><strong>praecipue</strong></span> <span class='ocrx_word' id='word_1_28' title='bbox 1479 622 1696 688; x_wconf 82' lang='lat' dir='ltr'><strong>referri,</strong></span> <span class='ocrx_word' id='word_1_29' title='bbox 1731 638 1856 678; x_wconf 90' lang='lat' dir='ltr'><strong>cum</strong></span> <span class='ocrx_word' id='word_1_30' title='bbox 1900 623 2015 692; x_wconf 91' lang='lat' dir='ltr'><strong>epi-</strong></span> 
     </span>
    </p>
   </div>
   <div class='ocr_carea' id='block_1_6' title="bbox 440 712 2012 781">
    <p class='ocr_par' dir='ltr' id='par_1_6' title="bbox 440 712 2012 781">
     <span class='ocr_line' id='line_1_6' title="bbox 440 712 2012 781; baseline 0.002 -14"><span class='ocrx_word' id='word_1_31' title='bbox 440 719 716 781; x_wconf 87' lang='lat' dir='ltr'><strong>scopatum</strong></span> <span class='ocrx_word' id='word_1_32' title='bbox 754 712 996 781; x_wconf 84' lang='lat' dir='ltr'><strong>gessisse</strong></span> <span class='ocrx_word' id='word_1_33' title='bbox 1018 713 1300 779; x_wconf 76' lang='lat' dir='ltr'><strong>dicantur;</strong></span> <span class='ocrx_word' id='word_1_34' title='bbox 1331 714 1545 775; x_wconf 85' lang='lat' dir='ltr'><strong>dolose.</strong></span> <span class='ocrx_word' id='word_1_35' title='bbox 1568 724 1629 769; x_wconf 91' lang='lat' dir='ltr'><strong>ut</strong></span> <span class='ocrx_word' id='word_1_36' title='bbox 1654 715 1809 769; x_wconf 80' lang='lat' dir='ltr'><strong>solet.</strong></span> <span class='ocrx_word' id='word_1_37' title='bbox 1838 714 2012 770; x_wconf 79' lang='lat' dir='ltr'><strong>Verba</strong></span> 
     </span>
    </p>
   </div>
   <div class='ocr_carea' id='block_1_7' title="bbox 433 801 2013 877">
    <p class='ocr_par' dir='ltr' id='par_1_7' title="bbox 433 801 2013 877">
     <span class='ocr_line' id='line_1_7' title="bbox 433 801 2013 877; baseline 0.003 -22"><span class='ocrx_word' id='word_1_38' title='bbox 433 801 640 858; x_wconf 61' lang='lat' dir='ltr'><strong>Hermae</strong></span> <span class='ocrx_word' id='word_1_39' title='bbox 670 812 801 857; x_wconf 91' lang='lat' dir='ltr'><strong>sunt</strong></span> <span class='ocrx_word' id='word_1_40' title='bbox 822 804 1113 859; x_wconf 61' lang='lat' dir='ltr'><strong>visioneﬁ:</strong></span> <span class='ocrx_word' id='word_1_41' title='bbox 1141 823 1159 855; x_wconf 75' lang='grc' dir='ltr'><strong>ι</strong></span> <span class='ocrx_word' id='word_1_42' title='bbox 1189 804 1227 858; x_wconf 91' lang='lat' dir='ltr'><strong>li</strong></span> <span class='ocrx_word' id='word_1_43' title='bbox 1256 814 1385 860; x_wconf 92' lang='lat' dir='ltr'><strong>sunt</strong></span> <span class='ocrx_word' id='word_1_44' title='bbox 1414 807 1643 876; x_wconf 82' lang='lat' dir='ltr'><strong>apostoli</strong></span> <span class='ocrx_word' id='word_1_45' title='bbox 1667 815 1719 860; x_wconf 89' lang='lat' dir='ltr'><strong>et</strong></span> <span class='ocrx_word' id='word_1_46' title='bbox 1749 807 2013 877; x_wconf 79' lang='lat' dir='ltr'><strong>episcopi,</strong></span> 
     </span>
    </p>
   </div>
   <div class='ocr_carea' id='block_1_8' title="bbox 432 894 2014 966">
    <p class='ocr_par' dir='ltr' id='par_1_8' title="bbox 432 894 2014 966">
     <span class='ocr_line' id='line_1_8' title="bbox 432 894 2014 966; baseline 0.005 -22"><span class='ocrx_word' id='word_1_47' title='bbox 432 902 485 944; x_wconf 89' lang='lat' dir='ltr'><strong>et</strong></span> <span class='ocrx_word' id='word_1_48' title='bbox 506 894 844 961; x_wconf 88' lang='lat' dir='ltr'><strong>doctores,et</strong></span> <span class='ocrx_word' id='word_1_49' title='bbox 858 895 1113 961; x_wconf 88' lang='lat' dir='ltr'><strong>ministri,</strong></span> <span class='ocrx_word' id='word_1_50' title='bbox 1138 895 1477 966; x_wconf 85' lang='lat' dir='ltr'><strong>quiingressi</strong></span> <span class='ocrx_word' id='word_1_51' title='bbox 1501 906 1629 950; x_wconf 90' lang='lat' dir='ltr'><strong>sunt</strong></span> <span class='ocrx_word' id='word_1_52' title='bbox 1650 895 1705 948; x_wconf 93' lang='lat' dir='ltr'><strong>in</strong></span> <span class='ocrx_word' id='word_1_53' title='bbox 1729 896 2014 952; x_wconf 84' lang='lat' dir='ltr'><strong>clementia</strong></span> 
     </span>
    </p>
   </div>
   <div class='ocr_carea' id='block_1_9' title="bbox 435 982 2014 1057">
    <p class='ocr_par' dir='ltr' id='par_1_9' title="bbox 435 982 2014 1057">
     <span class='ocr_line' id='line_1_9' title="bbox 435 982 2014 1057; baseline 0.006 -23"><span class='ocrx_word' id='word_1_54' title='bbox 435 982 531 1040; x_wconf 87' lang='lat' dir='ltr'><strong>Dei</strong></span> <span class='ocrx_word' id='word_1_55' title='bbox 601 996 655 1041; x_wconf 89' lang='lat' dir='ltr'><strong>et</strong></span> <span class='ocrx_word' id='word_1_56' title='bbox 705 986 1084 1056; x_wconf 83' lang='lat' dir='ltr'><strong>episcopatum</strong></span> <span class='ocrx_word' id='word_1_57' title='bbox 1138 996 1459 1057; x_wconf 82' lang='lat' dir='ltr'><strong>gesserunt,</strong></span> <span class='ocrx_word' id='word_1_58' title='bbox 1506 998 1559 1043; x_wconf 92' lang='lat' dir='ltr'><strong>et</strong></span> <span class='ocrx_word' id='word_1_59' title='bbox 1605 989 1931 1053; x_wconf 88' lang='lat' dir='ltr'><strong>docuerunt,</strong></span> <span class='ocrx_word' id='word_1_60' title='bbox 1960 998 2014 1043; x_wconf 78' lang='lat' dir='ltr'><strong>et</strong></span> 
     </span>
    </p>
   </div>
   <div class='ocr_carea' id='block_1_10' title="bbox 433 1072 2014 1138">
    <p class='ocr_par' dir='ltr' id='par_1_10' title="bbox 433 1072 2014 1138">
     <span class='ocr_line' id='line_1_10' title="bbox 433 1072 2014 1138; baseline 0.008 -13"><span class='ocrx_word' id='word_1_61' title='bbox 433 1072 879 1133; x_wconf 80' lang='lat' dir='ltr'><strong>rninistraverunt</strong></span> <span class='ocrx_word' id='word_1_62' title='bbox 907 1089 1094 1134; x_wconf 83' lang='lat' dir='ltr'><strong>sancte</strong></span> <span class='ocrx_word' id='word_1_63' title='bbox 1125 1088 1178 1133; x_wconf 92' lang='lat' dir='ltr'><strong>et</strong></span> <span class='ocrx_word' id='word_1_64' title='bbox 1216 1080 1460 1135; x_wconf 89' lang='lat' dir='ltr'><strong>modeste</strong></span> <span class='ocrx_word' id='word_1_65' title='bbox 1490 1081 1680 1137; x_wconf 87' lang='lat' dir='ltr'><strong>electis</strong></span> <span class='ocrx_word' id='word_1_66' title='bbox 1708 1080 1824 1136; x_wconf 90' lang='lat' dir='ltr'><strong>Dei.</strong></span> <span class='ocrx_word' id='word_1_67' title='bbox 1852 1101 1871 1134; x_wconf 72' lang='grc' dir='ltr'><strong>ι</strong></span> <span class='ocrx_word' id='word_1_68' title='bbox 1917 1081 2014 1138; x_wconf 87' lang='lat' dir='ltr'><strong>llis</strong></span> 
     </span>
    </p>
   </div>
   <div class='ocr_carea' id='block_1_11' title="bbox 426 1171 2008 1242">
    <p class='ocr_par' dir='ltr' id='par_1_11' title="bbox 426 1171 2008 1242">
     <span class='ocr_line' id='line_1_11' title="bbox 426 1171 2008 1242; baseline 0.002 -18"><span class='ocrx_word' id='word_1_69' title='bbox 426 1180 607 1225; x_wconf 88' lang='lat' dir='ltr'><strong>autem</strong></span> <span class='ocrx_word' id='word_1_70' title='bbox 643 1172 870 1226; x_wconf 91' lang='lat' dir='ltr'><strong>minime</strong></span> <span class='ocrx_word' id='word_1_71' title='bbox 886 1172 1137 1227; x_wconf 86' lang='lat' dir='ltr'><strong>doctores</strong></span> <span class='ocrx_word' id='word_1_72' title='bbox 1168 1171 1325 1227; x_wconf 90' lang='lat' dir='ltr'><strong>docet</strong></span> <span class='ocrx_word' id='word_1_73' title='bbox 1351 1173 1724 1242; x_wconf 80' lang='lat' dir='ltr'><strong>episcopatum</strong></span> <span class='ocrx_word' id='word_1_74' title='bbox 1755 1173 2008 1242; x_wconf 78' lang='lat' dir='ltr'><strong>gessisse,</strong></span> 
     </span>
    </p>
   </div>
   <div class='ocr_carea' id='block_1_12' title="bbox 424 1263 2010 1334">
    <p class='ocr_par' dir='ltr' id='par_1_12' title="bbox 424 1263 2010 1334">
     <span class='ocr_line' id='line_1_12' title="bbox 424 1263 2010 1334; baseline 0.003 -19"><span class='ocrx_word' id='word_1_75' title='bbox 424 1271 589 1331; x_wconf 80' lang='lat' dir='ltr'><strong>atque</strong></span> <span class='ocrx_word' id='word_1_76' title='bbox 604 1278 665 1317; x_wconf 90' lang='lat' dir='ltr'><strong>ea</strong></span> <span class='ocrx_word' id='word_1_77' title='bbox 681 1264 893 1318; x_wconf 89' lang='lat' dir='ltr'><strong>ratione</strong></span> <span class='ocrx_word' id='word_1_78' title='bbox 910 1263 977 1318; x_wconf 87' lang='lat' dir='ltr'><strong>ad</strong></span> <span class='ocrx_word' id='word_1_79' title='bbox 1009 1265 1296 1334; x_wconf 82' lang='lat' dir='ltr'><strong>episcopos</strong></span> <span class='ocrx_word' id='word_1_80' title='bbox 1325 1264 1516 1319; x_wconf 78' lang='lat' dir='ltr'><strong>referri</strong></span> <span class='ocrx_word' id='word_1_81' title='bbox 1536 1266 1733 1320; x_wconf 86' lang='lat' dir='ltr'><strong>debere</strong></span> <span class='ocrx_word' id='word_1_82' title='bbox 1748 1307 1762 1330; x_wconf 94' lang='lat'><strong>,</strong></span> <span class='ocrx_word' id='word_1_83' title='bbox 1794 1265 1886 1320; x_wconf 91' lang='lat' dir='ltr'><strong>sed</strong></span> <span class='ocrx_word' id='word_1_84' title='bbox 1910 1267 2010 1319; x_wconf 90' lang='lat' dir='ltr'><strong>tri-</strong></span> 
     </span>
    </p>
   </div>
   <div class='ocr_carea' id='block_1_13' title="bbox 424 1356 2010 1427">
    <p class='ocr_par' dir='ltr' id='par_1_13' title="bbox 424 1356 2010 1427">
     <span class='ocr_line' id='line_1_13' title="bbox 424 1356 2010 1427; baseline 0.004 -18"><span class='ocrx_word' id='word_1_85' title='bbox 424 1356 529 1409; x_wconf 86' lang='lat' dir='ltr'><strong>bus</strong></span> <span class='ocrx_word' id='word_1_86' title='bbox 549 1356 822 1411; x_wconf 78' lang='lat' dir='ltr'><strong>distinctis</strong></span> <span class='ocrx_word' id='word_1_87' title='bbox 853 1357 1113 1427; x_wconf 78' lang='lat' dir='ltr'><strong>gradibus</strong></span> <span class='ocrx_word' id='word_1_88' title='bbox 1131 1373 1357 1413; x_wconf 86' lang='lat' dir='ltr'><strong>suorum</strong></span> <span class='ocrx_word' id='word_1_89' title='bbox 1390 1358 1690 1414; x_wconf 78' lang='lat' dir='ltr'><strong>oliiciorum</strong></span> <span class='ocrx_word' id='word_1_90' title='bbox 1707 1370 1861 1416; x_wconf 88' lang='lat' dir='ltr'><strong>actus</strong></span> <span class='ocrx_word' id='word_1_91' title='bbox 1896 1361 2010 1416; x_wconf 88' lang='lat' dir='ltr'><strong>dis-</strong></span> 
     </span>
    </p>
   </div>
   <div class='ocr_carea' id='block_1_14' title="bbox 424 1448 2008 1524">
    <p class='ocr_par' dir='ltr' id='par_1_14' title="bbox 424 1448 2008 1524">
     <span class='ocr_line' id='line_1_14' title="bbox 424 1448 2008 1524; baseline 0.004 -22"><span class='ocrx_word' id='word_1_92' title='bbox 424 1449 596 1503; x_wconf 90' lang='lat' dir='ltr'><strong>tincte</strong></span> <span class='ocrx_word' id='word_1_93' title='bbox 630 1448 1121 1505; x_wconf 79' lang='lat' dir='ltr'><strong>tribuunturmam</strong></span> <span class='ocrx_word' id='word_1_94' title='bbox 1156 1450 1398 1520; x_wconf 82' lang='lat' dir='ltr'><strong>episcOpi</strong></span> <span class='ocrx_word' id='word_1_95' title='bbox 1423 1452 1796 1522; x_wconf 84' lang='lat' dir='ltr'><strong>episeOpatum</strong></span> <span class='ocrx_word' id='word_1_96' title='bbox 1824 1468 2008 1524; x_wconf 75' lang='lat' dir='ltr'><strong>gesse-</strong></span> 
     </span>
    </p>
   </div>
   <div class='ocr_carea' id='block_1_15' title="bbox 423 1538 2004 1612">
    <p class='ocr_par' dir='ltr' id='par_1_15' title="bbox 423 1538 2004 1612">
     <span class='ocr_line' id='line_1_15' title="bbox 423 1538 2004 1612; baseline 0.004 -19"><span class='ocrx_word' id='word_1_97' title='bbox 423 1548 573 1603; x_wconf 89' lang='lat' dir='ltr'><strong>runt,</strong></span> <span class='ocrx_word' id='word_1_98' title='bbox 605 1538 862 1595; x_wconf 92' lang='lat' dir='ltr'><strong>doctores</strong></span> <span class='ocrx_word' id='word_1_99' title='bbox 884 1540 1211 1606; x_wconf 91' lang='lat' dir='ltr'><strong>docuerunt,</strong></span> <span class='ocrx_word' id='word_1_100' title='bbox 1245 1541 1485 1596; x_wconf 78' lang='lat' dir='ltr'><strong>ministri</strong></span> <span class='ocrx_word' id='word_1_101' title='bbox 1516 1542 2004 1612; x_wconf 84' lang='lat' dir='ltr'><strong>ministraverunt;</strong></span> 
     </span>
    </p>
   </div>
   <div class='ocr_carea' id='block_1_16' title="bbox 426 1629 2007 1701">
    <p class='ocr_par' dir='ltr' id='par_1_16' title="bbox 426 1629 2007 1701">
     <span class='ocr_line' id='line_1_16' title="bbox 426 1629 2007 1701; baseline 0.006 -20"><span class='ocrx_word' id='word_1_102' title='bbox 426 1638 487 1682; x_wconf 89' lang='lat' dir='ltr'><strong>ut</strong></span> <span class='ocrx_word' id='word_1_103' title='bbox 535 1629 898 1685; x_wconf 87' lang='lat' dir='ltr'><strong>similitudine</strong></span> <span class='ocrx_word' id='word_1_104' title='bbox 928 1631 961 1685; x_wconf 87' lang='lat'><strong>9</strong></span> <span class='ocrx_word' id='word_1_105' title='bbox 995 1631 1241 1700; x_wconf 79' lang='lat' dir='ltr'><strong>loquitur</strong></span> <span class='ocrx_word' id='word_1_106' title='bbox 1274 1650 1288 1687; x_wconf 89' lang='lat'><strong>:</strong></span> <span class='ocrx_word' id='word_1_107' title='bbox 1328 1651 1346 1684; x_wconf 86' lang='grc'><strong><em>‹</em></strong></span> <span class='ocrx_word' id='word_1_108' title='bbox 1380 1631 1451 1686; x_wconf 85' lang='lat' dir='ltr'><strong>Ut</strong></span> <span class='ocrx_word' id='word_1_109' title='bbox 1497 1633 1722 1701; x_wconf 91' lang='lat' dir='ltr'><strong>quidam</strong></span> <span class='ocrx_word' id='word_1_110' title='bbox 1755 1633 2007 1690; x_wconf 90' lang='lat' dir='ltr'><strong>doctores</strong></span> 
     </span>
    </p>
   </div>
   <div class='ocr_carea' id='block_1_17' title="bbox 422 1722 1999 1792">
    <p class='ocr_par' dir='ltr' id='par_1_17' title="bbox 422 1722 1999 1792">
     <span class='ocr_line' id='line_1_17' title="bbox 422 1722 1999 1792; baseline 0.003 -17"><span class='ocrx_word' id='word_1_111' title='bbox 422 1722 517 1790; x_wconf 85' lang='lat' dir='ltr'><strong>qui</strong></span> <span class='ocrx_word' id='word_1_112' title='bbox 549 1732 698 1776; x_wconf 84' lang='lat' dir='ltr'><strong>caste</strong></span> <span class='ocrx_word' id='word_1_113' title='bbox 732 1734 788 1776; x_wconf 92' lang='lat' dir='ltr'><strong>et</strong></span> <span class='ocrx_word' id='word_1_114' title='bbox 817 1723 1033 1777; x_wconf 88' lang='lat' dir='ltr'><strong>sincere</strong></span> <span class='ocrx_word' id='word_1_115' title='bbox 1062 1724 1497 1792; x_wconf 81' lang='lat' dir='ltr'><strong>praedicaverunt</strong></span> <span class='ocrx_word' id='word_1_116' title='bbox 1531 1739 1596 1778; x_wconf 90' lang='lat' dir='ltr'><strong>ac</strong></span> <span class='ocrx_word' id='word_1_117' title='bbox 1628 1724 1953 1781; x_wconf 92' lang='lat' dir='ltr'><strong>docuerunt.</strong></span> <span class='ocrx_word' id='word_1_118' title='bbox 1980 1745 1999 1779; x_wconf 72' lang='grc' dir='ltr'><strong>ι</strong></span> 
     </span>
    </p>
   </div>
   <div class='ocr_carea' id='block_1_18' title="bbox 423 1811 2004 1887">
    <p class='ocr_par' dir='ltr' id='par_1_18' title="bbox 423 1811 2004 1887">
     <span class='ocr_line' id='line_1_18' title="bbox 423 1811 2004 1887; baseline 0.005 -22"><span class='ocrx_word' id='word_1_119' title='bbox 423 1811 490 1866; x_wconf 84' lang='lat' dir='ltr'><strong>ili</strong></span> <span class='ocrx_word' id='word_1_120' title='bbox 524 1814 692 1883; x_wconf 78' lang='lat' dir='ltr'><strong>igitur</strong></span> <span class='ocrx_word' id='word_1_121' title='bbox 730 1830 854 1869; x_wconf 90' lang='lat' dir='ltr'><strong>cum</strong></span> <span class='ocrx_word' id='word_1_122' title='bbox 888 1829 1083 1869; x_wconf 92' lang='lat' dir='ltr'><strong>omnes</strong></span> <span class='ocrx_word' id='word_1_123' title='bbox 1100 1815 1210 1869; x_wconf 92' lang='lat' dir='ltr'><strong>sint</strong></span> <span class='ocrx_word' id='word_1_124' title='bbox 1231 1815 1455 1870; x_wconf 90' lang='lat' dir='ltr'><strong>secundi</strong></span> <span class='ocrx_word' id='word_1_125' title='bbox 1481 1816 1665 1869; x_wconf 68' lang='lat' dir='ltr'><strong>saeculi</strong></span> <span class='ocrx_word' id='word_1_126' title='bbox 1710 1816 2004 1887; x_wconf 90' lang='lat' dir='ltr'><strong>scriptores</strong></span> 
     </span>
    </p>
   </div>
   <div class='ocr_carea' id='block_1_19' title="bbox 2119 622 3691 694">
    <p class='ocr_par' dir='ltr' id='par_1_19' title="bbox 2119 622 3691 694">
     <span class='ocr_line' id='line_1_19' title="bbox 2119 622 3691 694; baseline 0.001 -18"><span class='ocrx_word' id='word_1_127' title='bbox 2119 622 2339 679; x_wconf 88' lang='lat' dir='ltr'><strong>ordines</strong></span> <span class='ocrx_word' id='word_1_128' title='bbox 2362 623 2737 679; x_wconf 88' lang='lat' dir='ltr'><strong>ministrorum</strong></span> <span class='ocrx_word' id='word_1_129' title='bbox 2769 624 2824 679; x_wconf 93' lang='lat' dir='ltr'><strong>in</strong></span> <span class='ocrx_word' id='word_1_130' title='bbox 2849 623 3092 681; x_wconf 90' lang='lat' dir='ltr'><strong>Ecclesia</strong></span> <span class='ocrx_word' id='word_1_131' title='bbox 3120 623 3329 679; x_wconf 85' lang='lat' dir='ltr'><strong>Christi</strong></span> <span class='ocrx_word' id='word_1_132' title='bbox 3362 622 3554 690; x_wconf 80' lang='lat' dir='ltr'><strong>fuisse,</strong></span> <span class='ocrx_word' id='word_1_133' title='bbox 3577 625 3691 694; x_wconf 87' lang='lat' dir='ltr'><strong>epi-</strong></span> 
     </span>
    </p>
   </div>
   <div class='ocr_carea' id='block_1_20' title="bbox 2118 712 3691 787">
    <p class='ocr_par' dir='ltr' id='par_1_20' title="bbox 2118 712 3691 787">
     <span class='ocr_line' id='line_1_20' title="bbox 2118 712 3691 787; baseline 0.001 -19"><span class='ocrx_word' id='word_1_134' title='bbox 2118 726 2339 785; x_wconf 88' lang='lat' dir='ltr'><strong>sc0pos,</strong></span> <span class='ocrx_word' id='word_1_135' title='bbox 2373 716 2721 787; x_wconf 88' lang='lat' dir='ltr'><strong>presbyteros</strong></span> <span class='ocrx_word' id='word_1_136' title='bbox 2751 725 2803 771; x_wconf 90' lang='lat' dir='ltr'><strong>et</strong></span> <span class='ocrx_word' id='word_1_137' title='bbox 2828 712 3502 771; x_wconf 83' lang='lat' dir='ltr'><strong>diaconos.tOstendimus</strong></span> <span class='ocrx_word' id='word_1_138' title='bbox 3526 714 3691 785; x_wconf 85' lang='lat' dir='ltr'><strong>hujus</strong></span> 
     </span>
    </p>
   </div>
   <div class='ocr_carea' id='block_1_21' title="bbox 2115 806 3693 878">
    <p class='ocr_par' dir='ltr' id='par_1_21' title="bbox 2115 806 3693 878">
     <span class='ocr_line' id='line_1_21' title="bbox 2115 806 3693 878; baseline 0.001 -19"><span class='ocrx_word' id='word_1_139' title='bbox 2115 807 2289 875; x_wconf 88' lang='lat' dir='ltr'><strong>partis</strong></span> <span class='ocrx_word' id='word_1_140' title='bbox 2327 807 2504 876; x_wconf 90' lang='lat' dir='ltr'><strong>capite</strong></span> <span class='ocrx_word' id='word_1_141' title='bbox 2531 808 2709 877; x_wconf 93' lang='lat' dir='ltr'><strong>primo</strong></span> <span class='ocrx_word' id='word_1_142' title='bbox 2728 810 2838 878; x_wconf 90' lang='lat' dir='ltr'><strong>jam</strong></span> <span class='ocrx_word' id='word_1_143' title='bbox 2869 817 2985 863; x_wconf 92' lang='lat' dir='ltr'><strong>tum</strong></span> <span class='ocrx_word' id='word_1_144' title='bbox 3024 807 3076 862; x_wconf 92' lang='lat' dir='ltr'><strong>in</strong></span> <span class='ocrx_word' id='word_1_145' title='bbox 3101 807 3363 862; x_wconf 91' lang='lat' dir='ltr'><strong>Ecclesiis</strong></span> <span class='ocrx_word' id='word_1_146' title='bbox 3389 806 3532 861; x_wconf 71' lang='lat' dir='ltr'><strong>Asiae</strong></span> <span class='ocrx_word' id='word_1_147' title='bbox 3575 807 3693 876; x_wconf 88' lang='lat' dir='ltr'><strong>epi-</strong></span> 
     </span>
    </p>
   </div>
   <div class='ocr_carea' id='block_1_22' title="bbox 2117 898 3691 971">
    <p class='ocr_par' dir='ltr' id='par_1_22' title="bbox 2117 898 3691 971">
     <span class='ocr_line' id='line_1_22' title="bbox 2117 898 3691 971; baseline 0.001 -18"><span class='ocrx_word' id='word_1_148' title='bbox 2117 912 2315 967; x_wconf 88' lang='lat' dir='ltr'><strong>scopos</strong></span> <span class='ocrx_word' id='word_1_149' title='bbox 2342 900 2639 968; x_wconf 78' lang='lat' dir='ltr'><strong>exstitisse,</strong></span> <span class='ocrx_word' id='word_1_150' title='bbox 2662 917 2788 956; x_wconf 91' lang='lat' dir='ltr'><strong>cum</strong></span> <span class='ocrx_word' id='word_1_151' title='bbox 2822 899 3136 971; x_wconf 78' lang='lat' dir='ltr'><strong>SJgnatius</strong></span> <span class='ocrx_word' id='word_1_152' title='bbox 3170 899 3235 954; x_wconf 90' lang='lat' dir='ltr'><strong>ad</strong></span> <span class='ocrx_word' id='word_1_153' title='bbox 3258 899 3583 970; x_wconf 87' lang='lat' dir='ltr'><strong>martyrium</strong></span> <span class='ocrx_word' id='word_1_154' title='bbox 3614 898 3691 954; x_wconf 82' lang='lat' dir='ltr'><strong>fe-</strong></span> 
     </span>
    </p>
   </div>
   <div class='ocr_carea' id='block_1_23' title="bbox 2116 990 3689 1062">
    <p class='ocr_par' dir='ltr' id='par_1_23' title="bbox 2116 990 3689 1062">
     <span class='ocr_line' id='line_1_23' title="bbox 2116 990 3689 1062; baseline 0.001 -20"><span class='ocrx_word' id='word_1_155' title='bbox 2116 990 2363 1046; x_wconf 90' lang='lat' dir='ltr'><strong>stinaret.</strong></span> <span class='ocrx_word' id='word_1_156' title='bbox 2423 990 2674 1048; x_wconf 81' lang='lat' dir='ltr'><strong>Diximus</strong></span> <span class='ocrx_word' id='word_1_157' title='bbox 2739 993 3013 1048; x_wconf 90' lang='lat' dir='ltr'><strong>neminem</strong></span> <span class='ocrx_word' id='word_1_158' title='bbox 3072 1008 3314 1062; x_wconf 86' lang='lat' dir='ltr'><strong>unquam</strong></span> <span class='ocrx_word' id='word_1_159' title='bbox 3367 991 3689 1060; x_wconf 91' lang='lat' dir='ltr'><strong>scriptorem</strong></span> 
     </span>
    </p>
   </div>
   <div class='ocr_carea' id='block_1_24' title="bbox 2115 1079 3689 1153">
    <p class='ocr_par' dir='ltr' id='par_1_24' title="bbox 2115 1079 3689 1153">
     <span class='ocr_line' id='line_1_24' title="bbox 2115 1079 3689 1153; baseline 0 -17"><span class='ocrx_word' id='word_1_160' title='bbox 2115 1079 2496 1137; x_wconf 85' lang='lat' dir='ltr'><strong>Christianum</strong></span> <span class='ocrx_word' id='word_1_161' title='bbox 2523 1094 2577 1138; x_wconf 92' lang='lat' dir='ltr'><strong>et</strong></span> <span class='ocrx_word' id='word_1_162' title='bbox 2622 1085 2953 1140; x_wconf 89' lang='lat' dir='ltr'><strong>catholicum</strong></span> <span class='ocrx_word' id='word_1_163' title='bbox 2987 1084 3193 1139; x_wconf 84' lang='lat' dir='ltr'><strong>dixisse</strong></span> <span class='ocrx_word' id='word_1_164' title='bbox 3223 1083 3509 1153; x_wconf 88' lang='lat' dir='ltr'><strong>pauciores</strong></span> <span class='ocrx_word' id='word_1_165' title='bbox 3536 1082 3689 1137; x_wconf 88' lang='lat' dir='ltr'><strong>ordi-</strong></span> 
     </span>
    </p>
   </div>
   <div class='ocr_carea' id='block_1_25' title="bbox 2115 1177 3689 1246">
    <p class='ocr_par' dir='ltr' id='par_1_25' title="bbox 2115 1177 3689 1246">
     <span class='ocr_line' id='line_1_25' title="bbox 2115 1177 3689 1246; baseline 0 -16"><span class='ocrx_word' id='word_1_166' title='bbox 2115 1191 2213 1230; x_wconf 84' lang='lat' dir='ltr'><strong>nes</strong></span> <span class='ocrx_word' id='word_1_167' title='bbox 2248 1192 2414 1246; x_wconf 89' lang='lat' dir='ltr'><strong>quam</strong></span> <span class='ocrx_word' id='word_1_168' title='bbox 2459 1187 2570 1233; x_wconf 92' lang='lat' dir='ltr'><strong>tres</strong></span> <span class='ocrx_word' id='word_1_169' title='bbox 2605 1179 2883 1234; x_wconf 69' lang='lat' dir='ltr'><strong>exsﬁtisse</strong></span> <span class='ocrx_word' id='word_1_170' title='bbox 2912 1178 3152 1235; x_wconf 87' lang='lat' dir='ltr'><strong>secundo</strong></span> <span class='ocrx_word' id='word_1_171' title='bbox 3202 1178 3422 1243; x_wconf 65' lang='lat' dir='ltr'><strong>saaculo,</strong></span> <span class='ocrx_word' id='word_1_172' title='bbox 3459 1183 3554 1231; x_wconf 89' lang='lat' dir='ltr'><strong>aut</strong></span> <span class='ocrx_word' id='word_1_173' title='bbox 3580 1177 3689 1232; x_wconf 81' lang='lat' dir='ltr'><strong>ulla</strong></span> 
     </span>
    </p>
   </div>
   <div class='ocr_carea' id='block_1_26' title="bbox 2112 1265 3691 1337">
    <p class='ocr_par' dir='ltr' id='par_1_26' title="bbox 2112 1265 3691 1337">
     <span class='ocr_line' id='line_1_26' title="bbox 2112 1265 3691 1337; baseline -0.001 -17"><span class='ocrx_word' id='word_1_174' title='bbox 2112 1265 2231 1334; x_wconf 86' lang='lat' dir='ltr'><strong>ejus</strong></span> <span class='ocrx_word' id='word_1_175' title='bbox 2262 1276 2435 1336; x_wconf 90' lang='lat' dir='ltr'><strong>parte,</strong></span> <span class='ocrx_word' id='word_1_176' title='bbox 2468 1269 2631 1322; x_wconf 90' lang='lat' dir='ltr'><strong>etiam</strong></span> <span class='ocrx_word' id='word_1_177' title='bbox 2674 1269 2801 1324; x_wconf 91' lang='lat' dir='ltr'><strong>illos</strong></span> <span class='ocrx_word' id='word_1_178' title='bbox 2846 1282 3037 1323; x_wconf 92' lang='lat' dir='ltr'><strong>omnes</strong></span> <span class='ocrx_word' id='word_1_179' title='bbox 3076 1266 3170 1337; x_wconf 90' lang='lat' dir='ltr'><strong>qui</strong></span> <span class='ocrx_word' id='word_1_180' title='bbox 3208 1265 3454 1336; x_wconf 87' lang='lat' dir='ltr'><strong>episcopi</strong></span> <span class='ocrx_word' id='word_1_181' title='bbox 3480 1273 3534 1319; x_wconf 90' lang='lat' dir='ltr'><strong>et</strong></span> <span class='ocrx_word' id='word_1_182' title='bbox 3568 1279 3691 1334; x_wconf 89' lang='lat' dir='ltr'><strong>pre-</strong></span> 
     </span>
    </p>
   </div>
   <div class='ocr_carea' id='block_1_27' title="bbox 2113 1358 3691 1431">
    <p class='ocr_par' dir='ltr' id='par_1_27' title="bbox 2113 1358 3691 1431">
     <span class='ocr_line' id='line_1_27' title="bbox 2113 1358 3691 1431; baseline -0.001 -18"><span class='ocrx_word' id='word_1_183' title='bbox 2113 1358 2318 1429; x_wconf 85' lang='lat' dir='ltr'><strong>sbyteri</strong></span> <span class='ocrx_word' id='word_1_184' title='bbox 2349 1360 2573 1415; x_wconf 89' lang='lat' dir='ltr'><strong>nomina</strong></span> <span class='ocrx_word' id='word_1_185' title='bbox 2589 1360 2642 1414; x_wconf 93' lang='lat' dir='ltr'><strong>in</strong></span> <span class='ocrx_word' id='word_1_186' title='bbox 2672 1359 3288 1431; x_wconf 78' lang='lat' dir='ltr'><strong>apostolorum&#39;scriptis</strong></span> <span class='ocrx_word' id='word_1_187' title='bbox 3311 1358 3541 1413; x_wconf 81' lang='lat' dir='ltr'><strong>confusa</strong></span> <span class='ocrx_word' id='word_1_188' title='bbox 3567 1371 3691 1412; x_wconf 87' lang='lat' dir='ltr'><strong>esse</strong></span> 
     </span>
    </p>
   </div>
   <div class='ocr_carea' id='block_1_28' title="bbox 2110 1450 3686 1521">
    <p class='ocr_par' dir='ltr' id='par_1_28' title="bbox 2110 1450 3686 1521">
     <span class='ocr_line' id='line_1_28' title="bbox 2110 1450 3686 1521; baseline -0.001 -17"><span class='ocrx_word' id='word_1_189' title='bbox 2110 1450 2522 1516; x_wconf 78' lang='lat' dir='ltr'><strong>existimabant,</strong></span> <span class='ocrx_word' id='word_1_190' title='bbox 2543 1464 2637 1507; x_wconf 88' lang='lat' dir='ltr'><strong>aut</strong></span> <span class='ocrx_word' id='word_1_191' title='bbox 2666 1461 2796 1507; x_wconf 88' lang='lat' dir='ltr'><strong>tunc</strong></span> <span class='ocrx_word' id='word_1_192' title='bbox 2823 1468 2946 1507; x_wconf 92' lang='lat' dir='ltr'><strong>eum</strong></span> <span class='ocrx_word' id='word_1_193' title='bbox 2973 1452 3075 1521; x_wconf 89' lang='lat' dir='ltr'><strong>ipsi</strong></span> <span class='ocrx_word' id='word_1_194' title='bbox 3107 1450 3341 1520; x_wconf 89' lang='lat' dir='ltr'><strong>apostoli</strong></span> <span class='ocrx_word' id='word_1_195' title='bbox 3369 1450 3686 1511; x_wconf 89' lang='lat' dir='ltr'><strong>scriberent,</strong></span> 
     </span>
    </p>
   </div>
   <div class='ocr_carea' id='block_1_29' title="bbox 2110 1540 3687 1599">
    <p class='ocr_par' dir='ltr' id='par_1_29' title="bbox 2110 1540 3687 1599">
     <span class='ocr_line' id='line_1_29' title="bbox 2110 1540 3687 1599; baseline 0.001 -4"><span class='ocrx_word' id='word_1_196' title='bbox 2110 1551 2206 1595; x_wconf 89' lang='lat' dir='ltr'><strong>aut</strong></span> <span class='ocrx_word' id='word_1_197' title='bbox 2258 1542 2453 1597; x_wconf 89' lang='lat' dir='ltr'><strong>saltem</strong></span> <span class='ocrx_word' id='word_1_198' title='bbox 2506 1552 2634 1599; x_wconf 91' lang='lat' dir='ltr'><strong>ante</strong></span> <span class='ocrx_word' id='word_1_199' title='bbox 2668 1544 2971 1599; x_wconf 90' lang='lat' dir='ltr'><strong>secundum</strong></span> <span class='ocrx_word' id='word_1_200' title='bbox 3009 1544 3272 1599; x_wconf 71' lang='lat' dir='ltr'><strong>saeculum</strong></span> <span class='ocrx_word' id='word_1_201' title='bbox 3304 1552 3416 1598; x_wconf 92' lang='lat' dir='ltr'><strong>tres</strong></span> <span class='ocrx_word' id='word_1_202' title='bbox 3464 1540 3687 1596; x_wconf 88' lang='lat' dir='ltr'><strong>ordines</strong></span> 
     </span>
    </p>
   </div>
   <div class='ocr_carea' id='block_1_30' title="bbox 2108 1631 3688 1702">
    <p class='ocr_par' dir='ltr' id='par_1_30' title="bbox 2108 1631 3688 1702">
     <span class='ocr_line' id='line_1_30' title="bbox 2108 1631 3688 1702; baseline 0.001 -18"><span class='ocrx_word' id='word_1_203' title='bbox 2108 1643 2202 1684; x_wconf 91' lang='lat' dir='ltr'><strong>seu</strong></span> <span class='ocrx_word' id='word_1_204' title='bbox 2263 1632 2465 1701; x_wconf 87' lang='lat' dir='ltr'><strong>gradus</strong></span> <span class='ocrx_word' id='word_1_205' title='bbox 2522 1632 2849 1695; x_wconf 85' lang='lat' dir='ltr'><strong>tradidisse;</strong></span> <span class='ocrx_word' id='word_1_206' title='bbox 2914 1633 3057 1702; x_wconf 90' lang='lat' dir='ltr'><strong>quod</strong></span> <span class='ocrx_word' id='word_1_207' title='bbox 3109 1632 3214 1687; x_wconf 91' lang='lat' dir='ltr'><strong>hoc</strong></span> <span class='ocrx_word' id='word_1_208' title='bbox 3268 1631 3389 1687; x_wconf 91' lang='lat' dir='ltr'><strong>loco</strong></span> <span class='ocrx_word' id='word_1_209' title='bbox 3425 1631 3561 1687; x_wconf 87' lang='lat' dir='ltr'><strong>satis</strong></span> <span class='ocrx_word' id='word_1_210' title='bbox 3589 1645 3688 1700; x_wconf 87' lang='lat' dir='ltr'><strong>op-</strong></span> 
     </span>
    </p>
   </div>
   <div class='ocr_carea' id='block_1_31' title="bbox 2108 1721 3689 1793">
    <p class='ocr_par' dir='ltr' id='par_1_31' title="bbox 2108 1721 3689 1793">
     <span class='ocr_line' id='line_1_31' title="bbox 2108 1721 3689 1793; baseline -0.003 -15"><span class='ocrx_word' id='word_1_211' title='bbox 2108 1730 2347 1791; x_wconf 86' lang='lat' dir='ltr'><strong>portuno</strong></span> <span class='ocrx_word' id='word_1_212' title='bbox 2368 1722 2853 1778; x_wconf 90' lang='lat' dir='ltr'><strong>demonstrandum</strong></span> <span class='ocrx_word' id='word_1_213' title='bbox 2884 1723 3120 1793; x_wconf 91' lang='lat' dir='ltr'><strong>suscepi.</strong></span> <span class='ocrx_word' id='word_1_214' title='bbox 3153 1722 3293 1777; x_wconf 90' lang='lat' dir='ltr'><strong>Sunt</strong></span> <span class='ocrx_word' id='word_1_215' title='bbox 3320 1732 3501 1776; x_wconf 90' lang='lat' dir='ltr'><strong>autem</strong></span> <span class='ocrx_word' id='word_1_216' title='bbox 3534 1721 3591 1775; x_wconf 86' lang='lat' dir='ltr'><strong>bi</strong></span> <span class='ocrx_word' id='word_1_217' title='bbox 3621 1736 3689 1775; x_wconf 77' lang='lat' dir='ltr'><strong>ex</strong></span> 
     </span>
    </p>
   </div>
   <div class='ocr_carea' id='block_1_32' title="bbox 2106 1811 3685 1885">
    <p class='ocr_par' dir='ltr' id='par_1_32' title="bbox 2106 1811 3685 1885">
     <span class='ocr_line' id='line_1_32' title="bbox 2106 1811 3685 1885; baseline 0.003 -21"><span class='ocrx_word' id='word_1_218' title='bbox 2106 1813 2401 1878; x_wconf 77' lang='lat' dir='ltr'><strong>veteribus,</strong></span> <span class='ocrx_word' id='word_1_219' title='bbox 2425 1822 2487 1869; x_wconf 89' lang='lat' dir='ltr'><strong>ut</strong></span> <span class='ocrx_word' id='word_1_220' title='bbox 2513 1814 2730 1885; x_wconf 84' lang='lat' dir='ltr'><strong>Opinor,</strong></span> <span class='ocrx_word' id='word_1_221' title='bbox 2763 1830 2978 1881; x_wconf 91' lang='lat' dir='ltr'><strong>omnes,</strong></span> <span class='ocrx_word' id='word_1_222' title='bbox 3007 1823 3102 1869; x_wconf 90' lang='lat' dir='ltr'><strong>aut</strong></span> <span class='ocrx_word' id='word_1_223' title='bbox 3141 1823 3288 1870; x_wconf 91' lang='lat' dir='ltr'><strong>certe</strong></span> <span class='ocrx_word' id='word_1_224' title='bbox 3318 1814 3595 1885; x_wconf 83' lang='lat' dir='ltr'><strong>praecipui,</strong></span> <span class='ocrx_word' id='word_1_225' title='bbox 3625 1811 3685 1869; x_wconf 86' lang='lat' dir='ltr'><strong>S.</strong></span> 
     </span>
    </p>
   </div>
   <div class='ocr_carea' id='block_1_33' title="bbox 420 1904 3686 1980">
    <p class='ocr_par' dir='ltr' id='par_1_33' title="bbox 420 1904 3686 1980">
     <span class='ocr_line' id='line_1_33' title="bbox 420 1904 3686 1980; baseline 0 -20"><span class='ocrx_word' id='word_1_226' title='bbox 420 1910 682 1978; x_wconf 70' lang='lat' dir='ltr'><strong>quosfpro</strong></span> <span class='ocrx_word' id='word_1_227' title='bbox 696 1907 1021 1963; x_wconf 82' lang='lat' dir='ltr'><strong>confusione</strong></span> <span class='ocrx_word' id='word_1_228' title='bbox 1034 1909 1317 1963; x_wconf 85' lang='lat' dir='ltr'><strong>nominum</strong></span> <span class='ocrx_word' id='word_1_229' title='bbox 1336 1908 1815 1975; x_wconf 73' lang='lat' dir='ltr'><strong>addueitDallaeus,</strong></span> <span class='ocrx_word' id='word_1_230' title='bbox 1836 1910 2003 1980; x_wconf 90' lang='lat' dir='ltr'><strong>liquet</strong></span> <span class='ocrx_word' id='word_1_231' title='bbox 2037 1909 2079 1964; x_wconf 84' lang='grc' dir='ltr'>Β</span> <span class='ocrx_word' id='word_1_232' title='bbox 2108 1904 2557 1975; x_wconf 87' lang='lat' dir='ltr'><strong>Chrysostomus,</strong></span> <span class='ocrx_word' id='word_1_233' title='bbox 2608 1904 2994 1976; x_wconf 86' lang='lat' dir='ltr'><strong>Hieronymus,</strong></span> <span class='ocrx_word' id='word_1_234' title='bbox 3023 1905 3423 1968; x_wconf 89' lang='lat' dir='ltr'><strong>Theodoretus,</strong></span> <span class='ocrx_word' id='word_1_235' title='bbox 3449 1905 3686 1960; x_wconf 82' lang='lat' dir='ltr'><strong>Ambro-</strong></span> 
     </span>
    </p>
   </div>
   <div class='ocr_carea' id='block_1_34' title="bbox 418 1999 1999 2070">
    <p class='ocr_par' dir='ltr' id='par_1_34' title="bbox 418 1999 1999 2070">
     <span class='ocr_line' id='line_1_34' title="bbox 418 1999 1999 2070; baseline 0.003 -18"><span class='ocrx_word' id='word_1_236' title='bbox 418 2015 489 2053; x_wconf 87' lang='lat' dir='ltr'><strong>ue</strong></span> <span class='ocrx_word' id='word_1_237' title='bbox 518 2014 687 2052; x_wconf 93' lang='lat' dir='ltr'><strong>unum</strong></span> <span class='ocrx_word' id='word_1_238' title='bbox 719 1999 962 2067; x_wconf 88' lang='lat' dir='ltr'><strong>quidem,</strong></span> <span class='ocrx_word' id='word_1_239' title='bbox 992 2014 1117 2053; x_wconf 85' lang='lat' dir='ltr'><strong>cum</strong></span> <span class='ocrx_word' id='word_1_240' title='bbox 1167 2000 1369 2070; x_wconf 90' lang='lat' dir='ltr'><strong>gradus</strong></span> <span class='ocrx_word' id='word_1_241' title='bbox 1411 2010 1719 2067; x_wconf 86' lang='lat' dir='ltr'><strong>enumerat,</strong></span> <span class='ocrx_word' id='word_1_242' title='bbox 1754 2011 1999 2056; x_wconf 85' lang='lat' dir='ltr'><strong>autcum</strong></span> 
     </span>
    </p>
   </div>
   <div class='ocr_carea' id='block_1_35' title="bbox 420 2090 2001 2165">
    <p class='ocr_par' dir='ltr' id='par_1_35' title="bbox 420 2090 2001 2165">
     <span class='ocr_line' id='line_1_35' title="bbox 420 2090 2001 2165; baseline 0.004 -22"><span class='ocrx_word' id='word_1_243' title='bbox 420 2091 488 2145; x_wconf 90' lang='lat' dir='ltr'><strong>de</strong></span> <span class='ocrx_word' id='word_1_244' title='bbox 536 2090 913 2158; x_wconf 70' lang='lat' dir='ltr'><strong>singularibus</strong></span> <span class='ocrx_word' id='word_1_245' title='bbox 956 2092 1042 2145; x_wconf 88' lang='lat' dir='ltr'><strong>sui</strong></span> <span class='ocrx_word' id='word_1_246' title='bbox 1095 2093 1357 2161; x_wconf 89' lang='lat' dir='ltr'><strong>temporis</strong></span> <span class='ocrx_word' id='word_1_247' title='bbox 1406 2093 1675 2150; x_wconf 88' lang='lat' dir='ltr'><strong>ministris</strong></span> <span class='ocrx_word' id='word_1_248' title='bbox 1726 2092 2001 2165; x_wconf 76' lang='lat' dir='ltr'><strong>Evangelii</strong></span> 
     </span>
    </p>
   </div>
   <div class='ocr_carea' id='block_1_36' title="bbox 419 2181 2003 2257">
    <p class='ocr_par' dir='ltr' id='par_1_36' title="bbox 419 2181 2003 2257">
     <span class='ocr_line' id='line_1_36' title="bbox 419 2181 2003 2257; baseline 0.006 -23"><span class='ocrx_word' id='word_1_249' title='bbox 419 2181 684 2250; x_wconf 90' lang='lat' dir='ltr'><strong>loquitur,</strong></span> <span class='ocrx_word' id='word_1_250' title='bbox 721 2198 920 2236; x_wconf 90' lang='lat' dir='ltr'><strong>nomen</strong></span> <span class='ocrx_word' id='word_1_251' title='bbox 954 2183 1259 2256; x_wconf 90' lang='lat' dir='ltr'><strong>presbyteri</strong></span> <span class='ocrx_word' id='word_1_252' title='bbox 1293 2184 1343 2239; x_wconf 91' lang='lat' dir='ltr'><strong>ei</strong></span> <span class='ocrx_word' id='word_1_253' title='bbox 1396 2184 1490 2254; x_wconf 92' lang='lat' dir='ltr'><strong>qui</strong></span> <span class='ocrx_word' id='word_1_254' title='bbox 1538 2186 1828 2257; x_wconf 89' lang='lat' dir='ltr'><strong>episc0pus</strong></span> <span class='ocrx_word' id='word_1_255' title='bbox 1855 2196 2003 2243; x_wconf 87' lang='lat' dir='ltr'><strong>esset</strong></span> 
     </span>
    </p>
   </div>
   <div class='ocr_carea' id='block_1_37' title="bbox 420 2272 2003 2345">
    <p class='ocr_par' dir='ltr' id='par_1_37' title="bbox 420 2272 2003 2345">
     <span class='ocr_line' id='line_1_37' title="bbox 420 2272 2003 2345; baseline 0.004 -19"><span class='ocrx_word' id='word_1_256' title='bbox 420 2272 699 2327; x_wconf 89' lang='lat' dir='ltr'><strong>tribuisse.</strong></span> <span class='ocrx_word' id='word_1_257' title='bbox 733 2272 798 2327; x_wconf 88' lang='lat' dir='ltr'><strong>Et</strong></span> <span class='ocrx_word' id='word_1_258' title='bbox 828 2283 943 2328; x_wconf 91' lang='lat' dir='ltr'><strong>tum</strong></span> <span class='ocrx_word' id='word_1_259' title='bbox 970 2289 1035 2328; x_wconf 82' lang='lat' dir='ltr'><strong>ex</strong></span> <span class='ocrx_word' id='word_1_260' title='bbox 1069 2274 1191 2340; x_wconf 87' lang='lat' dir='ltr'><strong>hac,</strong></span> <span class='ocrx_word' id='word_1_261' title='bbox 1228 2284 1342 2329; x_wconf 86' lang='lat' dir='ltr'><strong>tum</strong></span> <span class='ocrx_word' id='word_1_262' title='bbox 1377 2290 1447 2329; x_wconf 77' lang='lat' dir='ltr'><strong>ex</strong></span> <span class='ocrx_word' id='word_1_263' title='bbox 1496 2276 1665 2345; x_wconf 90' lang='lat' dir='ltr'><strong>priori</strong></span> <span class='ocrx_word' id='word_1_264' title='bbox 1699 2277 2003 2333; x_wconf 85' lang='lat' dir='ltr'><strong>assertione</strong></span> 
     </span>
    </p>
   </div>
   <div class='ocr_carea' id='block_1_38' title="bbox 418 2364 2002 2436">
    <p class='ocr_par' dir='ltr' id='par_1_38' title="bbox 418 2364 2002 2436">
     <span class='ocr_line' id='line_1_38' title="bbox 418 2364 2002 2436; baseline 0.004 -18"><span class='ocrx_word' id='word_1_265' title='bbox 418 2374 565 2433; x_wconf 88' lang='lat' dir='ltr'><strong>patet</strong></span> <span class='ocrx_word' id='word_1_266' title='bbox 604 2380 771 2434; x_wconf 91' lang='lat' dir='ltr'><strong>quam</strong></span> <span class='ocrx_word' id='word_1_267' title='bbox 818 2364 1016 2419; x_wconf 81' lang='lat' dir='ltr'><strong>falsum</strong></span> <span class='ocrx_word' id='word_1_268' title='bbox 1050 2367 1123 2421; x_wconf 87' lang='lat' dir='ltr'><strong>sit</strong></span> <span class='ocrx_word' id='word_1_269' title='bbox 1163 2367 1311 2436; x_wconf 91' lang='lat' dir='ltr'><strong>quod</strong></span> <span class='ocrx_word' id='word_1_270' title='bbox 1364 2366 1601 2424; x_wconf 69' lang='lat' dir='ltr'><strong>Dallzeus</strong></span> <span class='ocrx_word' id='word_1_271' title='bbox 1647 2384 1749 2424; x_wconf 91' lang='lat' dir='ltr'><strong>nos</strong></span> <span class='ocrx_word' id='word_1_272' title='bbox 1799 2369 2002 2424; x_wconf 90' lang='lat' dir='ltr'><strong>docere</strong></span> 
     </span>
    </p>
   </div>
   <div class='ocr_carea' id='block_1_39' title="bbox 419 2453 2001 2529">
    <p class='ocr_par' dir='ltr' id='par_1_39' title="bbox 419 2453 2001 2529">
     <span class='ocr_line' id='line_1_39' title="bbox 419 2453 2001 2529; baseline 0.004 -22"><span class='ocrx_word' id='word_1_273' title='bbox 419 2456 590 2510; x_wconf 90' lang='lat' dir='ltr'><strong>voluit</strong></span> <span class='ocrx_word' id='word_1_274' title='bbox 614 2473 627 2509; x_wconf 95' lang='lat'>:</span> <span class='ocrx_word' id='word_1_275' title='bbox 660 2473 679 2507; x_wconf 76' lang='grc' dir='ltr'><strong>ι</strong></span> <span class='ocrx_word' id='word_1_276' title='bbox 713 2453 811 2510; x_wconf 90' lang='lat' dir='ltr'><strong>llic</strong></span> <span class='ocrx_word' id='word_1_277' title='bbox 832 2465 950 2510; x_wconf 91' lang='lat' dir='ltr'><strong>erat</strong></span> <span class='ocrx_word' id='word_1_278' title='bbox 971 2456 1136 2527; x_wconf 81' lang='lat' dir='ltr'><strong>hujus</strong></span> <span class='ocrx_word' id='word_1_279' title='bbox 1162 2457 1316 2511; x_wconf 89' lang='lat' dir='ltr'><strong>vocis</strong></span> <span class='ocrx_word' id='word_1_280' title='bbox 1337 2457 1591 2527; x_wconf 89' lang='lat' dir='ltr'><strong>publicus</strong></span> <span class='ocrx_word' id='word_1_281' title='bbox 1615 2459 1758 2529; x_wconf 91' lang='lat' dir='ltr'><strong>apud</strong></span> <span class='ocrx_word' id='word_1_282' title='bbox 1782 2470 2001 2516; x_wconf 88' lang='lat' dir='ltr'><strong>nostros</strong></span> 
     </span>
    </p>
   </div>
   <div class='ocr_carea' id='block_1_40' title="bbox 416 2547 2001 2614">
    <p class='ocr_par' dir='ltr' id='par_1_40' title="bbox 416 2547 2001 2614">
     <span class='ocr_line' id='line_1_40' title="bbox 416 2547 2001 2614; baseline 0.004 -13"><span class='ocrx_word' id='word_1_283' title='bbox 416 2562 595 2614; x_wconf 85' lang='lat' dir='ltr'><strong>usus,</strong></span> <span class='ocrx_word' id='word_1_284' title='bbox 658 2548 775 2603; x_wconf 65' lang='lat' dir='ltr'><strong>hanc</strong></span> <span class='ocrx_word' id='word_1_285' title='bbox 849 2547 1290 2604; x_wconf 89' lang='lat' dir='ltr'><strong>Christianorum</strong></span> <span class='ocrx_word' id='word_1_286' title='bbox 1339 2550 1489 2605; x_wconf 74' lang='lat' dir='ltr'><strong>illius</strong></span> <span class='ocrx_word' id='word_1_287' title='bbox 1545 2552 1828 2608; x_wconf 72' lang='lat' dir='ltr'><strong>memoriae</strong></span> <span class='ocrx_word' id='word_1_288' title='bbox 1899 2552 2001 2607; x_wconf 90' lang='lat' dir='ltr'><strong>ho-</strong></span> 
     </span>
    </p>
   </div>
   <div class='ocr_carea' id='block_1_41' title="bbox 417 2641 1998 2715">
    <p class='ocr_par' dir='ltr' id='par_1_41' title="bbox 417 2641 1998 2715">
     <span class='ocr_line' id='line_1_41' title="bbox 417 2641 1998 2715; baseline 0.003 -21"><span class='ocrx_word' id='word_1_289' title='bbox 417 2642 625 2695; x_wconf 90' lang='lat' dir='ltr'><strong>minum</strong></span> <span class='ocrx_word' id='word_1_290' title='bbox 680 2641 955 2696; x_wconf 85' lang='lat' dir='ltr'><strong>institutio</strong></span> <span class='ocrx_word' id='word_1_291' title='bbox 997 2656 1063 2697; x_wconf 90' lang='lat' dir='ltr'><strong>ac</strong></span> <span class='ocrx_word' id='word_1_292' title='bbox 1104 2644 1479 2708; x_wconf 86' lang='lat' dir='ltr'><strong>consuetudo,</strong></span> <span class='ocrx_word' id='word_1_293' title='bbox 1513 2651 1572 2698; x_wconf 88' lang='lat' dir='ltr'><strong>ut</strong></span> <span class='ocrx_word' id='word_1_294' title='bbox 1618 2644 1998 2715; x_wconf 86' lang='lat' dir='ltr'><strong>presbyterum</strong></span> 
     </span>
    </p>
   </div>
   <div class='ocr_carea' id='block_1_42' title="bbox 415 2731 2000 2805">
    <p class='ocr_par' dir='ltr' id='par_1_42' title="bbox 415 2731 2000 2805">
     <span class='ocr_line' id='line_1_42' title="bbox 415 2731 2000 2805; baseline 0.004 -22"><span class='ocrx_word' id='word_1_295' title='bbox 415 2731 579 2801; x_wconf 80' lang='lat' dir='ltr'><strong>vulgo</strong></span> <span class='ocrx_word' id='word_1_296' title='bbox 613 2740 723 2786; x_wconf 89' lang='lat' dir='ltr'><strong>tam</strong></span> <span class='ocrx_word' id='word_1_297' title='bbox 756 2731 849 2801; x_wconf 90' lang='lat' dir='ltr'><strong>qui</strong></span> <span class='ocrx_word' id='word_1_298' title='bbox 874 2740 1021 2787; x_wconf 83' lang='lat' dir='ltr'><strong>esset</strong></span> <span class='ocrx_word' id='word_1_299' title='bbox 1051 2732 1369 2803; x_wconf 89' lang='lat' dir='ltr'><strong>primarius,</strong></span> <span class='ocrx_word' id='word_1_300' title='bbox 1394 2748 1560 2803; x_wconf 91' lang='lat' dir='ltr'><strong>quam</strong></span> <span class='ocrx_word' id='word_1_301' title='bbox 1604 2735 1699 2805; x_wconf 91' lang='lat' dir='ltr'><strong>qui</strong></span> <span class='ocrx_word' id='word_1_302' title='bbox 1729 2735 2000 2791; x_wconf 88' lang='lat' dir='ltr'><strong>secunda-</strong></span> 
     </span>
    </p>
   </div>
   <div class='ocr_carea' id='block_1_43' title="bbox 416 2821 2001 2900">
    <p class='ocr_par' dir='ltr' id='par_1_43' title="bbox 416 2821 2001 2900">
     <span class='ocr_line' id='line_1_43' title="bbox 416 2821 2001 2900; baseline 0.007 -26"><span class='ocrx_word' id='word_1_303' title='bbox 416 2821 555 2886; x_wconf 81' lang='lat' dir='ltr'><strong>rius,</strong></span> <span class='ocrx_word' id='word_1_304' title='bbox 583 2831 637 2876; x_wconf 91' lang='lat' dir='ltr'><strong>et</strong></span> <span class='ocrx_word' id='word_1_305' title='bbox 664 2822 911 2877; x_wconf 90' lang='lat' dir='ltr'><strong>dicerent</strong></span> <span class='ocrx_word' id='word_1_306' title='bbox 969 2822 1075 2894; x_wconf 90' lang='lat' dir='ltr'><strong>ipsi</strong></span> <span class='ocrx_word' id='word_1_307' title='bbox 1118 2833 1174 2879; x_wconf 90' lang='lat' dir='ltr'><strong>et</strong></span> <span class='ocrx_word' id='word_1_308' title='bbox 1211 2825 1281 2880; x_wconf 82' lang='lat' dir='ltr'><strong>ab</strong></span> <span class='ocrx_word' id='word_1_309' title='bbox 1314 2826 1437 2881; x_wconf 90' lang='lat' dir='ltr'><strong>aliis</strong></span> <span class='ocrx_word' id='word_1_310' title='bbox 1485 2827 1694 2884; x_wconf 88' lang='lat' dir='ltr'><strong>dictum</strong></span> <span class='ocrx_word' id='word_1_311' title='bbox 1734 2829 2001 2900; x_wconf 87' lang='lat' dir='ltr'><strong>intellige-</strong></span> 
     </span>
    </p>
   </div>
   <div class='ocr_carea' id='block_1_44' title="bbox 416 2912 1999 2988">
    <p class='ocr_par' dir='ltr' id='par_1_44' title="bbox 416 2912 1999 2988">
     <span class='ocr_line' id='line_1_44' title="bbox 416 2912 1999 2988; baseline 0.005 -20"><span class='ocrx_word' id='word_1_312' title='bbox 416 2922 556 2968; x_wconf 78' lang='lat' dir='ltr'><strong>rent.</strong></span> <span class='ocrx_word' id='word_1_313' title='bbox 593 2934 610 2967; x_wconf 76' lang='grc' dir='ltr'><strong>ι</strong></span> <span class='ocrx_word' id='word_1_314' title='bbox 637 2912 756 2969; x_wconf 84' lang='grc' dir='ltr'><em>Νοιι</em></span> <span class='ocrx_word' id='word_1_315' title='bbox 788 2913 1070 2986; x_wconf 83' lang='lat' dir='ltr'><strong>italgnatii</strong></span> <span class='ocrx_word' id='word_1_316' title='bbox 1118 2916 1255 2971; x_wconf 83' lang='lat' dir='ltr'><strong>Acta</strong></span> <span class='ocrx_word' id='word_1_317' title='bbox 1285 2917 1608 2988; x_wconf 91' lang='lat' dir='ltr'><strong>loquuntur,</strong></span> <span class='ocrx_word' id='word_1_318' title='bbox 1638 2935 1746 2975; x_wconf 91' lang='lat' dir='ltr'><strong>non</strong></span> <span class='ocrx_word' id='word_1_319' title='bbox 1786 2936 1999 2977; x_wconf 83' lang='lat' dir='ltr'><strong>sermo-</strong></span> 
     </span>
    </p>
   </div>
   <div class='ocr_carea' id='block_1_45' title="bbox 414 3004 1996 3078">
    <p class='ocr_par' dir='ltr' id='par_1_45' title="bbox 414 3004 1996 3078">
     <span class='ocr_line' id='line_1_45' title="bbox 414 3004 1996 3078; baseline 0.004 -18"><span class='ocrx_word' id='word_1_320' title='bbox 414 3006 502 3060; x_wconf 86' lang='lat' dir='ltr'><strong>nis</strong></span> <span class='ocrx_word' id='word_1_321' title='bbox 538 3004 978 3061; x_wconf 85' lang='lat' dir='ltr'><strong>Christianorum</strong></span> <span class='ocrx_word' id='word_1_322' title='bbox 1029 3006 1262 3076; x_wconf 80' lang='lat' dir='ltr'><strong>diligens</strong></span> <span class='ocrx_word' id='word_1_323' title='bbox 1306 3008 1627 3064; x_wconf 84' lang='lat' dir='ltr'><strong>observator</strong></span> <span class='ocrx_word' id='word_1_324' title='bbox 1698 3009 1996 3078; x_wconf 83' lang='lat' dir='ltr'><strong>Adrianus,</strong></span> 
     </span>
    </p>
   </div>
   <div class='ocr_carea' id='block_1_46' title="bbox 415 3095 1969 3173">
    <p class='ocr_par' dir='ltr' id='par_1_46' title="bbox 415 3095 1969 3173">
     <span class='ocr_line' id='line_1_46' title="bbox 415 3095 1969 3173; baseline 0.005 -22"><span class='ocrx_word' id='word_1_325' title='bbox 415 3113 522 3152; x_wconf 90' lang='lat' dir='ltr'><strong>non</strong></span> <span class='ocrx_word' id='word_1_326' title='bbox 553 3095 799 3152; x_wconf 84' lang='lat' dir='ltr'><strong>Ecclesia</strong></span> <span class='ocrx_word' id='word_1_327' title='bbox 828 3096 1200 3168; x_wconf 88' lang='lat' dir='ltr'><strong>Smyrnensis,</strong></span> <span class='ocrx_word' id='word_1_328' title='bbox 1232 3114 1339 3153; x_wconf 92' lang='lat' dir='ltr'><strong>non</strong></span> <span class='ocrx_word' id='word_1_329' title='bbox 1372 3109 1639 3173; x_wconf 85' lang='lat' dir='ltr'><strong>martyres</strong></span> <span class='ocrx_word' id='word_1_330' title='bbox 1668 3100 1969 3173; x_wconf 87' lang='lat' dir='ltr'><strong>Lugdunen</strong></span> 
     </span>
    </p>
   </div>
   <div class='ocr_carea' id='block_1_47' title="bbox 413 3189 1995 3267">
    <p class='ocr_par' dir='ltr' id='par_1_47' title="bbox 413 3189 1995 3267">
     <span class='ocr_line' id='line_1_47' title="bbox 413 3189 1995 3267; baseline 0.006 -22"><span class='ocrx_word' id='word_1_331' title='bbox 413 3206 523 3254; x_wconf 78' lang='lat' dir='ltr'><strong>ses,</strong></span> <span class='ocrx_word' id='word_1_332' title='bbox 558 3207 666 3246; x_wconf 90' lang='lat' dir='ltr'><strong>non</strong></span> <span class='ocrx_word' id='word_1_333' title='bbox 696 3189 1057 3263; x_wconf 80' lang='lat' dir='ltr'><strong>Hegesippus.</strong></span> <span class='ocrx_word' id='word_1_334' title='bbox 1082 3209 1189 3249; x_wconf 90' lang='lat' dir='ltr'><strong>non</strong></span> <span class='ocrx_word' id='word_1_335' title='bbox 1220 3193 1532 3266; x_wconf 88' lang='lat' dir='ltr'><strong>Polycrates</strong></span> <span class='ocrx_word' id='word_1_336' title='bbox 1555 3236 1570 3261; x_wconf 94' lang='lat'><strong>,</strong></span> <span class='ocrx_word' id='word_1_337' title='bbox 1598 3211 1707 3252; x_wconf 90' lang='lat' dir='ltr'><strong>non</strong></span> <span class='ocrx_word' id='word_1_338' title='bbox 1745 3196 1995 3267; x_wconf 87' lang='lat' dir='ltr'><strong>Serapio,</strong></span> 
     </span>
    </p>
   </div>
   <div class='ocr_carea' id='block_1_48' title="bbox 412 3284 1998 3359">
    <p class='ocr_par' dir='ltr' id='par_1_48' title="bbox 412 3284 1998 3359">
     <span class='ocr_line' id='line_1_48' title="bbox 412 3284 1998 3359; baseline 0.007 -25"><span class='ocrx_word' id='word_1_339' title='bbox 412 3298 522 3335; x_wconf 85' lang='lat' dir='ltr'><strong>non</strong></span> <span class='ocrx_word' id='word_1_340' title='bbox 549 3297 860 3353; x_wconf 81' lang='lat' dir='ltr'><strong>anonyrnus</strong></span> <span class='ocrx_word' id='word_1_341' title='bbox 895 3286 989 3353; x_wconf 86' lang='lat' dir='ltr'><strong>qui</strong></span> <span class='ocrx_word' id='word_1_342' title='bbox 1022 3296 1215 3340; x_wconf 90' lang='lat' dir='ltr'><strong>contra</strong></span> <span class='ocrx_word' id='word_1_343' title='bbox 1248 3284 1607 3342; x_wconf 83' lang='lat' dir='ltr'><strong>Montanistas</strong></span> <span class='ocrx_word' id='word_1_344' title='bbox 1631 3289 1998 3359; x_wconf 84' lang='lat' dir='ltr'><strong>seripsit,nou</strong></span> 
     </span>
    </p>
   </div>
   <div class='ocr_carea' id='block_1_49' title="bbox 412 3370 1998 3448">
    <p class='ocr_par' dir='ltr' id='par_1_49' title="bbox 412 3370 1998 3448">
     <span class='ocr_line' id='line_1_49' title="bbox 412 3370 1998 3448; baseline 0.009 -28"><span class='ocrx_word' id='word_1_345' title='bbox 412 3376 609 3423; x_wconf 77' lang='lat' dir='ltr'><strong>auctor</strong></span> <span class='ocrx_word' id='word_1_346' title='bbox 652 3371 902 3442; x_wconf 79' lang='lat' dir='ltr'><strong>martyrii</strong></span> <span class='ocrx_word' id='word_1_347' title='bbox 955 3370 1011 3426; x_wconf 90' lang='lat' dir='ltr'><strong>S.</strong></span> <span class='ocrx_word' id='word_1_348' title='bbox 1049 3371 1350 3444; x_wconf 60' lang='lat' dir='ltr'><strong>Perpetuus,</strong></span> <span class='ocrx_word' id='word_1_349' title='bbox 1379 3389 1489 3429; x_wconf 88' lang='lat' dir='ltr'><strong>non</strong></span> <span class='ocrx_word' id='word_1_350' title='bbox 1524 3390 1765 3432; x_wconf 88' lang='lat' dir='ltr'><strong>canones</strong></span> <span class='ocrx_word' id='word_1_351' title='bbox 1784 3378 1879 3448; x_wconf 89' lang='lat' dir='ltr'><strong>qui</strong></span> <span class='ocrx_word' id='word_1_352' title='bbox 1909 3379 1998 3434; x_wconf 86' lang='lat' dir='ltr'><strong>di-</strong></span> 
     </span>
    </p>
   </div>
   <div class='ocr_carea' id='block_1_50' title="bbox 410 3463 1999 3537">
    <p class='ocr_par' dir='ltr' id='par_1_50' title="bbox 410 3463 1999 3537">
     <span class='ocr_line' id='line_1_50' title="bbox 410 3463 1999 3537; baseline 0.008 -24"><span class='ocrx_word' id='word_1_353' title='bbox 410 3470 612 3515; x_wconf 81' lang='lat' dir='ltr'><strong>cuntur</strong></span> <span class='ocrx_word' id='word_1_354' title='bbox 636 3463 946 3529; x_wconf 85' lang='lat' dir='ltr'><strong>apostolici,</strong></span> <span class='ocrx_word' id='word_1_355' title='bbox 976 3479 1045 3519; x_wconf 91' lang='lat' dir='ltr'><strong>ne</strong></span> <span class='ocrx_word' id='word_1_356' title='bbox 1087 3463 1320 3521; x_wconf 81' lang='lat' dir='ltr'><strong>Hermas</strong></span> <span class='ocrx_word' id='word_1_357' title='bbox 1340 3467 1585 3537; x_wconf 87' lang='lat' dir='ltr'><strong>quidem.</strong></span> <span class='ocrx_word' id='word_1_358' title='bbox 1628 3466 1823 3525; x_wconf 85' lang='lat' dir='ltr'><strong>Nullus</strong></span> <span class='ocrx_word' id='word_1_359' title='bbox 1850 3471 1999 3527; x_wconf 72' lang='lat' dir='ltr'><strong>illius</strong></span> 
     </span>
    </p>
   </div>
   <div class='ocr_carea' id='block_1_51' title="bbox 411 3553 1997 3626">
    <p class='ocr_par' dir='ltr' id='par_1_51' title="bbox 411 3553 1997 3626">
     <span class='ocr_line' id='line_1_51' title="bbox 411 3553 1997 3626; baseline 0.006 -20"><span class='ocrx_word' id='word_1_360' title='bbox 411 3553 512 3607; x_wconf 72' lang='lat' dir='ltr'><strong>mvi</strong></span> <span class='ocrx_word' id='word_1_361' title='bbox 550 3554 786 3623; x_wconf 88' lang='lat' dir='ltr'><strong>scriptor</strong></span> <span class='ocrx_word' id='word_1_362' title='bbox 814 3571 983 3611; x_wconf 91' lang='lat' dir='ltr'><strong>unum</strong></span> <span class='ocrx_word' id='word_1_363' title='bbox 1037 3557 1386 3626; x_wconf 89' lang='lat' dir='ltr'><strong>primarium,</strong></span> <span class='ocrx_word' id='word_1_364' title='bbox 1413 3559 1581 3614; x_wconf 90' lang='lat' dir='ltr'><strong>alium</strong></span> <span class='ocrx_word' id='word_1_365' title='bbox 1612 3562 1997 3617; x_wconf 86' lang='lat' dir='ltr'><strong>secundarium</strong></span> 
     </span>
    </p>
   </div>
   <div class='ocr_carea' id='block_1_52' title="bbox 411 3649 1999 3720">
    <p class='ocr_par' dir='ltr' id='par_1_52' title="bbox 411 3649 1999 3720">
     <span class='ocr_line' id='line_1_52' title="bbox 411 3649 1999 3720; baseline 0.004 -19"><span class='ocrx_word' id='word_1_366' title='bbox 411 3649 790 3720; x_wconf 70' lang='lat' dir='ltr'><strong>presbyterum</strong></span> <span class='ocrx_word' id='word_1_367' title='bbox 822 3651 1080 3719; x_wconf 84' lang='lat' dir='ltr'><strong>tradidit;</strong></span> <span class='ocrx_word' id='word_1_368' title='bbox 1133 3653 1319 3709; x_wconf 90' lang='lat' dir='ltr'><strong>nullus</strong></span> <span class='ocrx_word' id='word_1_369' title='bbox 1352 3653 1426 3707; x_wconf 91' lang='lat' dir='ltr'><strong>ita</strong></span> <span class='ocrx_word' id='word_1_370' title='bbox 1458 3653 1679 3710; x_wconf 90' lang='lat' dir='ltr'><strong>ordines</strong></span> <span class='ocrx_word' id='word_1_371' title='bbox 1710 3670 1999 3710; x_wconf 79' lang='lat' dir='ltr'><strong>enumera-</strong></span> 
     </span>
    </p>
   </div>
   <div class='ocr_carea' id='block_1_53' title="bbox 412 3742 1997 3815">
    <p class='ocr_par' dir='ltr' id='par_1_53' title="bbox 412 3742 1997 3815">
     <span class='ocr_line' id='line_1_53' title="bbox 412 3742 1997 3815; baseline 0.005 -21"><span class='ocrx_word' id='word_1_372' title='bbox 412 3744 489 3797; x_wconf 82' lang='lat' dir='ltr'><strong>vit</strong></span> <span class='ocrx_word' id='word_1_373' title='bbox 520 3751 580 3798; x_wconf 92' lang='lat' dir='ltr'><strong>ut</strong></span> <span class='ocrx_word' id='word_1_374' title='bbox 630 3742 685 3798; x_wconf 90' lang='lat' dir='ltr'><strong>in</strong></span> <span class='ocrx_word' id='word_1_375' title='bbox 732 3743 913 3814; x_wconf 82' lang='lat' dir='ltr'><strong>primo</strong></span> <span class='ocrx_word' id='word_1_376' title='bbox 945 3745 1347 3815; x_wconf 82' lang='lat' dir='ltr'><strong>presbyterum,</strong></span> <span class='ocrx_word' id='word_1_377' title='bbox 1401 3745 1456 3799; x_wconf 91' lang='lat' dir='ltr'><strong>in</strong></span> <span class='ocrx_word' id='word_1_378' title='bbox 1515 3747 1756 3801; x_wconf 90' lang='lat' dir='ltr'><strong>secundo</strong></span> <span class='ocrx_word' id='word_1_379' title='bbox 1805 3763 1997 3802; x_wconf 77' lang='lat' dir='ltr'><strong>rursus</strong></span> 
     </span>
    </p>
   </div>
   <div class='ocr_carea' id='block_1_54' title="bbox 413 3837 1994 3909">
    <p class='ocr_par' dir='ltr' id='par_1_54' title="bbox 413 3837 1994 3909">
     <span class='ocr_line' id='line_1_54' title="bbox 413 3837 1994 3909; baseline 0.001 -19"><span class='ocrx_word' id='word_1_380' title='bbox 413 3837 792 3909; x_wconf 86' lang='lat' dir='ltr'><strong>presbyterum</strong></span> <span class='ocrx_word' id='word_1_381' title='bbox 826 3838 1064 3905; x_wconf 86' lang='lat' dir='ltr'><strong>locaret;</strong></span> <span class='ocrx_word' id='word_1_382' title='bbox 1118 3838 1304 3893; x_wconf 90' lang='lat' dir='ltr'><strong>nullus</strong></span> <span class='ocrx_word' id='word_1_383' title='bbox 1332 3840 1647 3907; x_wconf 89' lang='lat' dir='ltr'><strong>quempiam</strong></span> <span class='ocrx_word' id='word_1_384' title='bbox 1695 3847 1824 3894; x_wconf 90' lang='lat' dir='ltr'><strong>tunc</strong></span> <span class='ocrx_word' id='word_1_385' title='bbox 1868 3854 1994 3893; x_wconf 89' lang='lat' dir='ltr'><strong>cum</strong></span> 
     </span>
    </p>
   </div>
   <div class='ocr_carea' id='block_1_55' title="bbox 412 3929 1996 3999">
    <p class='ocr_par' dir='ltr' id='par_1_55' title="bbox 412 3929 1996 3999">
     <span class='ocr_line' id='line_1_55' title="bbox 412 3929 1996 3999; baseline 0.003 -18"><span class='ocrx_word' id='word_1_386' title='bbox 412 3931 528 3998; x_wconf 90' lang='lat' dir='ltr'><strong>ipse</strong></span> <span class='ocrx_word' id='word_1_387' title='bbox 557 3930 821 3985; x_wconf 91' lang='lat' dir='ltr'><strong>scriberet</strong></span> <span class='ocrx_word' id='word_1_388' title='bbox 874 3930 1228 3999; x_wconf 88' lang='lat' dir='ltr'><strong>superstitem</strong></span> <span class='ocrx_word' id='word_1_389' title='bbox 1258 3938 1313 3984; x_wconf 92' lang='lat' dir='ltr'><strong>et</strong></span> <span class='ocrx_word' id='word_1_390' title='bbox 1343 3930 1507 3999; x_wconf 91' lang='lat' dir='ltr'><strong>primi</strong></span> <span class='ocrx_word' id='word_1_391' title='bbox 1557 3929 1767 3985; x_wconf 89' lang='lat' dir='ltr'><strong>ordinis</strong></span> <span class='ocrx_word' id='word_1_392' title='bbox 1820 3931 1996 3985; x_wconf 82' lang='lat' dir='ltr'><strong>ollicio</strong></span> 
     </span>
    </p>
   </div>
   <div class='ocr_carea' id='block_1_56' title="bbox 410 4022 1468 4095">
    <p class='ocr_par' dir='ltr' id='par_1_56' title="bbox 410 4022 1468 4095">
     <span class='ocr_line' id='line_1_56' title="bbox 410 4022 1468 4095; baseline 0 -18"><span class='ocrx_word' id='word_1_393' title='bbox 410 4023 724 4092; x_wconf 77' lang='lat' dir='ltr'><strong>fungentem</strong></span> <span class='ocrx_word' id='word_1_394' title='bbox 752 4024 1126 4095; x_wconf 80' lang='lat' dir='ltr'><strong>presbyterum</strong></span> <span class='ocrx_word' id='word_1_395' title='bbox 1155 4022 1468 4094; x_wconf 86' lang='lat' dir='ltr'><strong>appellavit.</strong></span> 
     </span>
    </p>
   </div>
   <div class='ocr_carea' id='block_1_57' title="bbox 476 4111 1995 4172">
    <p class='ocr_par' dir='ltr' id='par_1_57' title="bbox 476 4111 1995 4172">
     <span class='ocr_line' id='line_1_57' title="bbox 476 4111 1995 4172; baseline -0.002 -2"><span class='ocrx_word' id='word_1_396' title='bbox 476 4116 597 4171; x_wconf 86' lang='lat' dir='ltr'><strong>Jam</strong></span> <span class='ocrx_word' id='word_1_397' title='bbox 628 4131 758 4172; x_wconf 87' lang='lat' dir='ltr'><strong>vero</strong></span> <span class='ocrx_word' id='word_1_398' title='bbox 785 4116 915 4171; x_wconf 89' lang='lat' dir='ltr'><strong>licet</strong></span> <span class='ocrx_word' id='word_1_399' title='bbox 942 4118 1025 4171; x_wconf 88' lang='lat' dir='ltr'><strong>vir</strong></span> <span class='ocrx_word' id='word_1_400' title='bbox 1050 4115 1405 4171; x_wconf 83' lang='lat' dir='ltr'><strong>doctissimus</strong></span> <span class='ocrx_word' id='word_1_401' title='bbox 1437 4129 1506 4169; x_wconf 77' lang='lat' dir='ltr'><strong>ex</strong></span> <span class='ocrx_word' id='word_1_402' title='bbox 1539 4111 1863 4168; x_wconf 79' lang='lat' dir='ltr'><strong>confusione</strong></span> <span class='ocrx_word' id='word_1_403' title='bbox 1895 4129 1995 4167; x_wconf 85' lang='lat' dir='ltr'><strong>no-</strong></span> 
     </span>
    </p>
   </div>
   <div class='ocr_carea' id='block_1_58' title="bbox 412 4206 1996 4279">
    <p class='ocr_par' dir='ltr' id='par_1_58' title="bbox 412 4206 1996 4279">
     <span class='ocr_line' id='line_1_58' title="bbox 412 4206 1996 4279; baseline -0.001 -16"><span class='ocrx_word' id='word_1_404' title='bbox 412 4209 644 4275; x_wconf 88' lang='lat' dir='ltr'><strong>minum,</strong></span> <span class='ocrx_word' id='word_1_405' title='bbox 669 4223 834 4279; x_wconf 91' lang='lat' dir='ltr'><strong>quam</strong></span> <span class='ocrx_word' id='word_1_406' title='bbox 868 4208 921 4262; x_wconf 94' lang='lat' dir='ltr'><strong>in</strong></span> <span class='ocrx_word' id='word_1_407' title='bbox 948 4207 1174 4262; x_wconf 91' lang='lat' dir='ltr'><strong>secundi</strong></span> <span class='ocrx_word' id='word_1_408' title='bbox 1202 4206 1389 4262; x_wconf 68' lang='lat' dir='ltr'><strong>saeculi</strong></span> <span class='ocrx_word' id='word_1_409' title='bbox 1420 4206 1782 4276; x_wconf 89' lang='lat' dir='ltr'><strong>scriptoribus</strong></span> <span class='ocrx_word' id='word_1_410' title='bbox 1808 4206 1996 4261; x_wconf 89' lang='lat' dir='ltr'><strong>obser-</strong></span> 
     </span>
    </p>
   </div>
   <div class='ocr_carea' id='block_1_59' title="bbox 409 4296 1992 4363">
    <p class='ocr_par' dir='ltr' id='par_1_59' title="bbox 409 4296 1992 4363">
     <span class='ocr_line' id='line_1_59' title="bbox 409 4296 1992 4363; baseline 0.001 -14"><span class='ocrx_word' id='word_1_411' title='bbox 409 4299 594 4363; x_wconf 67' lang='lat' dir='ltr'><strong>vabat,</strong></span> <span class='ocrx_word' id='word_1_412' title='bbox 624 4314 731 4353; x_wconf 93' lang='lat' dir='ltr'><strong>non</strong></span> <span class='ocrx_word' id='word_1_413' title='bbox 780 4299 1072 4354; x_wconf 87' lang='lat' dir='ltr'><strong>concludat</strong></span> <span class='ocrx_word' id='word_1_414' title='bbox 1113 4313 1239 4354; x_wconf 92' lang='lat' dir='ltr'><strong>cum</strong></span> <span class='ocrx_word' id='word_1_415' title='bbox 1292 4297 1566 4352; x_wconf 89' lang='lat' dir='ltr'><strong>Salmasio</strong></span> <span class='ocrx_word' id='word_1_416' title='bbox 1596 4296 1736 4352; x_wconf 86' lang='lat' dir='ltr'><strong>duos</strong></span> <span class='ocrx_word' id='word_1_417' title='bbox 1781 4306 1992 4351; x_wconf 90' lang='lat' dir='ltr'><strong>tantum</strong></span> 
     </span>
    </p>
   </div>
   <div class='ocr_carea' id='block_1_60' title="bbox 410 4388 1993 4461">
    <p class='ocr_par' dir='ltr' id='par_1_60' title="bbox 410 4388 1993 4461">
     <span class='ocr_line' id='line_1_60' title="bbox 410 4388 1993 4461; baseline 0.002 -19"><span class='ocrx_word' id='word_1_418' title='bbox 410 4392 628 4448; x_wconf 85' lang='lat' dir='ltr'><strong>ordines</strong></span> <span class='ocrx_word' id='word_1_419' title='bbox 682 4408 870 4447; x_wconf 87' lang='lat' dir='ltr'><strong>saeros</strong></span> <span class='ocrx_word' id='word_1_420' title='bbox 905 4393 958 4447; x_wconf 93' lang='lat' dir='ltr'><strong>in</strong></span> <span class='ocrx_word' id='word_1_421' title='bbox 990 4391 1233 4447; x_wconf 85' lang='lat' dir='ltr'><strong>Ecclesia</strong></span> <span class='ocrx_word' id='word_1_422' title='bbox 1290 4388 1463 4445; x_wconf 83' lang='lat' dir='ltr'><strong>fuisse</strong></span> <span class='ocrx_word' id='word_1_423' title='bbox 1512 4405 1629 4445; x_wconf 68' lang='lat' dir='ltr'><strong>aevo</strong></span> <span class='ocrx_word' id='word_1_424' title='bbox 1668 4389 1993 4461; x_wconf 87' lang='lat' dir='ltr'><strong>lgnatiano;</strong></span> 
     </span>
    </p>
   </div>
   <div class='ocr_carea' id='block_1_61' title="bbox 410 4480 1993 4555">
    <p class='ocr_par' dir='ltr' id='par_1_61' title="bbox 410 4480 1993 4555">
     <span class='ocr_line' id='line_1_61' title="bbox 410 4480 1993 4555; baseline -0.001 -17"><span class='ocrx_word' id='word_1_425' title='bbox 410 4486 536 4539; x_wconf 87' lang='lat' dir='ltr'><strong>licet</strong></span> <span class='ocrx_word' id='word_1_426' title='bbox 563 4493 826 4555; x_wconf 73' lang='lat' dir='ltr'><strong>praeterea</strong></span> <span class='ocrx_word' id='word_1_427' title='bbox 850 4482 1195 4539; x_wconf 79' lang='lat' dir='ltr'><strong>Hamniondo</strong></span> <span class='ocrx_word' id='word_1_428' title='bbox 1226 4484 1338 4547; x_wconf 89' lang='lat' dir='ltr'><strong>det,</strong></span> <span class='ocrx_word' id='word_1_429' title='bbox 1369 4483 1534 4537; x_wconf 90' lang='lat' dir='ltr'><strong>etiam</strong></span> <span class='ocrx_word' id='word_1_430' title='bbox 1575 4482 1679 4537; x_wconf 90' lang='lat' dir='ltr'><strong>sub</strong></span> <span class='ocrx_word' id='word_1_431' title='bbox 1724 4480 1993 4551; x_wconf 87' lang='lat' dir='ltr'><strong>apostolis</strong></span> 
     </span>
    </p>
   </div>
   <div class='ocr_carea' id='block_1_62' title="bbox 2023 3250 2070 3307">
    <p class='ocr_par' dir='ltr' id='par_1_62' title="bbox 2023 3250 2070 3307">
     <span class='ocr_line' id='line_1_62' title="bbox 2023 3250 2070 3307; baseline 0 0"><span class='ocrx_word' id='word_1_432' title='bbox 2023 3250 2070 3307; x_wconf 90' lang='lat' dir='ltr'><strong><em>C</em></strong></span> 
     </span>
    </p>
   </div>
   <div class='ocr_carea' id='block_1_63' title="bbox 2105 1993 3691 2067">
    <p class='ocr_par' dir='ltr' id='par_1_63' title="bbox 2105 1993 3691 2067">
     <span class='ocr_line' id='line_1_63' title="bbox 2105 1993 3691 2067; baseline 0.001 -18"><span class='ocrx_word' id='word_1_433' title='bbox 2105 1995 2321 2059; x_wconf 90' lang='lat' dir='ltr'><strong>siaster,</strong></span> <span class='ocrx_word' id='word_1_434' title='bbox 2350 1993 2603 2066; x_wconf 79' lang='lat' dir='ltr'><strong>Pelagius</strong></span> <span class='ocrx_word' id='word_1_435' title='bbox 2627 2036 2642 2059; x_wconf 92' lang='lat'><strong>,</strong></span> <span class='ocrx_word' id='word_1_436' title='bbox 2666 1994 2950 2063; x_wconf 90' lang='lat' dir='ltr'><strong>Sedulius,</strong></span> <span class='ocrx_word' id='word_1_437' title='bbox 2982 1994 3308 2063; x_wconf 87' lang='lat' dir='ltr'><strong>Primasius,</strong></span> <span class='ocrx_word' id='word_1_438' title='bbox 3342 1994 3691 2067; x_wconf 82' lang='lat' dir='ltr'><strong>Theopbyla-</strong></span> 
     </span>
    </p>
   </div>
   <div class='ocr_carea' id='block_1_64' title="bbox 2105 2084 3692 2158">
    <p class='ocr_par' dir='ltr' id='par_1_64' title="bbox 2105 2084 3692 2158">
     <span class='ocr_line' id='line_1_64' title="bbox 2105 2084 3692 2158; baseline 0.002 -19"><span class='ocrx_word' id='word_1_439' title='bbox 2105 2099 2248 2149; x_wconf 67' lang='lat' dir='ltr'><strong>etus,</strong></span> <span class='ocrx_word' id='word_1_440' title='bbox 2275 2084 2666 2141; x_wconf 88' lang='lat' dir='ltr'><strong>OEeumenius.</strong></span> <span class='ocrx_word' id='word_1_441' title='bbox 2710 2086 2817 2155; x_wconf 92' lang='lat' dir='ltr'><strong>Qui</strong></span> <span class='ocrx_word' id='word_1_442' title='bbox 2848 2089 3095 2143; x_wconf 92' lang='lat' dir='ltr'><strong>omnium</strong></span> <span class='ocrx_word' id='word_1_443' title='bbox 3129 2089 3342 2158; x_wconf 90' lang='lat' dir='ltr'><strong>primus</strong></span> <span class='ocrx_word' id='word_1_444' title='bbox 3376 2088 3516 2142; x_wconf 90' lang='lat' dir='ltr'><strong>inter</strong></span> <span class='ocrx_word' id='word_1_445' title='bbox 3538 2086 3692 2142; x_wconf 66' lang='lat' dir='ltr'><strong>Grae-</strong></span> 
     </span>
    </p>
   </div>
   <div class='ocr_carea' id='block_1_65' title="bbox 2104 2178 3686 2235">
    <p class='ocr_par' dir='ltr' id='par_1_65' title="bbox 2104 2178 3686 2235">
     <span class='ocr_line' id='line_1_65' title="bbox 2104 2178 3686 2235; baseline 0.001 -3"><span class='ocrx_word' id='word_1_446' title='bbox 2104 2193 2199 2232; x_wconf 83' lang='lat' dir='ltr'><strong>cos</strong></span> <span class='ocrx_word' id='word_1_447' title='bbox 2230 2178 2371 2232; x_wconf 89' lang='lat' dir='ltr'><strong>hanc</strong></span> <span class='ocrx_word' id='word_1_448' title='bbox 2401 2179 2686 2233; x_wconf 91' lang='lat' dir='ltr'><strong>nominum</strong></span> <span class='ocrx_word' id='word_1_449' title='bbox 2737 2178 3116 2235; x_wconf 79' lang='lat' dir='ltr'><strong>confusionem</strong></span> <span class='ocrx_word' id='word_1_450' title='bbox 3161 2180 3323 2235; x_wconf 87' lang='lat' dir='ltr'><strong>nobis</strong></span> <span class='ocrx_word' id='word_1_451' title='bbox 3367 2179 3591 2235; x_wconf 87' lang='lat' dir='ltr'><strong>tradidit</strong></span> <span class='ocrx_word' id='word_1_452' title='bbox 3626 2178 3686 2234; x_wconf 91' lang='lat' dir='ltr'><strong>S.</strong></span> 
     </span>
    </p>
   </div>
   <div class='ocr_carea' id='block_1_66' title="bbox 2103 2268 3688 2341">
    <p class='ocr_par' dir='ltr' id='par_1_66' title="bbox 2103 2268 3688 2341">
     <span class='ocr_line' id='line_1_66' title="bbox 2103 2268 3688 2341; baseline 0.003 -18"><span class='ocrx_word' id='word_1_453' title='bbox 2103 2268 2556 2341; x_wconf 84' lang='lat' dir='ltr'><strong>Chrysostomus,</strong></span> <span class='ocrx_word' id='word_1_454' title='bbox 2580 2270 2782 2341; x_wconf 91' lang='lat' dir='ltr'><strong>ubique</strong></span> <span class='ocrx_word' id='word_1_455' title='bbox 2811 2271 3050 2327; x_wconf 90' lang='lat' dir='ltr'><strong>ostendit</strong></span> <span class='ocrx_word' id='word_1_456' title='bbox 3073 2271 3235 2328; x_wconf 91' lang='lat' dir='ltr'><strong>etiam</strong></span> <span class='ocrx_word' id='word_1_457' title='bbox 3268 2281 3399 2327; x_wconf 88' lang='lat' dir='ltr'><strong>tunc</strong></span> <span class='ocrx_word' id='word_1_458' title='bbox 3425 2272 3688 2341; x_wconf 89' lang='lat' dir='ltr'><strong>temporis</strong></span> 
     </span>
    </p>
   </div>
   <div class='ocr_carea' id='block_1_67' title="bbox 2102 2362 3687 2436">
    <p class='ocr_par' dir='ltr' id='par_1_67' title="bbox 2102 2362 3687 2436">
     <span class='ocr_line' id='line_1_67' title="bbox 2102 2362 3687 2436; baseline 0 -19"><span class='ocrx_word' id='word_1_459' title='bbox 2102 2365 2478 2434; x_wconf 91' lang='lat' dir='ltr'><strong>episcopatum</strong></span> <span class='ocrx_word' id='word_1_460' title='bbox 2517 2362 2690 2419; x_wconf 78' lang='lat' dir='ltr'><strong>fuisse</strong></span> <span class='ocrx_word' id='word_1_461' title='bbox 2719 2364 2966 2419; x_wconf 91' lang='lat' dir='ltr'><strong>ordinem</strong></span> <span class='ocrx_word' id='word_1_462' title='bbox 3001 2366 3044 2435; x_wconf 59' lang='grc' dir='ltr'><strong>ζα</strong></span> <span class='ocrx_word' id='word_1_463' title='bbox 3078 2365 3460 2436; x_wconf 80' lang='lat' dir='ltr'><strong>presbyteratu</strong></span> <span class='ocrx_word' id='word_1_464' title='bbox 3493 2363 3687 2419; x_wconf 88' lang='lat' dir='ltr'><strong>distin-</strong></span> 
     </span>
    </p>
   </div>
   <div class='ocr_carea' id='block_1_68' title="bbox 2104 2453 3689 2526">
    <p class='ocr_par' dir='ltr' id='par_1_68' title="bbox 2104 2453 3689 2526">
     <span class='ocr_line' id='line_1_68' title="bbox 2104 2453 3689 2526; baseline -0.002 -15"><span class='ocrx_word' id='word_1_465' title='bbox 2104 2465 2251 2511; x_wconf 90' lang='lat' dir='ltr'><strong>ctum</strong></span> <span class='ocrx_word' id='word_1_466' title='bbox 2278 2463 2332 2510; x_wconf 89' lang='lat' dir='ltr'><strong>et</strong></span> <span class='ocrx_word' id='word_1_467' title='bbox 2366 2456 2727 2525; x_wconf 89' lang='lat' dir='ltr'><strong>superiorem.</strong></span> <span class='ocrx_word' id='word_1_468' title='bbox 2752 2454 2835 2510; x_wconf 86' lang='lat' dir='ltr'><strong>Ad</strong></span> <span class='ocrx_word' id='word_1_469' title='bbox 2864 2456 2955 2511; x_wconf 89' lang='lat' dir='ltr'><strong>illa</strong></span> <span class='ocrx_word' id='word_1_470' title='bbox 2980 2457 3144 2512; x_wconf 88' lang='lat' dir='ltr'><strong>verba</strong></span> <span class='ocrx_word' id='word_1_471' title='bbox 3168 2455 3371 2526; x_wconf 87' lang='lat' dir='ltr'><strong>Philip.</strong></span> <span class='ocrx_word' id='word_1_472' title='bbox 3399 2475 3435 2522; x_wconf 80' lang='grc' dir='ltr'><em>ι,</em></span> <span class='ocrx_word' id='word_1_473' title='bbox 3461 2456 3485 2511; x_wconf 78' lang='grc' dir='ltr'><strong>ι</strong></span> <span class='ocrx_word' id='word_1_474' title='bbox 3520 2472 3533 2507; x_wconf 93' lang='lat'><strong>:</strong></span> <span class='ocrx_word' id='word_1_475' title='bbox 3560 2453 3689 2509; x_wconf 77' lang='grc' dir='ltr'><strong>Σὺν</strong></span> 
     </span>
    </p>
   </div>
   <div class='ocr_carea' id='block_1_69' title="bbox 2102 2545 3693 2615">
    <p class='ocr_par' dir='ltr' id='par_1_69' title="bbox 2102 2545 3693 2615">
     <span class='ocr_line' id='line_1_69' title="bbox 2102 2545 3693 2615; baseline 0.001 -16"><span class='ocrx_word' id='word_1_476' title='bbox 2102 2546 2453 2615; x_wconf 77' lang='grc' dir='ltr'><strong>ἐπισκόποις</strong></span> <span class='ocrx_word' id='word_1_477' title='bbox 2481 2548 2578 2601; x_wconf 79' lang='grc' dir='ltr'>καὶ</span> <span class='ocrx_word' id='word_1_478' title='bbox 2611 2546 2934 2615; x_wconf 77' lang='grc' dir='ltr'><strong>διακόνοις,</strong></span> <span class='ocrx_word' id='word_1_479' title='bbox 2971 2548 3087 2602; x_wconf 63' lang='lat' dir='ltr'><strong>haec</strong></span> <span class='ocrx_word' id='word_1_480' title='bbox 3116 2548 3380 2603; x_wconf 85' lang='lat' dir='ltr'><strong>adnotat:</strong></span> <span class='ocrx_word' id='word_1_481' title='bbox 3405 2547 3471 2600; x_wconf 88' lang='grc' dir='ltr'>Τί</span> <span class='ocrx_word' id='word_1_482' title='bbox 3504 2545 3693 2614; x_wconf 79' lang='grc' dir='ltr'><strong>τοῦτο;</strong></span> 
     </span>
    </p>
   </div>
   <div class='ocr_carea' id='block_1_70' title="bbox 2101 2635 3689 2711">
    <p class='ocr_par' dir='ltr' id='par_1_70' title="bbox 2101 2635 3689 2711">
     <span class='ocr_line' id='line_1_70' title="bbox 2101 2635 3689 2711; baseline 0.001 -18"><span class='ocrx_word' id='word_1_483' title='bbox 2101 2638 2249 2702; x_wconf 79' lang='grc' dir='ltr'><strong>Μιᾶς</strong></span> <span class='ocrx_word' id='word_1_484' title='bbox 2277 2638 2484 2703; x_wconf 85' lang='grc' dir='ltr'><strong>πόλεως</strong></span> <span class='ocrx_word' id='word_1_485' title='bbox 2504 2638 2686 2693; x_wconf 77' lang='grc' dir='ltr'>πολλοὶ</span> <span class='ocrx_word' id='word_1_486' title='bbox 2703 2640 2989 2693; x_wconf 79' lang='grc' dir='ltr'>ἐπίσκοποι</span> <span class='ocrx_word' id='word_1_487' title='bbox 3014 2635 3157 2711; x_wconf 81' lang='grc' dir='ltr'>ἦσαν</span> <span class='ocrx_word' id='word_1_488' title='bbox 3181 2656 3196 2705; x_wconf 87' lang='lat'><strong>;</strong></span> <span class='ocrx_word' id='word_1_489' title='bbox 3232 2639 3497 2710; x_wconf 80' lang='grc' dir='ltr'><strong>Οὐδαμῶς</strong></span> <span class='ocrx_word' id='word_1_490' title='bbox 3514 2657 3527 2671; x_wconf 91' lang='grc'><strong>·</strong></span> <span class='ocrx_word' id='word_1_491' title='bbox 3552 2640 3689 2695; x_wconf 79' lang='grc' dir='ltr'>ἀλλὰ</span> 
     </span>
    </p>
   </div>
   <div class='ocr_carea' id='block_1_71' title="bbox 2100 2728 3688 2803">
    <p class='ocr_par' dir='ltr' id='par_1_71' title="bbox 2100 2728 3688 2803">
     <span class='ocr_line' id='line_1_71' title="bbox 2100 2728 3688 2803; baseline 0.003 -23"><span class='ocrx_word' id='word_1_492' title='bbox 2100 2728 2228 2791; x_wconf 76' lang='grc' dir='ltr'><strong>τοὺς</strong></span> <span class='ocrx_word' id='word_1_493' title='bbox 2260 2729 2667 2802; x_wconf 76' lang='grc' dir='ltr'>πρεσϐυτέρους</span> <span class='ocrx_word' id='word_1_494' title='bbox 2714 2728 2888 2793; x_wconf 74' lang='grc' dir='ltr'><strong>οὕτως</strong></span> <span class='ocrx_word' id='word_1_495' title='bbox 2938 2729 3164 2784; x_wconf 79' lang='grc' dir='ltr'><strong>ἐκάλεσε</strong></span> <span class='ocrx_word' id='word_1_496' title='bbox 3183 2747 3197 2761; x_wconf 87' lang='grc'><strong>·</strong></span> <span class='ocrx_word' id='word_1_497' title='bbox 3254 2730 3377 2785; x_wconf 84' lang='grc' dir='ltr'>τότε</span> <span class='ocrx_word' id='word_1_498' title='bbox 3409 2730 3519 2803; x_wconf 83' lang='grc' dir='ltr'>γὰρ</span> <span class='ocrx_word' id='word_1_499' title='bbox 3549 2730 3688 2794; x_wconf 80' lang='grc' dir='ltr'><strong>τέως</strong></span> 
     </span>
    </p>
   </div>
   <div class='ocr_carea' id='block_1_72' title="bbox 2101 2819 3688 2895">
    <p class='ocr_par' dir='ltr' id='par_1_72' title="bbox 2101 2819 3688 2895">
     <span class='ocr_line' id='line_1_72' title="bbox 2101 2819 3688 2895; baseline 0.003 -22"><span class='ocrx_word' id='word_1_500' title='bbox 2101 2819 2421 2875; x_wconf 81' lang='grc' dir='ltr'><strong>ἐκοινώνουν</strong></span> <span class='ocrx_word' id='word_1_501' title='bbox 2452 2824 2562 2886; x_wconf 83' lang='grc' dir='ltr'>τοῖς</span> <span class='ocrx_word' id='word_1_502' title='bbox 2608 2822 2866 2895; x_wconf 80' lang='grc' dir='ltr'>ὀνόμασι,</span> <span class='ocrx_word' id='word_1_503' title='bbox 2903 2823 2996 2877; x_wconf 73' lang='grc' dir='ltr'>καὶ</span> <span class='ocrx_word' id='word_1_504' title='bbox 3028 2823 3271 2888; x_wconf 84' lang='grc' dir='ltr'>διάκονος</span> <span class='ocrx_word' id='word_1_505' title='bbox 3321 2825 3350 2877; x_wconf 84' lang='grc' dir='ltr'><strong>ὁ</strong></span> <span class='ocrx_word' id='word_1_506' title='bbox 3391 2824 3688 2887; x_wconf 81' lang='grc' dir='ltr'><strong>ἐπίσκοπος</strong></span> 
     </span>
    </p>
   </div>
   <div class='ocr_carea' id='block_1_73' title="bbox 2102 2912 3687 2987">
    <p class='ocr_par' dir='ltr' id='par_1_73' title="bbox 2102 2912 3687 2987">
     <span class='ocr_line' id='line_1_73' title="bbox 2102 2912 3687 2987; baseline 0.004 -21"><span class='ocrx_word' id='word_1_507' title='bbox 2102 2912 2340 2982; x_wconf 79' lang='grc' dir='ltr'><strong>ἐλέγετο.</strong></span> <span class='ocrx_word' id='word_1_508' title='bbox 2372 2933 2390 2967; x_wconf 72' lang='grc' dir='ltr'><strong>ι</strong></span> <span class='ocrx_word' id='word_1_509' title='bbox 2419 2914 2562 2981; x_wconf 87' lang='lat' dir='ltr'><strong>Quid</strong></span> <span class='ocrx_word' id='word_1_510' title='bbox 2600 2916 2740 2971; x_wconf 81' lang='lat' dir='ltr'><strong>hoc?</strong></span> <span class='ocrx_word' id='word_1_511' title='bbox 2770 2915 2947 2971; x_wconf 90' lang='lat' dir='ltr'><strong>Unius</strong></span> <span class='ocrx_word' id='word_1_512' title='bbox 2976 2916 3134 2973; x_wconf 89' lang='lat' dir='ltr'><strong>urbis</strong></span> <span class='ocrx_word' id='word_1_513' title='bbox 3184 2918 3344 2972; x_wconf 91' lang='lat' dir='ltr'><strong>multi</strong></span> <span class='ocrx_word' id='word_1_514' title='bbox 3375 2926 3534 2972; x_wconf 85' lang='lat' dir='ltr'><strong>erant</strong></span> <span class='ocrx_word' id='word_1_515' title='bbox 3572 2916 3687 2987; x_wconf 88' lang='lat' dir='ltr'><strong>epi—</strong></span> 
     </span>
    </p>
   </div>
   <div class='ocr_carea' id='block_1_74' title="bbox 2101 3004 3683 3080">
    <p class='ocr_par' dir='ltr' id='par_1_74' title="bbox 2101 3004 3683 3080">
     <span class='ocr_line' id='line_1_74' title="bbox 2101 3004 3683 3080; baseline 0.004 -23"><span class='ocrx_word' id='word_1_516' title='bbox 2101 3006 2291 3075; x_wconf 85' lang='lat' dir='ltr'><strong>scopi?</strong></span> <span class='ocrx_word' id='word_1_517' title='bbox 2313 3004 2705 3077; x_wconf 87' lang='lat' dir='ltr'><strong>Nequaquam;</strong></span> <span class='ocrx_word' id='word_1_518' title='bbox 2753 3006 2849 3063; x_wconf 89' lang='lat' dir='ltr'><strong>sed</strong></span> <span class='ocrx_word' id='word_1_519' title='bbox 2883 3008 3231 3080; x_wconf 88' lang='lat' dir='ltr'><strong>presbyteros</strong></span> <span class='ocrx_word' id='word_1_520' title='bbox 3261 3008 3334 3064; x_wconf 85' lang='lat' dir='ltr'><strong>ita</strong></span> <span class='ocrx_word' id='word_1_521' title='bbox 3362 3009 3683 3079; x_wconf 90' lang='lat' dir='ltr'><strong>appellavit:</strong></span> 
     </span>
    </p>
   </div>
   <div class='ocr_carea' id='block_1_75' title="bbox 2103 3097 3689 3169">
    <p class='ocr_par' dir='ltr' id='par_1_75' title="bbox 2103 3097 3689 3169">
     <span class='ocr_line' id='line_1_75' title="bbox 2103 3097 3689 3169; baseline 0.004 -21"><span class='ocrx_word' id='word_1_522' title='bbox 2103 3102 2234 3151; x_wconf 89' lang='lat' dir='ltr'><strong>tunc</strong></span> <span class='ocrx_word' id='word_1_523' title='bbox 2265 3097 2413 3152; x_wconf 92' lang='lat' dir='ltr'><strong>enim</strong></span> <span class='ocrx_word' id='word_1_524' title='bbox 2474 3099 2657 3154; x_wconf 87' lang='lat' dir='ltr'><strong>adhuc</strong></span> <span class='ocrx_word' id='word_1_525' title='bbox 2712 3099 3031 3154; x_wconf 88' lang='lat' dir='ltr'><strong>nominibus</strong></span> <span class='ocrx_word' id='word_1_526' title='bbox 3084 3100 3585 3169; x_wconf 87' lang='lat' dir='ltr'><strong>eommunieabant,</strong></span> <span class='ocrx_word' id='word_1_527' title='bbox 3632 3107 3689 3155; x_wconf 84' lang='lat' dir='ltr'><strong>et</strong></span> 
     </span>
    </p>
   </div>
   <div class='ocr_carea' id='block_1_76' title="bbox 2102 3189 3689 3264">
    <p class='ocr_par' dir='ltr' id='par_1_76' title="bbox 2102 3189 3689 3264">
     <span class='ocr_line' id='line_1_76' title="bbox 2102 3189 3689 3264; baseline 0.004 -23"><span class='ocrx_word' id='word_1_528' title='bbox 2102 3189 2395 3258; x_wconf 86' lang='lat' dir='ltr'><strong>episcopus</strong></span> <span class='ocrx_word' id='word_1_529' title='bbox 2425 3190 2694 3246; x_wconf 87' lang='lat' dir='ltr'><strong>diaconus</strong></span> <span class='ocrx_word' id='word_1_530' title='bbox 2723 3190 3028 3246; x_wconf 88' lang='lat' dir='ltr'><strong>dicebatur.</strong></span> <span class='ocrx_word' id='word_1_531' title='bbox 3066 3210 3085 3243; x_wconf 71' lang='grc' dir='ltr'><strong>ι</strong></span> <span class='ocrx_word' id='word_1_532' title='bbox 3118 3191 3353 3263; x_wconf 76' lang='lat' dir='ltr'><strong>Agnovit</strong></span> <span class='ocrx_word' id='word_1_533' title='bbox 3381 3193 3547 3264; x_wconf 78' lang='lat' dir='ltr'><strong>igitur</strong></span> <span class='ocrx_word' id='word_1_534' title='bbox 3574 3191 3689 3248; x_wconf 88' lang='lat' dir='ltr'><strong>sin-</strong></span> 
     </span>
    </p>
   </div>
   <div class='ocr_carea' id='block_1_77' title="bbox 2105 3282 3687 3354">
    <p class='ocr_par' dir='ltr' id='par_1_77' title="bbox 2105 3282 3687 3354">
     <span class='ocr_line' id='line_1_77' title="bbox 2105 3282 3687 3354; baseline 0.006 -20"><span class='ocrx_word' id='word_1_535' title='bbox 2105 3282 2322 3351; x_wconf 71' lang='lat' dir='ltr'><strong>guiares</strong></span> <span class='ocrx_word' id='word_1_536' title='bbox 2350 3283 2641 3352; x_wconf 90' lang='lat' dir='ltr'><strong>episc0pos</strong></span> <span class='ocrx_word' id='word_1_537' title='bbox 2692 3284 2747 3337; x_wconf 93' lang='lat' dir='ltr'><strong>in</strong></span> <span class='ocrx_word' id='word_1_538' title='bbox 2791 3282 3026 3354; x_wconf 81' lang='lat' dir='ltr'><strong>singulis</strong></span> <span class='ocrx_word' id='word_1_539' title='bbox 3060 3285 3293 3341; x_wconf 90' lang='lat' dir='ltr'><strong>urbibus</strong></span> <span class='ocrx_word' id='word_1_540' title='bbox 3333 3289 3687 3352; x_wconf 77' lang='lat' dir='ltr'><strong>constitutos,</strong></span> 
     </span>
    </p>
   </div>
   <div class='ocr_carea' id='block_1_78' title="bbox 2105 3375 3684 3447">
    <p class='ocr_par' dir='ltr' id='par_1_78' title="bbox 2105 3375 3684 3447">
     <span class='ocr_line' id='line_1_78' title="bbox 2105 3375 3684 3447; baseline 0.003 -18"><span class='ocrx_word' id='word_1_541' title='bbox 2105 3375 2200 3445; x_wconf 91' lang='lat' dir='ltr'><strong>qui</strong></span> <span class='ocrx_word' id='word_1_542' title='bbox 2228 3391 2376 3430; x_wconf 92' lang='lat' dir='ltr'><strong>nunc</strong></span> <span class='ocrx_word' id='word_1_543' title='bbox 2405 3375 2672 3447; x_wconf 89' lang='lat' dir='ltr'><strong>episcopi,</strong></span> <span class='ocrx_word' id='word_1_544' title='bbox 2702 3392 2852 3432; x_wconf 91' lang='lat' dir='ltr'><strong>nunc</strong></span> <span class='ocrx_word' id='word_1_545' title='bbox 2894 3377 3195 3447; x_wconf 88' lang='lat' dir='ltr'><strong>presbyteri</strong></span> <span class='ocrx_word' id='word_1_546' title='bbox 3228 3418 3243 3445; x_wconf 93' lang='lat'><strong>,</strong></span> <span class='ocrx_word' id='word_1_547' title='bbox 3278 3394 3427 3434; x_wconf 91' lang='lat' dir='ltr'><strong>nunc</strong></span> <span class='ocrx_word' id='word_1_548' title='bbox 3470 3379 3684 3436; x_wconf 87' lang='lat' dir='ltr'><strong>diaconi</strong></span> 
     </span>
    </p>
   </div>
   <div class='ocr_carea' id='block_1_79' title="bbox 2102 3466 3689 3540">
    <p class='ocr_par' dir='ltr' id='par_1_79' title="bbox 2102 3466 3689 3540">
     <span class='ocr_line' id='line_1_79' title="bbox 2102 3466 3689 3540; baseline 0.003 -17"><span class='ocrx_word' id='word_1_549' title='bbox 2102 3468 2441 3523; x_wconf 89' lang='lat' dir='ltr'><strong>dicebantur.</strong></span> <span class='ocrx_word' id='word_1_550' title='bbox 2497 3466 2684 3523; x_wconf 83' lang='lat' dir='ltr'><strong>Talem</strong></span> <span class='ocrx_word' id='word_1_551' title='bbox 2742 3469 3061 3540; x_wconf 88' lang='lat' dir='ltr'><strong>episcopum</strong></span> <span class='ocrx_word' id='word_1_552' title='bbox 3111 3468 3458 3524; x_wconf 87' lang='lat' dir='ltr'><strong>Timotheum</strong></span> <span class='ocrx_word' id='word_1_553' title='bbox 3515 3471 3689 3528; x_wconf 80' lang='lat' dir='ltr'><strong>fuisse</strong></span> 
     </span>
    </p>
   </div>
   <div class='ocr_carea' id='block_1_80' title="bbox 2102 3556 3685 3633">
    <p class='ocr_par' dir='ltr' id='par_1_80' title="bbox 2102 3556 3685 3633">
     <span class='ocr_line' id='line_1_80' title="bbox 2102 3556 3685 3633; baseline 0.003 -20"><span class='ocrx_word' id='word_1_554' title='bbox 2102 3559 2338 3615; x_wconf 88' lang='lat' dir='ltr'><strong>asseruit</strong></span> <span class='ocrx_word' id='word_1_555' title='bbox 2369 3575 2382 3611; x_wconf 91' lang='lat'>:</span> <span class='ocrx_word' id='word_1_556' title='bbox 2416 3560 2538 3613; x_wconf 84' lang='grc' dir='ltr'><strong>’Ότι</strong></span> <span class='ocrx_word' id='word_1_557' title='bbox 2571 3558 2683 3629; x_wconf 84' lang='grc' dir='ltr'>γὰρ</span> <span class='ocrx_word' id='word_1_558' title='bbox 2712 3560 3011 3624; x_wconf 76' lang='grc' dir='ltr'><strong>ἐπίσκοπος</strong></span> <span class='ocrx_word' id='word_1_559' title='bbox 3040 3556 3129 3632; x_wconf 79' lang='grc' dir='ltr'><strong>ἧν,</strong></span> <span class='ocrx_word' id='word_1_560' title='bbox 3165 3560 3298 3632; x_wconf 79' lang='grc' dir='ltr'>φησὶ</span> <span class='ocrx_word' id='word_1_561' title='bbox 3332 3560 3470 3633; x_wconf 83' lang='grc' dir='ltr'>πρὸς</span> <span class='ocrx_word' id='word_1_562' title='bbox 3502 3563 3685 3627; x_wconf 82' lang='grc' dir='ltr'><strong>αὑτὸν,</strong></span> 
     </span>
    </p>
   </div>
   <div class='ocr_carea' id='block_1_81' title="bbox 2100 3647 3688 3727">
    <p class='ocr_par' dir='ltr' id='par_1_81' title="bbox 2100 3647 3688 3727">
     <span class='ocr_line' id='line_1_81' title="bbox 2100 3647 3688 3727; baseline 0.004 -25"><span class='ocrx_word' id='word_1_563' title='bbox 2100 3651 2312 3719; x_wconf 82' lang='grc' dir='ltr'><strong>Χεῖρας</strong></span> <span class='ocrx_word' id='word_1_564' title='bbox 2331 3650 2557 3719; x_wconf 84' lang='grc' dir='ltr'><strong>ταχέως</strong></span> <span class='ocrx_word' id='word_1_565' title='bbox 2562 3647 3048 3716; x_wconf 77' lang='grc' dir='ltr'><strong>μηδεγὶέπιτίθει.</strong></span> <span class='ocrx_word' id='word_1_566' title='bbox 3083 3651 3388 3719; x_wconf 73' lang='lat' dir='ltr'><strong>«Quoniam</strong></span> <span class='ocrx_word' id='word_1_567' title='bbox 3414 3655 3559 3711; x_wconf 91' lang='lat' dir='ltr'><strong>enim</strong></span> <span class='ocrx_word' id='word_1_568' title='bbox 3573 3657 3688 3727; x_wconf 93' lang='lat' dir='ltr'><strong>epi-</strong></span> 
     </span>
    </p>
   </div>
   <div class='ocr_carea' id='block_1_82' title="bbox 2100 3744 3680 3818">
    <p class='ocr_par' dir='ltr' id='par_1_82' title="bbox 2100 3744 3680 3818">
     <span class='ocr_line' id='line_1_82' title="bbox 2100 3744 3680 3818; baseline 0.002 -19"><span class='ocrx_word' id='word_1_569' title='bbox 2100 3759 2302 3813; x_wconf 89' lang='lat' dir='ltr'><strong>scopus</strong></span> <span class='ocrx_word' id='word_1_570' title='bbox 2330 3753 2468 3810; x_wconf 91' lang='lat' dir='ltr'><strong>erat,</strong></span> <span class='ocrx_word' id='word_1_571' title='bbox 2492 3752 2547 3799; x_wconf 85' lang='lat' dir='ltr'><strong>et</strong></span> <span class='ocrx_word' id='word_1_572' title='bbox 2562 3744 2694 3798; x_wconf 90' lang='lat' dir='ltr'><strong>dicit</strong></span> <span class='ocrx_word' id='word_1_573' title='bbox 2720 3762 2735 3799; x_wconf 85' lang='lat'><strong>:</strong></span> <span class='ocrx_word' id='word_1_574' title='bbox 2762 3744 2955 3798; x_wconf 76' lang='lat' dir='ltr'><strong>Manus</strong></span> <span class='ocrx_word' id='word_1_575' title='bbox 2986 3745 3091 3799; x_wconf 82' lang='lat' dir='ltr'><strong>cito</strong></span> <span class='ocrx_word' id='word_1_576' title='bbox 3121 3748 3316 3801; x_wconf 83' lang='lat' dir='ltr'><strong>nemini</strong></span> <span class='ocrx_word' id='word_1_577' title='bbox 3342 3749 3550 3818; x_wconf 79' lang='lat' dir='ltr'><strong>impone</strong></span> <span class='ocrx_word' id='word_1_578' title='bbox 3582 3750 3680 3804; x_wconf 66' lang='lat' dir='ltr'><strong>“.i</strong></span> 
     </span>
    </p>
   </div>
   <div class='ocr_carea' id='block_1_83' title="bbox 2100 3832 3684 3905">
    <p class='ocr_par' dir='ltr' id='par_1_83' title="bbox 2100 3832 3684 3905">
     <span class='ocr_line' id='line_1_83' title="bbox 2100 3832 3684 3905; baseline 0.004 -18"><span class='ocrx_word' id='word_1_579' title='bbox 2100 3833 2312 3889; x_wconf 84' lang='lat' dir='ltr'><strong>Rursus</strong></span> <span class='ocrx_word' id='word_1_580' title='bbox 2328 3848 2450 3903; x_wconf 67' lang='lat' dir='ltr'><strong>quae</strong></span> <span class='ocrx_word' id='word_1_581' title='bbox 2467 3841 2592 3887; x_wconf 89' lang='lat' dir='ltr'><strong>ante</strong></span> <span class='ocrx_word' id='word_1_582' title='bbox 2612 3832 2825 3888; x_wconf 86' lang='lat' dir='ltr'><strong>dixerat</strong></span> <span class='ocrx_word' id='word_1_583' title='bbox 2841 3835 3160 3905; x_wconf 85' lang='lat' dir='ltr'><strong>recolligens</strong></span> <span class='ocrx_word' id='word_1_584' title='bbox 3175 3837 3498 3892; x_wconf 82' lang='lat' dir='ltr'><strong>sententiam</strong></span> <span class='ocrx_word' id='word_1_585' title='bbox 3530 3855 3684 3894; x_wconf 90' lang='lat' dir='ltr'><strong>suam</strong></span> 
     </span>
    </p>
   </div>
   <div class='ocr_carea' id='block_1_84' title="bbox 2099 3921 3687 4007">
    <p class='ocr_par' dir='ltr' id='par_1_84' title="bbox 2099 3921 3687 4007">
     <span class='ocr_line' id='line_1_84' title="bbox 2099 3921 3687 4007; baseline 0.004 -25"><span class='ocrx_word' id='word_1_586' title='bbox 2099 3934 2285 3997; x_wconf 85' lang='lat' dir='ltr'><strong>aperte</strong></span> <span class='ocrx_word' id='word_1_587' title='bbox 2313 3927 2566 3981; x_wconf 88' lang='lat' dir='ltr'><strong>enuntiat</strong></span> <span class='ocrx_word' id='word_1_588' title='bbox 2599 3945 2612 3981; x_wconf 93' lang='lat'>:</span> <span class='ocrx_word' id='word_1_589' title='bbox 2650 3927 2828 3999; x_wconf 85' lang='grc' dir='ltr'>Ὅπερ</span> <span class='ocrx_word' id='word_1_590' title='bbox 2859 3921 2952 3980; x_wconf 79' lang='grc' dir='ltr'>οὖν</span> <span class='ocrx_word' id='word_1_591' title='bbox 2985 3927 3141 3999; x_wconf 76' lang='grc' dir='ltr'>ἔφην,</span> <span class='ocrx_word' id='word_1_592' title='bbox 3176 3930 3269 3984; x_wconf 72' lang='grc' dir='ltr'>καὶ</span> <span class='ocrx_word' id='word_1_593' title='bbox 3302 3932 3351 3985; x_wconf 88' lang='grc' dir='ltr'>οἱ</span> <span class='ocrx_word' id='word_1_594' title='bbox 3385 3932 3687 4007; x_wconf 79' lang='grc' dir='ltr'><strong>πρεσϐύτε-</strong></span> 
     </span>
    </p>
   </div>
   <div class='ocr_carea' id='block_1_85' title="bbox 2100 4018 3687 4093">
    <p class='ocr_par' dir='ltr' id='par_1_85' title="bbox 2100 4018 3687 4093">
     <span class='ocr_line' id='line_1_85' title="bbox 2100 4018 3687 4093; baseline 0.005 -20"><span class='ocrx_word' id='word_1_595' title='bbox 2100 4037 2183 4093; x_wconf 85' lang='grc' dir='ltr'>ροι</span> <span class='ocrx_word' id='word_1_596' title='bbox 2203 4020 2262 4073; x_wconf 77' lang='grc' dir='ltr'><strong>τὸ</strong></span> <span class='ocrx_word' id='word_1_597' title='bbox 2280 4019 2508 4073; x_wconf 83' lang='grc' dir='ltr'>παλαιὸν</span> <span class='ocrx_word' id='word_1_598' title='bbox 2531 4018 2825 4073; x_wconf 80' lang='grc' dir='ltr'>ἐκαλοῦντο</span> <span class='ocrx_word' id='word_1_599' title='bbox 2845 4021 3133 4076; x_wconf 78' lang='grc' dir='ltr'>ἐπίσκοποι</span> <span class='ocrx_word' id='word_1_600' title='bbox 3151 4063 3166 4086; x_wconf 91' lang='grc'>,</span> <span class='ocrx_word' id='word_1_601' title='bbox 3193 4025 3285 4077; x_wconf 55' lang='grc' dir='ltr'><strong>καὶ¹</strong></span> <span class='ocrx_word' id='word_1_602' title='bbox 3314 4026 3364 4078; x_wconf 83' lang='grc' dir='ltr'>οἱ</span> <span class='ocrx_word' id='word_1_603' title='bbox 3397 4025 3687 4082; x_wconf 76' lang='grc' dir='ltr'>ἐπίσκοποι</span> 
     </span>
    </p>
   </div>
   <div class='ocr_carea' id='block_1_86' title="bbox 2100 4112 3689 4189">
    <p class='ocr_par' dir='ltr' id='par_1_86' title="bbox 2100 4112 3689 4189">
     <span class='ocr_line' id='line_1_86' title="bbox 2100 4112 3689 4189; baseline 0.005 -23"><span class='ocrx_word' id='word_1_604' title='bbox 2100 4112 2462 4187; x_wconf 74' lang='grc' dir='ltr'>πρεσϐύτεροι</span> <span class='ocrx_word' id='word_1_605' title='bbox 2509 4112 2603 4167; x_wconf 77' lang='grc' dir='ltr'>καὶ</span> <span class='ocrx_word' id='word_1_606' title='bbox 2636 4113 2875 4167; x_wconf 85' lang='grc' dir='ltr'>διάκονοι</span> <span class='ocrx_word' id='word_1_607' title='bbox 2906 4113 3001 4167; x_wconf 81' lang='grc' dir='ltr'><strong>τοῦ</strong></span> <span class='ocrx_word' id='word_1_608' title='bbox 3022 4114 3261 4187; x_wconf 81' lang='grc' dir='ltr'><strong>Χριστοῦ</strong></span> <span class='ocrx_word' id='word_1_609' title='bbox 3296 4116 3393 4187; x_wconf 88' lang='lat' dir='ltr'><strong>(ita</strong></span> <span class='ocrx_word' id='word_1_610' title='bbox 3422 4117 3539 4173; x_wconf 58' lang='lat' dir='ltr'><strong>haec</strong></span> <span class='ocrx_word' id='word_1_611' title='bbox 3564 4134 3689 4189; x_wconf 69' lang='lat' dir='ltr'><strong>qua:</strong></span> 
     </span>
    </p>
   </div>
   <div class='ocr_carea' id='block_1_87' title="bbox 2098 4204 3688 4279">
    <p class='ocr_par' dir='ltr' id='par_1_87' title="bbox 2098 4204 3688 4279">
     <span class='ocr_line' id='line_1_87' title="bbox 2098 4204 3688 4279; baseline 0.003 -18"><span class='ocrx_word' id='word_1_612' title='bbox 2098 4207 2153 4261; x_wconf 89' lang='lat' dir='ltr'><strong>in</strong></span> <span class='ocrx_word' id='word_1_613' title='bbox 2182 4206 2344 4261; x_wconf 88' lang='lat' dir='ltr'><strong>editis</strong></span> <span class='ocrx_word' id='word_1_614' title='bbox 2381 4204 2610 4261; x_wconf 80' lang='lat' dir='ltr'><strong>confusa</strong></span> <span class='ocrx_word' id='word_1_615' title='bbox 2666 4214 2815 4271; x_wconf 90' lang='lat' dir='ltr'><strong>sunt,</strong></span> <span class='ocrx_word' id='word_1_616' title='bbox 2851 4206 3078 4276; x_wconf 81' lang='lat' dir='ltr'><strong>legenda</strong></span> <span class='ocrx_word' id='word_1_617' title='bbox 3122 4222 3249 4262; x_wconf 90' lang='lat' dir='ltr'><strong>esse</strong></span> <span class='ocrx_word' id='word_1_618' title='bbox 3293 4222 3359 4263; x_wconf 75' lang='lat' dir='ltr'><strong>ex</strong></span> <span class='ocrx_word' id='word_1_619' title='bbox 3408 4208 3688 4279; x_wconf 87' lang='lat' dir='ltr'><strong>prioribus</strong></span> 
     </span>
    </p>
   </div>
   <div class='ocr_carea' id='block_1_88' title="bbox 2097 4285 3689 4372">
    <p class='ocr_par' dir='ltr' id='par_1_88' title="bbox 2097 4285 3689 4372">
     <span class='ocr_line' id='line_1_88' title="bbox 2097 4285 3689 4372; baseline 0.002 -20"><span class='ocrx_word' id='word_1_620' title='bbox 2097 4300 2286 4367; x_wconf 88' lang='lat' dir='ltr'><strong>patet),</strong></span> <span class='ocrx_word' id='word_1_621' title='bbox 2313 4298 2435 4352; x_wconf 80' lang='grc' dir='ltr'><strong>ὅθεν</strong></span> <span class='ocrx_word' id='word_1_622' title='bbox 2468 4298 2561 4351; x_wconf 73' lang='grc' dir='ltr'>καὶ</span> <span class='ocrx_word' id='word_1_623' title='bbox 2593 4296 2689 4351; x_wconf 81' lang='grc' dir='ltr'>νῦν</span> <span class='ocrx_word' id='word_1_624' title='bbox 2722 4298 2907 4352; x_wconf 72' lang='grc' dir='ltr'>πολλοὶ</span> <span class='ocrx_word' id='word_1_625' title='bbox 2943 4285 3413 4372; x_wconf 68' lang='grc' dir='ltr'>συμπρεσϐυτέρῳ</span> <span class='ocrx_word' id='word_1_626' title='bbox 3465 4300 3689 4356; x_wconf 75' lang='grc' dir='ltr'>ἐπίσκο-</span> 
     </span>
    </p>
   </div>
   <div class='ocr_carea' id='block_1_89' title="bbox 2098 4390 3689 4464">
    <p class='ocr_par' dir='ltr' id='par_1_89' title="bbox 2098 4390 3689 4464">
     <span class='ocr_line' id='line_1_89' title="bbox 2098 4390 3689 4464; baseline 0.001 -19"><span class='ocrx_word' id='word_1_627' title='bbox 2098 4408 2189 4446; x_wconf 79' lang='grc' dir='ltr'>ποι</span> <span class='ocrx_word' id='word_1_628' title='bbox 2239 4391 2511 4464; x_wconf 78' lang='grc' dir='ltr'>γράφουσι</span> <span class='ocrx_word' id='word_1_629' title='bbox 2547 4391 2641 4445; x_wconf 75' lang='grc' dir='ltr'>καὶ</span> <span class='ocrx_word' id='word_1_630' title='bbox 2688 4391 3036 4464; x_wconf 85' lang='grc' dir='ltr'>συνδιακόνῳ,</span> <span class='ocrx_word' id='word_1_631' title='bbox 3084 4390 3270 4446; x_wconf 72' lang='grc' dir='ltr'>λοιπὸν</span> <span class='ocrx_word' id='word_1_632' title='bbox 3301 4393 3359 4447; x_wconf 82' lang='grc' dir='ltr'>δὲ</span> <span class='ocrx_word' id='word_1_633' title='bbox 3391 4392 3453 4448; x_wconf 79' lang='grc' dir='ltr'><strong>τὸ</strong></span> <span class='ocrx_word' id='word_1_634' title='bbox 3487 4394 3689 4457; x_wconf 74' lang='grc' dir='ltr'>ἰδιάζον</span> 
     </span>
    </p>
   </div>
   <div class='ocr_carea' id='block_1_90' title="bbox 2097 4481 3690 4557">
    <p class='ocr_par' dir='ltr' id='par_1_90' title="bbox 2097 4481 3690 4557">
     <span class='ocr_line' id='line_1_90' title="bbox 2097 4481 3690 4557; baseline 0.003 -24"><span class='ocrx_word' id='word_1_635' title='bbox 2097 4482 2311 4552; x_wconf 77' lang='grc' dir='ltr'><strong>ἑκάστῳ</strong></span> <span class='ocrx_word' id='word_1_636' title='bbox 2343 4481 2746 4553; x_wconf 80' lang='grc' dir='ltr'><strong>ἁπονενέμηται</strong></span> <span class='ocrx_word' id='word_1_637' title='bbox 2778 4481 2970 4553; x_wconf 77' lang='grc' dir='ltr'>ὄνομα,</span> <span class='ocrx_word' id='word_1_638' title='bbox 2989 4484 3018 4536; x_wconf 86' lang='grc' dir='ltr'>ὁ</span> <span class='ocrx_word' id='word_1_639' title='bbox 3041 4483 3342 4548; x_wconf 78' lang='grc' dir='ltr'>ἐπίσκοπος</span> <span class='ocrx_word' id='word_1_640' title='bbox 3374 4484 3468 4538; x_wconf 79' lang='grc' dir='ltr'>καὶ</span> <span class='ocrx_word' id='word_1_641' title='bbox 3500 4485 3529 4537; x_wconf 82' lang='grc' dir='ltr'><strong><em>ὁ</em></strong></span> <span class='ocrx_word' id='word_1_642' title='bbox 3552 4502 3690 4557; x_wconf 83' lang='grc' dir='ltr'>πρε-</span> 
     </span>
    </p>
   </div>
   <div class='ocr_carea' id='block_1_91' title="bbox 410 4573 3686 4647">
    <p class='ocr_par' dir='ltr' id='par_1_91' title="bbox 410 4573 3686 4647">
     <span class='ocr_line' id='line_1_91' title="bbox 410 4573 3686 4647; baseline -0.001 -14"><span class='ocrx_word' id='word_1_643' title='bbox 410 4589 521 4634; x_wconf 88' lang='lat' dir='ltr'><strong>tres</strong></span> <span class='ocrx_word' id='word_1_644' title='bbox 551 4578 772 4633; x_wconf 88' lang='lat' dir='ltr'><strong>ordines</strong></span> <span class='ocrx_word' id='word_1_645' title='bbox 809 4577 1117 4643; x_wconf 83' lang='lat' dir='ltr'><strong>exstitisse;</strong></span> <span class='ocrx_word' id='word_1_646' title='bbox 1151 4585 1330 4631; x_wconf 89' lang='lat' dir='ltr'><strong>tamen</strong></span> <span class='ocrx_word' id='word_1_647' title='bbox 1383 4589 1508 4629; x_wconf 92' lang='lat' dir='ltr'><strong>cum</strong></span> <span class='ocrx_word' id='word_1_648' title='bbox 1558 4574 1675 4644; x_wconf 91' lang='lat' dir='ltr'><strong>ipse</strong></span> <span class='ocrx_word' id='word_1_649' title='bbox 1712 4574 1833 4628; x_wconf 88' lang='lat' dir='ltr'><strong>loca</strong></span> <span class='ocrx_word' id='word_1_650' title='bbox 1865 4588 1997 4643; x_wconf 89' lang='lat' dir='ltr'><strong>apo-</strong></span> <span class='ocrx_word' id='word_1_651' title='bbox 2029 4590 2069 4643; x_wconf 83' lang='grc' dir='ltr'><em>ι)</em></span> <span class='ocrx_word' id='word_1_652' title='bbox 2102 4573 2383 4645; x_wconf 79' lang='grc' dir='ltr'><strong>σὸύτερος.</strong></span> <span class='ocrx_word' id='word_1_653' title='bbox 2426 4594 2444 4624; x_wconf 71' lang='grc' dir='ltr'><strong>ι</strong></span> <span class='ocrx_word' id='word_1_654' title='bbox 2486 4574 2643 4640; x_wconf 82' lang='lat' dir='ltr'><strong>Quod</strong></span> <span class='ocrx_word' id='word_1_655' title='bbox 2680 4575 2845 4645; x_wconf 83' lang='lat' dir='ltr'><strong>igitur</strong></span> <span class='ocrx_word' id='word_1_656' title='bbox 2866 4574 3139 4641; x_wconf 89' lang='lat' dir='ltr'><strong>dicebam,</strong></span> <span class='ocrx_word' id='word_1_657' title='bbox 3170 4584 3226 4630; x_wconf 90' lang='lat' dir='ltr'><strong>et</strong></span> <span class='ocrx_word' id='word_1_658' title='bbox 3248 4576 3550 4647; x_wconf 80' lang='lat' dir='ltr'><strong>presbyteri</strong></span> <span class='ocrx_word' id='word_1_659' title='bbox 3580 4592 3686 4631; x_wconf 88' lang='lat' dir='ltr'><strong>an-</strong></span> 
     </span>
    </p>
   </div>
   <div class='ocr_carea' id='block_1_92' title="bbox 408 4665 1996 4741">
    <p class='ocr_par' dir='ltr' id='par_1_92' title="bbox 408 4665 1996 4741">
     <span class='ocr_line' id='line_1_92' title="bbox 408 4665 1996 4741; baseline -0.006 -13"><span class='ocrx_word' id='word_1_660' title='bbox 408 4674 604 4728; x_wconf 81' lang='lat' dir='ltr'><strong>stolica</strong></span> <span class='ocrx_word' id='word_1_661' title='bbox 635 4673 792 4726; x_wconf 90' lang='lat' dir='ltr'><strong>aliter</strong></span> <span class='ocrx_word' id='word_1_662' title='bbox 814 4670 1089 4741; x_wconf 79' lang='lat' dir='ltr'><strong>explicare</strong></span> <span class='ocrx_word' id='word_1_663' title='bbox 1116 4669 1386 4732; x_wconf 91' lang='lat' dir='ltr'><strong>videatur,</strong></span> <span class='ocrx_word' id='word_1_664' title='bbox 1420 4676 1475 4722; x_wconf 90' lang='lat' dir='ltr'><strong>et</strong></span> <span class='ocrx_word' id='word_1_665' title='bbox 1517 4666 1825 4736; x_wconf 84' lang='lat' dir='ltr'><strong>argumenti</strong></span> <span class='ocrx_word' id='word_1_666' title='bbox 1853 4665 1996 4720; x_wconf 93' lang='lat' dir='ltr'><strong>mul-</strong></span> 
     </span>
    </p>
   </div>
   <div class='ocr_carea' id='block_1_93' title="bbox 410 4759 1995 4834">
    <p class='ocr_par' dir='ltr' id='par_1_93' title="bbox 410 4759 1995 4834">
     <span class='ocr_line' id='line_1_93' title="bbox 410 4759 1995 4834; baseline -0.005 -15"><span class='ocrx_word' id='word_1_667' title='bbox 410 4774 466 4819; x_wconf 93' lang='lat' dir='ltr'><strong>to</strong></span> <span class='ocrx_word' id='word_1_668' title='bbox 497 4765 670 4834; x_wconf 89' lang='lat' dir='ltr'><strong>major</strong></span> <span class='ocrx_word' id='word_1_669' title='bbox 721 4764 803 4817; x_wconf 93' lang='lat' dir='ltr'><strong>vis</strong></span> <span class='ocrx_word' id='word_1_670' title='bbox 842 4770 1009 4826; x_wconf 88' lang='lat' dir='ltr'><strong>esset,</strong></span> <span class='ocrx_word' id='word_1_671' title='bbox 1046 4763 1093 4817; x_wconf 89' lang='lat' dir='ltr'><strong>si</strong></span> <span class='ocrx_word' id='word_1_672' title='bbox 1144 4759 1448 4816; x_wconf 90' lang='lat' dir='ltr'><strong>adversarii</strong></span> <span class='ocrx_word' id='word_1_673' title='bbox 1493 4759 1729 4829; x_wconf 90' lang='lat' dir='ltr'><strong>probare</strong></span> <span class='ocrx_word' id='word_1_674' title='bbox 1769 4766 1995 4829; x_wconf 90' lang='lat' dir='ltr'><strong>possent</strong></span> 
     </span>
    </p>
   </div>
   <div class='ocr_carea' id='block_1_94' title="bbox 412 4849 1996 4921">
    <p class='ocr_par' dir='ltr' id='par_1_94' title="bbox 412 4849 1996 4921">
     <span class='ocr_line' id='line_1_94' title="bbox 412 4849 1996 4921; baseline -0.005 -11"><span class='ocrx_word' id='word_1_675' title='bbox 412 4870 600 4911; x_wconf 86' lang='lat' dir='ltr'><strong>revera</strong></span> <span class='ocrx_word' id='word_1_676' title='bbox 636 4864 748 4909; x_wconf 89' lang='lat' dir='ltr'><strong>tres</strong></span> <span class='ocrx_word' id='word_1_677' title='bbox 787 4852 1012 4908; x_wconf 89' lang='lat' dir='ltr'><strong>ordines</strong></span> <span class='ocrx_word' id='word_1_678' title='bbox 1042 4852 1334 4907; x_wconf 88' lang='lat' dir='ltr'><strong>distinctos</strong></span> <span class='ocrx_word' id='word_1_679' title='bbox 1374 4850 1568 4921; x_wconf 90' lang='lat' dir='ltr'><strong>lgnatii</strong></span> <span class='ocrx_word' id='word_1_680' title='bbox 1601 4863 1720 4905; x_wconf 68' lang='lat' dir='ltr'><strong>aevo</strong></span> <span class='ocrx_word' id='word_1_681' title='bbox 1769 4849 1996 4903; x_wconf 88' lang='lat' dir='ltr'><strong>minime</strong></span> 
     </span>
    </p>
   </div>
   <div class='ocr_carea' id='block_1_95' title="bbox 410 4944 1993 5017">
    <p class='ocr_par' dir='ltr' id='par_1_95' title="bbox 410 4944 1993 5017">
     <span class='ocr_line' id='line_1_95' title="bbox 410 4944 1993 5017; baseline -0.006 -13"><span class='ocrx_word' id='word_1_682' title='bbox 410 4948 602 5012; x_wconf 80' lang='lat' dir='ltr'><strong>luisse,</strong></span> <span class='ocrx_word' id='word_1_683' title='bbox 637 4963 782 5017; x_wconf 88' lang='lat' dir='ltr'><strong>quos</strong></span> <span class='ocrx_word' id='word_1_684' title='bbox 814 4945 1174 5016; x_wconf 80' lang='lat' dir='ltr'><strong>epistolarum</strong></span> <span class='ocrx_word' id='word_1_685' title='bbox 1205 4944 1440 5014; x_wconf 88' lang='lat' dir='ltr'><strong>scriptor</strong></span> <span class='ocrx_word' id='word_1_686' title='bbox 1472 4951 1579 4997; x_wconf 89' lang='lat' dir='ltr'><strong>tam</strong></span> <span class='ocrx_word' id='word_1_687' title='bbox 1616 4949 1767 4997; x_wconf 87' lang='lat' dir='ltr'><strong>caste</strong></span> <span class='ocrx_word' id='word_1_688' title='bbox 1791 4951 1844 4996; x_wconf 92' lang='lat' dir='ltr'><strong>et</strong></span> <span class='ocrx_word' id='word_1_689' title='bbox 1866 4956 1993 5011; x_wconf 88' lang='lat' dir='ltr'><strong>per-</strong></span> 
     </span>
    </p>
   </div>
   <div class='ocr_carea' id='block_1_96' title="bbox 409 5032 1993 5109">
    <p class='ocr_par' dir='ltr' id='par_1_96' title="bbox 409 5032 1993 5109">
     <span class='ocr_line' id='line_1_96' title="bbox 409 5032 1993 5109; baseline -0.003 -16"><span class='ocrx_word' id='word_1_690' title='bbox 409 5042 575 5109; x_wconf 70' lang='lat' dir='ltr'><strong>pet&#39;uo</strong></span> <span class='ocrx_word' id='word_1_691' title='bbox 598 5037 924 5109; x_wconf 81' lang='lat' dir='ltr'><strong>distinguit;</strong></span> <span class='ocrx_word' id='word_1_692' title='bbox 970 5051 1037 5091; x_wconf 90' lang='lat' dir='ltr'><strong>ne</strong></span> <span class='ocrx_word' id='word_1_693' title='bbox 1080 5035 1405 5091; x_wconf 87' lang='lat' dir='ltr'><strong>sententiam</strong></span> <span class='ocrx_word' id='word_1_694' title='bbox 1440 5032 1693 5089; x_wconf 88' lang='lat' dir='ltr'><strong>Salmasii</strong></span> <span class='ocrx_word' id='word_1_695' title='bbox 1734 5033 1993 5089; x_wconf 89' lang='lat' dir='ltr'><strong>intactam</strong></span> 
     </span>
    </p>
   </div>
   <div class='ocr_carea' id='block_1_97' title="bbox 409 5125 1996 5201">
    <p class='ocr_par' dir='ltr' id='par_1_97' title="bbox 409 5125 1996 5201">
     <span class='ocr_line' id='line_1_97' title="bbox 409 5125 1996 5201; baseline -0.003 -16"><span class='ocrx_word' id='word_1_696' title='bbox 409 5132 739 5201; x_wconf 88' lang='lat' dir='ltr'><strong>relinquere,</strong></span> <span class='ocrx_word' id='word_1_697' title='bbox 773 5136 871 5184; x_wconf 90' lang='lat' dir='ltr'><strong>aut</strong></span> <span class='ocrx_word' id='word_1_698' title='bbox 897 5126 1243 5184; x_wconf 88' lang='lat' dir='ltr'><strong>eoneessioni</strong></span> <span class='ocrx_word' id='word_1_699' title='bbox 1282 5125 1568 5181; x_wconf 68' lang='lat' dir='ltr'><strong>Dallteana:</strong></span> <span class='ocrx_word' id='word_1_700' title='bbox 1617 5126 1779 5181; x_wconf 90' lang='lat' dir='ltr'><strong>nimis</strong></span> <span class='ocrx_word' id='word_1_701' title='bbox 1828 5126 1996 5181; x_wconf 82' lang='lat' dir='ltr'><strong>ﬁdere</strong></span> 
     </span>
    </p>
   </div>
   <div class='ocr_carea' id='block_1_98' title="bbox 408 5220 1991 5289">
    <p class='ocr_par' dir='ltr' id='par_1_98' title="bbox 408 5220 1991 5289">
     <span class='ocr_line' id='line_1_98' title="bbox 408 5220 1991 5289; baseline -0.005 -10"><span class='ocrx_word' id='word_1_702' title='bbox 408 5226 619 5289; x_wconf 85' lang='lat' dir='ltr'><strong>videar,</strong></span> <span class='ocrx_word' id='word_1_703' title='bbox 648 5226 715 5279; x_wconf 91' lang='lat' dir='ltr'><strong>de</strong></span> <span class='ocrx_word' id='word_1_704' title='bbox 740 5224 844 5278; x_wconf 90' lang='lat' dir='ltr'><strong>bac</strong></span> <span class='ocrx_word' id='word_1_705' title='bbox 870 5238 929 5277; x_wconf 89' lang='lat' dir='ltr'><strong>re</strong></span> <span class='ocrx_word' id='word_1_706' title='bbox 962 5222 1193 5276; x_wconf 88' lang='lat' dir='ltr'><strong>ulterius</strong></span> <span class='ocrx_word' id='word_1_707' title='bbox 1219 5220 1599 5277; x_wconf 87' lang='lat' dir='ltr'><strong>disserendum</strong></span> <span class='ocrx_word' id='word_1_708' title='bbox 1625 5234 1748 5274; x_wconf 87' lang='lat' dir='ltr'><strong>esse</strong></span> <span class='ocrx_word' id='word_1_709' title='bbox 1784 5220 1991 5288; x_wconf 88' lang='lat' dir='ltr'><strong>putavi.</strong></span> 
     </span>
    </p>
   </div>
   <div class='ocr_carea' id='block_1_99' title="bbox 412 5308 1994 5386">
    <p class='ocr_par' dir='ltr' id='par_1_99' title="bbox 412 5308 1994 5386">
     <span class='ocr_line' id='line_1_99' title="bbox 412 5308 1994 5386; baseline -0.006 -13"><span class='ocrx_word' id='word_1_710' title='bbox 412 5319 497 5373; x_wconf 85' lang='lat' dir='ltr'><strong>Sit</strong></span> <span class='ocrx_word' id='word_1_711' title='bbox 522 5318 689 5386; x_wconf 82' lang='lat' dir='ltr'><strong>igitur</strong></span> <span class='ocrx_word' id='word_1_712' title='bbox 718 5324 913 5386; x_wconf 89' lang='lat' dir='ltr'><strong>quarta</strong></span> <span class='ocrx_word' id='word_1_713' title='bbox 964 5314 1197 5369; x_wconf 89' lang='lat' dir='ltr'><strong>assertio</strong></span> <span class='ocrx_word' id='word_1_714' title='bbox 1228 5329 1241 5364; x_wconf 88' lang='lat'><strong>:</strong></span> <span class='ocrx_word' id='word_1_715' title='bbox 1270 5311 1345 5365; x_wconf 90' lang='lat' dir='ltr'><strong>Ea</strong></span> <span class='ocrx_word' id='word_1_716' title='bbox 1386 5320 1544 5365; x_wconf 65' lang='lat' dir='ltr'><strong>aetate</strong></span> <span class='ocrx_word' id='word_1_717' title='bbox 1578 5326 1685 5380; x_wconf 86' lang='lat' dir='ltr'><strong>qua</strong></span> <span class='ocrx_word' id='word_1_718' title='bbox 1742 5309 1800 5363; x_wconf 88' lang='lat' dir='ltr'><strong>S.</strong></span> <span class='ocrx_word' id='word_1_719' title='bbox 1837 5308 1994 5379; x_wconf 77' lang='lat' dir='ltr'><strong>lgna-</strong></span> 
     </span>
    </p>
   </div>
   <div class='ocr_carea' id='block_1_100' title="bbox 411 5402 1992 5481">
    <p class='ocr_par' dir='ltr' id='par_1_100' title="bbox 411 5402 1992 5481">
     <span class='ocr_line' id='line_1_100' title="bbox 411 5402 1992 5481; baseline -0.006 -16"><span class='ocrx_word' id='word_1_720' title='bbox 411 5415 524 5466; x_wconf 86' lang='lat' dir='ltr'><strong>tius</strong></span> <span class='ocrx_word' id='word_1_721' title='bbox 553 5410 813 5481; x_wconf 87' lang='lat' dir='ltr'><strong>epistolas</strong></span> <span class='ocrx_word' id='word_1_722' title='bbox 843 5408 1135 5477; x_wconf 89' lang='lat' dir='ltr'><strong>scripsisse</strong></span> <span class='ocrx_word' id='word_1_723' title='bbox 1162 5405 1384 5469; x_wconf 90' lang='lat' dir='ltr'><strong>dicitur,</strong></span> <span class='ocrx_word' id='word_1_724' title='bbox 1412 5411 1525 5458; x_wconf 85' lang='lat' dir='ltr'><strong>tres</strong></span> <span class='ocrx_word' id='word_1_725' title='bbox 1556 5417 1745 5458; x_wconf 91' lang='lat' dir='ltr'><strong>sacros</strong></span> <span class='ocrx_word' id='word_1_726' title='bbox 1771 5402 1992 5456; x_wconf 88' lang='lat' dir='ltr'><strong>ordines</strong></span> 
     </span>
    </p>
   </div>
   <div class='ocr_carea' id='block_1_101' title="bbox 409 5492 1993 5574">
    <p class='ocr_par' dir='ltr' id='par_1_101' title="bbox 409 5492 1993 5574">
     <span class='ocr_line' id='line_1_101' title="bbox 409 5492 1993 5574; baseline -0.008 -14"><span class='ocrx_word' id='word_1_727' title='bbox 409 5520 504 5560; x_wconf 91' lang='lat' dir='ltr'><strong>seu</strong></span> <span class='ocrx_word' id='word_1_728' title='bbox 529 5503 732 5574; x_wconf 84' lang='lat' dir='ltr'><strong>gradus</strong></span> <span class='ocrx_word' id='word_1_729' title='bbox 761 5502 1051 5557; x_wconf 89' lang='lat' dir='ltr'><strong>distinctos</strong></span> <span class='ocrx_word' id='word_1_730' title='bbox 1099 5499 1155 5553; x_wconf 93' lang='lat' dir='ltr'><strong>in</strong></span> <span class='ocrx_word' id='word_1_731' title='bbox 1202 5495 1445 5552; x_wconf 88' lang='lat' dir='ltr'><strong>Ecclesia</strong></span> <span class='ocrx_word' id='word_1_732' title='bbox 1484 5492 1682 5549; x_wconf 82' lang='lat' dir='ltr'><strong>fuisse.</strong></span> <span class='ocrx_word' id='word_1_733' title='bbox 1752 5492 1868 5549; x_wconf 85' lang='lat' dir='ltr'><strong>Hoc</strong></span> <span class='ocrx_word' id='word_1_734' title='bbox 1923 5494 1993 5547; x_wconf 85' lang='lat' dir='ltr'><strong>ab</strong></span> 
     </span>
    </p>
   </div>
   <div class='ocr_carea' id='block_1_102' title="bbox 409 5583 1994 5665">
    <p class='ocr_par' dir='ltr' id='par_1_102' title="bbox 409 5583 1994 5665">
     <span class='ocr_line' id='line_1_102' title="bbox 409 5583 1994 5665; baseline -0.008 -13"><span class='ocrx_word' id='word_1_735' title='bbox 409 5595 651 5652; x_wconf 75' lang='lat' dir='ltr'><strong>Feclesia</strong></span> <span class='ocrx_word' id='word_1_736' title='bbox 681 5594 983 5665; x_wconf 82' lang='lat' dir='ltr'><strong>Anglicana</strong></span> <span class='ocrx_word' id='word_1_737' title='bbox 1013 5607 1226 5661; x_wconf 89' lang='lat' dir='ltr'><strong>semper</strong></span> <span class='ocrx_word' id='word_1_738' title='bbox 1247 5588 1434 5656; x_wconf 88' lang='lat' dir='ltr'><strong>didici,</strong></span> <span class='ocrx_word' id='word_1_739' title='bbox 1465 5602 1589 5659; x_wconf 65' lang='lat' dir='ltr'><strong>qua</strong></span> <span class='ocrx_word' id='word_1_740' title='bbox 1632 5586 1687 5639; x_wconf 91' lang='lat' dir='ltr'><strong>in</strong></span> <span class='ocrx_word' id='word_1_741' title='bbox 1720 5583 1994 5641; x_wconf 90' lang='lat' dir='ltr'><strong>Ordinalis</strong></span> 
     </span>
    </p>
   </div>
   <div class='ocr_carea' id='block_1_103' title="bbox 409 5676 1993 5759">
    <p class='ocr_par' dir='ltr' id='par_1_103' title="bbox 409 5676 1993 5759">
     <span class='ocr_line' id='line_1_103' title="bbox 409 5676 1993 5759; baseline -0.008 -17"><span class='ocrx_word' id='word_1_742' title='bbox 409 5689 493 5743; x_wconf 82' lang='lat' dir='ltr'><strong>sui</strong></span> <span class='ocrx_word' id='word_1_743' title='bbox 523 5687 848 5759; x_wconf 76' lang='lat' dir='ltr'><strong>praefatione</strong></span> <span class='ocrx_word' id='word_1_744' title='bbox 896 5684 972 5737; x_wconf 90' lang='lat' dir='ltr'><strong>ita</strong></span> <span class='ocrx_word' id='word_1_745' title='bbox 1010 5682 1294 5753; x_wconf 90' lang='lat' dir='ltr'><strong>loquitur:</strong></span> <span class='ocrx_word' id='word_1_746' title='bbox 1327 5699 1348 5732; x_wconf 83' lang='grc'><em>‹</em></span> <span class='ocrx_word' id='word_1_747' title='bbox 1398 5678 1637 5734; x_wconf 86' lang='lat' dir='ltr'><strong>Evidens</strong></span> <span class='ocrx_word' id='word_1_748' title='bbox 1685 5684 1771 5732; x_wconf 87' lang='lat' dir='ltr'><strong>est</strong></span> <span class='ocrx_word' id='word_1_749' title='bbox 1814 5676 1993 5731; x_wconf 90' lang='lat' dir='ltr'><strong>omni-</strong></span> 
     </span>
    </p>
   </div>
   <div class='ocr_carea' id='block_1_104' title="bbox 408 5770 1992 5851">
    <p class='ocr_par' dir='ltr' id='par_1_104' title="bbox 408 5770 1992 5851">
     <span class='ocr_line' id='line_1_104' title="bbox 408 5770 1992 5851; baseline -0.008 -14"><span class='ocrx_word' id='word_1_750' title='bbox 408 5782 511 5837; x_wconf 86' lang='lat' dir='ltr'><strong>bus</strong></span> <span class='ocrx_word' id='word_1_751' title='bbox 559 5781 847 5851; x_wconf 78' lang='lat' dir='ltr'><strong>diligenter</strong></span> <span class='ocrx_word' id='word_1_752' title='bbox 894 5775 1201 5845; x_wconf 77' lang='lat' dir='ltr'><strong>legentibus</strong></span> <span class='ocrx_word' id='word_1_753' title='bbox 1259 5781 1506 5830; x_wconf 86' lang='lat' dir='ltr'><strong>sanctam</strong></span> <span class='ocrx_word' id='word_1_754' title='bbox 1552 5770 1890 5842; x_wconf 86' lang='lat' dir='ltr'><strong>Scripturam</strong></span> <span class='ocrx_word' id='word_1_755' title='bbox 1939 5778 1992 5825; x_wconf 89' lang='lat' dir='ltr'><strong>et</strong></span> 
     </span>
    </p>
   </div>
   <div class='ocr_carea' id='block_1_105' title="bbox 479 5884 973 5948">
    <p class='ocr_par' dir='ltr' id='par_1_105' title="bbox 479 5884 973 5948">
     <span class='ocr_line' id='line_1_105' title="bbox 479 5884 973 5948; baseline -0.014 -4"><span class='ocrx_word' id='word_1_756' title='bbox 479 5890 523 5920; x_wconf 84' lang='lat'><strong>“</strong></span> <span class='ocrx_word' id='word_1_757' title='bbox 553 5891 573 5942; x_wconf 90' lang='grc' dir='ltr'><strong>ι</strong></span> <span class='ocrx_word' id='word_1_758' title='bbox 604 5886 748 5943; x_wconf 77' lang='lat' dir='ltr'><strong>Tim.</strong></span> <span class='ocrx_word' id='word_1_759' title='bbox 794 5904 848 5948; x_wconf 86' lang='lat' dir='ltr'><strong>v,</strong></span> <span class='ocrx_word' id='word_1_760' title='bbox 881 5884 973 5938; x_wconf 69' lang='lat'><strong>‘29..</strong></span> 
     </span>
    </p>
   </div>
   <div class='ocr_carea' id='block_1_106' title="bbox 736 5978 1281 6043">
    <p class='ocr_par' dir='ltr' id='par_1_106' title="bbox 736 5978 1281 6043">
     <span class='ocr_line' id='line_1_106' title="bbox 736 5978 1281 6043; baseline -0.011 0"><span class='ocrx_word' id='word_1_761' title='bbox 736 5983 1008 6043; x_wconf 74' lang='grc' dir='ltr'><strong>ΡΑτιιοι.</strong></span> <span class='ocrx_word' id='word_1_762' title='bbox 1039 5979 1154 6042; x_wconf 78' lang='lat' dir='ltr'><strong>Gn.</strong></span> <span class='ocrx_word' id='word_1_763' title='bbox 1206 5978 1281 6038; x_wconf 69' lang='grc' dir='ltr'>ν.</span> 
     </span>
    </p>
   </div>
   <div class='ocr_carea' id='block_1_107' title="bbox 2098 4665 3681 4737">
    <p class='ocr_par' dir='ltr' id='par_1_107' title="bbox 2098 4665 3681 4737">
     <span class='ocr_line' id='line_1_107' title="bbox 2098 4665 3681 4737; baseline 0.001 -19"><span class='ocrx_word' id='word_1_764' title='bbox 2098 4665 2328 4734; x_wconf 90' lang='lat' dir='ltr'><strong>tiquitus</strong></span> <span class='ocrx_word' id='word_1_765' title='bbox 2352 4667 2697 4720; x_wconf 89' lang='lat' dir='ltr'><strong>vocabantur</strong></span> <span class='ocrx_word' id='word_1_766' title='bbox 2724 4665 2987 4735; x_wconf 88' lang='lat' dir='ltr'><strong>episc0pi,</strong></span> <span class='ocrx_word' id='word_1_767' title='bbox 3024 4673 3079 4721; x_wconf 92' lang='lat' dir='ltr'><strong>et</strong></span> <span class='ocrx_word' id='word_1_768' title='bbox 3106 4666 3347 4735; x_wconf 87' lang='lat' dir='ltr'><strong>episcopi</strong></span> <span class='ocrx_word' id='word_1_769' title='bbox 3382 4666 3681 4737; x_wconf 90' lang='lat' dir='ltr'><strong>presbyteri</strong></span> 
     </span>
    </p>
   </div>
   <div class='ocr_carea' id='block_1_108' title="bbox 2096 4756 3680 4828">
    <p class='ocr_par' dir='ltr' id='par_1_108' title="bbox 2096 4756 3680 4828">
     <span class='ocr_line' id='line_1_108' title="bbox 2096 4756 3680 4828; baseline -0.001 -16"><span class='ocrx_word' id='word_1_770' title='bbox 2096 4766 2152 4812; x_wconf 90' lang='lat' dir='ltr'><strong>et</strong></span> <span class='ocrx_word' id='word_1_771' title='bbox 2173 4756 2387 4812; x_wconf 91' lang='lat' dir='ltr'><strong>diaconi</strong></span> <span class='ocrx_word' id='word_1_772' title='bbox 2427 4756 2632 4812; x_wconf 86' lang='lat' dir='ltr'><strong>Christi</strong></span> <span class='ocrx_word' id='word_1_773' title='bbox 2679 4757 2849 4828; x_wconf 90' lang='lat' dir='ltr'><strong>(unde</strong></span> <span class='ocrx_word' id='word_1_774' title='bbox 2896 4758 3197 4812; x_wconf 87' lang='lat' dir='ltr'><strong>etiamnum</strong></span> <span class='ocrx_word' id='word_1_775' title='bbox 3251 4756 3410 4811; x_wconf 88' lang='lat' dir='ltr'><strong>multi</strong></span> <span class='ocrx_word' id='word_1_776' title='bbox 3440 4756 3680 4828; x_wconf 80' lang='lat' dir='ltr'><strong>episcopi</strong></span> 
     </span>
    </p>
   </div>
   <div class='ocr_carea' id='block_1_109' title="bbox 2098 4846 3684 4920">
    <p class='ocr_par' dir='ltr' id='par_1_109' title="bbox 2098 4846 3684 4920">
     <span class='ocr_line' id='line_1_109' title="bbox 2098 4846 3684 4920; baseline -0.001 -17"><span class='ocrx_word' id='word_1_777' title='bbox 2098 4848 2345 4904; x_wconf 90' lang='lat' dir='ltr'><strong>scribunt</strong></span> <span class='ocrx_word' id='word_1_778' title='bbox 2367 4850 2826 4920; x_wconf 84' lang='lat' dir='ltr'><strong>sympresbytero,</strong></span> <span class='ocrx_word' id='word_1_779' title='bbox 2843 4856 2899 4904; x_wconf 91' lang='lat' dir='ltr'><strong>et</strong></span> <span class='ocrx_word' id='word_1_780' title='bbox 2925 4846 3281 4919; x_wconf 87' lang='lat' dir='ltr'><strong>syndiacono)</strong></span> <span class='ocrx_word' id='word_1_781' title='bbox 3301 4865 3316 4914; x_wconf 90' lang='lat'><strong>;</strong></span> <span class='ocrx_word' id='word_1_782' title='bbox 3340 4855 3528 4917; x_wconf 87' lang='lat' dir='ltr'><strong>postea</strong></span> <span class='ocrx_word' id='word_1_783' title='bbox 3547 4857 3684 4902; x_wconf 69' lang='lat' dir='ltr'><strong>vero</strong></span> 
     </span>
    </p>
   </div>
   <div class='ocr_carea' id='block_1_110' title="bbox 2097 4938 3656 5010">
    <p class='ocr_par' dir='ltr' id='par_1_110' title="bbox 2097 4938 3656 5010">
     <span class='ocr_line' id='line_1_110' title="bbox 2097 4938 3656 5010; baseline -0.001 -15"><span class='ocrx_word' id='word_1_784' title='bbox 2097 4940 2374 5010; x_wconf 89' lang='lat' dir='ltr'><strong>peculiare</strong></span> <span class='ocrx_word' id='word_1_785' title='bbox 2403 4940 2704 5007; x_wconf 88' lang='lat' dir='ltr'><strong>unicuique</strong></span> <span class='ocrx_word' id='word_1_786' title='bbox 2733 4954 2935 4993; x_wconf 91' lang='lat' dir='ltr'><strong>nomen</strong></span> <span class='ocrx_word' id='word_1_787' title='bbox 2963 4938 3302 5010; x_wconf 86' lang='lat' dir='ltr'><strong>assignatum</strong></span> <span class='ocrx_word' id='word_1_788' title='bbox 3331 4947 3437 5003; x_wconf 82' lang='lat' dir='ltr'><strong>est,</strong></span> <span class='ocrx_word' id='word_1_789' title='bbox 3468 4939 3656 5008; x_wconf 78' lang='lat' dir='ltr'><strong>episeo</strong></span> 
     </span>
    </p>
   </div>
   <div class='ocr_carea' id='block_1_111' title="bbox 2099 5029 3679 5103">
    <p class='ocr_par' dir='ltr' id='par_1_111' title="bbox 2099 5029 3679 5103">
     <span class='ocr_line' id='line_1_111' title="bbox 2099 5029 3679 5103; baseline 0 -16"><span class='ocrx_word' id='word_1_790' title='bbox 2099 5049 2201 5103; x_wconf 91' lang='lat' dir='ltr'><strong>pus</strong></span> <span class='ocrx_word' id='word_1_791' title='bbox 2229 5041 2285 5087; x_wconf 89' lang='lat' dir='ltr'><strong>et</strong></span> <span class='ocrx_word' id='word_1_792' title='bbox 2342 5032 2643 5103; x_wconf 81' lang='lat' dir='ltr'><strong>presbyter.</strong></span> <span class='ocrx_word' id='word_1_793' title='bbox 2685 5049 2705 5082; x_wconf 75' lang='grc' dir='ltr'><strong>ι</strong></span> <span class='ocrx_word' id='word_1_794' title='bbox 2740 5029 2954 5087; x_wconf 81' lang='lat' dir='ltr'><strong>Rursus</strong></span> <span class='ocrx_word' id='word_1_795' title='bbox 2998 5030 3227 5085; x_wconf 89' lang='lat' dir='ltr'><strong>homilia</strong></span> <span class='ocrx_word' id='word_1_796' title='bbox 3273 5031 3561 5087; x_wconf 85' lang='lat' dir='ltr'><strong>undecima</strong></span> <span class='ocrx_word' id='word_1_797' title='bbox 3624 5031 3679 5087; x_wconf 92' lang='lat' dir='ltr'><strong>in</strong></span> 
     </span>
    </p>
   </div>
   <div class='ocr_carea' id='block_1_112' title="bbox 2098 5121 3679 5195">
    <p class='ocr_par' dir='ltr' id='par_1_112' title="bbox 2098 5121 3679 5195">
     <span class='ocr_line' id='line_1_112' title="bbox 2098 5121 3679 5195; baseline -0.003 -15"><span class='ocrx_word' id='word_1_798' title='bbox 2098 5125 2329 5195; x_wconf 87' lang='lat' dir='ltr'><strong>primam</strong></span> <span class='ocrx_word' id='word_1_799' title='bbox 2384 5125 2451 5179; x_wconf 91' lang='lat' dir='ltr'><strong>ad</strong></span> <span class='ocrx_word' id='word_1_800' title='bbox 2492 5123 2845 5179; x_wconf 89' lang='lat' dir='ltr'><strong>Timotheum</strong></span> <span class='ocrx_word' id='word_1_801' title='bbox 2898 5121 3197 5193; x_wconf 77' lang='lat' dir='ltr'><strong>Epistulam</strong></span> <span class='ocrx_word' id='word_1_802' title='bbox 3238 5142 3253 5176; x_wconf 89' lang='lat'><strong>:</strong></span> <span class='ocrx_word' id='word_1_803' title='bbox 3288 5123 3679 5194; x_wconf 82' lang='grc' dir='ltr'><strong>Διαλεγόμενος</strong></span> 
     </span>
    </p>
   </div>
   <div class='ocr_carea' id='block_1_113' title="bbox 2096 5213 3681 5289">
    <p class='ocr_par' dir='ltr' id='par_1_113' title="bbox 2096 5213 3681 5289">
     <span class='ocr_line' id='line_1_113' title="bbox 2096 5213 3681 5289; baseline -0.001 -20"><span class='ocrx_word' id='word_1_804' title='bbox 2096 5217 2226 5289; x_wconf 75' lang='grc' dir='ltr'>περὶ</span> <span class='ocrx_word' id='word_1_805' title='bbox 2272 5215 2588 5269; x_wconf 77' lang='grc' dir='ltr'>ἐπισκόπων</span> <span class='ocrx_word' id='word_1_806' title='bbox 2634 5214 2727 5268; x_wconf 81' lang='grc' dir='ltr'>καὶ</span> <span class='ocrx_word' id='word_1_807' title='bbox 2759 5213 3174 5285; x_wconf 82' lang='grc' dir='ltr'>χαρακτηρίσας</span> <span class='ocrx_word' id='word_1_808' title='bbox 3221 5214 3438 5277; x_wconf 75' lang='grc' dir='ltr'><strong>αὐτοὺς,</strong></span> <span class='ocrx_word' id='word_1_809' title='bbox 3472 5213 3567 5266; x_wconf 78' lang='grc' dir='ltr'>καὶ</span> <span class='ocrx_word' id='word_1_810' title='bbox 3599 5215 3681 5267; x_wconf 83' lang='grc' dir='ltr'><strong>εί-</strong></span> 
     </span>
    </p>
   </div>
   <div class='ocr_carea' id='block_1_114' title="bbox 2097 5305 3681 5380">
    <p class='ocr_par' dir='ltr' id='par_1_114' title="bbox 2097 5305 3681 5380">
     <span class='ocr_line' id='line_1_114' title="bbox 2097 5305 3681 5380; baseline -0.001 -20"><span class='ocrx_word' id='word_1_811' title='bbox 2097 5308 2213 5361; x_wconf 74' lang='grc' dir='ltr'>πὼν</span> <span class='ocrx_word' id='word_1_812' title='bbox 2245 5308 2364 5361; x_wconf 75' lang='grc' dir='ltr'>τίνα</span> <span class='ocrx_word' id='word_1_813' title='bbox 2399 5307 2495 5377; x_wconf 78' lang='grc' dir='ltr'><strong>μὲν</strong></span> <span class='ocrx_word' id='word_1_814' title='bbox 2526 5306 2691 5377; x_wconf 78' lang='grc' dir='ltr'><strong>ἔχειν,</strong></span> <span class='ocrx_word' id='word_1_815' title='bbox 2725 5306 2885 5360; x_wconf 86' lang='grc' dir='ltr'>τίνων</span> <span class='ocrx_word' id='word_1_816' title='bbox 2914 5306 2973 5360; x_wconf 82' lang='grc' dir='ltr'>δὲ</span> <span class='ocrx_word' id='word_1_817' title='bbox 3003 5305 3302 5378; x_wconf 75' lang='grc' dir='ltr'><strong>ἀπέχεσθαι</strong></span> <span class='ocrx_word' id='word_1_818' title='bbox 3334 5306 3462 5380; x_wconf 74' lang='grc' dir='ltr'><strong>χρὴ,</strong></span> <span class='ocrx_word' id='word_1_819' title='bbox 3497 5305 3590 5360; x_wconf 79' lang='grc' dir='ltr'><strong>καὶ</strong></span> <span class='ocrx_word' id='word_1_820' title='bbox 3620 5307 3681 5360; x_wconf 71' lang='grc' dir='ltr'><strong>τὸ</strong></span> 
     </span>
    </p>
   </div>
   <div class='ocr_carea' id='block_1_115' title="bbox 2095 5396 3680 5471">
    <p class='ocr_par' dir='ltr' id='par_1_115' title="bbox 2095 5396 3680 5471">
     <span class='ocr_line' id='line_1_115' title="bbox 2095 5396 3680 5471; baseline -0.002 -18"><span class='ocrx_word' id='word_1_821' title='bbox 2095 5401 2205 5453; x_wconf 85' lang='grc' dir='ltr'>τῶν</span> <span class='ocrx_word' id='word_1_822' title='bbox 2237 5398 2623 5471; x_wconf 81' lang='grc' dir='ltr'>πρεσὸυτὲρων</span> <span class='ocrx_word' id='word_1_823' title='bbox 2669 5398 2856 5468; x_wconf 74' lang='grc' dir='ltr'>τάγμα</span> <span class='ocrx_word' id='word_1_824' title='bbox 2885 5398 3067 5467; x_wconf 78' lang='grc' dir='ltr'><strong>ἀφεὶς,</strong></span> <span class='ocrx_word' id='word_1_825' title='bbox 3116 5399 3197 5461; x_wconf 82' lang='grc' dir='ltr'><strong>είς</strong></span> <span class='ocrx_word' id='word_1_826' title='bbox 3242 5397 3370 5461; x_wconf 74' lang='grc' dir='ltr'><strong>τοὺς</strong></span> <span class='ocrx_word' id='word_1_827' title='bbox 3400 5396 3680 5463; x_wconf 83' lang='grc' dir='ltr'><strong>διακόνους</strong></span> 
     </span>
    </p>
   </div>
   <div class='ocr_carea' id='block_1_116' title="bbox 2100 5487 3682 5563">
    <p class='ocr_par' dir='ltr' id='par_1_116' title="bbox 2100 5487 3682 5563">
     <span class='ocr_line' id='line_1_116' title="bbox 2100 5487 3682 5563; baseline -0.001 -19"><span class='ocrx_word' id='word_1_828' title='bbox 2100 5491 2463 5563; x_wconf 72' lang='grc' dir='ltr'><strong>μετεπήδησι.</strong></span> <span class='ocrx_word' id='word_1_829' title='bbox 2494 5488 2808 5558; x_wconf 85' lang='grc' dir='ltr'>Τίδήποτε;</span> <span class='ocrx_word' id='word_1_830' title='bbox 2832 5490 2916 5543; x_wconf 81' lang='grc' dir='ltr'><strong>ὅτι</strong></span> <span class='ocrx_word' id='word_1_831' title='bbox 2949 5490 3011 5542; x_wconf 79' lang='grc' dir='ltr'>οὐ</span> <span class='ocrx_word' id='word_1_832' title='bbox 3040 5489 3178 5543; x_wconf 85' lang='grc' dir='ltr'>πολὺ</span> <span class='ocrx_word' id='word_1_833' title='bbox 3210 5488 3271 5543; x_wconf 84' lang='grc' dir='ltr'><strong>τὸ</strong></span> <span class='ocrx_word' id='word_1_834' title='bbox 3306 5488 3469 5560; x_wconf 77' lang='grc' dir='ltr'>μέσον</span> <span class='ocrx_word' id='word_1_835' title='bbox 3502 5487 3682 5544; x_wconf 79' lang='grc' dir='ltr'>αὐτῶν</span> 
     </span>
    </p>
   </div>
   <div class='ocr_carea' id='block_1_117' title="bbox 2098 5580 3682 5653">
    <p class='ocr_par' dir='ltr' id='par_1_117' title="bbox 2098 5580 3682 5653">
     <span class='ocr_line' id='line_1_117' title="bbox 2098 5580 3682 5653; baseline -0.003 -16"><span class='ocrx_word' id='word_1_836' title='bbox 2098 5584 2191 5638; x_wconf 76' lang='grc' dir='ltr'>καὶ</span> <span class='ocrx_word' id='word_1_837' title='bbox 2224 5582 2332 5635; x_wconf 84' lang='grc' dir='ltr'><strong>τῶν</strong></span> <span class='ocrx_word' id='word_1_838' title='bbox 2382 5580 2718 5644; x_wconf 71' lang='grc' dir='ltr'>ἐπισκόπων,</span> <span class='ocrx_word' id='word_1_839' title='bbox 2755 5581 2850 5634; x_wconf 79' lang='grc' dir='ltr'>καὶ</span> <span class='ocrx_word' id='word_1_840' title='bbox 2882 5581 2993 5653; x_wconf 84' lang='grc' dir='ltr'><strong>γὰρ</strong></span> <span class='ocrx_word' id='word_1_841' title='bbox 3026 5580 3119 5635; x_wconf 81' lang='grc' dir='ltr'>καὶ</span> <span class='ocrx_word' id='word_1_842' title='bbox 3152 5581 3306 5635; x_wconf 77' lang='grc' dir='ltr'>αὐτοὶ</span> <span class='ocrx_word' id='word_1_843' title='bbox 3331 5580 3682 5635; x_wconf 79' lang='grc' dir='ltr'>διδασκαλίαν</span> 
     </span>
    </p>
   </div>
   <div class='ocr_carea' id='block_1_118' title="bbox 2097 5670 3675 5746">
    <p class='ocr_par' dir='ltr' id='par_1_118' title="bbox 2097 5670 3675 5746">
     <span class='ocr_line' id='line_1_118' title="bbox 2097 5670 3675 5746; baseline -0.004 -16"><span class='ocrx_word' id='word_1_844' title='bbox 2097 5676 2241 5730; x_wconf 78' lang='grc' dir='ltr'>εἰσὶν</span> <span class='ocrx_word' id='word_1_845' title='bbox 2269 5672 2683 5742; x_wconf 80' lang='grc' dir='ltr'>ἀναδεδεγμένοι</span> <span class='ocrx_word' id='word_1_846' title='bbox 2704 5672 2797 5727; x_wconf 76' lang='grc' dir='ltr'>καὶ</span> <span class='ocrx_word' id='word_1_847' title='bbox 2823 5673 3158 5746; x_wconf 78' lang='grc' dir='ltr'>προστασίαν</span> <span class='ocrx_word' id='word_1_848' title='bbox 3190 5672 3288 5742; x_wconf 84' lang='grc' dir='ltr'><strong>τῆς</strong></span> <span class='ocrx_word' id='word_1_849' title='bbox 3320 5670 3644 5741; x_wconf 75' lang='grc' dir='ltr'>Ἐκκλησίας</span> <span class='ocrx_word' id='word_1_850' title='bbox 3663 5687 3675 5700; x_wconf 83' lang='grc'><em>’</em></span> 
     </span>
    </p>
   </div>
   <div class='ocr_carea' id='block_1_119' title="bbox 2098 5757 3680 5836">
    <p class='ocr_par' dir='ltr' id='par_1_119' title="bbox 2098 5757 3680 5836">
     <span class='ocr_line' id='line_1_119' title="bbox 2098 5757 3680 5836; baseline -0.003 -19"><span class='ocrx_word' id='word_1_851' title='bbox 2098 5766 2190 5822; x_wconf 79' lang='grc' dir='ltr'><strong>καί</strong></span> <span class='ocrx_word' id='word_1_852' title='bbox 2222 5764 2258 5819; x_wconf 79' lang='grc' dir='ltr'>ἃ</span> <span class='ocrx_word' id='word_1_853' title='bbox 2291 5762 2418 5836; x_wconf 76' lang='grc' dir='ltr'>περὶ</span> <span class='ocrx_word' id='word_1_854' title='bbox 2451 5760 2764 5816; x_wconf 71' lang='grc' dir='ltr'>ἐπισκόπων</span> <span class='ocrx_word' id='word_1_855' title='bbox 2797 5757 2940 5826; x_wconf 85' lang='grc' dir='ltr'><strong>εἷπε,</strong></span> <span class='ocrx_word' id='word_1_856' title='bbox 2964 5760 3133 5820; x_wconf 60' lang='lat' dir='ltr'><strong>mirga</strong></span> <span class='ocrx_word' id='word_1_857' title='bbox 3170 5760 3262 5815; x_wconf 71' lang='grc' dir='ltr'>καὶ</span> <span class='ocrx_word' id='word_1_858' title='bbox 3289 5758 3680 5832; x_wconf 72' lang='grc' dir='ltr'>πρεσϐυτέροις</span> 
     </span>
    </p>
   </div>
   <div class='ocr_carea' id='block_1_120' title="bbox 3250 5986 3323 6045">
    <p class='ocr_par' dir='ltr' id='par_1_120' title="bbox 3250 5986 3323 6045">
     <span class='ocr_line' id='line_1_120' title="bbox 3250 5986 3323 6045; baseline -0.014 0"><span class='ocrx_word' id='word_1_859' title='bbox 3250 5986 3323 6045; x_wconf 62' lang='lat' dir='ltr'><strong>Ib</strong></span> 
     </span>
    </p>
   </div>
  </div>
