4138 6396
423 411 533 468 ‘42?
1474 405 1529 461 S.
1563 402 1917 459 ICNATIUS.
1945 432 2013 442 —
2058 396 2596 454 PROLEGOMENA.
3593 390 3698 444 ης

430 533 727 603 ἁρμόττει·
781 534 847 602 τῇ
872 528 979 602 γὰρ
1014 528 1315 602 χειροτονία
1374 530 1511 601 μόνῃ
1558 527 1999 599 ὑπερϐεϐλήκασι

2133 520 2367 589 primam
2406 517 2472 571 ad
2506 514 2754 570 Corinth.
2786 529 2798 563 :
2838 513 3067 564 Ἔπειτα
3099 509 3254 581 ὤφθη
3292 505 3549 576 Ἰακώϐῳ,
3584 504 3709 575 ἐμοὶ

432 630 526 683 καὶ
558 627 732 698 τούτῳ
765 626 923 697 μόνον
964 625 1178 678 δοκοῦσι
1229 623 1568 677 πλεονεκτεῖν
1609 625 1733 686 τοὺς
1783 620 2014 692 πρεσϐυ-

431 724 643 795 τέρους.
688 741 705 773 ι
747 721 1031 775 Disserens
1058 721 1123 774 de
1150 718 1423 788 episcopis
1442 760 1456 782 ,
1483 733 1784 785 eorumque
1813 717 2011 770 chara--

434 826 608 870 cteros
644 814 980 880 describens,
1026 813 1323 882 dicensque
1374 828 1495 882 qua:
1541 826 1636 865 eos
1686 818 1870 864 tenere
1908 818 2013 863 cta

435 907 636 977 quibus
694 907 968 961 abstinere
1021 914 1270 974 oportet,
1320 904 1758 974 presbyterorum
1821 900 2015 955 ordine

432 1001 742 1066 omisso,ad
775 1000 1038 1053 diaconos
1060 998 1334 1052 transiliit.
1360 995 1577 1061 Quare?
1605 996 1732 1065 quia
1758 994 1896 1047 inter
1921 1009 2016 1047 eos

434 1106 489 1148 et
516 1096 804 1164 episcOpos
840 1110 950 1148 non
992 1093 1220 1147 multum
1254 1092 1495 1145 interest.
1528 1087 1665 1143 Nam
1694 1098 1747 1142 et
1772 1088 1873 1156 ipsi
1912 1087 2014 1140 do—

435 1187 592 1242 cemli
639 1204 837 1241 munus
879 1197 932 1241 et
962 1186 1337 1257 pitefecturam
1365 1182 1618 1237 Ecclesiae
1657 1188 2012 1249 acceperunt:

434 1291 488 1336 et
510 1298 573 1337 ea
603 1298 723 1351 qua:
754 1282 820 1335 de
840 1279 1112 1349 episcopis
1135 1278 1290 1340 dixit,
1323 1276 1489 1330 ctiam
1521 1273 1853 1344 presbyteris
1882 1287 2015 1325 con-

435 1376 689 1441 veniunt;
721 1374 836 1428 sola
867 1374 1012 1427 enim
1037 1370 1322 1425 ordinandi
1357 1377 1623 1439 potestate
1650 1366 1942 1431 excellunt,
1963 1374 2017 1417 et

436 1468 539 1521 hac
569 1482 673 1520 una
734 1482 791 1519 re
841 1466 1091 1519 videntur
1120 1464 1448 1535 presbyteris
1480 1460 1788 1531 superiores
1817 1472 1956 1511 esse.
1988 1476 2007 1507 ι

437 1558 591 1613 Unde
638 1566 852 1613 constat
895 1566 1145 1611 sanctum
1175 1557 1628 1626 Clirysostomum
1669 1549 2015 1605 existimasse

434 1658 564 1703 tunc
594 1664 717 1703 cum
761 1648 829 1702 ad
877 1645 1223 1701 Timotheum
1267 1646 1485 1715 scripsit
1529 1651 1756 1699 sanctus
1788 1639 2011 1703 Paulus,

434 1749 631 1810 praeter
664 1740 928 1794 diaconos
958 1746 1012 1792 et
1040 1739 1406 1807 presbyteros,
1435 1734 1600 1788 etiam
1650 1733 1934 1800 episcopos
1960 1730 2013 1782 in

434 1832 676 1888 Ecclesia
730 1832 933 1897 fuisse,
991 1846 1087 1901 per
1130 1830 1416 1898 episcopos
1444 1842 1510 1881 eo
1559 1827 1680 1879 loco
1723 1824 1870 1879 solos
1902 1823 2015 1893 pri-

433 1950 507 2003 mi
541 1949 751 2003 ordinis
791 1947 1072 2002 ministros
1119 1946 1443 2012 intellectos,
1470 1953 1641 1999 totum
1671 1945 2014 2014 presbytero-

434 2058 553 2096 rum
586 2042 832 2096 ordinem
858 2042 1124 2095 omissum
1168 2055 1288 2094 esse
1314 2079 1331 2105 ,
1367 2038 1661 2093 discrimen
1700 2038 1840 2090 inter
1871 2036 2012 2091 duos

430 2134 650 2188 ordines
691 2135 826 2189 satis
867 2132 1220 2187 manifestum
1250 2146 1392 2193 esse,
1423 2129 1568 2199 quod
1606 2137 1851 2198 potestas
1878 2142 2013 2182 con-

432 2226 640 2280 ferendi
686 2240 874 2280 sacros
902 2225 1131 2279 ordines
1171 2222 1442 2291 episcopis
1480 2229 1845 2290 competeret,
1887 2234 2013 2289 pre-

430 2316 663 2386 sbyteris
691 2332 905 2386 semper
931 2326 1122 2384 negata
1139 2324 1302 2369 esset.
1330 2313 1709 2368 Falsissimum
1736 2312 1900 2382 igitur
1928 2321 2014 2365 est

430 2408 574 2477 quod
606 2407 917 2461 Blondellus
947 2406 1003 2460 in
1042 2406 1307 2475 Apologia
1340 2421 1407 2459 ex
1455 2406 1559 2460 hoc
1603 2419 1714 2458 uno
1760 2403 1880 2457 loco
1911 2417 2011 2471 pro

430 2514 533 2554 suo
563 2514 714 2553 more
745 2498 1021 2567 expiscari
1064 2498 1259 2564 voluit,
1293 2497 1746 2566 Chrysostomum
1782 2495 2008 2563 interja-

429 2605 560 2644 cens
588 2599 746 2642 astate
774 2605 873 2642 sua
922 2588 1061 2642 inter
1085 2590 1394 2643 sacerdotes
1425 2587 1719 2657 διάστημα,
1766 2587 1836 2642 ob
1872 2602 2010 2640 ocu~

429 2680 515 2735 los
544 2680 820 2747 habuisse,
853 2696 992 2749 quos
1023 2690 1205 2734 tamen
1234 2681 1306 2734 ab
1336 2680 1545 2750 origine
1572 2697 1731 2751 pares
1760 2690 2006 2735 noverat.

428 2770 566 2825 Nam
643 2772 750 2825 alia
835 2772 1021 2825 omnia
1091 2772 1439 2843 διαστήματα
1522 2789 1645 2842 quae
1708 2788 1808 2827 sua
1881 2781 2009 2826 teta-

432 2874 485 2915 te
534 2862 989 2931 agnoscebantur,
1046 2878 1274 2933 prorsus
1339 2864 1588 2929 abstulit,
1641 2864 1735 2917 sed
1785 2864 1853 2917 ab
1889 2864 2007 2934 ipsa

429 2956 641 3024 origine
682 2956 995 3010 observavit
1043 2958 1148 3011 hoc
1183 2957 1515 3022 discrimen,
1565 2973 1886 3027 semperque
1934 2958 2008 3012 ita

428 3056 678 3101 sanctum
736 3046 965 3101 Paulum
1019 3049 1411 3119 interpretatus
1466 3058 1676 3114 est,ut
1731 3050 2009 3120 impositio

429 3155 690 3193 manuum
715 3140 850 3193 nulli
881 3141 987 3195 nisi
1018 3142 1182 3210 primi
1211 3143 1420 3197 ordinis
1447 3144 1737 3211 sacerdoti,
1759 3144 1872 3198 sive
1892 3143 2007 3211 epi-

429 3246 595 3302 scopo
646 3232 861 3299 proprie
897 3232 1041 3288 dicto
1068 3242 1201 3289 tunc
1225 3243 1575 3304 competeret.
1606 3234 1662 3287 In
1696 3234 1795 3291 hac
1821 3252 1879 3289 re
1897 3235 2015 3305 epi-

427 3339 623 3392 scopos
657 3326 1025 3396 ὑπερϐαίνειν,
1062 3327 1116 3380 in
1158 3328 1260 3382 hac
1290 3327 1628 3380 πλεονεκτεῖν
1670 3328 1796 3390 τοὺς
1832 3344 2003 3398 πρεσο

428 3415 687 3488 ουτέρους
718 3417 855 3472 dixit
884 3435 897 3470 :
933 3428 986 3473 et
1010 3419 1143 3474 satis
1172 3419 1411 3489 amplum
1446 3420 1549 3473 hoc
1572 3419 1867 3473 discrimen
1896 3418 2011 3487 ipse

423 3505 706 3577 judicavit.
749 3506 885 3562 Nam
924 3510 1141 3563 πάντων
1177 3510 1412 3581 μάλιστα
1465 3509 1818 3582 κυριώτατον,
1854 3511 1945 3565 καὶ
1978 3511 2007 3564 ὂ

429 3598 661 3670 μάλιστα
696 3602 906 3671 συνέχει
968 3601 1064 3673 τὴν
1112 3602 1463 3675 Ἐκκλησίαν,
1498 3602 1559 3656 τὸ
1603 3602 1711 3656 τῶν
1763 3620 2004 3675 χειροτο-

426 3689 576 3753 νιῶν,
599 3710 617 3741 ι
650 3700 971 3761 potestatem
1024 3694 1311 3748 ordinandi
1335 3695 1580 3749 omnium
1609 3711 1920 3764 supremam
1954 3705 2008 3751 et

424 3799 547 3853 quae
585 3782 886 3839 Ecclesiam
943 3786 1184 3840 maxime
1213 3786 1473 3854 continet,
1511 3786 1774 3842 ihomilia
1807 3790 2000 3857 quinta

426 3880 494 3933 ad
529 3880 758 3948 primam
790 3879 961 3950 Epist.
991 3881 1060 3935 ad
1086 3880 1433 3936 Timotheum
1477 3883 1883 3950 pronuntiavit;
1911 3899 2007 3951 pa-

427 3988 515 4028 res
544 3972 709 4042 igitur
733 3989 1012 4044 nunquam
1046 3976 1286 4045 agnovit.
1324 3976 1439 4032 Hoc
1462 3977 1518 4031 in
1566 3977 1888 4046 explicanda
1942 3974 2003 4031 S.

423 4065 802 4135 Cbrysostomi
835 4066 1103 4120 sententia
1131 4077 1340 4122 certum
1372 4077 1476 4132 est,
1507 4077 1566 4122 ut
1611 4068 1665 4122 in
1719 4068 2001 4123 nonnullis

425 4158 559 4211 locis
594 4157 682 4211 ubi
716 4158 1017 4229 presbyteri
1050 4173 1248 4215 nomen
1271 4160 1577 4215 adhibitum
1603 4160 2005 4231 est,presbyte~

425 4264 518 4303 ros
558 4264 750 4304 omnes
787 4250 1100 4315 excluserit,
1130 4262 1183 4305 et
1210 4254 1497 4322 episcopos
1527 4254 1677 4308 solos
1711 4254 2010 4322 intelligen-

423 4341 526 4394 dos
554 4355 674 4394 esse
704 4340 969 4405 docuerit,
1010 4352 1068 4396 ut
1108 4342 1128 4396 Ι
1168 4341 1311 4396 Tim.
1346 4359 1431 4406 iv,
1468 4344 1535 4397 M
1561 4362 1573 4395 :
1604 4345 1679 4396 Οὐ
1714 4345 1841 4415 περὶ
1877 4361 2011 4416 πρε-

424 4431 700 4503 σϐυτέρων
735 4435 898 4506 φησὶν
932 4435 1193 4501 ἐνταῦθα,
1227 4436 1364 4491 ἀλλὰ
1397 4439 1525 4510 περὶ
1567 4440 1914 4501 ἐπισκόπων,
1948 4437 2007 4490 οὐ

421 4523 529 4597 γὰρ
560 4524 625 4595 δὴ
678 4528 1036 4601 πρεσϐύτεροι
1083 4529 1378 4585 ἐπίσκοπον
1419 4532 1807 4603 ἐχειροτόνουν.
1835 4550 1853 4583 ι
1886 4530 2007 4585 Non

2117 612 2284 673 δοκεῖ,
2320 608 2399 679 τῷ
2434 606 2649 677 ἀδελφῷ
2680 605 2758 676 τῷ
2778 604 2992 671 ἑαυτοῦ,
3029 604 3189 666 αὐτὸς
3222 602 3330 674 γὰρ
3365 600 3527 654 αὑτὸν
3557 598 3711 665 λέγει⁵

2118 720 2206 757 ται
2256 700 2778 772 κεχειροτονηκέναι,
2825 699 2919 750 καὶ
2963 696 3260 750 ἐπίσκοπον
3308 696 3365 746 ἐν
3409 689 3711 761 Ἰεροσολύ-

2123 810 2241 864 μοις
2276 790 2635 861 πεποιηκέναι
2669 787 2908 861 πρῶτον.
2940 806 2957 836 ι
2982 785 3176 841 Postea
3207 782 3460 853 apparuit
3479 781 3710 845 Jacobo,

2121 894 2179 939 ut
2202 884 2337 937 mibi
2359 883 2595 947 videtur,
2630 880 2780 933 fratri
2808 896 2929 934 suo.
2985 878 3105 948 lpse
3144 878 3291 931 cnim
3324 876 3477 929 illum
3505 874 3709 928 dicitur

2120 975 2409 1029 ordinasse
2453 984 2508 1028 et
2536 975 2775 1043 primum
2829 970 3333 1040 Hierosolymorum
3386 969 3707 1037 episcopum

2121 1068 2334 1121 fecisse.
2371 1086 2389 1116 ι
2426 1066 2571 1119 Idem
2597 1072 2848 1119 sanctum
2900 1063 3168 1134 lgnatium
3220 1069 3492 1125 nostrum,
3523 1060 3709 1113 Antio-

2119 1161 2307 1214 cliena:
2336 1158 2591 1213 Ecclesia:
2619 1157 2941 1226 episcopum
2975 1171 3004 1208 a
3039 1164 3231 1209 sancto
3265 1153 3425 1207 Petro
3479 1152 3707 1206 ordina-

2121 1262 2237 1305 tum
2266 1251 2533 1321 agnovit,
2570 1259 2624 1303 et
2676 1248 3044 1303 ordinationis
3089 1248 3238 1301 illius
3288 1244 3707 1316 prmrogativam

2120 1344 2277 1397 miris
2310 1343 2487 1397 modis
2511 1342 2848 1411 praadicavit.

2190 1434 2251 1488 Β.
2286 1433 2669 1488 'l‘beodoretus
2691 1431 3074 1487 confusionem
3110 1431 3398 1484 nominum
3428 1427 3705 1498 agnoscit,

2117 1536 2173 1581 et
2197 1527 2303 1581 late
2334 1526 2591 1595 explicat,
2614 1526 2681 1578 ad
2710 1524 2947 1594 Philipp.
2965 1540 3005 1589 ι,
3023 1525 3074 1577 1.
3098 1523 3203 1577 Sed
3229 1523 3516 1592 episcopos
3538 1521 3706 1575 etiam

2117 1629 2248 1673 tunc
2285 1618 2547 1688 temporis
2601 1618 2881 1671 exstitisse
2911 1625 2966 1670 et
2995 1615 3331 1686 presbyteris
3384 1615 3705 1683 superiores

2118 1710 2292 1765 fuisse
2320 1710 2485 1765 simul
2510 1709 2728 1763 asserit.
2762 1708 2931 1761 Docet
2953 1723 3020 1763 eo
3051 1707 3159 1761 loci
3187 1705 3585 1776 perepisc0pos
3614 1704 3706 1757 iii-

2120 1802 2285 1871 telligi
2340 1801 2689 1872 presbyteros
2717 1800 2947 1865 debere;
2982 1798 3079 1855 sed
3109 1795 3565 1868 Epaphroditum,
3609 1793 3705 1864 qui

2046 1896 2090 1955 Β
2121 1905 2233 1949 tum
2263 1894 2321 1947 S.
2355 1894 2526 1947 Paulo
2560 1894 2769 1955 aderat,
2796 1902 2849 1945 et
2874 1907 2972 1960 per
2998 1905 3164 1960 quem
3201 1889 3487 1957 epistolam
3534 1887 3703 1953 misit,

2117 1985 2551 2054 Pliilippensiuni
2582 1983 2900 2052 episcopum
2934 1981 3105 2035 fuisse
3140 1980 3401 2034 ostendit.
3434 1978 3537 2030 Τὸν
3561 1977 3618 2031 δέ
3641 1993 3705 2046 γε

2120 2078 2390 2149 μακάριον
2428 2076 2814 2148 Ἐπαφρόδιτον
2844 2077 2899 2128 ἐν
2920 2076 3056 2144 αὐτῇ
3090 2075 3155 2144 τῇ
3183 2071 3437 2143 ἐπιστολῇ
3468 2071 3707 2125 ἀπόστο-

2114 2171 2204 2225 λον
2227 2171 2409 2225 αὐτῶν
2439 2169 2731 2239 κέκληκεν.
2783 2169 2980 2238 Σαφῶς
3011 2168 3191 2221 τοίνυν
3222 2164 3459 2231 ἐδίδαξεν
3497 2164 3573 2227 ὡς
3604 2164 3707 2234 τὴν

2113 2264 2473 2333 ἐκισκοπικὴν
2503 2261 2815 2331 οἰκονομίαν
2834 2261 2996 2323 αὐτὸς
3023 2259 3381 2313 ἐπεπίστευτο
3413 2256 3549 2325 ἔχων
3571 2256 3707 2306 ἀπο-

2116 2355 2302 2408 στόλου
2356 2355 2768 2426 προσηγορίαντ
2813 2371 2830 2402 ι
2882 2351 3107 2407 Beatum
3157 2348 3588 2420 Epaphroditum
3644 2346 3705 2401 in

2113 2447 2345 2517 epistola
2400 2447 2515 2515 ipsa
2549 2445 2859 2515 apostolum
2911 2458 3103 2497 eorum
3134 2440 3449 2510 appellavit.
3504 2440 3706 2507 Aperte

2112 2556 2241 2610 ergo
2279 2539 2472 2593 docuit
2513 2538 2877 2607 episcopalem
2911 2536 3379 2604 dispensationem
3433 2532 3483 2586 ei
3530 2531 3707 2586 fuisse

2113 2626 2399 2691 creditam,
2429 2641 2553 2680 cum
2584 2626 2999 2695 appellationem
3029 2622 3254 2677 haberet
3294 2622 3547 2691 apostoli.
3585 2640 3603 2671 ι
3640 2619 3707 2674 Et

2112 2733 2307 2772 rursus
2340 2718 2406 2770 ad
2431 2717 2625 2786 σομε,
2668 2733 2813 2772 vers.
2837 2716 2911 2769 25
2944 2735 2955 2769 :
2997 2714 3315 2768 Ἀπόστολον
3341 2715 3396 2766 δὲ
3426 2714 3587 2767 αὑτὸν
3610 2713 3705 2767 κέ-

2112 2808 2313 2880 κληκεν
2344 2810 2543 2873 αὐτῶν,
2572 2810 2648 2871 ὼς
2671 2809 2771 2880 τὴν
2802 2807 3119 2878 ἐπιμέλειαν
3142 2806 3319 2859 αὐτῶν
3341 2808 3705 2876 summotae-

2114 2901 2293 2972 μένον,
2322 2901 2398 2964 ὡς
2427 2894 2741 2971 εἶναιδῆλον
2770 2900 2851 2952 ὅτι
2880 2898 2984 2951 ὑπὸ
3013 2898 3198 2951 τοῦτον
3224 2898 3437 2951 ἐτέλουν
3466 2899 3515 2949 οἱ
3544 2898 3601 2949 ἐν
3623 2895 3704 2967 τῷ

2112 2993 2383 3063 προοιμίῳ
2416 2991 2710 3062 κληθέντες
2738 2990 3045 3049 ἐπίσκοποι.
3084 2990 3177 3042 τοῦ
3216 2989 3586 3061 πρεσϐυτέρου
3609 2988 3703 3059 δη-

2110 3083 2283 3136 λονότι
2334 3084 2435 3154 τὴν
2481 3080 2632 3147 τάξιν
2660 3080 3016 3153 πληροῦντες.
3051 3100 3069 3133 ι
3098 3080 3420 3149 Apostolum
3455 3080 3699 3147 ipsorum

2111 3174 2348 3239 vocavit,
2379 3182 2438 3227 ut
2464 3173 2553 3227 cui
2583 3182 2732 3228 esset
2760 3187 2950 3227 eorum
2970 3187 3102 3227 cura
3128 3171 3466 3225 concredita.
3499 3167 3567 3223 Ut
3588 3169 3702 3224 cla-

2038 3256 2081 3315 C
2116 3280 2240 3318 rum
2298 3264 2370 3317 sit
2394 3263 2497 3318 sub
2523 3263 2616 3317 illo
2662 3264 3005 3319 ministrasse
3036 3278 3153 3329 eos,
3188 3262 3281 3331 qui
3330 3262 3384 3314 in’
3424 3259 3704 3315 Procemio

2112 3356 2452 3410 vocabantur
2468 3356 2733 3425 episcopi,
2748 3371 2941 3425 nempe
2956 3355 3258 3425 presbyteri
3278 3354 3522 3408 ordinem
3552 3368 3705 3408 com-

2113 3448 2345 3519 plentcs.
2382 3467 2400 3499 ι
2433 3448 2770 3502 Sententiam
2801 3448 2922 3516 ejus
2938 3446 3507 3516 plenius'explicatam
3535 3444 3702 3499 habe-

2110 3556 2239 3598 mus
2272 3544 2337 3594 ad
2373 3541 2388 3592 Ι
2421 3539 2565 3595 Tim.
2614 3556 2736 3609 cap.
2774 3556 2835 3593 ιη
2863 3557 2875 3591 :
2906 3541 3045 3603 Τοὺς
3077 3540 3273 3602 αὐτοὺς
3311 3536 3539 3590 ἐκάλουν
3567 3536 3702 3589 ποτὲ

2112 3633 2525 3705 πρεσϐυτέρους
2548 3634 2641 3685 καὶ
2672 3632 3022 3694 ἐπισκόπους·
3059 3632 3186 3694 τοὺς
3224 3631 3280 3684 δὲ
3308 3630 3404 3683 νῦν
3428 3629 3699 3700 καλουμέ-

2111 3740 2235 3785 νους
2266 3723 2598 3785 ἐπισκόπους
2627 3722 2956 3785 ἀποστόλους
2976 3720 3277 3791 ὠνόμαζοψ
3303 3720 3396 3774 τοῦ
3423 3720 3480 3773 δέ
3509 3721 3701 3791 χρόνου

2112 3814 2419 3885 προϊόντος,
2452 3815 2512 3868 τὸ
2537 3814 2634 3885 μὲν
2661 3815 2761 3883 τῆς
2800 3813 3107 3883 ἀποστολῆς
3135 3813 3306 3883 ὄνομα
3343 3816 3454 3876 τοῖς
3485 3812 3700 3884 ἀληθῶς

2111 3906 2432 3969 ἀποστόλοις
2448 3905 2755 3959 κατέλιπον·
2781 3905 2877 3976 τὴν
2901 3904 2957 3957 δὲ
2981 3906 3079 3976 τῆς
3112 3904 3416 3973 ἐπισκοπῆς
3439 3920 3705 3974 προσηγο-

2114 3996 2235 4067 ρίαν
2254 4001 2366 4060 τοῖς
2396 3998 2564 4050 πάλαι
2586 3997 2939 4067 καλουμένοις
2964 3995 3280 4058 ἀποστόλοις
3300 3995 3584 4048 ἐπέθεσαν·
3605 3993 3700 4047 οὖ-

2110 4106 2188 4141 τω
2216 4088 2593 4159 Φιλιππησίων
2615 4088 2913 4152 ἀπόστολος
2943 4088 2971 4139 ὁ
3012 4086 3403 4157 Ἐπαφρόδιτος
3430 4082 3520 4159 ἦν·
3552 4085 3700 4141 οὕτω

2110 4178 2349 4251 Κρητῶν
2373 4182 2402 4232 ὁ
2422 4179 2598 4242 Τίτος,
2630 4179 2723 4232 καὶ
2756 4179 3018 4233 Ἀσιανῶν
3039 4181 3067 4231 ό
3098 4180 3358 4249 Τιμόθεος
3387 4179 3696 4233 ἀπόστολοι·

2110 4270 2254 4323 οὕτω
2288 4271 2395 4323 ἀπὸ
2422 4271 2529 4324 τῶν
2567 4271 2827 4342 Ἱεροσολύ
2838 4289 2952 4341 μων
2980 4275 3093 4334 τοῖς
3123 4274 3179 4324 ἐν
3217 4272 3514 4341 Ἀντιοχείᾳ
3534 4270 3700 4341 ἐγρα-

2110 4362 2217 4431 ψαν
2244 4364 2292 4415 οί
2325 4363 2610 4416 ἀπόστολοι
2641 4364 2732 4417 καὶ
2762 4367 2811 4418 οἱ
2837 4364 3211 4435 πρεσϐύτεροι.
3248 4384 3265 4414 ι
3302 4364 3534 4417 Eosdem
3562 4365 3695 4417 olim

2114 4456 2385 4510 vocabant
2431 4457 2784 4528 presbyteros
2814 4466 2867 4511 et
2894 4459 3184 4527 episc0pos
3223 4475 3235 4509 :
3268 4473 3362 4511 eos
3389 4464 3572 4510 autem
3599 4457 3695 4525 qui

2114 4563 2263 4603 nunc
2315 4558 2581 4602 vocantur
2630 4549 2911 4619 episcopi,
2973 4550 3254 4618 apostolos
3311 4548 3693 4603 nominabant.

424 4617 513 4672 liic
542 4619 607 4672 de
630 4620 965 4693 presbyteris
996 4622 1258 4690 loquitur,
1283 4623 1376 4678 sed
1402 4624 1467 4677 de
1497 4624 1785 4693 episcopis.
1816 4623 2004 4693 Neque

2113 4638 2449 4695 Procedente
2476 4617 2677 4695 autem
2692 4617 2938 4711 tempore
2971 4617 3311 4711 apostolatus
3334 4655 3533 4695 nomen
3567 4640 3697 4695 reli-

423 4709 567 4763 cnim
592 4714 892 4783 presbyteri
916 4714 1232 4783 episcopum
1247 4715 1595 4775 ordinabant.
1620 4736 1639 4767 ι
1668 4714 1733 4769 Et
1760 4715 1867 4770 Tit.
1892 4718 1999 4781 1,5:

422 4799 561 4865 Τοὺς
590 4804 923 4869 ἐπισκόπους
956 4806 1191 4859 ἐνταῦθά
1219 4824 1371 4879 φησι,
1396 4809 1575 4873 καθὼς
1604 4808 1837 4879 ἀλλαχοῦ
1871 4811 2004 4879 ἡμῖν

421 4892 656 4964 εἴρηται.
695 4915 712 4945 ι
743 4895 1042 4966 Episcopos
1072 4899 1160 4953 hic
1203 4899 1475 4968 intelligit,
1524 4902 1992 4971 quemadmodum

423 4999 453 5036 a
489 4984 645 5041 nobis
672 4986 799 5040 alibi
829 4988 1035 5042 dictum
1064 4998 1167 5053 est,
1200 5006 1394 5061 nempe
1416 4994 1482 5049 ad
1500 4992 1695 5063 Philip.
1726 5010 1763 5059 ι,
1792 4994 1856 5057 5;
1899 4994 2000 5048 ho-

424 5077 571 5131 milia
592 5080 782 5147 quinta
816 5082 883 5135 ad
902 5081 1247 5139 TimOtheum
1268 5086 2007 5157 :Atalsxflelg‘nsptﬁmcw‘

422 5182 558 5232 πων,
586 5169 713 5240 περὶ
733 5170 1015 5238 διακόνων,
1044 5173 1273 5246 ἀνδρῶν,
1302 5176 1597 5244 γυναικῶν,
1631 5176 1758 5248 περὶ
1790 5175 1999 5246 χηρῶν,

424 5259 548 5330 περὶ
566 5276 667 5330 πρε
675 5259 831 5315 σϐυτέ
839 5283 968 5335 ρων,
988 5268 1112 5338 περὶ
1127 5268 1235 5321 τῶν
1246 5268 1420 5322 ἄλλων
1433 5270 1706 5333 ἀπάντων,
1722 5270 1815 5323 καὶ
1827 5268 1882 5322 δε
1891 5267 2004 5332 ίξας

420 5351 559 5403 ὅσων
580 5352 726 5405 ἐστιν
743 5355 1040 5421 ἐπίσκοπος
1061 5359 1246 5430 κύριος
1260 5402 1274 5426 ,
1290 5361 1378 5414 ὅτε
1399 5362 1528 5433 περὶ
1540 5362 1774 5433 κρίσεως
1796 5361 2002 5429 ἔλεγεν,

423 5440 686 5509 ἐπήγαγε.
701 5462 719 5494 ι
744 5444 879 5499 Cum
892 5448 1321 5506 disseruissetde
1345 5453 1635 5523 episc0pis,
1650 5453 1719 5508 de
1731 5454 2001 5518 diaconis,

425 5541 537 5584 tum
567 5533 697 5588 viris
720 5544 832 5590 tum
864 5538 1102 5607 feminis,
1135 5543 1202 5596 de
1223 5543 1424 5610 viduis,
1450 5546 1518 5599 de
1545 5546 1899 5615 presbyteris,
1931 5547 2000 5601 de

421 5626 546 5683 aliis
601 5632 881 5697 omnibus,
922 5638 1360 5708 ostendissetque
1401 5641 1647 5708 qualium
1711 5642 2002 5710 episcopus

418 5719 676 5778 dominus
689 5728 888 5791 est,ubi
911 5730 975 5783 de
991 5731 1198 5798 judicio
1217 5732 1449 5794 dixerat,
1470 5734 1777 5803 subjunxit.
1808 5753 1827 5785 ι
1848 5734 1995 5788 Idem

420 5813 680 5872 Jacobum
715 5819 936 5873 fratrem
990 5821 1202 5875 Domini
1230 5822 1730 5894 Hierosolymorum
1782 5825 1997 5893 episco-

419 5925 545 5978 pum
596 5913 663 5966 ab
720 5913 875 5969 initio
919 5914 1229 5972 ordinatum
1269 5916 1499 5984 putavit.
1556 5915 1788 5972 Humilia
1847 5918 1903 5972 il
1940 5919 1995 5973 in

2114 4740 2354 4800 querunt
2399 4731 2466 4785 iis
2518 4731 2611 4800 qui
2663 4746 2791 4785 vere
2823 4741 2983 4786 erant
3032 4732 3307 4802 apostoli;
3340 4731 3697 4800 episcopatus

2109 4830 2293 4875 autem
2356 4822 2775 4891 appellationem
2828 4823 2897 4877 iis
2947 4823 3041 4891 qui
3093 4823 3224 4876 olim
3279 4822 3698 4891 appellabantur

2110 4914 2364 4983 apostoli,
2402 4915 2802 4984 imposuerunt.
2837 4917 2915 4968 Ita
2948 4913 3382 4984 Philippensium
3413 4915 3696 4985 apostolus

2107 5015 2225 5060 erat
2252 5006 2652 5076 Epaphroditus
2680 5025 2693 5061 :
2726 5007 2797 5061 ita
2839 5007 3186 5061 Cretensium
3220 5006 3399 5072 Titus,
3442 5016 3497 5061 et
3534 5006 3697 5062 Asia-

2109 5112 2307 5150 norum
2341 5095 2665 5152 Timotheus
2692 5099 2950 5167 apostoli.
2997 5099 3073 5152 lta
3107 5098 3176 5151 ab
3205 5096 3599 5168 Hierosolymis
3628 5098 3697 5151 iis

2107 5187 2200 5256 qui
2229 5196 2388 5241 erant
2410 5187 2737 5251 Antiochiae,
2771 5190 3111 5258 scripserunt
3140 5189 3371 5258 apostoli
3392 5197 3445 5242 et
3471 5190 3698 5260 presby-

2109 5276 2231 5331 teri.
2259 5296 2276 5328 ι
2303 5275 2451 5331 Unde
2473 5290 2698 5346 apparet
2725 5294 2789 5333 ex
2811 5280 3078 5333 sententia
3102 5278 3163 5333 Β.
3188 5278 3537 5343 Theodoreti,
3561 5288 3697 5334 tem-

2109 5383 2240 5437 pore
2271 5369 2646 5437 apostolorum
2703 5380 2813 5424 tres
2861 5369 3034 5424 fuisse
3079 5373 3284 5442 gradus
3318 5373 3374 5425 in
3407 5370 3690 5426 Ecclesia:

2108 5462 2523 5531 episcopos,qni
2545 5475 2658 5517 tum
2682 5464 3005 5518 dicebantur
3022 5466 3291 5533 apostoli;
3322 5466 3691 5536 presbyteros,

2107 5554 2200 5622 qui
2232 5569 2379 5608 nunc
2416 5555 2685 5624 episcopi,
2724 5571 2869 5609 nunc
2902 5559 3205 5627 presbyteri
3235 5559 3597 5624 vocabantur,
3638 5567 3693 5613 et

2106 5644 2412 5699 diaconos:
2444 5655 2635 5714 postea
2679 5662 2826 5713 vero,
2876 5649 3039 5717 primi
3092 5650 3305 5704 ordinis
3353 5651 3692 5715 sacerdotes,

2106 5737 2325 5790 nomine
2356 5737 2587 5806 apostoli
2630 5737 2736 5792 illis
2763 5738 2857 5807 qui
2907 5755 3033 5793 vere
3068 5742 3300 5810 apostoli
3334 5740 3575 5807 fuerunt,
3604 5756 3693 5794 re-

2106 5838 2348 5893 servato,
2382 5830 2606 5897 proprie
2628 5841 2680 5885 et
2710 5831 2967 5885 distincte
3012 5834 3299 5902 episcopos
3340 5834 3517 5887 dictos
3545 5847 3688 5893 esse,

2106 5928 2156 5973 et
2188 5919 2425 5989 reliquos
2460 5920 2685 5974 secundi
2720 5921 2930 5976 ordinis
2965 5922 3277 5977 sacerdotes
3316 5921 3689 5991 presbyteros.
