2069 3200
246 188 299 218 429

631 194 658 222 ,1.
680 194 862 221 PEARSONH
882 193 1044 222 VlNDiCle
1064 194 1278 223 lCNATIANAE.
1299 210 1331 215 -
1348 196 1439 223 PARS
1453 195 1486 223 ll.

1815 200 1868 226 430

245 256 281 284 At
292 255 409 290 apostoli
425 262 524 284 nomen
535 255 616 291 primi
628 256 734 283 ordinis
749 256 1030 283 sacerdotibustribui
1049 257 1070 286 Α
1085 255 1200 290 singulis
1222 255 1353 283 Ecclesiis
1377 263 1495 290 przeesse
1522 255 1651 283 decrevit.
1672 265 1681 282 ι
1696 250 1734 284 Ac
1748 265 1844 284 rursus
1863 278 1869 283 .

246 302 329 330 desiit
342 307 406 330 ante
430 303 592 338 martyrium
609 302 716 338 lgnatii.
743 302 814 337 Ergo
837 309 871 330 ex
898 303 1033 331 sententia

245 347 412 376 Theodoreti
424 349 476 376 sub
489 348 605 383 lgnatio,
621 352 649 376 et
662 348 750 375 cilicio
765 352 792 375 et
808 347 920 375 nomine
933 347 1033 374 distin-

245 394 400 430 guebantur
412 394 532 429 episcopi
544 398 572 421 et
585 394 747 429 presbyteri.

282 438 503 474 Theophylactus
520 443 594 466 certe
608 447 662 467 non
676 440 846 467 existimavit
860 440 1033 475 presbyteros

246 484 281 512 ad
291 484 483 519 Philippenses
495 485 639 520 episcopos
653 492 715 512 esse
729 485 819 513 dictos
833 486 880 513 sed
891 486 1033 521 coepisco-

245 537 313 564 pos;
337 530 483 564 episcopos
506 535 597 557 autern
618 530 777 565 apostolicis
792 531 961 566 temporibus
985 539 1033 559 eos

244 574 328 603 etiam
340 574 429 603 dictos
446 575 559 609 putavit,
581 575 619 607 ὡς
636 575 853 608 ἐπισκοποῦντας
867 577 966 613 δηλαδὴ
983 577 1031 604 καὶ

244 624 344 656 αὐτοὺς
357 623 404 650 τὸν
415 623 489 656 λαόν,
511 632 520 648 ‹
537 623 609 658 quod
624 623 706 650 etiam
724 624 774 658 ipsi
794 624 923 658 populum
940 624 1034 659 inspe-

244 674 361 703 ctarent,
377 669 443 697 tsed
456 677 508 697 suo
523 669 726 702 modulo,t'bcns
735 670 875 705 καθαίρειν
888 670 935 697 καὶ
948 671 1032 704 φωτί-

244 715 302 748 ζειν
313 714 376 746 τοὺς
390 714 543 750 δεομένους,
567 723 577 740 ι
592 720 622 741 ut
636 719 787 749 purgarent
803 719 830 742 et
850 715 1031 749 illustrarent,

244 769 292 788 seu
308 760 480 795 baptizarent
491 768 540 789 eos
551 767 622 795 quos
636 765 710 788 esset
726 768 849 789 necesse.
872 770 882 787 ι
896 761 964 789 Nam
978 762 1032 789 alia

244 814 322 834 sacra
333 805 420 833 olﬁcia
435 806 518 833 etiam
532 810 589 835 tum
602 806 739 841 episcopis
753 807 911 834 reservavit.
928 808 965 834 Οὐ
976 808 1032 844 γὰρ

243 852 424 888 πρεσϐύτεροι
448 852 595 880 ἐπίσκοπον
619 852 812 887 ἔχειροτὸνουν.
828 862 838 878 ι
857 852 918 880 Non
944 854 1030 887 enim,

243 897 343 933 inquit,
358 897 508 932 presbyteri
522 897 682 932 episcopum
697 897 872 926 ordinabant.
892 908 901 924 ι
913 897 992 926 Unde
1003 899 1030 925 in

241 932 382 970 Prooémio
393 942 426 969 ad
437 941 530 969 Titum
546 951 553 969 :
568 941 629 968 Τῶν
641 942 740 978 Παύλῳ
755 942 888 970 συνόντων
909 943 1029 979 δοκιμώ-
1047 932 1067 961 Β

241 997 324 1020 eam:
336 989 350 1015 ὁ
362 988 442 1020 Τίτος
457 987 506 1020 ὣν,
522 988 670 1020 ἐπισκοπὸς
682 997 712 1015 τε
723 988 773 1024 τῆς
786 988 899 1024 Κρήτης
911 989 1031 1026 μεγάλης

240 1035 326 1071 οΰσης
349 1035 461 1062 suam
486 1034 566 1061 τοῦτο
591 1035 807 1071 κεχειροτόνητο,
827 1036 874 1062 καὶ
895 1036 1031 1063 τοσούτων

241 1081 400 1109 ἐπισκόπων
417 1081 507 1116 κρίσιν
521 1081 566 1107 καὶ
578 1081 743 1116 χειροτονίαν
753 1082 907 1117 ἐπετράπη.
928 1092 936 1107 ι
958 1083 1031 1109 Inter

240 1136 339 1156 omnes
361 1129 407 1164 qui
432 1136 494 1156 cum
510 1128 595 1155 Paulo
614 1129 713 1155 versati
727 1133 801 1161 sunt,
818 1130 1031 1163 probatissimus

241 1181 304 1202 cum
315 1178 390 1201 esset
404 1173 647 1208 Titus,episcopus
662 1179 804 1208 propterea
817 1174 1031 1211 Cretm,magn;e

242 1219 318 1247 illius
337 1219 445 1250 insulae,
460 1220 564 1247 electus
576 1224 627 1252 est,
648 1224 741 1254 totque
763 1220 954 1255 episcoporum
969 1230 1029 1249 cum

239 1265 385 1300 judicium,
400 1270 457 1292 tum
474 1265 611 1292 ordinatio
622 1265 646 1291 ei
658 1266 819 1293 demandata
832 1271 883 1293 est.
904 1266 954 1294 )El
967 1269 1030 1302 qni-

240 1311 303 1338 dem
315 1311 348 1338 de
364 1312 498 1339 sententia
512 1311 721 1346 Theophylacti,
740 1318 883 1347 postquam
898 1314 931 1341 de
945 1314 1031 1349 Chry~

240 1361 364 1385 sostomo
379 1357 509 1389 diximus,
526 1358 707 1385 dubitandum
724 1367 778 1385 non
793 1363 844 1386 est.

277 1402 350 1430 Inter
365 1403 478 1431 Latinos
491 1405 597 1438 primus
614 1404 698 1433 fuisse
712 1406 833 1432 creditur
841 1411 937 1433 auctor
948 1406 1031 1434 Com-

239 1449 437 1476 mentariorum
454 1450 480 1476 in
493 1451 623 1483 epistolas
646 1451 676 1478 S.
698 1451 774 1478 Pauli
796 1452 846 1479 sub
866 1453 977 1479 nomine

240 1495 380 1522 Ambrosii
397 1496 544 1527 editorum,
561 1498 633 1531 quod
645 1505 675 1524 se
692 1498 834 1532 scripsisse
847 1498 898 1524 sub
912 1498 1030 1525 Damaso

240 1542 370 1577 episcopo
397 1541 534 1572 Romano.
554 1542 607 1569 hoc
621 1548 663 1570 est
681 1548 743 1570 ante
765 1551 795 1578 _a.
813 1544 844 1570 D.
866 1544 919 1570 584
945 1545 1030 1578 proti-

241 1590 341 1618 teatur,
357 1587 404 1621 qui
420 1587 541 1622 episcopi
558 1593 585 1614 et
599 1589 749 1623 presbyteri
774 1590 883 1616 nomina
893 1594 1028 1624 tanquam

241 1640 393 1668 synonyma
415 1633 441 1660 in
458 1633 599 1668 Scriptura
616 1635 769 1662 tradiderit.
797 1635 846 1662 Hic
863 1640 954 1663 tamen
971 1637 1030 1671 epi-

240 1685 339 1712 scopos
362 1678 517 1712 singulares
534 1679 662 1706 Ecclesiis
677 1679 821 1714 praefuisse
841 1682 1028 1714 apostolorum

241 1728 364 1756 tempore
389 1724 490 1757 saepius
504 1724 594 1751 docet.
612 1725 730 1759 Insignis
754 1726 833 1759 plane
860 1726 949 1757 locus,
975 1734 1029 1761 (luo

240 1769 287 1797 illa
303 1770 337 1797 ad
361 1769 562 1805 Pltilippenses,
584 1779 644 1797 cum
659 1772 788 1805 episcopis
809 1777 833 1798 et
858 1773 1028 1805 diaronibus,

241 1816 371 1851 explicat.
387 1826 396 1842 ε
406 1816 466 1844 Hoc
477 1821 529 1848 est,
543 1817 643 1852 inquit,
659 1825 721 1844 eum
737 1817 822 1844 Paulo
835 1822 861 1844 et
874 1817 1028 1850 Timotheo,

241 1861 289 1896 qui
304 1862 398 1897 utiqtte
417 1863 538 1897 episcopi
555 1867 643 1894 erant,
662 1863 743 1890 simul
759 1867 786 1890 ct
800 1863 976 1898 significavit,
1003 1868 1031 1890 et

239 1907 374 1936 diaconos
384 1909 431 1943 qui
448 1909 641 1936 ministrabant
653 1909 689 1936 ei.
707 1909 747 1936 Ad
762 1910 866 1944 plebem
877 1910 949 1936 enim
962 1911 1030 1937 scri-

239 1953 291 1981 bit.
306 1954 374 1982 Nam
391 1955 415 1983 si
431 1955 568 1990 episcopis
584 1955 727 1987 scriberet,
756 1960 782 1982 et
801 1956 977 1988 diaconibus,
994 1957 1028 1983 ad

239 2008 375 2036 personas
398 2008 494 2028 eorum
511 2002 652 2033 scriberet,
676 2002 769 2029 etloci
790 2002 876 2036 ipsius
900 2003 1030 2037 episcopo

241 2046 416 2073 scribendum
432 2051 501 2077 erat,
517 2054 571 2073 non
587 2047 694 2074 duobus
707 2047 749 2073 vel
761 2047 858 2077 tribus,
875 2048 947 2074 sicut
958 2052 983 2074 et
997 2048 1031 2074 ad

241 2089 334 2118 Titum
352 2096 379 2118 et
394 2090 579 2118 Timotheum.
596 2101 605 2117 ι
619 2091 712 2126 Neque
728 2093 819 2119 minus
832 2092 1030 2120 illustrisloeus

241 2135 288 2164 ille
303 2141 356 2168 est,
370 2145 426 2171 quo
442 2138 524 2164 verba
540 2137 592 2164 ista
606 2144 613 2163 :
631 2137 776 2173 Propterea
788 2138 862 2165 debet
875 2140 970 2166 mulier
982 2148 1029 2173 p0-

242 2185 365 2209 mtalem
380 2182 474 2209 habere
486 2191 567 2217 supra
582 2188 670 2217 caput,
686 2185 767 2210 etiam
782 2189 887 2218 propter
912 2185 1028 2219 angelos,

243 2225 253 2253 I
266 2226 331 2254 Cor.
348 2235 455 2262 cap.xr,
470 2236 543 2255 vers.
565 2227 609 2261 l0,
622 2229 761 2262 explanat.
776 2229 942 2256 Potestatem
963 2239 971 2254 ι
985 2237 1030 2256 ve-

1085 310 1095 326 (
1108 300 1235 336 Nunquid
1243 308 1338 328 omnes
1346 301 1461 336 apostoli
1470 300 1620 335 "’?,Verum
1631 306 1683 335 est,
1698 303 1762 336 quia
1776 302 1806 330 iu
1821 302 1859 330 Ec

1084 347 1166 374 clcsia
1185 355 1257 374 unus
1280 351 1322 374 est
1335 347 1489 382 episcopus.
1509 356 1519 374 ι
1538 348 1610 375 Idem
1628 347 1662 375 ad
1679 347 1774 375 ITim.
1791 356 1870 375 c.1v:

1087 401 1096 418 ι
1113 391 1192 420 Nunc
1223 396 1313 420 autem
1341 396 1443 427 septem
1472 393 1605 420 diaconos
1629 401 1690 421 esse
1709 399 1825 428 oportet,
1845 399 1872 422 et

1085 437 1242 472 aliquantos
1256 438 1440 473 presbyteros,
1456 442 1487 465 ut
1498 439 1553 465 bini
1570 439 1625 466 sint
1635 447 1683 474 per
1690 440 1832 474 ecclesias,
1844 445 1871 468 et

1085 491 1156 510 unus
1168 483 1196 510 in
1211 483 1320 510 civitate
1333 484 1504 518 episcopus.»
1516 484 1551 511 De
1564 484 1708 513 Timotheo
1723 486 1760 513 ita
1778 486 1870 522 loqui—

1085 533 1129 555 tur
1146 528 1173 555 in
1190 527 1328 556 Procemio
1344 538 1369 556 ε(
1389 528 1467 556 Hunc
1478 537 1544 565 ergo
1556 530 1611 564 jam
1627 536 1750 558 creatum
1768 532 1871 567 episco-

1084 581 1148 608 pum
1166 574 1280 602 instruit
1291 582 1339 609 per
1352 575 1507 609 epistolam,
1525 577 1664 611 quomodo
1678 578 1789 605 deberet
1815 578 1870 606 Ec-

1084 619 1196 647 clesiatn
1221 620 1359 648 ordinare.
1381 630 1390 647 ι
1406 620 1514 649 Pariter
1545 627 1571 650 et
1596 623 1630 650 de
1647 623 1709 650 Tito
1726 632 1732 649 :
1748 634 1757 649 ‹
1777 624 1869 652 Titum

1084 666 1231 700 Apostolus
1242 667 1412 695 consecravit
1422 668 1593 703 episcopum,
1606 674 1633 696 et
1644 670 1705 697 ideo
1715 678 1871 699 commonet

1083 718 1145 738 eum
1164 716 1193 738 ut
1208 712 1243 739 sit
1255 712 1391 740 sollicitus
1408 713 1436 740 in
1451 714 1639 742 ecclesiastica
1656 716 1837 744 ordinatione.
1859 727 1868 741 ι

1083 757 1122 784 Ex
1138 758 1239 792 quibus
1255 759 1383 786 omnibus
1408 764 1522 794 apparet
1549 765 1669 788 veterem
1686 762 1760 789 hunc
1774 768 1871 790 aucto-

1082 810 1150 835 rem,
1159 804 1206 839 qui
1219 808 1283 831 ante
1291 804 1515 840 Cbrysostomum
1524 811 1550 833 et
1560 805 1753 843 Hieronymum
1763 809 1796 836 de
1806 817 1873 836 con-

1083 848 1192 877 fusione
1206 850 1349 877 nominum
1358 851 1501 886 scripsisse
1512 852 1629 886 videtur,
1646 854 1800 889 singulares
1811 856 1871 890 epi-

1083 903 1181 931 scopos
1196 897 1385 931 apostolorum
1401 905 1459 925 aevo
1474 898 1500 925 in
1525 899 1683 928 civitatibus
1704 901 1871 929 constitutos

1082 943 1237 978 agnovisse.
1253 943 1389 979 Pelagius,
1410 949 1440 972 ut
1451 945 1570 979 videtur,
1585 951 1682 974 auctor
1696 947 1873 976 Commenta-

1081 989 1185 1016 riorum
1201 990 1229 1016 in
1247 989 1384 1024 Epistolas
1403 991 1484 1018 Pauli
1502 990 1667 1029 Hieronymo
1688 994 1871 1029 ascriptorunt

1082 1034 1109 1061 in
1125 1034 1197 1069 IEp.
1211 1035 1245 1062 ad
1257 1034 1376 1063 Timotb.
1395 1043 1419 1063 c.
1437 1043 1486 1064 ut:
1506 1046 1516 1063 ι
1535 1036 1674 1070 Quaeritur
1688 1047 1737 1066 cur
1758 1040 1792 1067 de
1810 1047 1873 1074 pre-

1082 1080 1200 1115 sbyteris
1221 1081 1324 1107 nullam
1344 1081 1426 1108 iaciat
1447 1083 1626 1117 mentionem,
1650 1084 1695 1111 sed
1708 1092 1756 1112 eos
1771 1085 1797 1111 in
1811 1085 1871 1119 epi—

1083 1134 1228 1160 scoporum
1248 1127 1359 1153 nomine
1377 1125 1625 1162 comprehenderit,
1638 1129 1702 1163 quia
1718 1130 1867 1162 secundus,

1083 1172 1138 1198 imo
1166 1179 1235 1206 perte
1254 1180 1325 1199 unus
1350 1177 1392 1199 est
1407 1173 1518 1207 gradus.
1537 1183 1546 1199 ι
1563 1173 1637 1201 Duos
1656 1175 1738 1209 igitur
1754 1176 1868 1210 gradus,

1082 1217 1209 1251 quamvis
1223 1225 1276 1244 non
1292 1225 1458 1252 magnopere
1484 1218 1627 1252 distantes,
1642 1221 1694 1247 sub
1711 1229 1765 1247 uno
1790 1221 1870 1248 titulo

1082 1263 1295 1297 comprehensos
1310 1264 1430 1298 agnovit.
1446 1263 1512 1297 Quae
1527 1265 1868 1300 transcripsitPrimasius,

1082 1308 1128 1342 qui
1146 1309 1180 1335 ad
1196 1308 1386 1350 Philippen‘scs
1409 1310 1532 1337 uota'vit:
1552 1320 1560 1335 ι
1579 1311 1729 1346 Episcopos
1754 1312 1798 1339 hic
1814 1321 1869 1339 non

1082 1354 1169 1381 solum
1188 1355 1341 1389 pontifices,
1357 1355 1404 1382 sed
1423 1360 1449 1382 et
1465 1357 1638 1391 presbyteros
1650 1357 1838 1392 intelligimus.
1858 1368 1866 1383 ι

1117 1400 1239 1435 Denique
1265 1400 1448 1436 Hieronymus
1475 1402 1522 1436 qui
1552 1407 1614 1437 post
1635 1402 1869 1433 Ambrosiastrum

1083 1447 1267 1473 Romanorum
1283 1447 1461 1474 diaconorum
1478 1448 1577 1475 fastum
1592 1454 1645 1475 non
1667 1449 1758 1476 minus
1773 1450 1871 1476 acriter

1082 1493 1235 1528 castigavit,
1260 1497 1287 1520 et
1315 1494 1471 1521 confusioni
1499 1496 1642 1522 nominum
1659 1497 1727 1523 adeo
1751 1497 1870 1530 inhaesit,

1082 1544 1111 1565 ut
1125 1539 1194 1566 idem
1217 1540 1337 1574 episcopi
1355 1545 1381 1567 et
1403 1541 1553 1576 presbyteri
1568 1542 1686 1569 oilicium
1703 1547 1730 1569 et
1743 1543 1870 1570 eumdem

1082 1587 1216 1616 ordinem,
1229 1586 1293 1613 dum
1307 1588 1394 1614 sancti
1407 1587 1504 1615 Petrus
1517 1593 1543 1615 et
1552 1588 1651 1616 Paulus
1666 1589 1798 1621 viverent,
1809 1598 1871 1617 crc-

1082 1632 1185 1659 didisse
1198 1632 1340 1665 videatur;
1359 1633 1418 1660 sine
1431 1634 1618 1661 controversia
1635 1639 1724 1661 tamen
1738 1643 1809 1669 saepe
1821 1636 1871 1662 do-

1081 1678 1138 1704 cuit
1158 1683 1212 1705 tres
1227 1679 1339 1713 gradus,
1367 1680 1473 1714 triaque
1488 1679 1573 1706 omeia
1597 1684 1624 1707 et
1640 1681 1751 1707 nomine
1774 1685 1801 1708 et
1820 1689 1871 1716 p0-

1081 1729 1177 1752 testatc
1196 1726 1336 1758 distincta,
1352 1730 1501 1760 antequam
1527 1726 1555 1753 S.
1572 1726 1693 1762 lgnatius
1717 1728 1751 1754 ad
1769 1734 1872 1763 marty-

1082 1771 1153 1797 rium
1181 1771 1337 1802 duceretur,
1359 1771 1506 1799 exstitisse.
1533 1771 1597 1798 llaec
1618 1772 1690 1799 enim
1711 1773 1770 1806 ejus
1788 1774 1870 1800 verba

1082 1822 1146 1844 sunt
1158 1818 1272 1851 epistola
1286 1818 1318 1844 ad
1332 1817 1475 1852 Evagrium
1489 1827 1495 1844 :
1509 1827 1517 1842 ι
1531 1817 1565 1844 Ut
1576 1818 1697 1845 sciamus
1709 1819 1872 1846 traditiones

1082 1863 1247 1897 apostolicos
1274 1868 1398 1897 sumptas
1419 1864 1452 1890 de
1477 1863 1568 1890 Veteri
1596 1864 1780 1896 Testamento,
1796 1866 1870 1899 quoii

1081 1909 1172 1934 Aaron
1190 1913 1216 1935 et
1237 1908 1282 1935 lilii
1296 1908 1356 1942 ejus
1373 1914 1455 1943 atque
1482 1909 1569 1937 levita;
1585 1909 1611 1935 in
1631 1910 1731 1944 templo
1746 1909 1870 1941 fuerunt,

1083 1955 1134 1981 hoc
1148 1955 1200 1981 sibi
1214 1954 1347 1989 episcopi,
1378 1956 1529 1990 presbyteri
1553 1960 1580 1982 et
1597 1956 1705 1982 diaconi
1729 1956 1869 1983 vindicent

1082 2003 1110 2028 iu
1125 2001 1256 2029 Ecclesia.
1277 2012 1284 2027 ι
1304 2002 1447 2034 Quomodo
1463 2007 1553 2029 autent
1568 2002 1624 2029 hmo
1637 2002 1745 2029 traditio
1762 2007 1872 2036 aposto-

1082 2048 1133 2075 lica
1150 2055 1211 2074 esse
1229 2048 1328 2081 potuit,
1355 2048 1495 2082 quomodo
1522 2056 1556 2074 ex
1577 2047 1666 2075 Veteri
1692 2047 1872 2075 Testamento

1082 2095 1236 2128 desumpta,
1251 2094 1272 2121 si
1291 2101 1347 2120 non
1359 2094 1546 2128 apostolorum
1563 2102 1621 2121 :evo
1644 2095 1800 2122 exstiterint
1814 2095 1873 2128 epi-

1083 2141 1156 2175 scopi
1172 2140 1339 2175 presbyteris
1350 2140 1517 2174 superiores,
1530 2141 1761 2174 quemadmodum
1779 2142 1871 2168 Aaron

1082 2192 1109 2213 et
1132 2186 1221 2213 oliieio
1238 2190 1264 2212 et
1288 2186 1420 2221 dignitate
1438 2186 1501 2213 iiliis
1517 2187 1642 2221 superior
1668 2186 1802 2214 fuit?Aut
1817 2195 1871 2222 qua

1082 2232 1188 2259 ratione
1211 2231 1282 2258 hanc
1306 2237 1425 2258 mentem
1441 2231 1601 2267 Hieronymi
1623 2232 1709 2259 fuisse
1733 2232 1871 2266 quispiam

243 2272 334 2300 lamen
352 2273 532 2308 signiﬁcavit,
555 2274 668 2309 angelos
690 2275 835 2309 episcopos
860 2275 936 2307 dicit,
958 2276 1028 2302 sicut
1044 2280 1066 2306 D
1081 2278 1230 2314 negaverit,
1241 2278 1287 2312 qui
1298 2278 1355 2305 hmo
1365 2285 1427 2304 eum
1438 2278 1539 2305 diserte
1554 2278 1698 2312 scripsisse
1709 2278 1742 2305 ad
1753 2278 1871 2305 Matuta-2

242 2319 356 2346 docetur
369 2319 397 2346 in
410 2318 573 2355 Apocalypsi
593 2319 718 2347 Joannis.
737 2320 770 2346 Et
782 2322 845 2355 quia
864 2321 959 2356 utique
982 2322 1032 2348 ho—

243 2365 333 2392 mines
346 2369 421 2397 sunt,
434 2365 506 2400 quod
522 2373 577 2392 non
593 2366 764 2401 corriperent
776 2367 881 2401 plebem
891 2388 898 2399 ,
911 2375 1032 2401 arguun-

242 2416 304 2442 tur;
329 2415 356 2438 et
381 2411 454 2446 quod
469 2415 573 2439 rectum
592 2417 635 2439 est
655 2412 682 2439 in
706 2413 760 2440 illis
775 2413 914 2440 laudatur.
933 2414 1031 2441 Mulier

242 2465 308 2491 ergo
321 2457 424 2484 ideirco
436 2457 516 2485 debet
527 2458 619 2485 velare
630 2463 721 2492 caput,
736 2458 800 2493 quia
816 2466 870 2486 non
884 2464 926 2486 est
942 2459 1032 2494 imago

243 2498 303 2532 Dei.
318 2502 366 2530 sed
386 2507 415 2530 ut
431 2503 592 2531 ostendatur
611 2503 745 2537 subjecta.
764 2503 796 2530 Et
819 2504 884 2538 quia
900 2505 1031 2539 przcvari-

242 2548 316 2576 catio
330 2555 379 2583 per
387 2548 462 2575 illam
473 2548 601 2576 inchoata
616 2552 668 2581 est,
681 2549 734 2576 hoc
744 2549 814 2583 signi
827 2549 907 2576 debet
920 2550 1030 2581 habere,

243 2599 274 2622 ut
291 2594 320 2621 iu
330 2593 452 2622 Ecclesia
467 2600 577 2629 propter
586 2595 764 2622 reverentiam
778 2596 959 2630 episcopalem
976 2604 1030 2623 non

244 2639 344 2668 habeat
357 2644 440 2676 caput
454 2641 584 2674 liberum,
609 2641 656 2669 sed
677 2641 811 2669 velamine
830 2646 952 2675 tectum,
982 2650 1031 2669 nec

243 2686 344 2714 habeat
356 2691 518 2721 potestatem
533 2687 672 2722 loquendi,
699 2687 763 2722 quia
775 2687 919 2722 episcopus
934 2695 1031 2722 perso-

243 2739 308 2760 nam
318 2732 402 2760 habet
415 2732 528 2760 Christi.
537 2733 621 2765 Quasi
632 2740 698 2767 ergo
709 2737 772 2760 ante
783 2733 903 2768 iudicem
918 2733 958 2760 sic
968 2737 1032 2760 ante

243 2777 414 2813 episcopum,
423 2779 487 2813 quia
497 2778 617 2806 vicarius
629 2778 738 2805 Domini
747 2783 798 2809 est,
815 2783 925 2813 propter
941 2784 1031 2806 reatus

243 2822 390 2857 originem,
414 2822 538 2858 subjecta
559 2824 640 2852 debet
653 2822 749 2851 videri.
763 2832 772 2849 ι
790 2823 823 2851 Et
835 2823 917 2858 paulo
943 2829 1005 2858 post
1024 2832 1030 2849 :

247 2868 332 2901 «Quia
346 2869 382 2897 ab
395 2876 452 2896 uno
461 2869 542 2897 Patre
556 2875 620 2897 sunt
636 2870 739 2903 omnia,
754 2871 877 2905 singulos
889 2870 1031 2906 episcopos

281 2914 302 2929 "
320 2912 410 2941 lCor.
423 2921 475 2948 ιιι,
493 2913 538 2941 29.
575 2914 599 2931 "
621 2913 710 2942 lCor.
729 2922 748 2948 ι,
763 2915 806 2948 te,

1083 2332 1143 2358 cap.
1162 2331 1242 2356 xxtu,
1260 2324 1367 2350 noverit
1382 2332 1388 2348 :
1409 2333 1418 2348 ι
1430 2323 1508 2356 Quod
1527 2323 1649 2350 fecerunt
1661 2328 1687 2350 et
1698 2324 1814 2358 apostoli
1825 2332 1873 2359 per

1084 2369 1204 2404 singulas
1221 2369 1377 2403 provincias
1400 2369 1575 2404 presbyteros
1589 2373 1617 2395 et
1630 2369 1776 2403 episcopos
1794 2370 1871 2396 ordi-

1084 2420 1189 2442 nantes.
1209 2424 1218 2440 ι
1238 2414 1310 2442 Idem
1323 2415 1349 2441 in
1360 2414 1566 2441 Commentario
1581 2414 1614 2441 ad
1630 2414 1722 2442 Titum
1740 2423 1746 2440 :
1764 2425 1772 2441 ι
1789 2416 1872 2443 Ante-

1084 2468 1166 2495 quam
1183 2460 1284 2487 diaboli
1302 2460 1434 2488 instinctu
1457 2460 1546 2487 studia
1569 2461 1596 2487 in
1614 2460 1749 2496 religione
1765 2461 1871 2494 ﬁerent,

1083 2512 1109 2533 et
1124 2507 1260 2534 diceretur
1279 2506 1305 2533 in
1322 2506 1429 2540 populis
1446 2506 1520 2541 :Ego
1532 2514 1589 2532 sum
1604 2506 1696 2538 Pauli,
1710 2515 1756 2542 ego
1766 2507 1871 2542 Apollo,

1083 2561 1129 2587 ego
1144 2557 1232 2579 autent
1250 2552 1343 2587 Cephw
1355 2552 1387 2584 ",
1404 2552 1544 2579 communi
1560 2552 1783 2588 presbyterorum
1806 2561 1858 2581 con

1084 2599 1146 2626 silio
1158 2598 1279 2625 ecclesiae
1292 2598 1515 2633 gubernabantur
1530 2605 1536 2623 :
1551 2602 1696 2632 postquam
1708 2606 1771 2625 vero
1785 2607 1873 2626 unus--

1084 2644 1201 2678 quisque
1211 2652 1258 2670 eos
1267 2651 1336 2677 quos
1346 2643 1540 2677 baptizaverat,
1550 2651 1616 2671 suos
1623 2644 1728 2678 putavit
1736 2651 1806 2676 esse,
1819 2652 1872 2670 non

1083 2690 1197 2722 Christi,
1216 2691 1242 2716 in
1255 2695 1312 2717 toto
1328 2689 1394 2717 orbe
1409 2689 1550 2716 decretum
1563 2694 1615 2722 est,
1632 2694 1661 2716 ut
1674 2698 1746 2717 unus
1760 2690 1794 2717 de
1810 2697 1872 2724 prc-

1084 2734 1201 2770 sbyteris
1216 2734 1319 2761 electus
1344 2738 1576 2768 superponeretur
1600 2735 1716 2767 caeteris,
1741 2735 1774 2762 ad
1790 2744 1871 2770 quem

1084 2780 1174 2807 omnis
1187 2779 1316 2807 Ecclesiae
1329 2787 1394 2807 cura
1412 2780 1572 2814 pertineret,
1587 2785 1614 2808 et
1635 2781 1816 2808 schismatum
1831 2791 1875 2809 se-

1084 2827 1157 2854 mina
1172 2827 1343 2853 tollerentur.
1356 2836 1365 2851 ι
1375 2825 1408 2852 Et
1423 2834 1520 2853 rursus
1539 2834 1545 2851 :
1560 2836 1570 2851 ε
1582 2826 1662 2859 Quod
1676 2833 1766 2854 autem
1780 2833 1872 2862 postea

1084 2881 1157 2901 unus
1180 2872 1283 2901 elec'us
1298 2878 1349 2905 est,
1373 2872 1399 2899 in
1424 2872 1581 2900 schismatis
1595 2874 1748 2901 remedium
1770 2874 1872 2902 factum
