4138 6402
428 388 523 444 451

1456 386 1511 443 S.
1548 383 1900 442 lCNATlCS.
1944 413 2011 423 —
2052 382 2593 439 PROLEGOMEN‘A.

3597 392 3711 448 ι’ἲέ

428 521 514 568 est
536 531 549 566 :
571 526 638 566 ne
652 510 1029 579 unusquisque
1063 508 1129 562 ad
1162 522 1220 563 se
1245 508 1469 562 trahens
1490 508 1697 562 Christi
1715 505 2014 561 Ecclesiam
2049 512 2094 568 Α
2125 515 2368 575 tempora
2396 504 2696 559 discrimen
2727 504 2859 561 illud
2900 506 3041 562 inter
3070 507 3362 578 episcopos
3392 515 3447 563 et
3476 512 3707 583 presby-

428 610 725 673 rumperet.
753 599 887 654 Nam
922 609 976 654 et
1015 598 1357 653 Alexandria
1386 613 1415 652 a
1447 596 1631 652 Marco
1669 596 2009 668 evangelista

425 712 603 766 usque
627 696 693 751 ad
719 694 1001 749 lleraclam
1032 703 1083 747 et
1106 692 1423 764 Dionysium
1452 694 1760 764 episcopos,
1790 695 2013 764 presby-

427 790 526 843 teri
560 804 773 858 semper
804 803 971 842 unum
998 803 1062 841 ex
1101 802 1158 842 se
1180 788 1412 841 electum
1446 788 1499 839 in
1526 786 1813 840 excelsiori
1840 785 2012 856 gradu

428 878 753 932 collocatum
791 878 1111 947 episcopum
1173 877 1551 930 nominabant.
1596 896 1613 928 »
1650 874 1776 931 Hac
1815 877 2008 948 igitur,

428 970 547 1025 sine
588 969 736 1024 omni
792 970 1188 1033 controversia,
1246 966 1306 1023 S.
1366 968 1683 1039 Hieronymi
1734 969 2010 1023 sententia

427 1063 550 1130 fuit,
585 1062 756 1133 quod,
810 1063 939 1116 licet
1000 1063 1053 1116 in
1097 1063 1318 1131 scriptis
1349 1062 1687 1131 apostolicis,
1735 1063 2010 1132 pracipue

426 1151 555 1205 dum
591 1151 833 1205 viverent
862 1150 1059 1206 Petrus
1109 1161 1162 1206 et
1192 1150 1426 1217 Paulus,
1460 1153 1669 1205 nullum
1712 1153 2007 1207 discrimen

428 1247 571 1301 inter
598 1262 695 1301 eos
730 1248 823 1316 qui
858 1246 1099 1317 episcopi
1122 1256 1175 1300 et
1199 1247 1502 1317 presbyteri
1530 1246 1875 1309 dicebantur,
1904 1245 2007 1315 ipsi

429 1339 763 1409 apparuerit,
800 1340 941 1393 seris
982 1346 1161 1392 tamen
1213 1338 1589 1407 apostolorum
1642 1338 2005 1408 temporibus,

425 1434 509 1488 vel
542 1433 705 1503 paulo
739 1441 864 1486 ante
891 1432 1097 1486 obitum
1120 1429 1266 1486 Petri
1302 1441 1356 1486 et
1382 1430 1561 1497 Pauli,
1588 1432 1672 1485 vel
1706 1441 1853 1485 certe
1883 1441 2009 1485 ante

425 1534 658 1579 mortem
694 1523 751 1578 S.
788 1524 1037 1590 Joannis,
1064 1523 1119 1577 in
1145 1533 1257 1578 toto
1280 1525 1413 1578 orbe
1437 1524 1716 1577 decretum
1749 1530 1914 1584 esset,
1949 1532 2008 1576 ut

425 1631 569 1669 unus
605 1623 1069 1685 superponerctur
1112 1613 1348 1677 cateris,
1388 1612 1454 1665 ad
1488 1626 1651 1680 quem
1683 1610 1865 1664 omnis
1906 1607 2007 1662 Ec-

423 1708 604 1763 clesia
627 1724 757 1762 cura
788 1708 1103 1777 pertineret,
1128 1713 1183 1758 et
1210 1704 1303 1773 qui
1335 1705 1625 1773 episcopus
1650 1702 1872 1771 proprie
1902 1714 2005 1753 no-

425 1802 744 1855 minaretur.
771 1799 883 1855 lloc
910 1815 973 1853 ex
1003 1798 1303 1867 apostolica
1341 1795 1635 1849 traditione
1668 1792 2001 1863 profectum;

424 1892 529 1946 hoc
559 1901 781 1961 prepter
809 1890 1106 1945 schismata
1147 1897 1389 1957 tempore
1439 1885 1811 1955 apostolorum
1856 1893 2005 1938 certe

423 1990 542 2034 orta
571 1980 942 2035 introductum
974 1978 1199 2042 docuit;
1236 1976 1400 2045 hujus
1433 1975 1510 2029 rei
1561 1974 1904 2028 Alexandria
1935 1973 2004 2027 ab

424 2074 544 2143 ipso
578 2072 636 2127 S.
687 2072 871 2127 Marco
903 2070 1407 2127 luculentissimnm
1440 2066 1722 2122 exstitisse
1753 2066 2006 2120 testimo-

421 2166 573 2219 nium
598 2162 908 2234 perhibuit;
939 2160 1085 2232 quod
1117 2160 1360 2230 primum
1387 2157 1683 2227 singularis
1714 2156 2005 2226 episcopa-

420 2267 511 2311 tus
534 2258 844 2326 exemplum
881 2255 1131 2325 putavit;
1168 2260 1223 2306 et
1256 2252 1437 2321 ipsum
1487 2250 1710 2319 quidem
1741 2258 1856 2302 tum
1889 2249 2006 2303 sin-

419 2347 775 2418 gulare.Nam
801 2364 868 2403 ex
898 2348 1017 2417 ejus
1048 2344 1320 2401 sententia
1354 2343 1571 2398 Marcus
1600 2361 1618 2394 ι
1648 2352 1901 2397 mortuus
1920 2351 2005 2397 est

420 2450 616 2498 octavo
640 2440 874 2495 Neronis
907 2452 1074 2502 anno,
1109 2446 1165 2492 et
1203 2437 1450 2506 sepultus
1483 2435 1849 2500 Alexandriae,
1879 2450 2005 2489 suc-

418 2535 648 2589 cedente
690 2534 794 2587 sibi
822 2533 1059 2597 Aniano,
1100 2550 1119 2583 ι
1152 2538 1209 2585 ut
1234 2528 1402 2584 refert
1433 2531 1487 2583 in
1542 2528 1827 2600 Catalogo.
1874 2528 2004 2583 lnde

427 2625 579 2680 viros
607 2640 799 2680 omnes
814 2624 1145 2695 singulares,
1166 2624 1259 2694 qui
1276 2622 1384 2677 illis
1401 2622 1739 2691 temporibus
1756 2620 2002 2676 ecclesiis

420 2718 781 2785 praefuerunt,
816 2731 1033 2786 semper
1059 2718 1346 2786 episcopos
1376 2716 1597 2785 proprie
1626 2715 1881 2786 appellat.
1928 2712 2003 2769 De

424 2810 688 2864 Romanis
717 2810 769 2863 in
805 2808 1066 2878 Catalogo
1095 2825 1107 2860 :
1149 2826 1167 2859 ι
1206 2808 1460 2863 Clemens
1486 2817 1717 2877 quartus
1748 2816 1872 2877 post
1897 2805 2001 2860 Pe—

423 2916 568 2958 trum
607 2902 795 2955 Roma
836 2903 1169 2971 episcOpus:
1215 2900 1485 2970 siquidem
1529 2899 1805 2955 secundus
1831 2898 2002 2954 Linus

420 2996 523 3049 fuit
550 3006 602 3049 et
629 2995 823 3049 tertius
867 2995 1077 3048 Cletus.
1118 3014 1135 3046 ι
1166 2992 1339 3063 Cujus
1374 3002 1647 3048 exsortem
1674 3000 2000 3063 potestatem

421 3087 646 3151 indicat,
675 3087 740 3141 ad
772 3084 925 3140 Isaia:
951 3101 1071 3155 cap.
1089 3100 1182 3138 Llll
1204 3103 1216 3138 :
1241 3104 1257 3136 ι
1278 3084 1530 3139 Clemens
1543 3085 1627 3138 vir
1642 3086 1998 3155 apostolicus,

419 3180 514 3249 qui
548 3187 673 3248 post
698 3178 919 3233 Petrum
952 3176 1254 3231 Romanam
1286 3177 1427 3231 rexit
1460 3174 1783 3243 Ecclesiam,
1810 3178 2002 3233 scribit

2124 604 2268 651 teros
2301 597 2610 667 agnovisse,
2644 598 2736 668 qui
2759 598 2943 653 sciunt
2970 614 3087 652 rem
3109 614 3231 655 esse
3259 600 3703 670 antiquissimam

2117 696 2179 741 ut
2206 688 2316 741 duo
2348 687 2402 740 hi
2442 687 2665 743 ordines
2712 689 2768 741 in
2818 687 3060 744 Ecclesia
3118 688 3322 744 fuerint
3350 690 3617 759 distincti,
3652 694 3702 749 si

2113 778 2461 846 excipiantur
2488 781 2792 848 apostolica
2827 790 3092 851 tempora.
3128 799 3148 832 ι

2182 869 2368 937 Quare
2393 887 2519 926 cum
2556 880 2668 927 tres
2702 873 2926 928 ordines
2965 874 3083 929 sive
3116 875 3323 945 gradus
3355 890 3546 931 sacros
3570 884 3708 933 tunc

2113 978 2238 1017 cum
2301 962 2358 1017 S.
2418 963 2659 1033 Ignatius
2708 966 2974 1035 epistolas
3026 967 3321 1036 scripsisse
3363 967 3586 1032 dicitur,
3648 968 3703 1022 in

2111 1053 2441 1110 Christianis
2466 1057 2802 1124 civitatibus,
2829 1060 3206 1128 acprasertim
3238 1058 3516 1121 Asiaticis,
3534 1059 3706 1114 exsti-

2113 1147 2245 1201 tisse
2268 1163 2487 1201 summo
2513 1159 2758 1202 veterum
2790 1164 3063 1203 consensu
3090 1159 3303 1206 CODSICI
3322 1169 3337 1217 ;
3355 1166 3481 1205 ρυιη
3505 1166 3704 1219 quam-

2111 1238 2332 1307 plurimi
2363 1240 2610 1309 ejusdem
2654 1241 2839 1295 saculi
2874 1256 2982 1296 non
3030 1242 3191 1297 aliter
3216 1258 3383 1312 quam
3411 1243 3479 1297 de
3508 1252 3591 1298 tot
3614 1242 3704 1298 di—

2112 1331 2330 1387 stinctis
2369 1341 2424 1387 et
2466 1332 2645 1387 cilicio
2688 1342 2741 1388 et
2786 1334 3011 1389 nomine
3048 1336 3309 1405 gradibus
3350 1335 3518 1390 locuti
3544 1335 3699 1401 sint;

2112 1440 2235 1479 cum
2282 1441 2444 1480 nemo
2486 1441 2731 1495 unquam
2780 1427 3028 1496 ejusdem
3077 1429 3178 1483 avi
3207 1443 3566 1499 quemquam,
3597 1430 3698 1499 qui

2111 1516 2336 1570 secundi
2363 1516 2575 1571 ordinis
2601 1526 2765 1579 esset,
2793 1517 3112 1587 episcopum
3144 1518 3537 1587 appellaverit;
3565 1534 3693 1574 cum

2110 1606 2350 1677 denique
2383 1608 2545 1678 pauci
2595 1608 2694 1672 illi,
2734 1608 2830 1678 qui
2878 1624 2975 1663 eos
3022 1609 3116 1679 qui
3148 1610 3394 1679 episcopi
3449 1610 3696 1677 fuerant,

2109 1708 2233 1769 post
2270 1714 2462 1753 eorum
2511 1709 2767 1763 mortem,
2810 1709 2864 1755 et
2892 1702 3050 1771 quasi
3085 1702 3447 1772 antiquiores,
3481 1712 3696 1758 tantum

2110 1790 2462 1860 presbyteros
2498 1793 2838 1857 vocaverint,
2863 1794 3082 1862 quoties
3100 1806 3283 1849 autem
3309 1795 3533 1851 ordines
3556 1810 3697 1865 enu-

2040 1914 2083 1971 B
2112 1881 2379 1946 merandi,
2426 1891 2525 1936 aut
2564 1883 2631 1937 de
2660 1884 2745 1937 sui
2771 1885 3036 1955 temporis
3062 1886 3334 1941 ministris
3362 1887 3698 1956 evangelicis

2109 1974 2371 2044 loquendi
2421 1975 2643 2030 occasio
2691 1991 2753 2030 se
2783 1976 3078 2042 obtulerat,
3117 1977 3279 2031 aliter
3309 1977 3477 2032 locuti
3518 1987 3680 2045 Sltltl;

2105 2057 2247 2120 ratio
2279 2066 2426 2121 nulla
2455 2076 2699 2137 apparet,
2730 2083 2829 2121 cur
2851 2067 2960 2132 ille,
2984 2070 3077 2138 qui
3104 2084 3170 2123 eo
3196 2069 3361 2124 modo
3382 2070 3695 2125 distinctio-

2106 2173 2230 2212 nem
2258 2158 2517 2212 ordinum
2547 2158 2602 2212 in
2637 2158 2881 2228 epistolis
2905 2159 3021 2214 suis
3040 2169 3189 2214 caste
3216 2168 3272 2214 et
3292 2169 3557 2230 perpetuo
3573 2178 3693 2217 ser-

2107 2249 2275 2315 vavit,
2302 2264 2402 2318 pro
2438 2265 2567 2304 vero
2600 2249 2808 2320 lgnatio
2838 2250 3185 2305 Antioc‘heno
3227 2251 3326 2305 illo
3351 2260 3407 2307 et
3446 2263 3694 2324 martyre

2108 2357 2217 2397 non
2244 2342 2533 2396 habeatur.
2559 2340 2678 2396 Non
2712 2353 2796 2397 est
2832 2342 2962 2408 hoc,
3008 2359 3117 2397 non
3150 2352 3261 2410 est,
3290 2363 3309 2395 ι
3334 2359 3498 2414 supra
3524 2361 3691 2400 suum

2105 2434 2389 2497 saculum,
2422 2448 2585 2503 supra
2636 2433 2834 2489 fratres
2874 2450 3008 2489 suos
3057 2436 3399 2491 venerandos
3446 2436 3691 2506 seipsum

2104 2525 2315 2580 efferre.
2344 2524 2568 2597 iNeque
2592 2527 2784 2581 dubito
2809 2528 2941 2597 quin
2968 2529 3254 2583 verissime
3284 2544 3529 2584 asserere
3557 2545 3692 2599 pos-

2105 2616 2234 2680 sim,
2264 2616 2532 2686 lgnatium
2557 2626 2808 2673 nostrum
2839 2627 2954 2673 tum
2976 2619 3219 2689 episcopi
3240 2620 3309 2675 de
3337 2622 3551 2690 primis,
3575 2630 3694 2678 tum

2104 2709 2407 2780 presbyteri
2434 2710 2757 2766 vocabulum
2783 2710 2851 2767 de
2866 2707 3123 2767 secundis
3138 2711 3398 2768 Ecclesia:
3420 2714 3694 2785 cujusque

2105 2801 2502 2866 sacerdotibus,
2531 2819 2631 2873 pro
2648 2804 2733 2857 sui
2753 2804 2939 2859 saculi
2961 2819 3067 2859 usu
3090 2813 3146 2859 et
3171 2820 3345 2869 more,
3367 2821 3691 2876 usurpasse,

2104 2906 2214 2944 non
2238 2902 2449 2947 tantum
2484 2894 2535 2947 in
2572 2910 2850 2959 sermone,
2897 2897 2994 2951 sed
3032 2897 3088 2950 in
3132 2898 3589 2966 praceptionibus
3624 2912 3692 2953 ac

2105 2982 2547 3041 institutionibus
2593 2986 2987 3043 ecclesiasticis
3047 2988 3195 3043 hunc
3253 3004 3464 3043 morem
3519 3001 3690 3059 atque

2105 3089 2267 3129 usum
2290 3077 2635 3133 observasse.
2663 3077 2731 3133 Et
2774 3094 2901 3134 cum
2948 3080 3060 3135 sint
3085 3082 3335 3151 quadam
3368 3083 3688 3138 hominibus

2104 3168 2227 3223 lata
2247 3184 2311 3224 ac
2342 3170 2639 3240 proposita
2670 3172 2833 3242 leges,
2879 3188 3087 3244 easque
3118 3189 3373 3230 sermone
3413 3175 3687 3245 imprimis

420 3268 486 3322 ad
507 3268 845 3323 Corinthios.
870 3286 887 3318 ι
917 3266 1090 3320 Etlib.
1117 3281 1129 3320 ι
1158 3268 1423 3321 adversus
1449 3266 1837 3321 Iovinianum:
1873 3286 1891 3317 ε
1921 3268 2000 3323 Ad
2031 3268 2072 3325 C
2107 3262 2257 3316 claro
2283 3271 2338 3317 et
2376 3262 2524 3318 facili
2556 3273 2609 3319 et
2636 3264 2937 3336 unicuique
2965 3268 3307 3323 audientium
3335 3270 3499 3323 obvio
3515 3285 3581 3325 ac
3604 3269 3689 3323 fa-

420 3361 521 3415 bos
542 3371 595 3414 et
618 3359 871 3414 Clemens
896 3373 1184 3413 successor
1207 3358 1438 3427 apostoli
1467 3358 1634 3424 Petri,
1662 3358 1824 3428 cujus
1854 3357 1999 3412 Pau—

420 3454 504 3508 lus
540 3451 823 3522 apostolus
850 3450 1119 3515 meminit,
1152 3450 1346 3505 scribit
1379 3450 1665 3520 epistolas.
1700 3468 1719 3502 ›
1754 3450 1827 3505 De
1870 3450 2001 3505 Hie-

420 3544 832 3610 rosolymitanis
893 3541 960 3597 ad
1018 3541 1240 3597 Galatas
1307 3558 1429 3613 cap.
1467 3557 1483 3596 ι
1524 3560 1538 3597 :
1586 3561 1605 3593 α
1658 3540 1756 3597 llic
1815 3553 1997 3598 autem

414 3636 655 3692 Iacobus
688 3637 978 3707 episcopus
1027 3633 1537 3707 Hierosolymorum
1597 3636 1811 3706 primus
1870 3635 1996 3701 fuit,

415 3737 781 3799 cognomento
802 3727 1026 3793 Justus;
1053 3728 1134 3781 vir
1154 3736 1319 3782 tanta
1347 3726 1654 3783 sanctitatis
1679 3736 1733 3781 et
1758 3728 1998 3783 rumoris

418 3821 471 3875 in
509 3820 732 3892 populo,
780 3828 842 3873 ut
894 3819 1167 3872 fimbriam
1219 3818 1529 3872 vestimenti
1581 3818 1701 3887 ejus
1743 3819 1995 3871 certatim

415 3926 675 3983 cuperent
705 3913 992 3981 attingere.
1032 3909 1138 3976 Qui
1185 3919 1239 3965 et
1271 3911 1386 3980 ipse
1418 3920 1607 3980 postea
1638 3910 1705 3965 de
1737 3910 1940 3980 templo
1964 3925 1996 3964 a

413 4004 616 4061 Iudaeis
644 4005 1012 4074 pracipitatus
1044 4017 1417 4056 successorem
1449 4002 1639 4057 habuit
1684 4000 1995 4057 Simeonem

415 4111 576 4165 quem
605 4104 659 4147 et
685 4095 862 4163 ipsum
890 4094 1110 4146 tradunt
1137 4106 1236 4160 pro
1260 4090 1492 4145 Domino
1519 4090 1900 4145 crucifixuma
1923 4091 1998 4147 De

416 4184 862 4247 Antiochenis,in
886 4183 1176 4252 Catalogo:
1202 4199 1219 4232 ι
1243 4180 1483 4253 lgnatius
1508 4181 1864 4236 Antiochena
1891 4181 1996 4237 Ec-

416 4280 596 4334 clesia
642 4277 834 4331 tertius
862 4284 989 4346 post
1026 4274 1250 4329 Petrum
1281 4274 1587 4344 apostolum
1616 4273 1929 4343 episcopus.
1970 4292 1989 4325 ι

416 4368 493 4423 De
521 4367 781 4421 Asianis:
818 4385 835 4415 ι
874 4363 1111 4419 Ioannes
1160 4362 1442 4432 apostolus
1489 4361 1828 4416 novissimus
1877 4376 1997 4415 om-

415 4462 567 4517 nium
598 4458 820 4528 scripsit
854 4455 1205 4523 Evangelium
1256 4463 1484 4523 rogatus
1514 4454 1583 4507 ab
1607 4452 1750 4507 Asia
1779 4454 1994 4522 episco-

414 4555 517 4623 pis.
550 4570 569 4602 θ
605 4549 671 4603 Ει
700 4550 754 4602 in
777 4548 968 4603 eodem
989 4546 1255 4617 Catalogo
1292 4563 1305 4599 :
1337 4563 1355 4597 ι
1392 4543 1729 4615 Polycarpus
1763 4543 1995 4600 Ioannis

2104 3352 2305 3407 miliari
2337 3354 2549 3424 concipi
2580 3355 2857 3427 scribique
2878 3358 3093 3425 deceat,
3120 3361 3271 3415 nulla
3319 3360 3376 3414 in
3421 3361 3492 3417 iis
3522 3377 3688 3418 voca-

2102 3444 2228 3499 bula
2256 3445 2422 3500 dubia
2451 3456 2505 3502 et
2536 3448 2773 3504 obscura
2803 3452 3043 3519 misceri,
3071 3453 3155 3508 vel
3187 3452 3503 3524 hujusmodi
3530 3455 3688 3510 deni-

2103 3554 2233 3611 que,
2265 3554 2500 3608 quorum
2550 3540 2781 3597 lectores
2827 3558 2936 3597 non
2985 3544 3170 3598 statim
3200 3544 3509 3613 intelligant
3554 3561 3684 3600 eum

2115 3629 2294 3699 ipsum
2321 3643 2444 3683 esse
2465 3644 2629 3698 quem
2652 3640 2845 3685 auctor
2863 3632 3038 3687 voluit
3064 3648 3308 3695 sensum,
3325 3634 3430 3690 hoc
3446 3636 3687 3692 maxime

2098 3722 2409 3775 observavit
2436 3720 2678 3791 lgnatius
2702 3733 2922 3792 noster;
2951 3741 3079 3780 nam
3102 3735 3156 3779 et
3170 3741 3364 3783 omnes
3410 3737 3541 3784 tunc
3584 3744 3687 3783 no-

2097 3823 2250 3881 runt,
2282 3816 2509 3871 secundi
2536 3817 2750 3872 ordinis
2780 3819 3116 3874 sacerdotem
3153 3836 3183 3874 a
3213 3822 3433 3878 nemine
3469 3825 3686 3894 episco-

2098 3922 2227 3975 pum
2251 3908 2435 3962 vocari
2466 3909 2664 3975 solere,
2692 3910 2761 3964 ab
2786 3911 3045 3966 omnibus
3070 3914 3487 3985 presbyterum;
3521 3917 3684 3986 primi

2103 4007 2288 4054 autem
2319 3998 2532 4055 ordinis
2572 4002 2912 4057 sacerdotem
2959 4002 3029 4058 ab
3059 4005 3318 4060 Omnibus
3359 4006 3681 4078 episcopum

2099 4091 2385 4160 appellari.
2419 4090 2557 4146 Cum
2592 4092 2759 4163 igitur
2782 4104 2977 4149 auctor
3010 4096 3367 4165 epistolarum
3397 4100 3466 4153 iis
3499 4099 3682 4154 nomi-

2099 4182 2263 4238 nibus
2298 4183 2367 4237 ad
2397 4184 2655 4237 ordinum
2684 4184 2980 4240 discrimen
3009 4187 3361 4243 indicandum
3396 4198 3679 4259 uteretur,

2099 4272 2330 4327 lectores
2370 4274 2553 4328 statim
2582 4274 2968 4330 intellexerunt
2996 4292 3121 4333 eum
3154 4279 3331 4348 ipsum
3362 4295 3485 4335 esse
3514 4297 3680 4350 quem

2099 4365 2190 4418 ille
2235 4365 2408 4419 voluit
2449 4381 2709 4433 sensum;
2761 4383 2937 4437 neque
2980 4383 3078 4425 eos
3118 4371 3313 4425 sedulo
3353 4386 3577 4426 monere
3613 4388 3681 4427 ae

2098 4455 2315 4521 docere,
2348 4472 2460 4526 quo
2492 4472 2657 4511 sensu
2686 4459 2770 4512 vel
2796 4460 3038 4530 episcopi
3069 4462 3152 4515 vel
3184 4463 3486 4533 presbyteri
3517 4478 3682 4519 voca-

2098 4545 2289 4599 bulum
2321 4545 2548 4617 intelligi
2574 4549 2829 4613 voluerit,
2862 4566 3089 4606 necesse
3120 4552 3242 4607 fuit.
3271 4551 3532 4609 Facessat
3578 4555 3681 4625 igi-

413 4643 643 4715 apostoli
678 4641 1002 4711 discipulus,
1028 4648 1083 4693 et
1110 4640 1178 4693 ab
1208 4654 1275 4693 eo
1308 4638 1556 4708 Smyrna
1586 4638 1875 4707 episcopus
1905 4654 1994 4693 or—
2026 4629 2070 4683 ι)
2100 4649 2188 4693 tur
2217 4639 2308 4694 hic
2341 4639 2573 4696 Dallaus
2610 4657 2735 4695 cum
2785 4644 2961 4699 turbis
2989 4655 3044 4699 et
3069 4646 3396 4701 tumultibus
3424 4663 3569 4717 quos
3589 4662 3682 4702 ex-

412 4740 656 4800 dinatus,
708 4735 880 4788 totius
928 4733 1073 4787 Asia
1123 4732 1378 4799 princeps
1431 4729 1555 4783 fuit.
1600 4749 1619 4781 ›
1663 4728 1770 4784 Et:
1803 4748 1822 4781 ι
1849 4728 1988 4784 Cum

413 4829 652 4897 lgnatius
683 4824 975 4897 Smyrnam
1000 4823 1244 4877 venisset
1273 4822 1363 4875 ubi
1387 4820 1743 4893 Polycarpus,
1771 4822 1991 4875 auditor

409 4919 661 4983 Ioaimis,
685 4920 976 4987 episcopus
998 4914 1120 4969 fuit.
1156 4932 1173 4964 ι
1193 4912 1395 4969 Omnes
1424 4913 1590 4983 igitur
1631 4913 1708 4968 illi
1732 4915 1825 4983 qui
1852 4928 1990 4968 con-

414 5017 532 5069 t‘usa
563 5010 806 5081 episcopi
854 5017 909 5062 et
940 5006 1244 5077 presbyteri
1295 5006 1519 5059 nomina
1565 5006 1621 5059 in
1671 5004 1990 5076 apostolicis

410 5104 631 5172 scriptis
658 5100 1022 5163 tradiderunt,
1059 5099 1224 5153 simul
1258 5098 1422 5151 etiam
1461 5098 1768 5153 docuerunt
1798 5100 1879 5153 vel
1920 5101 1989 5152 ab

410 5197 648 5266 origine,
705 5194 790 5248 vel
842 5192 1150 5246 viventibus
1186 5192 1367 5246 adhuc
1401 5189 1562 5246 Petro
1585 5202 1639 5246 et
1679 5191 1874 5258 Paulo,
1904 5193 1988 5246 vel

412 5297 539 5343 ante
588 5285 815 5341 secundi
862 5286 1047 5341 saculi
1091 5286 1330 5349 initium,
1372 5287 1666 5357 superstite
1708 5286 1888 5341 adhuc
1925 5285 1985 5340 S.

418 5379 786 5442 loanne,‘tres
816 5376 988 5431 fuisse
1031 5377 1255 5431 ordines
1299 5392 1516 5442 sacros,
1562 5393 1655 5433 seu
1696 5378 1901 5447 gradus
1933 5378 1990 5430 in

410 5470 676 5526 Ecclesia.
705 5469 864 5535 Quod
900 5468 947 5523 si
978 5469 1080 5523 hoc
1104 5470 1172 5522 ab
1197 5469 1263 5523 iis
1290 5470 1530 5539 positum
1553 5478 1658 5535 est,
1696 5483 1860 5523 nemo
1892 5467 1993 5521 du-

411 5564 605 5619 bitabit
633 5563 773 5616 idem
806 5578 836 5616 a
868 5562 1097 5630 reliquis
1126 5562 1370 5630 agnitum
1404 5562 1596 5625 fuisse,
1617 5560 1709 5629 qui
1742 5561 1905 5615 toties
1932 5561 1988 5614 in

412 5659 471 5712 S.
520 5658 803 5727 Scriptura
856 5655 1239 5725 episcoporum
1296 5655 1633 5709 mentionem
1679 5653 1796 5707 fieri
1838 5654 1992 5708 vide-

412 5760 560 5812 runt,
598 5764 698 5803 nec
729 5763 970 5817 unquam
1013 5748 1080 5801 de
1103 5746 1430 5801 confusione
1460 5747 1748 5800 nominum
1778 5747 1989 5815 cogita-

411 5846 560 5898 bant.
581 5841 761 5908 Quare
787 5840 948 5893 Walo
967 5839 1309 5902 Messalinus,
1330 5839 1420 5907 qui
1441 5854 1629 5892 eorum
1661 5840 1988 5893 sententiam

412 5942 632 5990 secutus
644 5941 748 6001 est,
762 5946 893 5988 suos
910 5945 1189 6001 nunquam
1207 5945 1432 5999 negasse
1450 5930 1549 5983 aitc
1577 5928 1800 5999 antiqua
1815 5929 1981 5986 etiam

2094 4728 2271 4783 citare
2301 4740 2556 4784 conatur.
2612 4729 2943 4802 Magnopere
2977 4733 3316 4789 commoveri
3352 4749 3418 4789 ac
3453 4743 3682 4789 contur-

2094 4823 2212 4877 bari
2233 4839 2426 4877 omnes
2438 4824 2695 4879 debuisse
2721 4835 2897 4895 putat,
2916 4826 3009 4905 qui
3034 4826 3332 4882 dictantem
3357 4828 3679 4885 audierant:

2100 4935 2118 4967 ι
2153 4914 2491 4986 Presbyteri,
2524 4915 2728 4970 subditi
2763 4926 2938 4973 estote
2958 4919 3269 4989 episcopus
3304 4918 3500 4975 Fateor
3525 4922 3685 4990 equi-

2092 5007 2237 5069 dem,
2271 5006 2316 5060 si
2349 5021 2532 5061 mores
2567 5006 3013 5064 Christianorum
3038 5011 3267 5066 secundi
3308 5012 3458 5066 illius
3493 5013 3682 5068 saculi

2092 5099 2159 5153 ad
2190 5108 2511 5153 nostrorum
2546 5114 2794 5155 normam
2826 5103 3046 5173 exigere
3092 5104 3302 5167 liceret,
3335 5106 3683 5174 quampluri-

2093 5205 2214 5246 mos
2238 5194 2403 5246 etiam
2429 5202 2541 5247 tum
2561 5196 2897 5250 commoveri
2918 5196 3186 5263 voluisse,
3214 5212 3340 5251 cum
3358 5198 3678 5267 quempiam

2092 5283 2385 5338 dictantem
2412 5286 2663 5341 audirent
2687 5306 2701 5341 :
2735 5306 2755 5339 ο
2777 5286 3110 5359 Presbyteri,
3135 5288 3337 5343 subditi
3368 5296 3545 5343 estote
3560 5289 3681 5357 cpi.

2094 5389 2282 5443 scopo.
2335 5396 2355 5428 ι
2389 5375 2536 5431 Nihil
2569 5379 2717 5433 enim
2775 5394 2900 5435 esse
2944 5382 3095 5450 quod
3147 5381 3404 5436 homines
3460 5382 3682 5453 aliquos

2094 5469 2308 5538 (quales
2340 5469 2417 5523 illi
2443 5470 2555 5524 sint
2578 5486 2689 5525 non
2719 5469 2924 5542 dicam)
2949 5473 3129 5543 magis
3165 5482 3535 5540 commoveat,
3568 5474 3680 5527 imo

2094 5561 2161 5614 ad
2184 5575 2337 5616 arma
2363 5571 2417 5617 et
2443 5562 2674 5617 fratrum
2699 5564 3129 5620 internecionem
3161 5565 3363 5621 excitet
3392 5576 3447 5622 et
3484 5568 3683 5638 impel-

2093 5652 2189 5718 lat,
2217 5669 2382 5723 quam
2407 5655 2539 5711 illud
2565 5656 2813 5720 eﬂ‘atum,
2843 5656 3185 5727 experientia
3221 5658 3389 5714 nimis
3415 5669 3565 5715 certa
3596 5660 3684 5714 di-

2093 5746 2350 5802 dicimus.
2387 5747 2637 5817 Cumque
2677 5751 2781 5803 ista
2806 5750 3072 5817 vidimus,
3103 5767 3213 5806 non
3254 5754 3537 5821 potuimus
3566 5768 3677 5807 non

2095 5838 2183 5891 illa
2239 5836 2297 5893 S.
2359 5838 2620 5909 Cypriani
2679 5843 2732 5895 in
2766 5844 3084 5897 memoriam
3128 5861 3389 5901 revocare
3431 5861 3555 5915 qua
3610 5847 3679 5899 ad

2092 5932 2437 6002 presbyteros
2464 5942 2514 5987 et
2539 5933 2804 5991 diaconos
2842 5934 3039 5991 fratres
3095 5938 3258 6007 epist.
3310 5938 3378 5992 tu
3418 5938 3675 6007 scripsit:
